{"host":"gobyjzz6xbwq9f9i","time":1612936624,"event":{"mods":["AchievementEnabler","BaseMod","Bestiary","Colored Map","Minty Spire (QoL Compilation)","Relic Stats"],"gold_per_floor":[116,116,129,147,161,161,161,187,237,251,251,281,32,50,50,146,146,71,44,44,44,44,44,44,44,44,44,44,44,44,44,44,44,44,44,4,4,4,4,4,4,4,4,4,4,4,4,4,4,4],"floor_reached":51,"language":"ENG","playtime":2214,"items_purged":["Strike_B"],"score":1406,"play_id":"9b5dc758-bddf-41a6-a2e1-c16e83e2a730","local_time":"20210209215704","is_ascension_mode":true,"campfire_choices":[{"data":"Ball Lightning","floor":6.0,"key":"SMITH"},{"data":"Lockon","floor":11.0,"key":"SMITH"},{"data":"Cold Snap","floor":15.0,"key":"SMITH"},{"data":"Defragment","floor":23,"key":"SMITH"},{"floor":25,"key":"REST"},{"floor":30,"key":"REST"},{"data":"Loop","floor":32,"key":"SMITH"},{"data":"Biased Cognition","floor":41,"key":"SMITH"},{"data":"Loop","floor":45,"key":"SMITH"},{"data":"Creative AI","floor":47,"key":"SMITH"},{"data":"Dualcast","floor":49,"key":"SMITH"}],"circlet_count":0,"master_deck":["AscendersBane","Strike_B","Strike_B","Strike_B","Defend_B","Defend_B","Defend_B","Defend_B","Zap","Dualcast+1","Ball Lightning+1","BootSequence+1","Hologram+1","Lockon+1","Leap+1","Conserve Battery+1","Turbo+1","Cold Snap+1","Creative AI+1","Defragment+1","Ball Lightning","Glacier+1","Sweeping Beam","Genetic Algorithm+1","Seek+1","Rebound+1","Loop+1","Coolheaded+1","Biased Cognition+1","Steam Power+1","Loop+1","Coolheaded+1","Reboot+1","Coolheaded+1","Compile Driver","Seek+1","Parasite","Reinforced Body+1"],"relics":["Cracked Core","Toxic Egg 2","CultistMask","Ancient Tea Set","Art of War","Cables","OrangePellets","Ectoplasm","PreservedInsect","Question Card","Coffee Dripper","Gremlin Horn","Centennial Puzzle","TungstenRod","Prayer Wheel"],"acts_visited":["Exordium","TheCity","TheBeyond"],"potions_floor_usage":[27,29,29,29,29,33,42,48],"damage_taken":[{"damage":3.0,"enemies":"Small Slimes","floor":1.0,"turns":3.0},{"damage":1.0,"enemies":"Cultist","floor":3.0,"turns":3.0},{"damage":5.0,"enemies":"2 Louse","floor":4.0,"turns":3.0},{"damage":0.0,"enemies":"Red Slaver","floor":5.0,"turns":3.0},{"damage":27.0,"enemies":"Lagavulin","floor":8.0,"turns":8.0},{"damage":2.0,"enemies":"Gremlin Gang","floor":10.0,"turns":4.0},{"damage":16.0,"enemies":"Gremlin Nob","floor":12.0,"turns":3.0},{"damage":9.0,"enemies":"Lots of Slimes","floor":14.0,"turns":4.0},{"damage":0,"enemies":"Slime Boss","floor":16,"turns":9},{"damage":9,"enemies":"2 Thieves","floor":18,"turns":5},{"damage":6,"enemies":"Shell Parasite","floor":20,"turns":5},{"damage":16,"enemies":"3 Cultists","floor":22,"turns":6},{"damage":18,"enemies":"Snecko","floor":24,"turns":5},{"damage":21,"enemies":"Slavers","floor":27,"turns":6},{"damage":0,"enemies":"Shelled Parasite and Fungi","floor":28,"turns":7},{"damage":18,"enemies":"Snake Plant","floor":29,"turns":4},{"damage":8,"enemies":"Book of Stabbing","floor":31,"turns":3},{"damage":10,"enemies":"Champ","floor":33,"turns":17},{"damage":13,"enemies":"3 Darklings","floor":35,"turns":8},{"damage":0,"enemies":"Orb Walker","floor":38,"turns":4},{"damage":27,"enemies":"Nemesis","floor":40,"turns":7},{"damage":0,"enemies":"Reptomancer","floor":42,"turns":4},{"damage":0,"enemies":"Transient","floor":44,"turns":5},{"damage":0,"enemies":"Nemesis","floor":46,"turns":7},{"damage":1,"enemies":"Writhing Mass","floor":48,"turns":6},{"damage":0,"enemies":"Time Eater","floor":50,"turns":8}],"seed_played":"-3839809752361411738","potions_obtained":[{"floor":8.0,"key":"LiquidMemories"},{"floor":10.0,"key":"EssenceOfSteel"},{"floor":16,"key":"Fire Potion"},{"floor":22,"key":"EssenceOfDarkness"},{"floor":27,"key":"EntropicBrew"},{"floor":28,"key":"PowerPotion"},{"floor":33,"key":"EssenceOfSteel"},{"floor":38,"key":"SpeedPotion"},{"floor":42,"key":"SpeedPotion"},{"floor":46,"key":"SkillPotion"}],"is_trial":false,"path_per_floor":["M","?","M","M","M","R","?","E","T","M","R","E","$","M","R","B",null,"M","$","M","?","M","R","M","R","T","E","M","M","R","E","R","B",null,"M","$","$","M","?","E","R","E","T","M","R","E","R","M","R","B",null],"character_chosen":"DEFECT","items_purchased":["OrangePellets","Turbo+1","Ball Lightning","Loop"],"campfire_rested":2,"item_purchase_floors":[13,13,19,36],"current_hp_per_floor":[72,72,71,66,66,66,66,39,39,37,37,21,21,12,12,12,65,56,56,50,50,34,34,16,40,40,19,19,1,25,17,17,7,63,50,50,50,50,50,23,23,23,23,23,23,23,23,22,22,22],"gold":4,"neow_bonus":"TEN_PERCENT_HP_BONUS","is_daily":false,"chose_seed":false,"campfire_upgraded":9,"win_rate":0.0,"timestamp":1612936624,"path_taken":["M","?","M","M","?","R","?","E","T","M","R","E","$","M","R","BOSS","M","$","M","?","M","R","?","R","T","E","M","M","R","E","R","BOSS","M","?","$","M","?","E","R","E","T","M","R","E","R","M","R","BOSS"],"items_purchased_type":["Relic","Card","Card","Card"],"build_version":"2020-12-22","purchased_purges":1,"victory":true,"max_hp_per_floor":[82,82,82,82,82,82,82,82,82,82,82,82,82,82,82,82,82,82,82,82,82,82,82,82,82,82,82,82,82,82,82,82,82,82,82,82,82,82,82,82,82,82,82,82,82,82,82,82,82,82],"relic_stats":{"OrangePellets":[29],"Centennial Puzzle":[3],"Gremlin Horn":[4,4],"counters":[26,147],"Prayer Wheel":1,"Ectoplasm":435,"PreservedInsect":204,"Art of War":[12],"Question Card":9,"obtain_stats":[{"Gremlin Horn":40,"PreservedInsect":27,"Ancient Tea Set":8,"Question Card":31,"Cables":12,"OrangePellets":13,"Centennial Puzzle":42,"Prayer Wheel":46,"CultistMask":7,"Ectoplasm":17,"Art of War":9,"Coffee Dripper":34,"Toxic Egg 2":2,"Cracked Core":0,"TungstenRod":43},{"Gremlin Horn":21,"PreservedInsect":14,"Ancient Tea Set":5,"Question Card":17,"Cables":7,"OrangePellets":7,"Centennial Puzzle":22,"Prayer Wheel":24,"CultistMask":4,"Ectoplasm":9,"Art of War":5,"Coffee Dripper":18,"Toxic Egg 2":1,"Cracked Core":0,"TungstenRod":22},{"Gremlin Horn":117,"PreservedInsect":67,"Ancient Tea Set":20,"Question Card":81,"Cables":27,"OrangePellets":27,"Centennial Puzzle":121,"Prayer Wheel":133,"CultistMask":12,"Ectoplasm":40,"Art of War":20,"Coffee Dripper":98,"Toxic Egg 2":3,"Cracked Core":0,"TungstenRod":121}],"TungstenRod":1,"Cables":[106,52,53,1,0]},"card_choices":[{"not_picked":["Turbo","Hologram"],"picked":"Hello World","floor":1.0},{"not_picked":["Aggregate+1","Compile Driver"],"picked":"Ball Lightning","floor":3.0},{"not_picked":["Undo+1","Streamline"],"picked":"BootSequence+1","floor":4.0},{"not_picked":["Turbo+1","BootSequence+1"],"picked":"Hologram+1","floor":5.0},{"not_picked":["Recycle+1","Rip and Tear"],"picked":"Lockon","floor":8.0},{"not_picked":["Creative AI","Steam+1"],"picked":"Leap+1","floor":10.0},{"not_picked":["Lockon","Sunder"],"picked":"Conserve Battery+1","floor":12.0},{"not_picked":["Stack+1","Go for the Eyes"],"picked":"Cold Snap","floor":14.0},{"not_picked":["Hyperbeam","Reboot+1"],"picked":"Creative AI","floor":16},{"not_picked":["Consume+1","Steam+1"],"picked":"Defragment","floor":18},{"not_picked":["Barrage","Force Field+1"],"picked":"Glacier+1","floor":20},{"not_picked":["Rebound","Gash"],"picked":"Sweeping Beam","floor":22},{"not_picked":["Steam+1","Gash"],"picked":"Genetic Algorithm+1","floor":24},{"not_picked":["Beam Cell+1","Streamline"],"picked":"Seek+1","floor":27},{"not_picked":["Compile Driver","BootSequence+1"],"picked":"Rebound+1","floor":28},{"not_picked":["Beam Cell","Sweeping Beam"],"picked":"Loop","floor":29},{"not_picked":["Darkness+1","Ball Lightning"],"picked":"Coolheaded+1","floor":31},{"not_picked":["Electrodynamics","Buffer","Reboot+1"],"picked":"Biased Cognition","floor":33},{"not_picked":["Sweeping Beam+1","Redo+1","Auto Shields+1"],"picked":"Steam Power+1","floor":35},{"not_picked":["Capacitor","Defragment+1","Streamline+1"],"picked":"Coolheaded+1","floor":38},{"not_picked":["Doom and Gloom+1","Sweeping Beam","Blizzard"],"picked":"Reboot+1","floor":40},{"not_picked":["Chill+1","Gash","Loop"],"picked":"Coolheaded+1","floor":42},{"not_picked":["Go for the Eyes","Turbo+1","Stack+1"],"picked":"Compile Driver","floor":44},{"not_picked":["Hologram+1","Rebound","Auto Shields+1"],"picked":"Seek+1","floor":46},{"not_picked":["Leap+1","Steam+1","Barrage+1"],"picked":"Reinforced Body+1","floor":48},{"not_picked":["Rebound","Leap+1","Beam Cell","Undo+1"],"picked":"SKIP","floor":48}],"player_experience":1327279,"relics_obtained":[{"floor":8.0,"key":"Ancient Tea Set"},{"floor":9.0,"key":"Art of War"},{"floor":12.0,"key":"Cables"},{"floor":27,"key":"PreservedInsect"},{"floor":31,"key":"Question Card"},{"floor":40,"key":"Gremlin Horn"},{"floor":42,"key":"Centennial Puzzle"},{"floor":43,"key":"TungstenRod"},{"floor":46,"key":"Prayer Wheel"}],"event_choices":[{"cards_removed":["Hello World"],"damage_healed":0.0,"max_hp_gain":0.0,"max_hp_loss":0.0,"gold_gain":0.0,"event_name":"WeMeetAgain","player_choice":"Gave Card","floor":2.0,"gold_loss":0.0,"damage_taken":0.0,"relics_obtained":["Toxic Egg 2"]},{"damage_healed":0.0,"max_hp_gain":0.0,"max_hp_loss":0.0,"gold_gain":0.0,"event_name":"FaceTrader","player_choice":"Trade","floor":7.0,"gold_loss":0.0,"damage_taken":0.0,"relics_obtained":["CultistMask"]},{"damage_healed":0,"gold_gain":0,"player_choice":"Ignored","damage_taken":0,"max_hp_gain":0,"max_hp_loss":0,"event_name":"NoteForYourself","floor":21,"gold_loss":0},{"damage_healed":0,"gold_gain":0,"player_choice":"Ignored","damage_taken":0,"max_hp_gain":0,"max_hp_loss":0,"event_name":"Mysterious Sphere","floor":39,"gold_loss":0}],"is_beta":false,"boss_relics":[{"not_picked":["Tiny House","SacredBark"],"picked":"Ectoplasm"},{"not_picked":["Empty Cage","Snecko Eye"],"picked":"Coffee Dripper"}],"items_purged_floors":[13],"is_endless":false,"potions_floor_spawned":[8,10,16,22,27,28,33,38,40,42,46],"ascension_level":10}}