{"host":"hszimsrtxxc2k25w","time":1612989692,"event":{"mods":["AchievementEnabler","BaseMod","Colored Map","DeckTracker","Minty Spire (QoL Compilation)","Rare Cards Sparkle","SuperFastMode"],"gold_per_floor":[112,262,262,15,15,15,90,110,161,161,195,209,235,253,253,253,253],"floor_reached":16,"language":"KOR","playtime":365,"items_purged":["Doubt"],"score":196,"play_id":"f9ee20ac-4b36-4f2d-9e40-c29f12f6eb74","local_time":"20210211054132","is_ascension_mode":true,"campfire_choices":[{"data":"Cloak And Dagger","floor":6.0,"key":"SMITH"},{"data":"Envenom","floor":10.0,"key":"SMITH"},{"data":"Accuracy","floor":15.0,"key":"SMITH"}],"circlet_count":0,"master_deck":["AscendersBane","Strike_G","Strike_G","Strike_G","Strike_G","Defend_G","Defend_G","Defend_G","Defend_G","Defend_G","Survivor","Neutralize","Flechettes","Dagger Spray","Accuracy+1","Cloak And Dagger+1","PiercingWail","Envenom+1"],"relics":["Ring of the Snake","Orrery","Omamori","Letter Opener","Akabeko"],"acts_visited":["Exordium"],"potions_floor_usage":[16],"damage_taken":[{"damage":8.0,"enemies":"Jaw Worm","floor":1.0,"turns":6.0},{"damage":0.0,"enemies":"2 Louse","floor":8.0,"turns":2.0},{"damage":22.0,"enemies":"3 Sentries","floor":11.0,"turns":9.0},{"damage":0.0,"enemies":"Small Slimes","floor":12.0,"turns":3.0},{"damage":0.0,"enemies":"Looter","floor":14.0,"turns":1.0},{"damage":49,"enemies":"Hexaghost","floor":16,"turns":9}],"seed_played":"8282248375924496591","potions_obtained":[{"floor":1.0,"key":"Strength Potion"},{"floor":11.0,"key":"FairyPotion"}],"is_trial":false,"path_per_floor":["M","?","?","$","$","R","?","M","T","R","E","M","T","M","R","B"],"character_chosen":"THE_SILENT","items_purchased":["Orrery"],"campfire_rested":0,"item_purchase_floors":[4],"current_hp_per_floor":[51,51,56,56,56,56,45,45,45,45,23,23,23,23,23,0,0],"gold":253,"neow_bonus":"TRANSFORM_CARD","is_daily":false,"chose_seed":false,"campfire_upgraded":3,"win_rate":0.0,"timestamp":1612989692,"path_taken":["M","?","?","?","$","R","?","M","T","R","E","M","?","?","R","BOSS"],"items_purchased_type":["Relic"],"build_version":"2020-12-22","purchased_purges":1,"victory":false,"max_hp_per_floor":[66,66,71,71,71,71,71,71,71,71,71,71,71,71,71,71,71],"card_choices":[{"not_picked":["Riddle With Holes","All Out Attack"],"picked":"Dagger Spray","floor":1.0},{"not_picked":["Dodge and Roll","Backflip"],"picked":"Accuracy","floor":4.0},{"not_picked":["Acrobatics","Poisoned Stab"],"picked":"Cloak And Dagger","floor":4.0},{"not_picked":["Dodge and Roll","Poisoned Stab"],"picked":"PiercingWail","floor":4.0},{"not_picked":["Finisher","Dagger Spray"],"picked":"Envenom","floor":8.0},{"not_picked":["Acrobatics","Flechettes","Dodge and Roll"],"picked":"SKIP","floor":11.0},{"not_picked":["Underhanded Strike","Flying Knee","Setup"],"picked":"SKIP","floor":12.0},{"not_picked":["Calculated Gamble","Slice","Backstab"],"picked":"SKIP","floor":14.0}],"player_experience":674649,"relics_obtained":[{"floor":9.0,"key":"Omamori"},{"floor":11.0,"key":"Letter Opener"},{"floor":13.0,"key":"Akabeko"}],"event_choices":[{"damage_healed":0.0,"max_hp_gain":0.0,"max_hp_loss":0.0,"gold_gain":150.0,"event_name":"Liars Game","player_choice":"AGREE","floor":2.0,"gold_loss":0.0,"damage_taken":0.0,"cards_obtained":["Doubt"]},{"damage_healed":0.0,"max_hp_gain":5.0,"max_hp_loss":0.0,"gold_gain":0.0,"event_name":"Big Fish","player_choice":"Donut","floor":3.0,"gold_loss":0.0,"damage_taken":0.0},{"damage_healed":0.0,"max_hp_gain":0.0,"max_hp_loss":0.0,"gold_gain":75.0,"event_name":"World of Goop","player_choice":"Gather Gold","floor":7.0,"gold_loss":0.0,"damage_taken":11.0}],"is_beta":false,"boss_relics":[],"items_purged_floors":[4],"is_endless":false,"potions_floor_spawned":[1,11,12],"killed_by":"Hexaghost","ascension_level":20}}