{"host":"3y2rtlgteqp2nuo3","time":1612954750,"event":{"mods":["2.2 Compatiblity","AchievementEnabler","BaseMod","Colored Map","DeckTracker","Highlight Path","Keyboard Shortcuts","Minty Spire (QoL Compilation)","Permanent Neow","Quick Restart","StSLib","SuperFastMode","everything is the same but u backflip on backflip"],"gold_per_floor":[110,110,120,132,151,178,178,103,130,130,147,173,173,189,189,261,261,276,191,31,46,61,61,76,94,117,135,135,35,63,113,113,113,113],"floor_reached":33,"language":"KOR","playtime":726,"items_purged":["Strike_G","Strike_G"],"score":572,"play_id":"56e51189-45ac-4c23-a80b-57cf60a417d0","local_time":"20210210195910","is_ascension_mode":true,"campfire_choices":[{"data":"Die Die Die","floor":7.0,"key":"SMITH"},{"data":"Noxious Fumes","floor":10.0,"key":"SMITH"},{"data":"Poisoned Stab","floor":13.0,"key":"SMITH"},{"floor":15.0,"key":"REST"},{"floor":23.0,"key":"REST"},{"data":"Bouncing Flask","floor":28.0,"key":"SMITH"},{"floor":32.0,"key":"REST"}],"circlet_count":0,"master_deck":["AscendersBane","Defend_G","Defend_G","Defend_G","Defend_G","Defend_G","Survivor","Neutralize","Die Die Die+1","Masterful Stab","Die Die Die","Noxious Fumes+1","PiercingWail","Poisoned Stab+1","Dodge and Roll","Adrenaline","Bane","Adrenaline","Footwork","Dodge and Roll+1","Dagger Spray+1","Deadly Poison","Bouncing Flask+1","Escape Plan"],"relics":["Ring of the Snake","Blood Vial","Snake Skull","Dream Catcher","Empty Cage","Tiny Chest","Orrery","Pen Nib","Red Mask"],"acts_visited":["Exordium","TheCity"],"potions_floor_usage":[33],"damage_taken":[{"damage":0.0,"enemies":"Small Slimes","floor":1.0,"turns":2.0},{"damage":4.0,"enemies":"Cultist","floor":3.0,"turns":4.0},{"damage":0.0,"enemies":"2 Louse","floor":4.0,"turns":3.0},{"damage":0.0,"enemies":"Looter","floor":5.0,"turns":4.0},{"damage":10.0,"enemies":"3 Sentries","floor":6.0,"turns":3.0},{"damage":0.0,"enemies":"3 Louse","floor":11.0,"turns":2.0},{"damage":26.0,"enemies":"Gremlin Nob","floor":12.0,"turns":4.0},{"damage":0.0,"enemies":"Exordium Wildlife","floor":14.0,"turns":3.0},{"damage":0.0,"enemies":"Hexaghost","floor":16.0,"turns":9.0},{"damage":28.0,"enemies":"Shell Parasite","floor":18.0,"turns":5.0},{"damage":4.0,"enemies":"3 Byrds","floor":21.0,"turns":4.0},{"damage":8.0,"enemies":"Snake Plant","floor":22.0,"turns":5.0},{"damage":4.0,"enemies":"3 Cultists","floor":24.0,"turns":3.0},{"damage":4.0,"enemies":"Snecko","floor":25.0,"turns":4.0},{"damage":2.0,"enemies":"Centurion and Healer","floor":27.0,"turns":5.0},{"damage":24.0,"enemies":"Masked Bandits","floor":30.0,"turns":3.0},{"damage":62,"enemies":"Collector","floor":33,"turns":5}],"seed_played":"3312170086760355259","potions_obtained":[{"floor":3.0,"key":"Explosive Potion"},{"floor":4.0,"key":"Fire Potion"},{"floor":11.0,"key":"CunningPotion"},{"floor":24.0,"key":"DistilledChaos"},{"floor":27.0,"key":"Ancient Potion"},{"floor":30.0,"key":"Regen Potion"}],"is_trial":false,"path_per_floor":["M","?","M","M","M","E","R","$","T","R","M","E","R","M","R","B",null,"M","?","$","M","M","R","M","M","T","M","R","$","?","?","R","B"],"character_chosen":"THE_SILENT","items_purchased":["Orrery"],"campfire_rested":3,"item_purchase_floors":[20],"current_hp_per_floor":[59,59,55,55,55,45,45,45,45,45,47,23,23,25,44,46,61,35,35,35,33,27,46,44,42,42,42,42,42,20,20,39,0,0],"gold":113,"neow_bonus":"ONE_RANDOM_RARE_CARD","is_daily":false,"chose_seed":false,"campfire_upgraded":4,"win_rate":0.0,"timestamp":1612954750,"path_taken":["M","?","M","M","M","E","R","?","T","R","M","E","R","M","R","BOSS","M","?","$","M","M","R","M","M","T","M","R","$","?","?","R","BOSS"],"items_purchased_type":["Relic"],"build_version":"2020-12-22","purchased_purges":2,"victory":false,"max_hp_per_floor":[66,66,66,66,66,66,66,66,66,66,66,66,66,66,66,66,66,66,66,66,66,66,66,66,66,66,66,66,66,66,66,66,66,66],"card_choices":[{"not_picked":["Acrobatics","Deflect","Prepared"],"picked":"SKIP","floor":1.0},{"not_picked":["Caltrops","PiercingWail"],"picked":"Masterful Stab","floor":3.0},{"not_picked":["Deflect","Deadly Poison"],"picked":"Die Die Die","floor":4.0},{"not_picked":["Blade Dance","Sucker Punch"],"picked":"Noxious Fumes","floor":5.0},{"not_picked":["Flying Knee","Acrobatics"],"picked":"PiercingWail","floor":6.0},{"not_picked":["Choke","Distraction","Prepared"],"picked":"SKIP","floor":11.0},{"not_picked":["Dagger Throw","Dash"],"picked":"Poisoned Stab","floor":12.0},{"not_picked":["Underhanded Strike","Infinite Blades","Predator"],"picked":"SKIP","floor":14.0},{"not_picked":["Quick Slash","Flechettes"],"picked":"Dodge and Roll","floor":15.0},{"not_picked":["Envenom","Night Terror"],"picked":"Adrenaline","floor":16.0},{"not_picked":["Expertise","Prepared+1"],"picked":"Bane","floor":18.0},{"not_picked":["Setup","Dagger Throw"],"picked":"Adrenaline","floor":20.0},{"not_picked":["Slice","Blur"],"picked":"Footwork","floor":20.0},{"not_picked":["Cloak And Dagger","Predator"],"picked":"Dodge and Roll+1","floor":20.0},{"not_picked":["Eviscerate","Backstab"],"picked":"Dagger Spray+1","floor":21.0},{"not_picked":["All Out Attack","Dagger Spray","Expertise"],"picked":"SKIP","floor":22.0},{"not_picked":["Endless Agony","Acrobatics"],"picked":"Deadly Poison","floor":23.0},{"not_picked":["Underhanded Strike","Backflip"],"picked":"Bouncing Flask","floor":24.0},{"not_picked":["Blade Dance","Skewer","Underhanded Strike"],"picked":"SKIP","floor":25.0},{"not_picked":["Deflect","Riddle With Holes"],"picked":"Escape Plan","floor":27.0}],"player_experience":780128,"relics_obtained":[{"floor":6.0,"key":"Blood Vial"},{"floor":9.0,"key":"Snake Skull"},{"floor":12.0,"key":"Dream Catcher"},{"floor":26.0,"key":"Pen Nib"},{"floor":30.0,"key":"Red Mask"}],"event_choices":[{"cards_removed":["Strike_G"],"damage_healed":0.0,"max_hp_gain":0.0,"max_hp_loss":0.0,"gold_gain":0.0,"event_name":"Bonfire Elementals","player_choice":"Offered Basic","floor":2.0,"gold_loss":0.0,"damage_taken":0.0},{"damage_healed":0.0,"max_hp_gain":0.0,"max_hp_loss":0.0,"gold_gain":0.0,"event_name":"Addict","player_choice":"Obtained Relic","floor":19.0,"gold_loss":85.0,"damage_taken":0.0,"relics_obtained":["Tiny Chest"]},{"damage_healed":0.0,"max_hp_gain":0.0,"max_hp_loss":0.0,"gold_gain":0.0,"event_name":"Masked Bandits","player_choice":"Fought Bandits","floor":30.0,"gold_loss":0.0,"damage_taken":0.0},{"damage_healed":0.0,"max_hp_gain":0.0,"max_hp_loss":0.0,"gold_gain":50.0,"event_name":"Nest","player_choice":"Stole From Cult","floor":31.0,"gold_loss":0.0,"damage_taken":0.0}],"is_beta":false,"boss_relics":[{"not_picked":["Calling Bell","Snecko Eye"],"picked":"Empty Cage"}],"items_purged_floors":[8,29],"is_endless":false,"potions_floor_spawned":[3,4,5,11,16,24,27,30],"killed_by":"Collector","ascension_level":17}}