{"host":"qy1e0kd24tpj3i2m","time":1612997603,"event":{"mods":["Act Like it!","BaseMod","Better Skull","Better Vampires","Colored Map","Colored Powertips","Custom Start","Faster Ascension Climbing","Friendly Minions","GifTheSpireLib","Gremlin Skip","Highlight Path","Minty Spire (QoL Compilation)","Permanent Neow","Poor People Problems","Quick Restart","Red Circlet Mod","Relic Filter Mod","Relic Sorter","Reorder Act Four","SacredBarkPlus","Shop Mod","StSLib","SuperFastMode","Transform Curses","没有小屋子和绿帽子啦"],"gold_per_floor":[116,116,116,127,277,277,277,45,45,59,78,95,95,110,110,203,203,224,63,113,126,181,221,264,302,302,144,160,193,218,218,218],"floor_reached":31,"language":"ZHS","playtime":1336,"items_purged":["Doubt"],"score":591,"play_id":"b3cd3525-8073-4cd2-8a80-0005e53c2d5b","local_time":"20210211075323","is_ascension_mode":true,"campfire_choices":[{"data":"Whirlwind","floor":6.0,"key":"SMITH"},{"data":"Dark Embrace","floor":15.0,"key":"SMITH"}],"circlet_count":0,"master_deck":["AscendersBane","Shockwave","Disarm","Disarm+1","Entrench","Twin Strike","Whirlwind+1","Dropkick","Disarm","Burning Pact","Evolve","Shrug It Off+1","Dark Embrace+1","True Grit","Disarm","Spot Weakness","Juggernaut","Pommel Strike+1","Berserk","Burning Pact+1","Rage"],"relics":["Pandora\u0027s Box","Darkstone Periapt","Tiny Chest","Mercury Hourglass","Golden Idol","Coffee Dripper","Chemical X","Blood Vial","Mummified Hand","Red Mask","Blue Candle","Letter Opener","MealTicket","Pocketwatch"],"acts_visited":["Exordium","TheCity"],"potions_floor_usage":[29],"damage_taken":[{"damage":2.0,"enemies":"Cultist","floor":1.0,"turns":3.0},{"damage":7.0,"enemies":"Jaw Worm","floor":4.0,"turns":3.0},{"damage":0.0,"enemies":"2 Louse","floor":10.0,"turns":1.0},{"damage":3.0,"enemies":"Gremlin Gang","floor":11.0,"turns":2.0},{"damage":0.0,"enemies":"Exordium Wildlife","floor":12.0,"turns":2.0},{"damage":4.0,"enemies":"Looter","floor":14.0,"turns":4.0},{"damage":16.0,"enemies":"Slime Boss","floor":16.0,"turns":6.0},{"damage":6.0,"enemies":"Chosen","floor":18.0,"turns":6.0},{"damage":12.0,"enemies":"2 Thieves","floor":21.0,"turns":2.0},{"damage":9.0,"enemies":"Gremlin Leader","floor":23.0,"turns":5.0},{"damage":0.0,"enemies":"Masked Bandits","floor":24.0,"turns":2.0},{"damage":14.0,"enemies":"Book of Stabbing","floor":25.0,"turns":4.0},{"damage":8.0,"enemies":"Sentry and Sphere","floor":28.0,"turns":4.0},{"damage":9,"enemies":"Gremlin Leader","floor":29,"turns":4},{"damage":10,"enemies":"Slavers","floor":31,"turns":2}],"seed_played":"-5632902413197764082","potions_obtained":[{"floor":1.0,"key":"ColorlessPotion"},{"floor":10.0,"key":"Fire Potion"},{"floor":12.0,"key":"EssenceOfSteel"},{"floor":14.0,"key":"Explosive Potion"},{"floor":16.0,"key":"Swift Potion"},{"floor":21.0,"key":"Ancient Potion"},{"floor":23.0,"key":"Energy Potion"},{"floor":25.0,"key":"BlessingOfTheForge"},{"floor":29,"key":"Strength Potion"}],"is_trial":false,"path_per_floor":["M","?","?","M","?","R","T","$","T","M","M","M","?","M","R","B",null,"M","$","?","M","T","E","?","E","T","$","M","E","T","E"],"character_chosen":"IRONCLAD","items_purchased":["Tiny Chest","Chemical X","MealTicket"],"campfire_rested":0,"item_purchase_floors":[8,19,27],"current_hp_per_floor":[66,66,43,36,36,36,36,36,36,36,33,33,33,29,29,13,54,48,48,48,36,36,29,31,19,19,19,13,6,6,0,0],"gold":218,"neow_bonus":"BOSS_RELIC","is_daily":false,"chose_seed":false,"campfire_upgraded":2,"win_rate":0.0,"timestamp":1612997603,"path_taken":["M","?","?","M","?","R","?","$","T","M","M","?","?","M","R","BOSS","M","$","?","M","?","E","?","E","T","?","?","E","?","E"],"items_purchased_type":["Relic","Relic","Relic"],"build_version":"2020-12-22","purchased_purges":1,"victory":false,"max_hp_per_floor":[75,75,75,75,75,75,75,75,75,75,75,75,68,68,68,68,68,68,68,68,68,68,68,68,68,68,68,68,68,68,68,68],"card_choices":[{"not_picked":["Dual Wield","Anger"],"picked":"Evolve","floor":1.0},{"not_picked":["Sever Soul","Ghostly Armor"],"picked":"Dark Embrace","floor":4.0},{"not_picked":["Spot Weakness","Shrug It Off"],"picked":"True Grit","floor":10.0},{"not_picked":["Second Wind","Clash","Hemokinesis"],"picked":"SKIP","floor":11.0},{"not_picked":["Perfected Strike","Heavy Blade"],"picked":"Disarm","floor":12.0},{"not_picked":["Seeing Red","Flex"],"picked":"Spot Weakness","floor":14.0},{"not_picked":["Bludgeon","Fiend Fire"],"picked":"Juggernaut","floor":16.0},{"not_picked":["Flex","Entrench"],"picked":"Pommel Strike+1","floor":18.0},{"not_picked":["Havoc","Hemokinesis","Infernal Blade+1"],"picked":"SKIP","floor":21.0},{"not_picked":["Clothesline","Shrug It Off"],"picked":"Berserk","floor":23.0},{"not_picked":["Armaments","Perfected Strike"],"picked":"Burning Pact+1","floor":24.0},{"not_picked":["Pummel","Shrug It Off"],"picked":"Rage","floor":25.0},{"not_picked":["Carnage","Wild Strike","Anger"],"picked":"SKIP","floor":28.0},{"not_picked":["Anger","Cleave","Immolate"],"picked":"SKIP","floor":29}],"player_experience":1024101,"relics_obtained":[{"floor":7.0,"key":"Darkstone Periapt"},{"floor":9.0,"key":"Mercury Hourglass"},{"floor":22.0,"key":"Blood Vial"},{"floor":23.0,"key":"Mummified Hand"},{"floor":24.0,"key":"Red Mask"},{"floor":25.0,"key":"Blue Candle"},{"floor":26.0,"key":"Letter Opener"},{"floor":29,"key":"Pocketwatch"}],"event_choices":[{"damage_healed":0.0,"max_hp_gain":0.0,"max_hp_loss":0.0,"gold_gain":0.0,"cards_transformed":["Bash"],"event_name":"Living Wall","player_choice":"Change","floor":2.0,"gold_loss":0.0,"damage_taken":0.0,"cards_obtained":["Shrug It Off"]},{"damage_healed":0.0,"max_hp_gain":0.0,"max_hp_loss":0.0,"gold_gain":0.0,"event_name":"Shining Light","player_choice":"Entered Light","floor":3.0,"gold_loss":0.0,"damage_taken":23.0,"cards_upgraded":["Disarm","Shrug It Off"]},{"damage_healed":0.0,"max_hp_gain":0.0,"max_hp_loss":0.0,"gold_gain":150.0,"event_name":"Liars Game","player_choice":"AGREE","floor":5.0,"gold_loss":0.0,"damage_taken":0.0,"cards_obtained":["Doubt"]},{"damage_healed":0.0,"max_hp_gain":0.0,"max_hp_loss":7.0,"gold_gain":0.0,"event_name":"Golden Idol","player_choice":"Lose Max HP","floor":13.0,"gold_loss":0.0,"damage_taken":0.0,"relics_obtained":["Golden Idol"]},{"damage_healed":0.0,"max_hp_gain":0.0,"max_hp_loss":0.0,"gold_gain":50.0,"event_name":"Nest","player_choice":"Stole From Cult","floor":20.0,"gold_loss":0.0,"damage_taken":0.0},{"damage_healed":0.0,"max_hp_gain":0.0,"max_hp_loss":0.0,"gold_gain":0.0,"event_name":"Masked Bandits","player_choice":"Fought Bandits","floor":24.0,"gold_loss":0.0,"damage_taken":0.0}],"is_beta":false,"boss_relics":[{"not_picked":["Runic Cube","Calling Bell"],"picked":"Coffee Dripper"}],"items_purged_floors":[8],"is_endless":false,"potions_floor_spawned":[1,10,12,14,16,21,23,25,29],"killed_by":"Slavers","ascension_level":20}}