{"host":"rtrm1sjndjmdxdc6","time":1612967905,"event":{"mods":["2.2 Compatiblity","AchievementEnabler","Act Like it!","BaseMod","Better Vampires","Colored Map","Colored Powertips","Conspire","Downfall","Gensokyo","Marisa（F雨　魔理沙）","Minty Spire (QoL Compilation)","Permanent Neow","Quick Restart","Rare Cards Sparkle","Reimu（博丽灵梦）","Remilia（蕾米莉亚）","Replay The Spire","RumiaBox-露米娅的神秘盒子","Shop Mod","Spicy Shops","StSLib","The Animator","The Bug Knight","The Jungle","Unceasing Turn Reminder","Yakumo Yukari mod","Youmu（魂魄妖梦）","Yuyuko","【功能Mod】混沌之环修复补丁","【功能Mod】聪明的最终Boss","篝火指南"],"gold_per_floor":[114,132,147,162,87,87,102,47,47,47,62,77,2,17,17,117,117,132,92,191,191,191],"floor_reached":21,"language":"ZHS","playtime":1481,"items_purged":["SpiderLilyBurial"],"score":171,"play_id":"7d5a981f-c6d6-497f-80cf-4c5b669ff38b","local_time":"20210210223825","daily_mods":["Draft","Blue Cards","downfall:Hexed"],"is_ascension_mode":false,"campfire_choices":[{"floor":6,"key":"REST"},{"data":"FantasyOfEnteringEnlightenment","floor":15,"key":"SMITH"}],"circlet_count":0,"master_deck":["BizarrenessOfSixRealms","SuddenPhantomFormationSlashOfKarmicWind","SpiderLilyBurial","SwordOfBindingDesires","AsTheSilentNirvana","CrescentMoonSlash","ThreeKonsSevenHakus","HumanKnowledgeSword","KarmicPunishmentOfTheIdleAndUnfocused","ObsessionWithThePresentWorld","HellGodSword","SwordOfBindingDesires","ThoughtCuttingSword","GhostSword","FiveSignsOfTheDyingDeva","FantasyOfEnteringEnlightenment+1","HumanGodSword+1"],"relics":["HalfPhantom","Velvet Choker","AddBug","SecretRecord","SecretRecord","SecretRecord","Baka2"],"acts_visited":["Exordium","TheCity"],"potions_floor_usage":[10,16,16],"damage_taken":[{"damage":4,"enemies":"2 Louse","floor":1,"turns":2},{"damage":0,"enemies":"conspire:MimicChest","floor":2,"turns":2},{"damage":0,"enemies":"Jaw Worm","floor":3,"turns":1},{"damage":14,"enemies":"conspire:RoseBush","floor":4,"turns":1},{"damage":0,"enemies":"Gremlin Gang","floor":7,"turns":1},{"damage":0,"enemies":"2 Fungi Beasts","floor":11,"turns":2},{"damage":0,"enemies":"Large Slime","floor":12,"turns":1},{"damage":0,"enemies":"Gremlin Gang","floor":14,"turns":1},{"damage":12,"enemies":"Hexaghost","floor":16,"turns":5},{"damage":0,"enemies":"3 Byrds","floor":18,"turns":1},{"damage":10,"enemies":"Spheric Guardian","floor":21,"turns":3}],"seed_played":"-5810517303651203205","potions_obtained":[{"floor":1,"key":"AttackPotion"},{"floor":3,"key":"Reflective Coating"},{"floor":7,"key":"AttackPotion"},{"floor":10,"key":"Fruit Juice"},{"floor":10,"key":"Weak Potion"},{"floor":10,"key":"Energy Potion"},{"floor":16,"key":"BlessingOfTheForge"},{"floor":18,"key":"DistilledChaos"}],"is_trial":false,"path_per_floor":["M","?","M","M","$","R","M","$","T","?","M","M","$","M","R","B",null,"M","?","?","M"],"character_chosen":"YOUMU","items_purchased":["HumanGodSword+1","Potion Belt"],"campfire_rested":1,"item_purchase_floors":[8,13],"current_hp_per_floor":[35,35,35,21,21,32,32,32,32,37,37,37,37,37,37,25,42,42,42,42,32,32],"gold":191,"neow_bonus":"","is_daily":true,"chose_seed":false,"campfire_upgraded":1,"win_rate":0.0,"timestamp":1612967905,"path_taken":["M","?","M","M","$","R","M","$","T","?","M","?","$","M","R","BOSS","M","?","?","M"],"items_purchased_type":["Card","Relic"],"build_version":"2020-12-22","purchased_purges":1,"victory":false,"max_hp_per_floor":[37,37,37,37,37,37,37,37,37,42,42,42,42,42,42,42,42,42,42,42,42,42],"card_choices":[{"not_picked":["FlashingScatteredFlowers","SanzenSekai"],"picked":"BizarrenessOfSixRealms","floor":0},{"not_picked":["SlashOfDepartureFromHesitation","LifeCuttingSword"],"picked":"SuddenPhantomFormationSlashOfKarmicWind","floor":0},{"not_picked":["ThreeKonsSevenHakus","DispleasureOfTheSevenHakus"],"picked":"SpiderLilyBurial","floor":0},{"not_picked":["DispleasureOfTheSevenHakus","SanzenSekai"],"picked":"SwordOfBindingDesires","floor":0},{"not_picked":["TurningAngelCut","SpiritCuttingSword"],"picked":"AsTheSilentNirvana","floor":0},{"not_picked":["PhosphoricSlash","SlashOfDepartureFromHesitation"],"picked":"SpiderLilyBurial","floor":0},{"not_picked":["SlashOfMeditation","BloodOfAsura"],"picked":"CrescentMoonSlash","floor":0},{"not_picked":["SwordExtraction","CrescentMoonSlash"],"picked":"ThreeKonsSevenHakus","floor":0},{"not_picked":["LowerRealmReflectionSlash","DispleasureOfTheSevenHakus"],"picked":"HumanKnowledgeSword","floor":0},{"not_picked":["TransmigrationSlash","ThreeKonsSevenHakus"],"picked":"KarmicPunishmentOfTheIdleAndUnfocused","floor":0},{"not_picked":["SwordOfBindingDesires","ThreeKonsSevenHakus"],"picked":"ObsessionWithThePresentWorld","floor":0},{"not_picked":["TransmigrationSlash","FiveSignsOfTheDyingDeva"],"picked":"HellGodSword","floor":0},{"not_picked":["SlashOfMeditation","TenKingsRetributionOnThePreta"],"picked":"SwordOfBindingDesires","floor":0},{"not_picked":["SwordOfBindingDesires","SwordExtraction"],"picked":"ThoughtCuttingSword","floor":0},{"not_picked":["PhosphoricSlash","ThreeKonsSevenHakus"],"picked":"GhostSword","floor":0},{"not_picked":["PhosphoricSlash","HellGodSword","HellFireSword"],"picked":"SKIP","floor":1},{"not_picked":["TenKingsRetributionOnThePreta","SlashOfMeditation","RapidSlash"],"picked":"SKIP","floor":3},{"not_picked":["BizarrenessOfSixRealms","CherryBlossomFlashing"],"picked":"FiveSignsOfTheDyingDeva","floor":4},{"not_picked":["TwoHundredYojanaInOneSlash","PhosphoricSlash"],"picked":"FantasyOfEnteringEnlightenment","floor":7},{"not_picked":["LifeCuttingSword","SpiritCuttingSword","PhosphoricSlash"],"picked":"SKIP","floor":11},{"not_picked":["ThoughtCuttingSword","GhostSword","PhosphoricSlash"],"picked":"SKIP","floor":12},{"not_picked":["ThoughtCuttingSword","GhostSword","PhosphoricSlash"],"picked":"SKIP","floor":12},{"not_picked":["LifeCuttingSword","HeavenGodSword","HellFireSword"],"picked":"SKIP","floor":14},{"not_picked":["ThoughtCuttingSword","SlashOfAscensionToBuddhahood","SwordOfBindingDesires"],"picked":"SKIP","floor":18}],"player_experience":136011,"relics_obtained":[{"floor":1,"key":"Baka"},{"floor":1,"key":"AddBug"},{"floor":2,"key":"Replay:Mystery Machine"},{"floor":9,"key":"Tiny Chest"},{"floor":11,"key":"SecretRecord"},{"floor":14,"key":"SecretRecord"},{"floor":18,"key":"Baka2"}],"event_choices":[{"damage_healed":0,"gold_gain":0,"player_choice":"Got Potions","damage_taken":0,"max_hp_gain":0,"max_hp_loss":0,"event_name":"Lab","floor":10,"gold_loss":0},{"damage_healed":0,"gold_gain":0,"player_choice":"购买神酒","damage_taken":0,"relics_obtained":["ZunR:ReiMu"],"max_hp_gain":0,"max_hp_loss":0,"event_name":"ZunEvent","floor":19,"gold_loss":40},{"damage_healed":0,"gold_gain":99,"player_choice":"Stole From Cult","damage_taken":0,"max_hp_gain":0,"max_hp_loss":0,"event_name":"Nest","floor":20,"gold_loss":0}],"is_beta":false,"boss_relics":[{"not_picked":["Fusion Hammer","Replay:Fungal Core"],"picked":"Black Star"}],"items_purged_floors":[5],"is_endless":false,"potions_floor_spawned":[1,3,7,12,16,18],"killed_by":"Spheric Guardian","ascension_level":0}}