{"host":"1xo5g347e5o4auts","time":1612978419,"event":{"mods":["BaseMod","Minty Spire (QoL Compilation)","Permanent Neow","StSLib"],"gold_per_floor":[115,133,149,149,109,146,146,168,168,194,194,56,81,115,115,195,195,207,226,253,262,280,620,208,208,208,249,268,289,312,312,312],"floor_reached":31,"language":"ENG","playtime":1396,"items_purged":["Strike_B"],"score":836,"play_id":"1df8f774-505e-427c-9ac1-fd49af19b591","local_time":"20210210193339","is_ascension_mode":true,"campfire_choices":[{"data":"Electrodynamics","floor":7,"key":"SMITH"},{"data":"Conserve Battery","floor":11,"key":"SMITH"},{"data":"Go for the Eyes","floor":15,"key":"SMITH"},{"data":"Biased Cognition","floor":25,"key":"SMITH"}],"circlet_count":0,"master_deck":["AscendersBane","Defend_B","Defend_B","Defend_B","Defend_B","Zap","Dualcast","Ball Lightning","FTL","Electrodynamics+1","Conserve Battery+1","Go for the Eyes+1","Barrage","Biased Cognition+1","Ghostly","Ghostly","Ghostly","Necronomicurse","Seek","Stack","Darkness+1","Sunder","Echo Form","Recycle"],"relics":["Runic Pyramid","CeramicFish","Art of War","The Courier","Frozen Eye","StoneCalendar","SlaversCollar","Necronomicon","Old Coin","Question Card","Bronze Scales","Mummified Hand","Smiling Mask","DataDisk"],"acts_visited":["Exordium","TheCity"],"potions_floor_usage":[6,10,14,19,28],"damage_taken":[{"damage":0.0,"enemies":"2 Louse","floor":1.0,"turns":4.0},{"damage":7,"enemies":"Small Slimes","floor":2,"turns":4},{"damage":0,"enemies":"Cultist","floor":3,"turns":3},{"damage":11,"enemies":"Gremlin Nob","floor":6,"turns":3},{"damage":4,"enemies":"Blue Slaver","floor":8,"turns":3},{"damage":0,"enemies":"Lagavulin","floor":10,"turns":5},{"damage":1,"enemies":"Looter","floor":13,"turns":3},{"damage":1,"enemies":"Gremlin Nob","floor":14,"turns":3},{"damage":0,"enemies":"Slime Boss","floor":16,"turns":6},{"damage":2,"enemies":"Chosen","floor":18,"turns":4},{"damage":10,"enemies":"Spheric Guardian","floor":19,"turns":5},{"damage":0,"enemies":"Book of Stabbing","floor":23,"turns":5},{"damage":0,"enemies":"Slavers","floor":27,"turns":3},{"damage":3,"enemies":"Snake Plant","floor":28,"turns":2},{"damage":1,"enemies":"3 Cultists","floor":29,"turns":3},{"damage":11,"enemies":"Book of Stabbing","floor":31,"turns":2}],"seed_played":"-7063496139559471839","potions_obtained":[{"floor":1.0,"key":"DistilledChaos"},{"floor":5,"key":"DuplicationPotion"},{"floor":6,"key":"BlessingOfTheForge"},{"floor":10,"key":"Explosive Potion"},{"floor":16,"key":"LiquidMemories"},{"floor":19,"key":"Fire Potion"}],"is_trial":false,"path_per_floor":["M","M","M","?","?","E","R","M","T","E","R","$","M","E","R","B",null,"M","M","?","?","?","E","$","R","T","E","M","M","T","E"],"character_chosen":"DEFECT","items_purchased":["Frozen Eye","Question Card","Bronze Scales"],"campfire_rested":0,"item_purchase_floors":[12,24,24],"current_hp_per_floor":[64,57,57,50,50,39,39,35,35,35,35,35,34,33,33,33,62,60,50,35,14,14,14,14,14,14,14,11,10,10,0,0],"gold":312,"neow_bonus":"BOSS_RELIC","is_daily":false,"chose_seed":false,"campfire_upgraded":4,"win_rate":0.0,"timestamp":1612978419,"path_taken":["M","M","M","?","?","E","R","M","T","E","R","$","M","E","R","BOSS","M","M","?","?","?","E","$","R","T","E","?","M","?","E"],"items_purchased_type":["Relic","Relic","Relic"],"build_version":"2020-12-22","purchased_purges":1,"victory":false,"max_hp_per_floor":[71,71,71,71,71,71,71,71,71,71,71,71,71,71,71,71,71,71,71,35,35,35,35,35,35,35,35,35,35,35,35,35],"card_choices":[{"not_picked":["Streamline","Doom and Gloom"],"picked":"Ball Lightning","floor":1.0},{"not_picked":["Auto Shields","Redo"],"picked":"FTL","floor":2},{"not_picked":["Stack","Rebound"],"picked":"Electrodynamics","floor":3},{"not_picked":["Tempest","Gash"],"picked":"Conserve Battery","floor":6},{"not_picked":["Gash","Coolheaded"],"picked":"Go for the Eyes","floor":8},{"not_picked":["Rebound","Storm","Coolheaded"],"picked":"SKIP","floor":10},{"not_picked":["Cold Snap","Gash"],"picked":"Barrage","floor":13},{"not_picked":["Steam Power","Leap","Sweeping Beam"],"picked":"SKIP","floor":14},{"not_picked":["Meteor Strike","Rainbow"],"picked":"Biased Cognition","floor":16},{"not_picked":["Redo","Rebound+1","Streamline"],"picked":"SKIP","floor":18},{"not_picked":["White Noise","Consume+1","Storm+1"],"picked":"SKIP","floor":19},{"not_picked":["Go for the Eyes","Lockon"],"picked":"Darkness+1","floor":23},{"not_picked":["Steam","Barrage","Turbo"],"picked":"Sunder","floor":27},{"not_picked":["Compile Driver+1","Conserve Battery","Chill"],"picked":"Echo Form","floor":28},{"not_picked":["Redo","Aggregate","Turbo"],"picked":"Recycle","floor":29}],"player_experience":1476077,"relics_obtained":[{"floor":6,"key":"CeramicFish"},{"floor":9,"key":"Art of War"},{"floor":10,"key":"The Courier"},{"floor":14,"key":"StoneCalendar"},{"floor":21,"key":"Necronomicon"},{"floor":23,"key":"Old Coin"},{"floor":26,"key":"Mummified Hand"},{"floor":27,"key":"Smiling Mask"},{"floor":30,"key":"DataDisk"}],"event_choices":[{"cards_removed":["Strike_B"],"damage_healed":0,"gold_gain":0,"player_choice":"Card Removal","damage_taken":7,"max_hp_gain":0,"max_hp_loss":0,"event_name":"Golden Wing","floor":4,"gold_loss":0},{"damage_healed":0,"gold_gain":0,"player_choice":"Bought 3 Potions","damage_taken":0,"max_hp_gain":0,"max_hp_loss":0,"event_name":"The Woman in Blue","floor":5,"gold_loss":0},{"damage_healed":0,"gold_gain":0,"player_choice":"Became a Ghost","damage_taken":0,"max_hp_gain":0,"max_hp_loss":36,"event_name":"Ghosts","floor":20,"gold_loss":0,"cards_obtained":["Ghostly","Ghostly","Ghostly"]},{"damage_healed":0,"gold_gain":0,"player_choice":"Obtained Book","damage_taken":21,"max_hp_gain":0,"max_hp_loss":0,"event_name":"Cursed Tome","floor":21,"gold_loss":0},{"damage_healed":0,"gold_gain":0,"cards_transformed":["Strike_B","Strike_B"],"player_choice":"Became Test Subject","damage_taken":0,"max_hp_gain":0,"max_hp_loss":0,"event_name":"Drug Dealer","floor":22,"gold_loss":0,"cards_obtained":["Seek","Stack"]}],"is_beta":false,"boss_relics":[{"not_picked":["Tiny House","Snecko Eye"],"picked":"SlaversCollar"}],"items_purged_floors":[24],"is_endless":false,"potions_floor_spawned":[1,6,10,16,18,19],"killed_by":"Book of Stabbing","ascension_level":20}}