{"host":"swc5gdc7cm0k0g7l","time":1612915499,"event":{"mods":["AchievementEnabler","Act Like it!","Aspiration","BaseMod","BetterRewards","Colored Map","Colored Powertips","Downfall","Duelist Mod","Gensokyo","Hermit","Highlight Path","Hubris","Infinite Spire","Jorbs\u0027s Wanderer Trilogy","Koishi","Minty Spire (QoL Compilation)","Quick Restart","Replay The Spire","Shop Mod","StSLib","SuperFastMode","The Animator"],"gold_per_floor":[140,140,165,0,0,32,32,64,87,104,131,142,142,174,174,269,269,286,304,304,31,31,31,46,81,105,105,117,117,144,164,164,265,265,284,27,27,27,27,62,62,74,74,74,103,103,122,152,152,152,152,152,94,123,123],"floor_reached":56,"language":"ENG","playtime":3060,"items_purged":["Injury"],"score":1689,"play_id":"9f19f3da-6e72-412f-a311-274dfc3c3143","local_time":"20210209190459","is_ascension_mode":true,"campfire_choices":[{"data":"theDuelist:NatureReflection","floor":7,"key":"SMITH"},{"data":"theDuelist:NaturiaSacredTree","floor":15,"key":"SMITH"},{"data":"theDuelist:MultiplicationOfAnts","floor":23,"key":"SMITH"},{"data":"theDuelist:NaturiaHorneedle","floor":27,"key":"SMITH"},{"floor":32,"key":"RECALL"},{"data":"infinitespire:Punishment","floor":41,"key":"SMITH"},{"floor":49,"key":"REST"},{"data":"theDuelist:NatureReflection","floor":52,"key":"SMITH"}],"circlet_count":0,"master_deck":["theDuelist:CastleWalls","theDuelist:CastleWalls","theDuelist:CastleWalls","theDuelist:NaturiaBeast+1","theDuelist:NaturiaCliff+1","theDuelist:NaturiaRock+1","theDuelist:NaturiaTulip+1","theDuelist:Sparks","theDuelist:Sparks","theDuelist:Sparks","theDuelist:NaturiaHorneedle+1","CurseOfTheBell","CurseOfTheBell","theDuelist:NatureReflection+1","theDuelist:Mudora+1","theDuelist:NaturiaRosewhip+1","theDuelist:NaturiaSacredTree+1","theDuelist:MultiplicationOfAnts+1","theDuelist:NaturiaRosewhip+1","theDuelist:MudGolem+1","theDuelist:NaturiaSacredTree+1","theDuelist:Anteater","theDuelist:ClosedForest","theDuelist:MudGolem+1","theDuelist:MultiplicationOfAnts","theDuelist:VenomShot","infinitespire:Punishment+1","theDuelist:Mudora+1","theDuelist:MudGolem+1","theDuelist:NatureReflection+1","theDuelist:ConvulsionNature+1","theDuelist:ClosedForest+1"],"relics":["theDuelist:MillenniumPuzzle","theDuelist:CardPoolRelic","theDuelist:CardPoolBasicRelic","theDuelist:BoosterPackPoolRelic","theDuelist:CardPoolAddRelic","theDuelist:CardPoolMinusRelic","theDuelist:CardPoolSaveRelic","theDuelist:CardPoolOptionsRelic","downfall:ExtraCursedBell","ReplayTheSpireMod:Spearhead","Mummified Hand","theDuelist:BoosterPackMonsterEgg","Bronze Scales","Bronze Scales","Boot","Mirror","Bag of Preparation","Pantograph","theDuelist:WhiteBowlRelic","Replay:Mystery Machine","Snake Skull","Lantern","MealTicket","infinitespire:CheckeredPen","Philosopher\u0027s Stone","MerchantsRug","infinitespire:SolderingIron","hubris:Towel","theDuelist:ElectricBurst","theDuelist:YugiMirror","aspiration:VileToxins","Bird Faced Urn","aspiration:FetidBarrel"],"acts_visited":["Exordium","TheCity","TheBeyond","TheEnding"],"potions_floor_usage":[14,42,48],"damage_taken":[{"damage":4,"enemies":"2 Louse","floor":1,"turns":3},{"damage":32,"enemies":"Lagavulin","floor":6,"turns":9},{"damage":11,"enemies":"3 Sentries","floor":8,"turns":5},{"damage":2,"enemies":"Jaw Worm","floor":10,"turns":2},{"damage":17,"enemies":"Lagavulin","floor":11,"turns":6},{"damage":0,"enemies":"Small Slimes","floor":12,"turns":3},{"damage":0,"enemies":"Gremlin Nob","floor":14,"turns":4},{"damage":0,"enemies":"The Guardian","floor":16,"turns":7},{"damage":0,"enemies":"Chosen","floor":18,"turns":4},{"damage":0,"enemies":"Shell Parasite","floor":19,"turns":4},{"damage":0,"enemies":"Shelled Parasite and Fungi","floor":24,"turns":3},{"damage":0,"enemies":"Gremlin Leader","floor":25,"turns":4},{"damage":3,"enemies":"Centurion and Healer","floor":28,"turns":5},{"damage":15,"enemies":"Nightmare","floor":30,"turns":4},{"damage":0,"enemies":"Sentry and Sphere","floor":31,"turns":4},{"damage":0,"enemies":"Champ","floor":33,"turns":7},{"damage":0,"enemies":"Orb Walker","floor":35,"turns":3},{"damage":0,"enemies":"Nightmare","floor":40,"turns":6},{"damage":7,"enemies":"3 Shapes","floor":42,"turns":2},{"damage":19,"enemies":"R_Hoarder","floor":45,"turns":5},{"damage":44,"enemies":"Spire Growth","floor":47,"turns":4},{"damage":28,"enemies":"Reptomancer","floor":48,"turns":4},{"damage":57,"enemies":"hubris:GrandSnecko","floor":50,"turns":8},{"damage":51,"enemies":"Shield and Spear","floor":54,"turns":4},{"damage":124,"enemies":"The Heart","floor":55,"turns":6}],"seed_played":"-5051819401342042058","potions_obtained":[{"floor":1,"key":"SpeedPotion"},{"floor":11,"key":"PowerPotion"},{"floor":14,"key":"theDuelist:SealedPackD"},{"floor":19,"key":"theDuelist:ReducerPotion"},{"floor":24,"key":"theDuelist:GiftPotion"},{"floor":33,"key":"theDuelist:TokenPotionB"},{"floor":47,"key":"theDuelist:SealedPackB"}],"is_trial":false,"path_per_floor":["M","?","T","?","$","E","R","E","T","M","E","M","?","E","R","B",null,"M","M","?","$","?","R","M","E","T","R","M","?","NM","M","R","B",null,"M","$","?","?","?","NM","R","M","T","T","E","$","M","E","R","B",null,"R","$","E","B",null],"character_chosen":"THE_DUELIST","items_purchased":["Snake Skull","theDuelist:NaturiaSacredTree+1","MerchantsRug","infinitespire:SolderingIron","theDuelist:ConvulsionNature+1"],"campfire_rested":1,"item_purchase_floors":[21,21,36,36,53],"current_hp_per_floor":[92,92,92,92,92,60,60,49,49,47,30,30,24,24,24,49,96,96,96,96,96,96,96,96,96,96,96,93,93,78,78,78,96,96,96,96,91,91,91,91,91,84,84,84,65,80,140,112,170,202,249,249,249,200,115],"gold":123,"neow_bonus":"TWENTY_PERCENT_HP_BONUS","is_daily":false,"chose_seed":false,"campfire_upgraded":6,"win_rate":0.0,"timestamp":1612915499,"path_taken":["M","?","?","?","$","E","R","E","T","M","E","M","?","E","R","BOSS","M","M","?","$","?","R","?","E","T","R","M","?","NM","?","R","BOSS","M","?","?","?","?","NM","R","M","T","?","E","$","?","E","R","BOSS","R","$","E","BOSS"],"items_purchased_type":["Relic","Card","Relic","Relic","Card"],"build_version":"2020-12-22","purchased_purges":1,"victory":true,"max_hp_per_floor":[96,96,96,96,96,96,96,96,96,96,96,96,96,96,96,96,96,96,96,96,96,96,96,96,96,96,96,96,96,96,96,96,96,96,96,96,91,91,91,91,91,91,91,91,91,91,195,195,195,249,249,249,249,249,249],"card_choices":[{"not_picked":["theDuelist:DemiseLand","theDuelist:NaturiaBarkion","theDuelist:HuntingInstinct","theDuelist:HeartUnderdog"],"picked":"theDuelist:NaturiaHorneedle","floor":1},{"not_picked":["theDuelist:ConvulsionNature","theDuelist:NaturiaLeodrake+1","theDuelist:NaturalDisaster","theDuelist:NaturiaVein+1"],"picked":"theDuelist:NatureReflection","floor":6},{"not_picked":["theDuelist:PotAvarice","theDuelist:GolemSentry+1","theDuelist:Polymerization","theDuelist:DestroyerGolem+1"],"picked":"theDuelist:Mudora+1","floor":8},{"not_picked":["theDuelist:DestroyerGolem+1","theDuelist:Fissure","theDuelist:GraniteLoyalist+1","theDuelist:Blockman+1","theDuelist:MillenniumGolem+1"],"picked":"SKIP","floor":10},{"not_picked":["theDuelist:SeismicShockwave","theDuelist:Wildfire","theDuelist:HeartUnderdog"],"picked":"SKIP","floor":11},{"not_picked":["theDuelist:NaturiaDragonfly+1","theDuelist:NaturiaEggplant+1","theDuelist:SummoningSwarm","theDuelist:NaturiaTulip+1"],"picked":"theDuelist:NaturiaRosewhip+1","floor":12},{"not_picked":["theDuelist:ConvulsionNature","theDuelist:NaturalDisaster","theDuelist:Anteater+1","theDuelist:HeartUnderdog"],"picked":"theDuelist:NaturiaSacredTree","floor":14},{"not_picked":["theDuelist:DemiseLand","theDuelist:NaturiaVein+1","theDuelist:NaturiaBarkion+1","theDuelist:Canyon"],"picked":"theDuelist:MultiplicationOfAnts","floor":16},{"not_picked":["theDuelist:NaturiaEggplant+1","theDuelist:NaturiaCliff+1","theDuelist:NaturiaAntjaw+1","theDuelist:Alpacaribou+1"],"picked":"theDuelist:NaturiaRosewhip+1","floor":18},{"not_picked":["theDuelist:DestroyerGolem+1","theDuelist:Fissure","theDuelist:HammerShot","theDuelist:MillenniumGolem+1"],"picked":"theDuelist:MudGolem+1","floor":19},{"not_picked":["theDuelist:ConvulsionNature+1","theDuelist:NaturalDisaster+1","theDuelist:Anteater+1","theDuelist:NaturiaVein+1","theDuelist:NaturiaLeodrake+1"],"picked":"SKIP","floor":24},{"not_picked":["theDuelist:NaturiaHydrangea+1","theDuelist:NaturiaEggplant+1","theDuelist:NaturiaDragonfly+1","theDuelist:NaturiaCliff+1","theDuelist:NaturiaParadizo+1"],"picked":"SKIP","floor":25},{"not_picked":["theDuelist:NaturiaEggplant+1","theDuelist:NaturiaCliff+1","theDuelist:NaturiaBeetle+1","theDuelist:NaturiaBambooShoot+1","theDuelist:BottomlessTrapHole"],"picked":"SKIP","floor":28},{"not_picked":["theDuelist:FuryFire+1","theDuelist:LuminousMoss+1","theDuelist:Cloning","theDuelist:SphereKuriboh+1","theDuelist:DianKeto+1"],"picked":"SKIP","floor":30},{"not_picked":["theDuelist:BigFire","theDuelist:Sangan+1","theDuelist:DestroyerGolem+1","theDuelist:GraniteLoyalist+1"],"picked":"theDuelist:MudGolem+1","floor":31},{"not_picked":["theDuelist:DemiseLand","theDuelist:SeismicShockwave","theDuelist:NaturiaBarkion+1","theDuelist:Wildfire"],"picked":"theDuelist:MultiplicationOfAnts","floor":33},{"not_picked":["theDuelist:FuryFire","theDuelist:FossilExcavation+1","theDuelist:AfterGenocide","theDuelist:PotDuality"],"picked":"theDuelist:VenomShot","floor":35},{"not_picked":["ReplayTheSpireMod:Book of Names","infinitespire:Fortify"],"picked":"infinitespire:Punishment","floor":40},{"not_picked":["theDuelist:AttackTheMoon+1","theDuelist:DestroyerGolem+1","theDuelist:MillenniumGolem+1","theDuelist:Blockman+1"],"picked":"theDuelist:Mudora+1","floor":40},{"not_picked":["theDuelist:FuryFire+1","theDuelist:SphereKuriboh+1","theDuelist:Wiretap","theDuelist:DianKeto+1"],"picked":"theDuelist:DestructPotion+1","floor":42},{"not_picked":["Dark Shackles+1","Flash of Steel+1","Secret Weapon","Swift Strike"],"picked":"SKIP","floor":45},{"not_picked":["theDuelist:Pollinosis","theDuelist:LairWire+1","theDuelist:HuntingInstinct","theDuelist:SeismicShockwave+1"],"picked":"theDuelist:NatureReflection","floor":47},{"not_picked":["theDuelist:FuryFire+1","theDuelist:LuminousMoss+1","theDuelist:SphereKuriboh+1","theDuelist:RedMedicine+3"],"picked":"theDuelist:DestructPotion","floor":48},{"not_picked":["theDuelist:NaturiaVein+1","theDuelist:HuntingInstinct+1","theDuelist:MultiplicationOfAnts+1","theDuelist:HeartUnderdog+1"],"picked":"theDuelist:ClosedForest+1","floor":54}],"player_experience":86182,"relics_obtained":[{"floor":2,"key":"ReplayTheSpireMod:Spearhead"},{"floor":2,"key":"Mummified Hand"},{"floor":2,"key":"theDuelist:BoosterPackMonsterEgg"},{"floor":3,"key":"Bronze Scales"},{"floor":6,"key":"Boot"},{"floor":8,"key":"Mirror"},{"floor":9,"key":"Bag of Preparation"},{"floor":11,"key":"Pantograph"},{"floor":14,"key":"Replay:Mystery Machine"},{"floor":25,"key":"Lantern"},{"floor":26,"key":"MealTicket"},{"floor":30,"key":"infinitespire:CheckeredPen"},{"floor":40,"key":"theDuelist:ElectricBurst"},{"floor":44,"key":"theDuelist:YugiMirror"},{"floor":45,"key":"aspiration:VileToxins"},{"floor":48,"key":"Bird Faced Urn"},{"floor":54,"key":"aspiration:FetidBarrel"}],"event_choices":[{"damage_healed":0,"gold_gain":0,"player_choice":"Duplicated Relic - Bronze Scales","duelist":true,"damage_taken":0,"max_hp_gain":0,"max_hp_loss":0,"event_name":"Relic Duplicator","floor":4,"gold_loss":0},{"damage_healed":0,"gold_gain":0,"player_choice":"Dig - random Duelist relic","duelist":true,"damage_taken":0,"max_hp_gain":0,"max_hp_loss":0,"event_name":"Aknamkanon\u0027s Tomb","floor":13,"gold_loss":0},{"damage_healed":0,"gold_gain":0,"player_choice":"Leave","duelist":true,"damage_taken":0,"max_hp_gain":0,"max_hp_loss":0,"event_name":"Tomb of the Nameless","floor":20,"gold_loss":0},{"damage_healed":0,"gold_gain":0,"player_choice":"2 cards matched","damage_taken":0,"max_hp_gain":0,"max_hp_loss":0,"event_name":"Match and Keep!","floor":22,"gold_loss":0,"cards_obtained":["theDuelist:Anteater","theDuelist:ClosedForest"]},{"damage_healed":0,"gold_gain":0,"player_choice":"Gave Potion","damage_taken":0,"relics_obtained":["infinitespire:Beetle Shell"],"max_hp_gain":0,"max_hp_loss":0,"event_name":"WeMeetAgain","floor":29,"gold_loss":0},{"damage_healed":0,"gold_gain":0,"player_choice":"Max HP","damage_taken":0,"max_hp_gain":0,"max_hp_loss":5,"event_name":"Winding Halls","floor":37,"gold_loss":0},{"damage_healed":0,"gold_gain":0,"player_choice":"Leave","duelist":true,"damage_taken":0,"max_hp_gain":0,"max_hp_loss":0,"event_name":"Millennium Items","floor":38,"gold_loss":0}],"is_beta":false,"boss_relics":[{"not_picked":["SacredBark","Snecko Eye"],"picked":"hubris:CrackedHourglass"},{"not_picked":["Ooze Armor","Replay:Ancient Bell"],"picked":"Philosopher\u0027s Stone"}],"items_purged_floors":[21],"is_endless":false,"potions_floor_spawned":[1,11,14,19,24,33,35,47],"ascension_level":2}}