{"host":"rmsq46plbpwfbxcc","time":1612967918,"event":{"mods":["AchievementEnabler","BaseMod","Colored Map","Colored Powertips","DeckTracker","KOR Keyword Fix","Minty Spire (QoL Compilation)","Permanent Neow","Quick Restart","SuperFastMode"],"gold_per_floor":[110,122,122,122,47,47,80,80,156,179,179,179,179,198,198,297,297,312,277,277,293,308,308,333,333,333],"floor_reached":25,"language":"KOR","playtime":640,"items_purged":["Injury"],"score":386,"play_id":"6a74d7fc-993b-4e62-8fd1-59122aae8333","local_time":"20210210233838","is_ascension_mode":true,"campfire_choices":[{"data":"Neutralize","floor":6,"key":"SMITH"},{"data":"Terror","floor":12,"key":"SMITH"},{"data":"Masterful Stab","floor":15,"key":"SMITH"},{"data":"Blade Dance","floor":23,"key":"SMITH"}],"circlet_count":0,"master_deck":["AscendersBane","Strike_G","Strike_G","Strike_G","Strike_G","Defend_G","Defend_G","Defend_G","Defend_G","Defend_G","Survivor","Neutralize+1","Terror+1","Well Laid Plans","Masterful Stab+1","Burst","Blade Dance+1","Cloak And Dagger"],"relics":["WristBlade","Golden Idol","Smiling Mask","HornCleat","Tiny Chest","Cursed Key"],"acts_visited":["Exordium","TheCity"],"potions_floor_usage":[16,16,22,24,25],"damage_taken":[{"damage":4,"enemies":"Jaw Worm","floor":1,"turns":6},{"damage":7,"enemies":"Small Slimes","floor":2,"turns":5},{"damage":24,"enemies":"Lagavulin","floor":7,"turns":10},{"damage":0,"enemies":"Cultist","floor":10,"turns":3},{"damage":0,"enemies":"Blue Slaver","floor":14,"turns":3},{"damage":12,"enemies":"Slime Boss","floor":16,"turns":7},{"damage":12,"enemies":"Shell Parasite","floor":18,"turns":8},{"damage":15,"enemies":"2 Thieves","floor":19,"turns":5},{"damage":0,"enemies":"Centurion and Healer","floor":21,"turns":6},{"damage":0,"enemies":"Snecko","floor":22,"turns":3},{"damage":17,"enemies":"Snake Plant","floor":24,"turns":4},{"damage":18,"enemies":"Slavers","floor":25,"turns":4}],"seed_played":"3830806951868181828","potions_obtained":[{"floor":7,"key":"Strength Potion"},{"floor":10,"key":"LiquidBronze"},{"floor":14,"key":"Poison Potion"},{"floor":19,"key":"EntropicBrew"},{"floor":24,"key":"Strength Potion"}],"is_trial":false,"path_per_floor":["M","M","?","?","$","R","E","?","T","M","?","R","?","M","R","B",null,"M","M","?","M","M","R","M","E"],"character_chosen":"THE_SILENT","items_purchased":[],"campfire_rested":0,"item_purchase_floors":[],"current_hp_per_floor":[55,48,48,53,53,53,29,71,71,71,36,36,36,36,36,24,59,47,32,32,32,32,32,15,0,0],"gold":333,"neow_bonus":"BOSS_RELIC","is_daily":false,"chose_seed":false,"campfire_upgraded":4,"win_rate":0.0,"timestamp":1612967918,"path_taken":["M","M","?","?","$","R","E","?","T","?","?","R","?","M","R","BOSS","M","M","?","M","M","R","M","E"],"items_purchased_type":[],"build_version":"2020-12-22","purchased_purges":1,"victory":false,"max_hp_per_floor":[66,66,66,71,71,71,71,71,71,71,71,71,71,71,71,71,71,71,71,71,71,71,71,71,71,71],"card_choices":[{"not_picked":["Backflip","Bouncing Flask"],"picked":"Terror","floor":1},{"not_picked":["Tactician","Predator"],"picked":"Well Laid Plans","floor":2},{"not_picked":["Doppelganger","Dodge and Roll","Night Terror"],"picked":"SKIP","floor":7},{"not_picked":["Dodge and Roll","Escape Plan"],"picked":"Masterful Stab","floor":10},{"not_picked":["Distraction","Catalyst","Setup"],"picked":"SKIP","floor":14},{"not_picked":["Night Terror","Malaise"],"picked":"Burst","floor":16},{"not_picked":["Dagger Throw","Deflect","Eviscerate"],"picked":"SKIP","floor":18},{"not_picked":["Bane+1","Dagger Throw","Eviscerate"],"picked":"SKIP","floor":19},{"not_picked":["Concentrate+1","Deflect"],"picked":"Cloak And Dagger","floor":21},{"not_picked":["Dash","Outmaneuver","Poisoned Stab"],"picked":"SKIP","floor":22},{"not_picked":["Catalyst","Dodge and Roll","Deflect"],"picked":"SKIP","floor":24}],"player_experience":683964,"relics_obtained":[{"floor":7,"key":"Smiling Mask"},{"floor":9,"key":"HornCleat"}],"event_choices":[{"damage_healed":0,"gold_gain":0,"player_choice":"Take Wound","damage_taken":0,"relics_obtained":["Golden Idol"],"max_hp_gain":0,"max_hp_loss":0,"event_name":"Golden Idol","floor":3,"gold_loss":0,"cards_obtained":["Injury"]},{"damage_healed":0,"gold_gain":0,"player_choice":"Donut","damage_taken":0,"max_hp_gain":5,"max_hp_loss":0,"event_name":"Big Fish","floor":4,"gold_loss":0},{"damage_healed":42,"gold_gain":0,"player_choice":"Full Heal","damage_taken":0,"max_hp_gain":0,"max_hp_loss":0,"event_name":"Wheel of Change","floor":8,"gold_loss":0},{"damage_healed":0,"gold_gain":0,"player_choice":"Success","damage_taken":35,"relics_obtained":["Tiny Chest"],"max_hp_gain":0,"max_hp_loss":0,"event_name":"Scrap Ooze","floor":11,"gold_loss":0},{"cards_removed":["Strike_G"],"damage_healed":0,"gold_gain":0,"player_choice":"Forget","damage_taken":0,"max_hp_gain":0,"max_hp_loss":0,"event_name":"Living Wall","floor":13,"gold_loss":0},{"damage_healed":0,"gold_gain":0,"player_choice":"Read","damage_taken":0,"max_hp_gain":0,"max_hp_loss":0,"event_name":"The Library","floor":20,"gold_loss":0,"cards_obtained":["Blade Dance"]}],"is_beta":false,"boss_relics":[{"not_picked":["Empty Cage","Runic Dome"],"picked":"Cursed Key"}],"items_purged_floors":[5],"is_endless":false,"potions_floor_spawned":[7,10,14,19,22,24],"killed_by":"Slavers","ascension_level":18}}