{"host":"f7jml7vkwn3tj7tu","time":1612938142,"event":{"mods":["BaseMod","Block Reminder","Minty Spire (QoL Compilation)","Relic Stats","Slay-I"],"gold_per_floor":[119,119,40,52,127,158,158,173,173,173,183,208,208,208,208,305,305,316,243,257,257,257,290,305,336,386,408,430,472,498,530,542,657,669,697,477,477,477,497,522,533,559,585,585,174,174,191,201,201,201,201],"floor_reached":50,"language":"ENG","playtime":8398,"items_purged":["Crescendo"],"score":672,"play_id":"143616d8-2809-4114-b0bd-ecba5b9d616a","local_time":"20210210012222","is_ascension_mode":false,"campfire_choices":[{"data":"Vigilance","floor":7,"key":"SMITH"},{"data":"FlurryOfBlows","floor":10,"key":"SMITH"},{"data":"DeceiveReality","floor":15,"key":"SMITH"},{"data":"Vault","floor":32,"key":"SMITH"},{"floor":44,"key":"RECALL"},{"floor":46,"key":"REST"},{"data":"Halt","floor":49,"key":"SMITH"}],"circlet_count":0,"master_deck":["Strike_P+1","Strike_P+1","Strike_P+1","Defend_P+1","Eruption+1","Vigilance+1","SashWhip+1","Vengeance","DeceiveReality+1","EmptyBody","FearNoEvil+1","FlurryOfBlows+1","Halt+1","Vault+1","Conclude","CutThroughFate+1","FlurryOfBlows+1","BowlingBash+1","WheelKick+1","Meditate+1","Conclude+1","LessonLearned+1","Collect+1","Judgement+1","EmptyMind+1","Panache+1","Trip+1","Protect+1","EmptyBody+1","Crescendo+1","EmptyFist+1"],"relics":["PureWater","NeowsBlessing","Thread and Needle","Mango","Omamori","Empty Cage","Lantern","Oddly Smooth Stone","MawBank","Toxic Egg 2","Busted Crown","Whetstone","Gremlin Horn","White Beast Statue","StoneCalendar"],"acts_visited":["Exordium","TheCity","TheBeyond"],"potions_floor_usage":[12,24,50,50],"damage_taken":[{"damage":0,"enemies":"Small Slimes","floor":1,"turns":1},{"damage":0,"enemies":"Jaw Worm","floor":4,"turns":1},{"damage":0,"enemies":"3 Sentries","floor":6,"turns":2},{"damage":0,"enemies":"Cultist","floor":8,"turns":3},{"damage":0,"enemies":"Large Slime","floor":11,"turns":3},{"damage":0,"enemies":"Lagavulin","floor":12,"turns":6},{"damage":17,"enemies":"Slime Boss","floor":16,"turns":6},{"damage":0,"enemies":"3 Byrds","floor":18,"turns":6},{"damage":0,"enemies":"Chosen","floor":20,"turns":5},{"damage":16,"enemies":"Slavers","floor":23,"turns":6},{"damage":10,"enemies":"Snake Plant","floor":24,"turns":5},{"damage":0,"enemies":"Book of Stabbing","floor":25,"turns":5},{"damage":0,"enemies":"Cultist and Chosen","floor":27,"turns":3},{"damage":2,"enemies":"Centurion and Healer","floor":28,"turns":5},{"damage":1,"enemies":"Gremlin Leader","floor":29,"turns":3},{"damage":0,"enemies":"3 Cultists","floor":30,"turns":3},{"damage":0,"enemies":"Sentry and Sphere","floor":31,"turns":3},{"damage":10,"enemies":"Collector","floor":33,"turns":7},{"damage":0,"enemies":"3 Darklings","floor":35,"turns":4},{"damage":0,"enemies":"3 Shapes","floor":39,"turns":3},{"damage":27,"enemies":"Giant Head","floor":40,"turns":8},{"damage":7,"enemies":"Jaw Worm Horde","floor":41,"turns":4},{"damage":20,"enemies":"Nemesis","floor":42,"turns":4},{"damage":0,"enemies":"Sphere and 2 Shapes","floor":47,"turns":4},{"damage":0,"enemies":"Spire Growth","floor":48,"turns":3},{"damage":62,"enemies":"Time Eater","floor":50,"turns":9}],"seed_played":"7362017780969902238","potions_obtained":[{"floor":1,"key":"Explosive Potion"},{"floor":4,"key":"Energy Potion"},{"floor":12,"key":"AttackPotion"},{"floor":18,"key":"Regen Potion"},{"floor":24,"key":"SneckoOil"},{"floor":27,"key":"PowerPotion"}],"is_trial":false,"path_per_floor":["M","?","$","M","?","E","R","M","T","R","M","E","?","?","R","B",null,"M","$","M","?","?","E","M","E","T","M","M","E","M","M","R","B",null,"M","$","?","?","M","E","M","E","T","R","$","R","M","M","R","B"],"character_chosen":"WATCHER","items_purchased":["DeceiveReality","Conclude","Whetstone","EmptyMind+1","StoneCalendar","Crescendo+1"],"campfire_rested":1,"item_purchase_floors":[3,19,36,36,45,45],"current_hp_per_floor":[72,72,72,72,61,61,61,61,75,75,75,75,80,80,80,63,91,91,91,91,91,91,75,74,74,74,74,72,71,71,71,71,61,91,91,91,91,81,81,54,47,27,27,27,27,54,54,54,54,0,0],"gold":201,"neow_bonus":"THREE_ENEMY_KILL","is_daily":false,"chose_seed":false,"campfire_upgraded":5,"win_rate":0.0,"timestamp":1612938142,"path_taken":["M","?","$","M","?","E","R","M","T","R","M","E","?","?","R","BOSS","M","$","?","?","?","E","M","E","T","?","M","E","M","M","R","BOSS","M","$","?","?","M","E","M","E","T","R","$","R","M","M","R","BOSS"],"items_purchased_type":["Card","Card","Relic","Card","Relic","Card"],"build_version":"2020-12-22","purchased_purges":1,"victory":false,"max_hp_per_floor":[72,72,72,72,72,72,72,72,86,86,86,86,91,91,91,91,91,91,91,91,91,91,91,91,91,91,91,91,91,91,91,91,91,91,91,91,91,91,91,91,91,91,91,91,91,91,91,91,91,91,91],"relic_stats":{"Busted Crown":20,"Gremlin Horn":[4,4],"counters":[26,112],"StoneCalendar":[52],"Whetstone":["FearNoEvil","LessonLearned"],"MawBank":120,"obtain_stats":[{"Lantern":23,"NeowsBlessing":0,"Gremlin Horn":40,"Oddly Smooth Stone":25,"Thread and Needle":6,"Mango":9,"StoneCalendar":45,"Omamori":12,"Whetstone":36,"Empty Cage":17,"MawBank":26,"White Beast Statue":42,"Busted Crown":34,"PureWater":0,"Toxic Egg 2":29},{"Lantern":10,"NeowsBlessing":0,"Gremlin Horn":21,"Oddly Smooth Stone":12,"Thread and Needle":3,"Mango":4,"StoneCalendar":23,"Omamori":6,"Whetstone":19,"Empty Cage":7,"MawBank":12,"White Beast Statue":23,"Busted Crown":18,"PureWater":0,"Toxic Egg 2":15},{"Lantern":39,"NeowsBlessing":0,"Gremlin Horn":88,"Oddly Smooth Stone":49,"Thread and Needle":4,"Mango":7,"StoneCalendar":96,"Omamori":16,"Whetstone":77,"Empty Cage":22,"MawBank":49,"White Beast Statue":96,"Busted Crown":73,"PureWater":0,"Toxic Egg 2":60}]},"card_choices":[{"not_picked":["EmptyMind","Consecrate"],"picked":"SashWhip","floor":1},{"not_picked":["FlyingSleeves","Protect"],"picked":"EmptyBody","floor":4},{"not_picked":["Alpha","LikeWater"],"picked":"FearNoEvil","floor":6},{"not_picked":["Crescendo","Adaptation"],"picked":"FlurryOfBlows","floor":8},{"not_picked":["ThirdEye","EmptyBody"],"picked":"Halt","floor":11},{"not_picked":["EmptyBody","Wish"],"picked":"Crescendo","floor":12},{"not_picked":["Alpha","Omniscience"],"picked":"Vault","floor":16},{"not_picked":["Perseverance","ThirdEye","EmptyFist"],"picked":"SKIP","floor":18},{"not_picked":["Protect","EmptyFist"],"picked":"CutThroughFate","floor":20},{"not_picked":["Swivel","EmptyBody","Study"],"picked":"SKIP","floor":23},{"not_picked":["FlyingSleeves","Swivel"],"picked":"BowlingBash+1","floor":24},{"not_picked":["ConjureBlade","Tantrum"],"picked":"WheelKick+1","floor":25},{"not_picked":["PathToVictory","Evaluate"],"picked":"Meditate","floor":27},{"not_picked":["Protect","Worship+1"],"picked":"Conclude+1","floor":28},{"not_picked":["Establishment","FollowUp+1"],"picked":"LessonLearned","floor":29},{"not_picked":["BowlingBash","FollowUp","Weave"],"picked":"SKIP","floor":30},{"not_picked":["InnerPeace+1","Halt+1"],"picked":"Collect+1","floor":31},{"not_picked":["Brilliance","LessonLearned"],"picked":"Judgement+1","floor":33},{"not_picked":["CrushJoints"],"picked":"SKIP","floor":35},{"not_picked":[],"picked":"Panache","floor":38},{"not_picked":[],"picked":"Trip+1","floor":38},{"not_picked":["Fasting2"],"picked":"SKIP","floor":39},{"not_picked":["Nirvana+1"],"picked":"SKIP","floor":40},{"not_picked":[],"picked":"Protect+1","floor":41},{"not_picked":[],"picked":"EmptyBody+1","floor":42},{"not_picked":[],"picked":"EmptyFist+1","floor":47},{"not_picked":["ThirdEye+1"],"picked":"SKIP","floor":48}],"player_experience":599745,"relics_obtained":[{"floor":6,"key":"Thread and Needle"},{"floor":9,"key":"Mango"},{"floor":12,"key":"Omamori"},{"floor":23,"key":"Lantern"},{"floor":25,"key":"Oddly Smooth Stone"},{"floor":26,"key":"MawBank"},{"floor":29,"key":"Toxic Egg 2"},{"floor":40,"key":"Gremlin Horn"},{"floor":42,"key":"White Beast Statue"}],"event_choices":[{"damage_healed":0,"gold_gain":0,"cards_transformed":["Strike_P"],"player_choice":"Change","damage_taken":0,"max_hp_gain":0,"max_hp_loss":0,"event_name":"Living Wall","floor":2,"gold_loss":0,"cards_obtained":["Vengeance"]},{"damage_healed":0,"gold_gain":75,"player_choice":"Gather Gold","damage_taken":11,"max_hp_gain":0,"max_hp_loss":0,"event_name":"World of Goop","floor":5,"gold_loss":0},{"damage_healed":0,"gold_gain":0,"player_choice":"Donut","damage_taken":0,"max_hp_gain":5,"max_hp_loss":0,"event_name":"Big Fish","floor":13,"gold_loss":0},{"cards_removed":["Defend_P"],"damage_healed":0,"gold_gain":0,"player_choice":"Purged","damage_taken":0,"max_hp_gain":0,"max_hp_loss":0,"event_name":"Purifier","floor":14,"gold_loss":0},{"damage_healed":0,"gold_gain":0,"player_choice":"Simplicity","damage_taken":0,"max_hp_gain":0,"max_hp_loss":0,"event_name":"Back to Basics","floor":21,"gold_loss":0,"cards_upgraded":["Strike_P","Strike_P","Strike_P","Defend_P"]},{"damage_healed":0,"gold_gain":0,"player_choice":"Copied","damage_taken":0,"max_hp_gain":0,"max_hp_loss":0,"event_name":"Duplicator","floor":22,"gold_loss":0,"cards_obtained":["FlurryOfBlows"]},{"damage_healed":0,"gold_gain":0,"player_choice":"Ignored","damage_taken":0,"max_hp_gain":0,"max_hp_loss":0,"event_name":"Tomb of Lord Red Mask","floor":37,"gold_loss":0},{"damage_healed":0,"gold_gain":0,"player_choice":"Memory 3","damage_taken":10,"max_hp_gain":0,"max_hp_loss":0,"event_name":"SensoryStone","floor":38,"gold_loss":0}],"is_beta":false,"boss_relics":[{"not_picked":["Philosopher\u0027s Stone","SacredBark"],"picked":"Empty Cage"},{"not_picked":["SlaversCollar","Tiny House"],"picked":"Busted Crown"}],"items_purged_floors":[45],"is_endless":false,"potions_floor_spawned":[1,4,12,18,24,27,28,31,33,35,41,47,48],"killed_by":"Time Eater","ascension_level":0}}