{"host":"j5shy70asow5koz5","time":1612982757,"event":{"mods":["2.2 Compatiblity","Act Like it!","Arknights","BaseMod","Colored Map","Marisa£¨Ùöéë¡¡Øª×âÞÞ£©","Minty Spire (QoL Compilation)","Prisma Mod","StSLib","SuperFastMode","Td1madao Mod","The Disciple","The Gatherer","The Servant 0.9.4","Waifu the Spire"],"gold_per_floor":[114,126,145,17,28,28,39,39,87,37,37,37,81,97,97,227,227,243,266,307,5,5,5,5,23,23,48,48,48,48],"floor_reached":29,"language":"KOR","playtime":583,"items_purged":["Strike_B","Strike_B"],"score":225,"play_id":"eeaa9012-5190-43fc-8fe8-14024d2f4c45","local_time":"20210211034557","is_ascension_mode":false,"campfire_choices":[{"data":"Dualcast","floor":6,"key":"SMITH"},{"data":"Zap","floor":8,"key":"SMITH"},{"floor":15,"key":"REST"},{"floor":23,"key":"REST"},{"data":"Conserve Battery","floor":28,"key":"SMITH"}],"circlet_count":0,"master_deck":["Strike_B","Defend_B","Defend_B","Defend_B","Defend_B","Zap+1","Dualcast+1","Reboot","Skim","Redo","Consume","Conserve Battery+1","Ball Lightning","Core Surge","Ball Lightning","Redo+1","Loop+1","Coolheaded","Cold Snap","Cold Snap"],"relics":["Cracked Core","Boot","Golden Idol","Kunai","Black Star","Red Mask","Membership Card","Ancient Tea Set","Letter Opener"],"acts_visited":["Exordium","TheCity"],"potions_floor_usage":[13,16,20,20,20,25,27],"damage_taken":[{"damage":0,"enemies":"Cultist","floor":1,"turns":2},{"damage":14,"enemies":"2 Louse","floor":2,"turns":3},{"damage":0,"enemies":"Small Slimes","floor":3,"turns":3},{"damage":0,"enemies":"Exordium Wildlife","floor":5,"turns":3},{"damage":19,"enemies":"Blue Slaver","floor":7,"turns":3},{"damage":30,"enemies":"3 Sentries","floor":13,"turns":5},{"damage":3,"enemies":"Looter","floor":14,"turns":3},{"damage":27,"enemies":"The Guardian","floor":16,"turns":10},{"damage":17,"enemies":"Shell Parasite","floor":18,"turns":4},{"damage":0,"enemies":"Spheric Guardian","floor":19,"turns":3},{"damage":40,"enemies":"Masked Bandits","floor":20,"turns":4},{"damage":14,"enemies":"Snake Plant","floor":25,"turns":3},{"damage":3,"enemies":"Sentry and Sphere","floor":27,"turns":3},{"damage":15,"enemies":"Book of Stabbing","floor":29,"turns":3}],"seed_played":"7853087735081386911","potions_obtained":[{"floor":1,"key":"Ancient Potion"},{"floor":2,"key":"FocusPotion"},{"floor":13,"key":"AttackPotion"},{"floor":16,"key":"LiquidMemories"},{"floor":18,"key":"FearPotion"},{"floor":20,"key":"Fire Potion"},{"floor":25,"key":"AttackPotion"},{"floor":27,"key":"Fire Potion"}],"is_trial":false,"path_per_floor":["M","M","M","$","M","R","M","R","T","?","?","$","E","M","R","B",null,"M","M","?","$","?","R","$","M","T","M","R","E"],"character_chosen":"DEFECT","items_purchased":["Conserve Battery","Membership Card","Cold Snap","Ancient Tea Set"],"campfire_rested":2,"item_purchase_floors":[4,21,21,21],"current_hp_per_floor":[75,61,61,61,61,61,42,42,42,42,42,42,12,9,29,2,69,52,52,12,12,12,32,32,18,18,15,15,0,0],"gold":48,"neow_bonus":"ONE_RANDOM_RARE_CARD","is_daily":false,"chose_seed":false,"campfire_upgraded":3,"win_rate":0.0,"timestamp":1612982757,"path_taken":["M","M","?","?","M","R","M","R","T","?","?","$","E","?","R","BOSS","M","M","?","$","?","R","?","M","T","?","R","E"],"items_purchased_type":["Card","Relic","Card","Relic"],"build_version":"2020-12-22","purchased_purges":2,"victory":false,"max_hp_per_floor":[75,75,75,75,75,75,75,75,75,75,69,69,69,69,69,69,69,69,69,69,69,69,69,69,69,69,69,69,69,69],"card_choices":[{"not_picked":["Gash","Force Field"],"picked":"Skim","floor":1},{"not_picked":["Steam","Hologram"],"picked":"Redo","floor":2},{"not_picked":["Redo","Melter"],"picked":"Consume","floor":3},{"not_picked":["Chaos","Hello World","Force Field"],"picked":"SKIP","floor":5},{"not_picked":["Reboot","Aggregate"],"picked":"Ball Lightning","floor":7},{"not_picked":["Barrage","Stack"],"picked":"Core Surge","floor":13},{"not_picked":["Beam Cell","Steam"],"picked":"Ball Lightning","floor":14},{"not_picked":["Coolheaded","Hologram"],"picked":"Redo+1","floor":18},{"not_picked":["Go for the Eyes","Streamline"],"picked":"Loop+1","floor":19},{"not_picked":["All For One","Sweeping Beam"],"picked":"Coolheaded","floor":20},{"not_picked":["Beam Cell+1","Redo","Static Discharge"],"picked":"SKIP","floor":25},{"not_picked":["Barrage","Ball Lightning+1"],"picked":"Cold Snap","floor":27}],"player_experience":97704,"relics_obtained":[{"floor":9,"key":"Boot"},{"floor":13,"key":"Kunai"},{"floor":20,"key":"Red Mask"},{"floor":26,"key":"Letter Opener"}],"event_choices":[{"cards_removed":["Strike_B"],"damage_healed":0,"gold_gain":0,"player_choice":"Card Removal","damage_taken":0,"max_hp_gain":0,"max_hp_loss":0,"event_name":"The Cleric","floor":10,"gold_loss":50},{"damage_healed":0,"gold_gain":0,"player_choice":"Lose Max HP","damage_taken":0,"relics_obtained":["Golden Idol"],"max_hp_gain":0,"max_hp_loss":6,"event_name":"Golden Idol","floor":11,"gold_loss":0},{"damage_healed":0,"gold_gain":0,"player_choice":"Fought Bandits","damage_taken":0,"max_hp_gain":0,"max_hp_loss":0,"event_name":"Masked Bandits","floor":20,"gold_loss":0},{"damage_healed":0,"gold_gain":0,"player_choice":"Ignored","damage_taken":0,"max_hp_gain":0,"max_hp_loss":0,"event_name":"Ghosts","floor":22,"gold_loss":0}],"is_beta":false,"boss_relics":[{"not_picked":["Snecko Eye","Runic Dome"],"picked":"Black Star"}],"items_purged_floors":[4,21],"is_endless":false,"potions_floor_spawned":[1,2,13,16,18,20,25,27],"killed_by":"Book of Stabbing","ascension_level":0}}