{"host":"h0xw20cia6ppa69g","time":1612942039,"event":{"mods":["AchievementEnabler","BaseMod","Colored Map","Filter the Spire","Googly Eyes","Minty Spire (QoL Compilation)","Relic Stats","StSLib","The Awakened One except there are too many feathers","everything is the same but u backflip on backflip"],"gold_per_floor":[113,130,143,143,143,143,168,184,184,184,216,232,232,249,249,354,354,368,385,385,401,421,447,464,491,515,515,526,526,555,654,654,755,755,770,394,394,2,50,85,102,102,102,135,0,0,25,38,38,38,38,38,38,70,70],"floor_reached":56,"language":"ENG","playtime":2705,"items_purged":["Strike_G"],"score":1564,"play_id":"314d88dc-07b0-43ea-8e61-f5706de7eb8e","local_time":"20210210012719","is_ascension_mode":true,"campfire_choices":[{"data":"Blade Dance","floor":6,"key":"SMITH"},{"data":"Blade Dance","floor":10,"key":"SMITH"},{"data":"Tactician","floor":13,"key":"SMITH"},{"data":"Neutralize","floor":15,"key":"SMITH"},{"data":"Bullet Time","floor":27,"key":"SMITH"},{"data":"Storm of Steel","floor":32,"key":"SMITH"},{"floor":49,"key":"RECALL"},{"data":"After Image","floor":52,"key":"SMITH"}],"circlet_count":0,"master_deck":["Strike_G","Strike_G","Strike_G","Defend_G","Defend_G","Defend_G","Defend_G","Survivor","Neutralize+1","Blade Dance+1","Blade Dance+1","Tactician+1","Venomology","PiercingWail","Acrobatics","Storm of Steel+1","Blade Dance","Terror","Blade Dance","Bullet Time+1","Calculated Gamble","Adrenaline","Backflip+1","After Image+1","Bullet Time","Footwork+1","Decay","Parasite","Storm of Steel"],"relics":["Ring of the Snake","Dead Branch","Vajra","Letter Opener","Singing Bowl","HoveringKite","HornCleat","Juzu Bracelet","Lantern","Cursed Key","TheAbacus","Mummified Hand","Turnip","Gambling Chip","White Beast Statue","Centennial Puzzle","Red Mask","Frozen Egg 2","Calipers"],"acts_visited":["Exordium","TheCity","TheBeyond","TheEnding"],"potions_floor_usage":[11,16,18,19,21,21,23,28,30,33,35,39,40,41,44,47,48,54,55,55,55],"damage_taken":[{"damage":3,"enemies":"Jaw Worm","floor":1,"turns":8},{"damage":0,"enemies":"Small Slimes","floor":2,"turns":4},{"damage":0,"enemies":"Cultist","floor":3,"turns":3},{"damage":9,"enemies":"3 Sentries","floor":7,"turns":3},{"damage":0,"enemies":"2 Fungi Beasts","floor":8,"turns":2},{"damage":14,"enemies":"Lagavulin","floor":11,"turns":6},{"damage":16,"enemies":"Exordium Wildlife","floor":12,"turns":5},{"damage":0,"enemies":"Red Slaver","floor":14,"turns":2},{"damage":2,"enemies":"Slime Boss","floor":16,"turns":5},{"damage":0,"enemies":"Shell Parasite","floor":18,"turns":2},{"damage":0,"enemies":"Chosen","floor":19,"turns":3},{"damage":4,"enemies":"Shelled Parasite and Fungi","floor":21,"turns":3},{"damage":1,"enemies":"Snake Plant","floor":22,"turns":3},{"damage":0,"enemies":"Book of Stabbing","floor":23,"turns":1},{"damage":0,"enemies":"3 Cultists","floor":24,"turns":2},{"damage":0,"enemies":"Gremlin Leader","floor":25,"turns":2},{"damage":0,"enemies":"Sentry and Sphere","floor":28,"turns":2},{"damage":4,"enemies":"Slavers","floor":30,"turns":2},{"damage":0,"enemies":"Collector","floor":33,"turns":3},{"damage":0,"enemies":"3 Shapes","floor":35,"turns":1},{"damage":0,"enemies":"2 Orb Walkers","floor":39,"turns":1},{"damage":0,"enemies":"Nemesis","floor":40,"turns":3},{"damage":0,"enemies":"Orb Walker","floor":41,"turns":1},{"damage":0,"enemies":"Reptomancer","floor":44,"turns":2},{"damage":11,"enemies":"Nemesis","floor":47,"turns":3},{"damage":14,"enemies":"Writhing Mass","floor":48,"turns":5},{"damage":24,"enemies":"Time Eater","floor":50,"turns":7},{"damage":0,"enemies":"Shield and Spear","floor":54,"turns":3},{"damage":4,"enemies":"The Heart","floor":55,"turns":5}],"seed_played":"993783279724042034","potions_obtained":[{"floor":1,"key":"Block Potion"},{"floor":3,"key":"Explosive Potion"},{"floor":7,"key":"Ancient Potion"},{"floor":19,"key":"Dexterity Potion"},{"floor":22,"key":"Strength Potion"},{"floor":47,"key":"Fruit Juice"}],"is_trial":false,"path_per_floor":["M","M","M","?","?","R","E","M","T","R","E","M","R","M","R","B",null,"M","M","?","M","M","E","M","E","T","R","M","?","E","?","R","B",null,"M","$","?","$","?","E","M","?","T","E","?","?","E","M","R","B",null,"R","$","E","B",null],"character_chosen":"THE_SILENT","items_purchased":["TheAbacus","After Image","Mummified Hand","Bullet Time"],"campfire_rested":0,"item_purchase_floors":[36,36,38,38],"current_hp_per_floor":[46,46,46,46,46,46,37,37,37,37,23,7,7,7,7,5,70,70,72,59,55,54,56,58,58,58,58,60,60,56,56,56,56,83,83,83,83,83,83,85,87,87,87,89,89,85,76,69,69,45,94,94,94,94,90],"gold":70,"neow_bonus":"ONE_RARE_RELIC","is_daily":false,"chose_seed":false,"campfire_upgraded":7,"win_rate":0.0,"timestamp":1612942039,"path_taken":["M","M","M","?","?","R","E","?","T","R","E","M","R","M","R","BOSS","M","M","?","M","M","E","M","E","T","R","M","?","E","?","R","BOSS","M","$","?","$","?","E","M","?","T","E","?","?","E","M","R","BOSS","R","$","E","BOSS"],"items_purchased_type":["Relic","Card","Relic","Card"],"build_version":"2020-12-22","purchased_purges":1,"victory":true,"max_hp_per_floor":[70,70,70,70,70,70,70,70,70,70,70,70,70,70,70,70,70,70,72,77,77,77,79,81,81,81,81,83,83,83,83,83,83,83,83,83,83,83,83,85,87,87,87,89,89,85,87,94,94,94,94,94,94,94,94],"relic_stats":{"Singing Bowl":18,"counters":[29,92],"Dead Branch":[464],"HoveringKite":[44],"Juzu Bracelet":3,"Letter Opener":[472],"Cursed Key":1,"Centennial Puzzle":[12],"TheAbacus":[48],"Mummified Hand":[36],"Gambling Chip":[22],"Turnip":[2],"obtain_stats":[{"Lantern":30,"Calipers":54,"Singing Bowl":11,"Dead Branch":0,"Vajra":7,"HoveringKite":17,"Juzu Bracelet":25,"Letter Opener":9,"Frozen Egg 2":47,"Cursed Key":34,"White Beast Statue":43,"Centennial Puzzle":44,"HornCleat":23,"TheAbacus":36,"Mummified Hand":38,"Gambling Chip":40,"Turnip":39,"Red Mask":45,"Ring of the Snake":0},{"Lantern":18,"Calipers":28,"Singing Bowl":6,"Dead Branch":0,"Vajra":4,"HoveringKite":9,"Juzu Bracelet":16,"Letter Opener":5,"Frozen Egg 2":25,"Cursed Key":19,"White Beast Statue":23,"Centennial Puzzle":24,"HornCleat":14,"TheAbacus":20,"Mummified Hand":20,"Gambling Chip":22,"Turnip":21,"Red Mask":24,"Ring of the Snake":0},{"Lantern":58,"Calipers":87,"Singing Bowl":26,"Dead Branch":0,"Vajra":18,"HoveringKite":38,"Juzu Bracelet":54,"Letter Opener":20,"Frozen Egg 2":72,"Cursed Key":61,"White Beast Statue":67,"Centennial Puzzle":69,"HornCleat":50,"TheAbacus":62,"Mummified Hand":62,"Gambling Chip":66,"Turnip":63,"Red Mask":69,"Ring of the Snake":0}],"Ring of the Snake":[58]},"card_choices":[{"not_picked":["Sucker Punch","Flechettes"],"picked":"Blade Dance","floor":1},{"not_picked":["Expertise","Dagger Spray"],"picked":"Blade Dance","floor":2},{"not_picked":["Outmaneuver","Expertise","Riddle With Holes"],"picked":"SKIP","floor":3},{"not_picked":["Crippling Poison","Blur","Dagger Spray"],"picked":"SKIP","floor":7},{"not_picked":["Skewer","Distraction","Poisoned Stab"],"picked":"SKIP","floor":8},{"not_picked":["Underhanded Strike","Deflect"],"picked":"Venomology","floor":11},{"not_picked":["Blur","All Out Attack"],"picked":"PiercingWail","floor":12},{"not_picked":["Slice","Flying Knee"],"picked":"Acrobatics","floor":14},{"not_picked":["Phantasmal Killer","Tools of the Trade"],"picked":"Storm of Steel","floor":16},{"not_picked":["Deadly Poison","Quick Slash"],"picked":"Blade Dance","floor":18},{"not_picked":["Deadly Poison","Quick Slash","Dagger Spray+1"],"picked":"Singing Bowl","floor":19},{"not_picked":["Underhanded Strike","Dagger Throw"],"picked":"Terror","floor":21},{"not_picked":["Bane","Masterful Stab"],"picked":"Blade Dance","floor":22},{"not_picked":["Crippling Poison+1","Quick Slash","Noxious Fumes"],"picked":"Singing Bowl","floor":23},{"not_picked":["Crippling Poison","Dagger Throw+1","Dagger Spray"],"picked":"Singing Bowl","floor":24},{"not_picked":["Unload","Predator"],"picked":"Bullet Time","floor":25},{"not_picked":["Distraction","Backstab","Sucker Punch"],"picked":"Singing Bowl","floor":28},{"not_picked":["Cloak And Dagger","Distraction"],"picked":"Calculated Gamble","floor":30},{"not_picked":["Night Terror","Corpse Explosion"],"picked":"Adrenaline","floor":33},{"not_picked":["Slice+1","Underhanded Strike"],"picked":"Backflip+1","floor":35},{"not_picked":["Dagger Throw+1","Backflip+1"],"picked":"Footwork+1","floor":39},{"not_picked":["Poisoned Stab+1","Predator+1","Deflect+1"],"picked":"Singing Bowl","floor":40},{"not_picked":["Backflip+1","Noxious Fumes","Distraction"],"picked":"Singing Bowl","floor":41},{"not_picked":["Dagger Throw+1","Sucker Punch+1","Prepared+1"],"picked":"Singing Bowl","floor":44},{"not_picked":["Escape Plan+1","Blade Dance","Bouncing Flask+1"],"picked":"Singing Bowl","floor":47},{"not_picked":["Slice+1","Dash","Quick Slash+1"],"picked":"Singing Bowl","floor":48},{"not_picked":["Caltrops+1","Prepared"],"picked":"Storm of Steel","floor":54}],"player_experience":3846420,"relics_obtained":[{"floor":7,"key":"Vajra"},{"floor":9,"key":"Letter Opener"},{"floor":11,"key":"Singing Bowl"},{"floor":23,"key":"HornCleat"},{"floor":25,"key":"Juzu Bracelet"},{"floor":30,"key":"Lantern"},{"floor":39,"key":"Turnip"},{"floor":40,"key":"Gambling Chip"},{"floor":43,"key":"White Beast Statue"},{"floor":44,"key":"Centennial Puzzle"},{"floor":47,"key":"Frozen Egg 2"},{"floor":54,"key":"Calipers"}],"event_choices":[{"damage_healed":0,"gold_gain":0,"cards_transformed":["Strike_G"],"player_choice":"Change","damage_taken":0,"max_hp_gain":0,"max_hp_loss":0,"event_name":"Living Wall","floor":4,"gold_loss":0,"cards_obtained":["Tactician"]},{"cards_removed":["Defend_G"],"damage_healed":0,"gold_gain":0,"player_choice":"Offered Basic","damage_taken":0,"max_hp_gain":0,"max_hp_loss":0,"event_name":"Bonfire Elementals","floor":5,"gold_loss":0},{"damage_healed":0,"gold_gain":0,"player_choice":"Shed Blood","damage_taken":18,"max_hp_gain":5,"max_hp_loss":0,"event_name":"Forgotten Altar","floor":20,"gold_loss":0},{"damage_healed":0,"gold_gain":0,"player_choice":"Ignored","damage_taken":0,"max_hp_gain":0,"max_hp_loss":0,"event_name":"NoteForYourself","floor":29,"gold_loss":0},{"damage_healed":0,"gold_gain":99,"player_choice":"Stole From Cult","damage_taken":0,"max_hp_gain":0,"max_hp_loss":0,"event_name":"Nest","floor":31,"gold_loss":0},{"damage_healed":0,"gold_gain":0,"player_choice":"Bought 0 Potions","damage_taken":0,"max_hp_gain":0,"max_hp_loss":0,"event_name":"The Woman in Blue","floor":37,"gold_loss":0},{"damage_healed":0,"gold_gain":0,"player_choice":"Fight","damage_taken":0,"max_hp_gain":0,"max_hp_loss":0,"event_name":"Mysterious Sphere","floor":39,"gold_loss":0},{"damage_healed":0,"gold_gain":0,"player_choice":"Cursed","damage_taken":0,"max_hp_gain":0,"max_hp_loss":0,"event_name":"Wheel of Change","floor":42,"gold_loss":0,"cards_obtained":["Decay"]},{"damage_healed":0,"gold_gain":0,"player_choice":"Paid","damage_taken":0,"relics_obtained":["Red Mask"],"max_hp_gain":0,"max_hp_loss":0,"event_name":"Tomb of Lord Red Mask","floor":45,"gold_loss":135},{"damage_healed":0,"gold_gain":0,"player_choice":"Max HP","damage_taken":0,"max_hp_gain":0,"max_hp_loss":4,"event_name":"Winding Halls","floor":46,"gold_loss":0}],"is_beta":false,"boss_relics":[{"not_picked":["Pandora\u0027s Box","Tiny House"],"picked":"HoveringKite"},{"not_picked":["Velvet Choker","Busted Crown"],"picked":"Cursed Key"}],"items_purged_floors":[36],"is_endless":false,"potions_floor_spawned":[1,3,7,12,19,22,24,25,40,44,47,48,54],"ascension_level":1}}