{"host":"8is2j71l4wmybkoi","time":1612973051,"event":{"mods":["AchievementEnabler","BaseMod","Colored Map","Minty Spire (QoL Compilation)","Rare Cards Sparkle","StSLib","SuperFastMode"],"gold_per_floor":[14,34,34,53,73,73,85,85,85,112,130,161,161,173,173,246,246,262,281,291,0,11,11,38,38,109,142,142,155,175,188,188,262,262,280,300,111,129,141,141,173,187,187,213,29,41,41,53,53,53,53,53,15,50,50],"floor_reached":56,"language":"KOR","playtime":2677,"items_purged":["Strike_G","Strike_G"],"score":2105,"play_id":"aa77bcb2-22d5-4801-8912-b34897b0bcca","local_time":"20210211010411","is_ascension_mode":true,"campfire_choices":[{"data":"Apotheosis","floor":6,"key":"SMITH"},{"floor":8,"key":"REST"},{"floor":13,"key":"RECALL"},{"floor":15,"key":"REST"},{"floor":23,"key":"REST"},{"floor":28,"key":"REST"},{"floor":32,"key":"REST"},{"floor":40,"key":"REST"},{"floor":47,"key":"REST"},{"floor":49,"key":"REST"},{"floor":52,"key":"REST"}],"circlet_count":0,"master_deck":["AscendersBane","Strike_G","Strike_G","Strike_G","Defend_G","Defend_G","Defend_G","Defend_G","Defend_G","Survivor","Neutralize","Apotheosis+1","Dagger Spray","Accuracy","Outmaneuver","Cloak And Dagger","After Image","Venomology","Accuracy","Leg Sweep","Adrenaline","Backflip","Cloak And Dagger","Corpse Explosion","Crippling Poison","Footwork+1","Malaise","Escape Plan","Acrobatics","Envenom","Well Laid Plans","Cloak And Dagger","Accuracy","Acrobatics","Calculated Gamble+1","Backflip","Infinite Blades+1","Adrenaline","Venomology","Footwork","Malaise","Blade Dance","Reflex"],"relics":["Ring of the Snake","The Courier","WristBlade","Lantern","Regal Pillow","Nloth\u0027s Gift","Letter Opener","Cursed Key","Dead Branch","Ancient Tea Set","Medical Kit","Lizard Tail"],"acts_visited":["Exordium","TheCity","TheBeyond","TheEnding"],"potions_floor_usage":[5,5,14,14,16,16,19,19,20,20,22,22,24,27,29,30,31,33,35,35,36,38,38,39,42,44,44,48,48,50,50,54,54,55,55,55],"damage_taken":[{"damage":11,"enemies":"2 Louse","floor":1,"turns":3},{"damage":1,"enemies":"Cultist","floor":2,"turns":4},{"damage":4,"enemies":"Small Slimes","floor":4,"turns":4},{"damage":14,"enemies":"Gremlin Gang","floor":5,"turns":3},{"damage":1,"enemies":"Looter","floor":7,"turns":4},{"damage":19,"enemies":"Gremlin Nob","floor":10,"turns":5},{"damage":1,"enemies":"Blue Slaver","floor":11,"turns":3},{"damage":10,"enemies":"Lagavulin","floor":12,"turns":7},{"damage":0,"enemies":"3 Louse","floor":14,"turns":3},{"damage":0,"enemies":"Slime Boss","floor":16,"turns":6},{"damage":3,"enemies":"Chosen","floor":18,"turns":3},{"damage":3,"enemies":"Shell Parasite","floor":19,"turns":6},{"damage":0,"enemies":"Centurion and Healer","floor":20,"turns":5},{"damage":17,"enemies":"Shelled Parasite and Fungi","floor":22,"turns":5},{"damage":17,"enemies":"Gremlin Leader","floor":24,"turns":6},{"damage":36,"enemies":"Slavers","floor":27,"turns":5},{"damage":2,"enemies":"Snake Plant","floor":29,"turns":5},{"damage":0,"enemies":"Centurion and Healer","floor":30,"turns":2},{"damage":2,"enemies":"Shelled Parasite and Fungi","floor":31,"turns":8},{"damage":16,"enemies":"Champ","floor":33,"turns":14},{"damage":6,"enemies":"3 Darklings","floor":35,"turns":5},{"damage":0,"enemies":"3 Shapes","floor":36,"turns":7},{"damage":3,"enemies":"Jaw Worm Horde","floor":38,"turns":4},{"damage":12,"enemies":"Maw","floor":39,"turns":7},{"damage":1,"enemies":"Reptomancer","floor":41,"turns":5},{"damage":15,"enemies":"Sphere and 2 Shapes","floor":42,"turns":5},{"damage":2,"enemies":"Nemesis","floor":44,"turns":7},{"damage":26,"enemies":"Jaw Worm Horde","floor":46,"turns":3},{"damage":16,"enemies":"Transient","floor":48,"turns":5},{"damage":24,"enemies":"Time Eater","floor":50,"turns":11},{"damage":37,"enemies":"Shield and Spear","floor":54,"turns":6},{"damage":24,"enemies":"The Heart","floor":55,"turns":9}],"seed_played":"3226480739032800548","potions_obtained":[{"floor":3,"key":"SmokeBomb"},{"floor":3,"key":"LiquidBronze"},{"floor":4,"key":"SkillPotion"},{"floor":10,"key":"Ancient Potion"},{"floor":14,"key":"LiquidMemories"},{"floor":18,"key":"EssenceOfSteel"},{"floor":20,"key":"ColorlessPotion"},{"floor":27,"key":"PowerPotion"},{"floor":30,"key":"Dexterity Potion"},{"floor":31,"key":"Strength Potion"},{"floor":35,"key":"EssenceOfSteel"},{"floor":42,"key":"EssenceOfSteel"},{"floor":46,"key":"Energy Potion"},{"floor":54,"key":"GhostInAJar"}],"is_trial":false,"path_per_floor":["M","M","?","M","M","R","M","R","T","E","M","E","R","M","R","B",null,"M","M","M","$","M","R","E","?","T","E","R","M","M","M","R","B",null,"M","M","$","M","M","R","E","M","T","E","$","M","R","M","R","B",null,"R","$","E","B",null],"character_chosen":"THE_SILENT","items_purchased":["Lantern","Corpse Explosion","Cloak And Dagger","Accuracy","Acrobatics","Medical Kit","Footwork","Blade Dance"],"campfire_rested":9,"item_purchase_floors":[21,21,37,37,37,45,45,53],"current_hp_per_floor":[48,47,47,43,29,29,28,47,47,28,27,17,17,17,36,36,59,56,53,53,53,36,55,38,38,38,2,36,34,34,32,66,50,62,56,56,56,53,41,66,65,50,50,48,48,22,56,40,66,42,60,66,66,29,5],"gold":50,"neow_bonus":"RANDOM_COLORLESS_2","is_daily":false,"chose_seed":false,"campfire_upgraded":1,"win_rate":0.0,"timestamp":1612973051,"path_taken":["M","M","?","M","M","R","M","R","T","E","M","E","R","M","R","BOSS","M","M","?","$","M","R","E","?","T","E","R","M","?","M","R","BOSS","M","M","$","M","M","R","E","M","T","E","$","M","R","M","R","BOSS","R","$","E","BOSS"],"items_purchased_type":["Relic","Card","Card","Card","Card","Relic","Card","Card"],"build_version":"2020-12-22","purchased_purges":2,"victory":true,"max_hp_per_floor":[66,66,66,66,66,66,66,66,66,66,66,66,66,66,66,66,66,66,66,66,66,66,66,66,66,66,66,66,66,66,66,66,66,66,66,66,66,66,66,66,66,66,66,66,66,66,66,66,66,66,66,66,66,66,66],"card_choices":[{"not_picked":["Mayhem","Secret Weapon"],"picked":"Apotheosis","floor":0},{"not_picked":["Blade Dance","Backflip"],"picked":"Dagger Spray","floor":1},{"not_picked":["Sucker Punch","Expertise"],"picked":"Accuracy","floor":2},{"not_picked":["Dagger Spray","Bane"],"picked":"Outmaneuver","floor":4},{"not_picked":["Catalyst","PiercingWail"],"picked":"Cloak And Dagger","floor":5},{"not_picked":["Underhanded Strike","Flying Knee"],"picked":"After Image","floor":7},{"not_picked":["Backstab","Dagger Throw"],"picked":"Venomology","floor":10},{"not_picked":["Dash","Underhanded Strike","Flying Knee"],"picked":"SKIP","floor":11},{"not_picked":["Flying Knee","Poisoned Stab"],"picked":"Accuracy","floor":12},{"not_picked":["Bane","Slice"],"picked":"Leg Sweep","floor":14},{"not_picked":["Doppelganger","Tools of the Trade"],"picked":"Adrenaline","floor":16},{"not_picked":["Quick Slash","Flying Knee"],"picked":"Backflip","floor":18},{"not_picked":["Quick Slash+1","All Out Attack","Choke"],"picked":"SKIP","floor":19},{"not_picked":["Backflip","Poisoned Stab"],"picked":"Cloak And Dagger","floor":20},{"not_picked":["Heel Hook","Caltrops"],"picked":"Crippling Poison","floor":22},{"not_picked":["Setup","Tactician"],"picked":"Footwork+1","floor":24},{"not_picked":["Grand Finale","Venomology"],"picked":"Malaise","floor":27},{"not_picked":["Dagger Spray","Footwork"],"picked":"Escape Plan","floor":29},{"not_picked":["Outmaneuver","Dagger Spray","Caltrops"],"picked":"SKIP","floor":30},{"not_picked":["Quick Slash","Deflect"],"picked":"Acrobatics","floor":31},{"not_picked":["Grand Finale","Die Die Die"],"picked":"Envenom","floor":33},{"not_picked":["Flying Knee","Prepared"],"picked":"Well Laid Plans","floor":35},{"not_picked":["Dagger Throw","Predator","Quick Slash"],"picked":"SKIP","floor":36},{"not_picked":["Prepared+1","Tools of the Trade"],"picked":"Calculated Gamble+1","floor":38},{"not_picked":["Outmaneuver","Dodge and Roll"],"picked":"Backflip","floor":39},{"not_picked":["Tactician","Eviscerate"],"picked":"Infinite Blades+1","floor":41},{"not_picked":["Reflex","Slice"],"picked":"Adrenaline","floor":42},{"not_picked":["Sucker Punch","A Thousand Cuts"],"picked":"Venomology","floor":44},{"not_picked":["Underhanded Strike+1","Deflect"],"picked":"Malaise","floor":46},{"not_picked":["Dagger Throw","Riddle With Holes","Prepared"],"picked":"SKIP","floor":48},{"not_picked":["Blur","Poisoned Stab"],"picked":"Reflex","floor":54}],"player_experience":1119442,"relics_obtained":[{"floor":10,"key":"Ninja Scroll"},{"floor":12,"key":"The Courier"},{"floor":24,"key":"Regal Pillow"},{"floor":26,"key":"Letter Opener"},{"floor":41,"key":"Dead Branch"},{"floor":44,"key":"Ancient Tea Set"},{"floor":54,"key":"Lizard Tail"}],"event_choices":[{"damage_healed":0,"gold_gain":0,"player_choice":"Got Potions","damage_taken":0,"max_hp_gain":0,"max_hp_loss":0,"event_name":"Lab","floor":3,"gold_loss":0},{"damage_healed":0,"gold_gain":0,"player_choice":"Traded Relic","damage_taken":0,"relics_obtained":["Nloth\u0027s Gift"],"max_hp_gain":0,"max_hp_loss":0,"event_name":"N\u0027loth","floor":25,"relics_lost":["Ninja Scroll"],"gold_loss":0}],"is_beta":false,"boss_relics":[{"not_picked":["HoveringKite","Busted Crown"],"picked":"WristBlade"},{"not_picked":["Ring of the Serpent","SlaversCollar"],"picked":"Cursed Key"}],"items_purged_floors":[21,37],"is_endless":false,"potions_floor_spawned":[4,10,14,18,20,27,30,31,35,42,46,48,54],"ascension_level":15}}