{"host":"prxrhpgaxnj4om9r","time":1612974460,"event":{"mods":["AchievementEnabler","BaseMod","DeckTracker","Keyboard Shortcuts","Minty Spire (QoL Compilation)"],"gold_per_floor":[109,122,139,139,25,57,57,68,68,83,83,83,83,93,93,198,198,209,224,224,224,237,237,237],"floor_reached":23,"language":"KOR","playtime":1389,"items_purged":[],"score":193,"play_id":"05674e67-bb0d-45df-ae23-b0b5b201928f","local_time":"20210211012740","is_ascension_mode":false,"campfire_choices":[{"floor":7,"key":"RECALL"},{"floor":13,"key":"REST"},{"data":"After Image","floor":15,"key":"SMITH"}],"circlet_count":0,"master_deck":["Strike_G","Strike_G","Strike_G","Strike_G","Strike_G","Defend_G","Defend_G","Defend_G","Defend_G","Survivor","Neutralize","Dagger Throw","Distraction+1","Backflip","After Image+1","Bouncing Flask","Infinite Blades","Poisoned Stab","Dodge and Roll","Eviscerate","Masterful Stab","Dodge and Roll","After Image","Bane+1","Poisoned Stab","PiercingWail"],"relics":["Ring of the Serpent","Ancient Tea Set","Matryoshka"],"acts_visited":["Exordium","TheCity"],"potions_floor_usage":[10,16,22,23],"damage_taken":[{"damage":0,"enemies":"Cultist","floor":1,"turns":3},{"damage":6,"enemies":"Jaw Worm","floor":2,"turns":4},{"damage":2,"enemies":"Small Slimes","floor":3,"turns":5},{"damage":17,"enemies":"Lagavulin","floor":6,"turns":6},{"damage":0,"enemies":"2 Fungi Beasts","floor":8,"turns":3},{"damage":6,"enemies":"Exordium Thugs","floor":10,"turns":4},{"damage":0,"enemies":"Blue Slaver","floor":14,"turns":2},{"damage":2,"enemies":"Slime Boss","floor":16,"turns":9},{"damage":11,"enemies":"3 Byrds","floor":18,"turns":7},{"damage":8,"enemies":"Spheric Guardian","floor":19,"turns":6},{"damage":19,"enemies":"Cultist and Chosen","floor":22,"turns":8},{"damage":52,"enemies":"Slavers","floor":23,"turns":4}],"seed_played":"5262397956302538853","potions_obtained":[{"floor":2,"key":"FairyPotion"},{"floor":6,"key":"FearPotion"},{"floor":10,"key":"CunningPotion"},{"floor":14,"key":"Swift Potion"},{"floor":18,"key":"BlessingOfTheForge"}],"is_trial":false,"path_per_floor":["M","M","M","?","$","E","R","M","T","M","?","?","R","M","R","B",null,"M","M","?","?","M","E"],"character_chosen":"THE_SILENT","items_purchased":["Bouncing Flask","Infinite Blades"],"campfire_rested":1,"item_purchase_floors":[5,5],"current_hp_per_floor":[70,64,62,62,62,45,45,45,45,39,39,39,60,60,60,58,70,59,51,51,38,19,0,0],"gold":237,"neow_bonus":"THREE_CARDS","is_daily":false,"chose_seed":false,"campfire_upgraded":1,"win_rate":0.0,"timestamp":1612974460,"path_taken":["M","M","M","?","$","E","R","M","T","M","?","?","R","?","R","BOSS","M","M","?","?","M","E"],"items_purchased_type":["Card","Card"],"build_version":"2020-12-22","purchased_purges":0,"victory":false,"max_hp_per_floor":[70,70,70,70,70,70,70,70,70,70,70,70,70,70,70,70,70,70,70,70,75,75,75,75],"card_choices":[{"not_picked":["Cloak And Dagger","Terror"],"picked":"Dagger Throw","floor":0},{"not_picked":["Prepared","Deadly Poison"],"picked":"Distraction","floor":1},{"not_picked":["Slice","Prepared"],"picked":"Backflip","floor":2},{"not_picked":["Prepared","Deadly Poison"],"picked":"After Image","floor":3},{"not_picked":["Bouncing Flask","Tactician"],"picked":"Poisoned Stab","floor":6},{"not_picked":["Deflect","Bane"],"picked":"Dodge and Roll","floor":8},{"not_picked":["Calculated Gamble","Sucker Punch"],"picked":"Eviscerate","floor":10},{"not_picked":["Expertise","Dagger Throw"],"picked":"Dodge and Roll","floor":14},{"not_picked":["Glass Knife","Bullet Time"],"picked":"After Image","floor":16},{"not_picked":["Blade Dance","Underhanded Strike"],"picked":"Bane+1","floor":18},{"not_picked":["Sucker Punch","Bane"],"picked":"Poisoned Stab","floor":19},{"not_picked":["Bouncing Flask","Finisher"],"picked":"PiercingWail","floor":22}],"player_experience":370750,"relics_obtained":[{"floor":6,"key":"Ancient Tea Set"},{"floor":9,"key":"Matryoshka"}],"event_choices":[{"damage_healed":0,"gold_gain":0,"player_choice":"Grow","damage_taken":0,"max_hp_gain":0,"max_hp_loss":0,"event_name":"Living Wall","floor":4,"gold_loss":0,"cards_upgraded":["Distraction"]},{"damage_healed":0,"gold_gain":0,"player_choice":"Ignored","damage_taken":0,"max_hp_gain":0,"max_hp_loss":0,"event_name":"Golden Wing","floor":11,"gold_loss":0},{"damage_healed":0,"gold_gain":0,"cards_transformed":["Defend_G"],"player_choice":"Transformed","damage_taken":0,"max_hp_gain":0,"max_hp_loss":0,"event_name":"Transmorgrifier","floor":12,"gold_loss":0,"cards_obtained":["Masterful Stab"]},{"damage_healed":0,"gold_gain":0,"player_choice":"Ignored","damage_taken":0,"max_hp_gain":0,"max_hp_loss":0,"event_name":"Ghosts","floor":20,"gold_loss":0},{"damage_healed":0,"gold_gain":0,"player_choice":"Shed Blood","damage_taken":18,"max_hp_gain":5,"max_hp_loss":0,"event_name":"Forgotten Altar","floor":21,"gold_loss":0}],"is_beta":false,"boss_relics":[{"not_picked":["SlaversCollar","Coffee Dripper"],"picked":"Ring of the Serpent"}],"items_purged_floors":[],"is_endless":false,"potions_floor_spawned":[2,6,10,14,18],"killed_by":"Slavers","ascension_level":0}}