{"host":"nwtxriuk34b069je","time":1612923643,"event":{"mods":["AchievementEnabler","BaseMod","Better Skull","Colored Map","Colored Powertips","Hermit","Minty Spire (QoL Compilation)","Relic Stats","StSLib"],"gold_per_floor":[112,112,76,91,91,91,166,166,166,184,184,214,227,253,253,352,352,368,382,382,399,86,86,86,185,185,185,217,140,150,177,177,177,177],"floor_reached":33,"language":"ENG","playtime":1121,"items_purged":["Eviscerate+1"],"score":381,"play_id":"72503ed6-1439-43d3-8fbe-905497c7d17d","local_time":"20210209202043","is_ascension_mode":false,"campfire_choices":[{"data":"Caltrops","floor":6,"key":"SMITH"},{"floor":8,"key":"REST"},{"data":"Die Die Die","floor":15,"key":"SMITH"},{"floor":23,"key":"REST"},{"data":"After Image","floor":27,"key":"SMITH"},{"floor":32,"key":"REST"}],"circlet_count":0,"master_deck":["Strike_G","Strike_G+1","Strike_G+1","Strike_G","Defend_G","Defend_G","Defend_G","Survivor","Neutralize","Leg Sweep","Caltrops+1","Dodge and Roll","Die Die Die+1","After Image+1","Endless Agony+1","Strike_G","Dash+1","Blur"],"relics":["Ring of the Snake","Calipers","Potion Belt","Shuriken","Whetstone","Astrolabe","StrikeDummy","CaptainsWheel","Lantern","CeramicFish"],"acts_visited":["Exordium","TheCity"],"potions_floor_usage":[14,16,28,31,31],"damage_taken":[{"damage":0,"enemies":"Small Slimes","floor":1,"turns":5},{"damage":0,"enemies":"Jaw Worm","floor":4,"turns":4},{"damage":1,"enemies":"2 Louse","floor":10,"turns":2},{"damage":8,"enemies":"2 Fungi Beasts","floor":13,"turns":5},{"damage":7,"enemies":"Lagavulin","floor":14,"turns":10},{"damage":12,"enemies":"Hexaghost","floor":16,"turns":10},{"damage":13,"enemies":"Spheric Guardian","floor":18,"turns":4},{"damage":5,"enemies":"3 Byrds","floor":19,"turns":3},{"damage":18,"enemies":"3 Cultists","floor":21,"turns":5},{"damage":15,"enemies":"Slavers","floor":28,"turns":7},{"damage":0,"enemies":"Cultist and Chosen","floor":30,"turns":7},{"damage":15,"enemies":"Gremlin Leader","floor":31,"turns":8},{"damage":61,"enemies":"Champ","floor":33,"turns":21}],"seed_played":"7799737624417363389","potions_obtained":[{"floor":1,"key":"Block Potion"},{"floor":10,"key":"SpeedPotion"},{"floor":13,"key":"LiquidBronze"},{"floor":28,"key":"Swift Potion"},{"floor":30,"key":"Block Potion"},{"floor":31,"key":"Explosive Potion"}],"is_trial":true,"path_per_floor":["M","?","$","M","?","R","?","R","T","M","$","?","M","E","R","B",null,"M","M","?","M","$","R","?","?","T","R","E","$","M","E","R","B"],"character_chosen":"THE_SILENT","items_purchased":["Caltrops","StrikeDummy","Blur"],"campfire_rested":3,"item_purchase_floors":[3,22,29],"current_hp_per_floor":[70,58,58,58,63,63,52,74,74,73,73,73,65,58,58,46,75,62,57,57,39,39,61,61,61,61,61,46,46,46,31,53,0,0],"gold":177,"neow_bonus":"","is_daily":false,"chose_seed":false,"campfire_upgraded":3,"win_rate":0.0,"timestamp":1612923643,"path_taken":["M","?","$","M","?","R","?","R","T","M","$","?","M","E","R","BOSS","M","M","?","?","$","R","?","?","T","R","E","$","M","E","R","BOSS"],"items_purchased_type":["Card","Relic","Card"],"build_version":"2020-12-22","purchased_purges":1,"victory":false,"max_hp_per_floor":[70,70,70,70,75,75,75,75,75,75,75,75,75,75,75,75,75,75,75,75,75,75,75,75,75,75,75,75,75,75,75,75,75,75],"relic_stats":{"counters":[13,91],"Shuriken":[19],"Astrolabe":["Infinite Blades","Endless Agony","Eviscerate"],"CeramicFish":0,"Whetstone":["Strike_G","Strike_G"],"obtain_stats":[{"Potion Belt":9,"CaptainsWheel":26,"Lantern":28,"Calipers":2,"Shuriken":12,"Astrolabe":17,"CeramicFish":31,"Whetstone":14,"StrikeDummy":22,"Ring of the Snake":0},{"Potion Belt":2,"CaptainsWheel":9,"Lantern":10,"Calipers":1,"Shuriken":3,"Astrolabe":6,"CeramicFish":12,"Whetstone":5,"StrikeDummy":9,"Ring of the Snake":0},{"Potion Belt":9,"CaptainsWheel":48,"Lantern":55,"Calipers":5,"Shuriken":11,"Astrolabe":36,"CeramicFish":70,"Whetstone":26,"StrikeDummy":48,"Ring of the Snake":0}],"Ring of the Snake":[26]},"card_choices":[{"not_picked":["Concentrate","Endless Agony"],"picked":"Leg Sweep","floor":1},{"not_picked":["Backflip","Deflect"],"picked":"Dodge and Roll","floor":4},{"not_picked":["Poisoned Stab","Outmaneuver","Backflip"],"picked":"SKIP","floor":10},{"not_picked":["Underhanded Strike","Deadly Poison","Concentrate"],"picked":"SKIP","floor":13},{"not_picked":["Infinite Blades","Dagger Throw"],"picked":"Die Die Die","floor":14},{"not_picked":["A Thousand Cuts","Night Terror"],"picked":"After Image","floor":16},{"not_picked":["Accuracy","Calculated Gamble","Sucker Punch"],"picked":"SKIP","floor":18},{"not_picked":["Blade Dance+1","Tactician","PiercingWail"],"picked":"SKIP","floor":19},{"not_picked":["Dodge and Roll","PiercingWail","Acrobatics"],"picked":"SKIP","floor":21},{"not_picked":["Predator","Quick Slash"],"picked":"Dash+1","floor":28},{"not_picked":["Outmaneuver","Dagger Spray+1","Acrobatics"],"picked":"SKIP","floor":30},{"not_picked":["Blade Dance","Tools of the Trade","Eviscerate"],"picked":"SKIP","floor":31}],"player_experience":541840,"relics_obtained":[{"floor":9,"key":"Potion Belt"},{"floor":14,"key":"Whetstone"},{"floor":26,"key":"CaptainsWheel"},{"floor":28,"key":"Lantern"},{"floor":31,"key":"CeramicFish"}],"event_choices":[{"damage_healed":0,"gold_gain":0,"player_choice":"Success","damage_taken":12,"relics_obtained":["Calipers"],"max_hp_gain":0,"max_hp_loss":0,"event_name":"Scrap Ooze","floor":2,"gold_loss":0},{"damage_healed":0,"gold_gain":0,"player_choice":"Donut","damage_taken":0,"max_hp_gain":5,"max_hp_loss":0,"event_name":"Big Fish","floor":5,"gold_loss":0},{"damage_healed":0,"gold_gain":75,"player_choice":"Gather Gold","damage_taken":11,"max_hp_gain":0,"max_hp_loss":0,"event_name":"World of Goop","floor":7,"gold_loss":0},{"damage_healed":0,"gold_gain":30,"player_choice":"Searched \u00273\u0027 times","damage_taken":0,"relics_obtained":["Shuriken"],"max_hp_gain":0,"max_hp_loss":0,"event_name":"Dead Adventurer","floor":12,"gold_loss":0},{"cards_removed":["Infinite Blades"],"damage_healed":0,"gold_gain":0,"player_choice":"Took Card","damage_taken":0,"max_hp_gain":0,"max_hp_loss":0,"event_name":"NoteForYourself","floor":20,"gold_loss":0,"cards_obtained":["Strike_G"]},{"damage_healed":0,"gold_gain":0,"player_choice":"Ignored","damage_taken":0,"max_hp_gain":0,"max_hp_loss":0,"event_name":"Beggar","floor":24,"gold_loss":0},{"damage_healed":0,"gold_gain":99,"player_choice":"Stole From Cult","damage_taken":0,"max_hp_gain":0,"max_hp_loss":0,"event_name":"Nest","floor":25,"gold_loss":0}],"is_beta":false,"boss_relics":[{"not_picked":["Empty Cage","HoveringKite"],"picked":"Astrolabe"}],"items_purged_floors":[22],"is_endless":true,"potions_floor_spawned":[1,10,13,28,30,31],"killed_by":"Champ","ascension_level":0}}