{"host":"pgm1p3lvdjflie30","time":1612932861,"event":{"mods":["AchievementEnabler","Alarm Clock","Aspiration","BaseMod","Challenge The Spire","Colored Map","Colored Powertips","Dark Map","Energized Spire","Hermit","HornydragonMod","Minty Spire (QoL Compilation)","Quarter Circle Forward PUNCH!","Quick Restart","Relic Stats","Robot Space Explorer","Spicy Shops","StSLib","The Blackbeard","The IronCluck","Waifu the Spire","【功能Mod】混沌之?修复?丁","篝火指南"],"gold_per_floor":[115,115,16,16,16,32,42,57,129,129,140,154,164,181,181,181,181],"floor_reached":16,"language":"ZHS","playtime":1019,"items_purged":[],"score":96,"play_id":"965e3297-ca63-458b-bd51-125c0dee5a37","local_time":"20210210125421","is_ascension_mode":false,"campfire_choices":[{"floor":10,"key":"REST"},{"floor":15,"key":"REST"}],"circlet_count":0,"master_deck":["Strike_B","Strike_B","Strike_B","Defend_B","Defend_B","Defend_B","Defend_B","Zap","Dualcast","Turbo+1","Auto Shields","Leap","Redo","Ball Lightning","Chaos","Reboot","Turbo"],"relics":["Cracked Core"],"acts_visited":["Exordium"],"potions_floor_usage":[3,14,14],"damage_taken":[{"damage":16,"enemies":"Jaw Worm","floor":1,"turns":4},{"damage":0,"enemies":"Small Slimes","floor":6,"turns":2},{"damage":0,"enemies":"2 Louse","floor":7,"turns":2},{"damage":33,"enemies":"Gremlin Gang","floor":8,"turns":6},{"damage":23,"enemies":"Exordium Thugs","floor":11,"turns":6},{"damage":18,"enemies":"Exordium Wildlife","floor":12,"turns":5},{"damage":13,"enemies":"Large Slime","floor":13,"turns":4},{"damage":12,"enemies":"Lots of Slimes","floor":14,"turns":4},{"damage":62,"enemies":"Slime Boss","floor":16,"turns":5}],"seed_played":"-6307590483042097613","potions_obtained":[{"floor":7,"key":"FairyPotion"},{"floor":8,"key":"EssenceOfSteel"},{"floor":13,"key":"SteroidPotion"}],"is_trial":false,"path_per_floor":["M","?","$","?","?","M","M","M","T","R","M","M","M","M","R","B"],"character_chosen":"DEFECT","items_purchased":["Fruit Juice"],"campfire_rested":2,"item_purchase_floors":[3],"current_hp_per_floor":[66,66,71,64,64,64,64,31,31,57,34,16,3,21,47,0,0],"gold":181,"neow_bonus":"TEN_PERCENT_HP_BONUS","is_daily":false,"chose_seed":false,"campfire_upgraded":0,"win_rate":0.0,"timestamp":1612932861,"path_taken":["M","?","$","?","?","M","?","M","T","R","?","M","M","M","R","BOSS"],"items_purchased_type":["Potion"],"build_version":"2020-12-22","purchased_purges":0,"victory":false,"max_hp_per_floor":[82,82,87,87,87,87,87,87,87,87,87,87,87,87,87,87,87],"relic_stats":{"counters":[9,38],"obtain_stats":[{"Cracked Core":0},{"Cracked Core":0},{"Cracked Core":0}]},"card_choices":[{"not_picked":["Redo","Stack"],"picked":"Turbo","floor":1},{"not_picked":["Compile Driver","Stack"],"picked":"Auto Shields","floor":6},{"not_picked":["Self Repair","Barrage"],"picked":"Leap","floor":7},{"not_picked":["Streamline","Cold Snap"],"picked":"Redo","floor":8},{"not_picked":["Coolheaded","Compile Driver"],"picked":"Ball Lightning","floor":11},{"not_picked":["Stack","Consume"],"picked":"Chaos","floor":12},{"not_picked":["Compile Driver","Melter"],"picked":"Reboot","floor":13},{"not_picked":["Static Discharge","Chill"],"picked":"Turbo","floor":14}],"player_experience":375481,"relics_obtained":[],"event_choices":[{"damage_healed":0,"gold_gain":0,"player_choice":"Grow","damage_taken":0,"max_hp_gain":0,"max_hp_loss":0,"event_name":"Living Wall","floor":2,"gold_loss":0,"cards_upgraded":["Turbo"]},{"cards_removed":["Strike_B"],"damage_healed":0,"gold_gain":0,"player_choice":"Card Removal","damage_taken":7,"max_hp_gain":0,"max_hp_loss":0,"event_name":"Golden Wing","floor":4,"gold_loss":0},{"damage_healed":0,"gold_gain":0,"player_choice":"Ignored","damage_taken":0,"max_hp_gain":0,"max_hp_loss":0,"event_name":"WeMeetAgain","floor":5,"gold_loss":0}],"is_beta":false,"boss_relics":[],"items_purged_floors":[],"is_endless":false,"potions_floor_spawned":[7,8,13],"killed_by":"Slime Boss","ascension_level":0}}