{"host":"ds1yr10zonoc6w4a","time":1612992326,"event":{"mods":["AchievementEnabler","Act Like it!","Aspiration","BaseMod","Better Match","Better Third Choice","BetterRewards","Downfall","Energized Spire","Gensokyo","Infinite Spire","Minty Spire (QoL Compilation)","Pale of the Ancients","Relic Filter Mod","Reliquary","Replay The Spire","Spire Arcade","StSLib","The Animator","The Cursed"],"gold_per_floor":[115,142,142,162,193,193,7,7,7,7,7,0,23,40,40,240,240],"floor_reached":16,"language":"ENG","playtime":4724,"items_purged":[],"score":184,"play_id":"80d3cb95-cdf6-41bb-9269-2aa9cd9aa5c3","local_time":"20210210142526","is_ascension_mode":true,"campfire_choices":[{"data":"animator:ShidoItsuka","floor":6,"key":"SMITH"},{"data":"animator:Defend_DateALive","floor":8,"key":"SMITH"}],"circlet_count":0,"master_deck":["AscendersBane","animator:Strike_DateALive","animator:Defend_DateALive+1","animator:Strike","animator:Strike","animator:Strike","animator:Defend","animator:Defend","animator:Defend","animator:ShidoItsuka+1","animator:YamaiSisters+1","animator:Nanami","infinitespire:Fortify","animator:Azekura","animator:MukuroHoshimiya","Gensokyo:BlemishedSteel","animator:Ain","animator:Chung","animator:NiaHonjou"],"relics":["animator:LivingPicture","animator:TheMissingPiece","animator:PurgingStone","animator:PurpleTeddyBear","Gensokyo:Mercy","Gremlin Food"],"acts_visited":["Exordium"],"potions_floor_usage":[5,16,16],"damage_taken":[{"damage":1,"enemies":"Gensokyo:Gryphon","floor":1,"turns":6},{"damage":2,"enemies":"Gensokyo:Python","floor":2,"turns":6},{"damage":0,"enemies":"Gensokyo:3_Fairies","floor":4,"turns":4},{"damage":0,"enemies":"Gensokyo:2_Rabbits","floor":5,"turns":4},{"damage":11,"enemies":"Gensokyo:LivingMonolith","floor":13,"turns":9},{"damage":7,"enemies":"Gensokyo:3_Kodama","floor":14,"turns":8},{"damage":10,"enemies":"Gensokyo:Reimu","floor":16,"turns":8}],"seed_played":"-3254401223619759985","potions_obtained":[{"floor":4,"key":"Languid Potion"},{"floor":15,"key":"Milkshake"},{"floor":15,"key":"SpeedPotion"}],"is_trial":false,"path_per_floor":["M","M","?","M","M","R","COS","R","T","?","?","?","M","M","R","B"],"character_chosen":"THE_ANIMATOR","items_purchased":[],"campfire_rested":0,"item_purchase_floors":[],"current_hp_per_floor":[38,36,21,22,22,22,22,22,22,22,22,25,15,9,9,0,0],"gold":240,"neow_bonus":"ONE_RARE_RELIC","is_daily":false,"chose_seed":true,"campfire_upgraded":2,"win_rate":0.0,"timestamp":1612992326,"path_taken":["M","M","?","M","M","R","COS","R","T","?","?","?","?","M","R","BOSS"],"items_purchased_type":[],"build_version":"2020-12-22","purchased_purges":0,"victory":false,"max_hp_per_floor":[60,60,60,61,61,61,61,61,61,61,61,61,62,63,63,63,63],"card_choices":[{"not_picked":["animator:RoyMustang","animator:NiaHonjou"],"picked":"animator:SuikaIbuki","floor":1},{"not_picked":["animator:Pride","animator:Chung"],"picked":"animator:Nanami","floor":2},{"not_picked":["ReplayTheSpireMod:Echoes of Time","infinitespire:NeuralNetwork"],"picked":"infinitespire:Fortify","floor":3},{"not_picked":["animator:Konayuki","animator:Emonzaemon"],"picked":"animator:Azekura","floor":4},{"not_picked":["animator:YoshinoHimekawa","animator:ReineMurasame"],"picked":"animator:MukuroHoshimiya","floor":5},{"not_picked":["animator:Add+1","animator:Hitei+1"],"picked":"animator:Ain","floor":13},{"not_picked":["animator:SayakaMiki","animator:NarberalGamma"],"picked":"animator:Chung","floor":13},{"not_picked":["animator:KomachiOnozuka","animator:Demiurge"],"picked":"animator:NiaHonjou","floor":14}],"player_experience":973149,"relics_obtained":[],"event_choices":[],"is_beta":false,"boss_relics":[],"items_purged_floors":[],"is_endless":false,"potions_floor_spawned":[4],"killed_by":"Gensokyo:Reimu","ascension_level":20}}