{"host":"q8mjpf3krl0t4p3x","time":1612927347,"event":{"mods":["BaseMod","Colored Map","Colored Powertips","Googly Eyes","Minty Spire (QoL Compilation)","Quick Restart","StSLib","everything is the same but u backflip on backflip","slay the spire mod where everything is the same but ironclad has a cowboy hat"],"gold_per_floor":[118,83,83,99,123,123,148,148,148,148,169,189,160,203,203,293,293,293,293],"floor_reached":18,"language":"ENG","playtime":404,"items_purged":[],"score":272,"play_id":"bb7f5493-9292-4d4c-b33b-2fcad1ef24dc","local_time":"20210209192227","is_ascension_mode":true,"campfire_choices":[{"data":"Pommel Strike","floor":6.0,"key":"SMITH"},{"data":"Bash","floor":8.0,"key":"SMITH"},{"floor":15.0,"key":"REST"}],"circlet_count":0,"master_deck":["AscendersBane","Strike_R","Strike_R","Strike_R","Strike_R","Strike_R","Defend_R+1","Defend_R","Defend_R+1","Defend_R","Bash+1","Thunderclap","Shrug It Off","Pommel Strike+1","Reckless Charge","Anger","Demon Form"],"relics":["Burning Blood","Golden Idol","Tiny Chest","Shuriken","Happy Flower","War Paint","SlaversCollar"],"acts_visited":["Exordium","TheCity"],"potions_floor_usage":[16,16],"damage_taken":[{"damage":13.0,"enemies":"Jaw Worm","floor":1.0,"turns":5.0},{"damage":15.0,"enemies":"Small Slimes","floor":4.0,"turns":3.0},{"damage":6.0,"enemies":"Cultist","floor":5.0,"turns":4.0},{"damage":9.0,"enemies":"Looter","floor":11.0,"turns":3.0},{"damage":8.0,"enemies":"Blue Slaver","floor":12.0,"turns":3.0},{"damage":32.0,"enemies":"Gremlin Nob","floor":14.0,"turns":4.0},{"damage":18,"enemies":"Slime Boss","floor":16,"turns":10},{"damage":30,"enemies":"3 Byrds","floor":18,"turns":3}],"seed_played":"-7093094896938311262","potions_obtained":[{"floor":4.0,"key":"DuplicationPotion"},{"floor":5.0,"key":"Dexterity Potion"},{"floor":12.0,"key":"SneckoOil"}],"is_trial":false,"path_per_floor":["M","?","?","M","M","R","T","R","T","?","M","M","?","E","R","B",null,"M"],"character_chosen":"IRONCLAD","items_purchased":[],"campfire_rested":1,"item_purchase_floors":[],"current_hp_per_floor":[68,82,76,67,67,67,67,67,67,67,64,62,62,36,58,46,69,39,39],"gold":293,"neow_bonus":"TEN_PERCENT_HP_BONUS","is_daily":false,"chose_seed":false,"campfire_upgraded":2,"win_rate":0.0,"timestamp":1612927347,"path_taken":["M","?","?","M","M","R","?","R","T","?","M","?","?","E","R","BOSS","M"],"items_purchased_type":[],"build_version":"2020-12-22","purchased_purges":0,"victory":false,"max_hp_per_floor":[82,82,76,76,76,76,76,76,76,76,76,76,76,76,76,76,76,76,76],"card_choices":[{"not_picked":["Clash","Pummel"],"picked":"Thunderclap","floor":1.0},{"not_picked":["Rupture","Burning Pact"],"picked":"Shrug It Off","floor":4.0},{"not_picked":["Flame Barrier","Combust"],"picked":"Pommel Strike","floor":5.0},{"not_picked":["Feel No Pain","Seeing Red"],"picked":"Reckless Charge","floor":11.0},{"not_picked":["Pommel Strike","Thunderclap","Shrug It Off"],"picked":"SKIP","floor":12.0},{"not_picked":["Rage","Cleave"],"picked":"Anger","floor":14.0},{"not_picked":["Exhume","Offering"],"picked":"Demon Form","floor":16}],"player_experience":346885,"relics_obtained":[{"floor":7.0,"key":"Tiny Chest"},{"floor":9.0,"key":"Shuriken"},{"floor":14.0,"key":"War Paint"}],"event_choices":[{"damage_healed":20.0,"max_hp_gain":0.0,"max_hp_loss":0.0,"gold_gain":0.0,"event_name":"The Cleric","player_choice":"Healed","floor":2.0,"gold_loss":35.0,"damage_taken":0.0},{"damage_healed":0.0,"max_hp_gain":0.0,"max_hp_loss":6.0,"gold_gain":0.0,"event_name":"Golden Idol","player_choice":"Lose Max HP","floor":3.0,"gold_loss":0.0,"damage_taken":0.0,"relics_obtained":["Golden Idol"]},{"damage_healed":0.0,"max_hp_gain":0.0,"max_hp_loss":0.0,"gold_gain":0.0,"event_name":"WeMeetAgain","player_choice":"Gave Potion","floor":10.0,"gold_loss":0.0,"damage_taken":0.0,"relics_obtained":["Happy Flower"]},{"damage_healed":0.0,"max_hp_gain":0.0,"max_hp_loss":0.0,"gold_gain":0.0,"event_name":"World of Goop","player_choice":"Left Gold","floor":13.0,"gold_loss":29.0,"damage_taken":0.0}],"is_beta":false,"boss_relics":[{"not_picked":["Cursed Key","Runic Cube"],"picked":"SlaversCollar"}],"items_purged_floors":[],"is_endless":false,"potions_floor_spawned":[4,5,12,14],"killed_by":"3 Byrds","ascension_level":14}}