{"host":"qy1e0kd24tpj3i2m","time":1612990943,"event":{"mods":["Act Like it!","BaseMod","Better Skull","Better Vampires","Colored Map","Colored Powertips","Custom Start","Faster Ascension Climbing","Friendly Minions","GifTheSpireLib","Gremlin Skip","Highlight Path","Minty Spire (QoL Compilation)","Permanent Neow","Poor People Problems","Quick Restart","Red Circlet Mod","Relic Filter Mod","Relic Sorter","Reorder Act Four","SacredBarkPlus","Shop Mod","StSLib","SuperFastMode","Transform Curses","没有小屋子和绿帽子啦"],"gold_per_floor":[115,390,403,6,24,55,72,97,97,129,141,192,32,32,32,115,-385,26,26,76,26,51,51,40,69,69,91,126,171,171,192,192,276,276,302,323,350,350,350,387,411,455,455,455,489,516,516,94,94,94,94,94,3,3,30,30,30],"floor_reached":56,"language":"ZHS","playtime":3381,"items_purged":["Regret","Bash","Defend_R"],"score":2023,"play_id":"136a2490-1bb8-4666-a6f4-0049971692d3","local_time":"20210211060223","is_ascension_mode":true,"campfire_choices":[{"data":"Apotheosis","floor":11.0,"key":"SMITH"},{"floor":15.0,"key":"REST"},{"floor":23.0,"key":"RECALL"},{"data":"Evolve","floor":32.0,"key":"SMITH"},{"floor":44.0,"key":"REST"},{"floor":47.0,"key":"REST"},{"floor":49.0,"key":"REST"},{"floor":54.0,"key":"REST"}],"circlet_count":0,"master_deck":["AscendersBane","Defend_R+1","Defend_R+1","Metallicize","Flame Barrier","Apotheosis+1","True Grit","Body Slam","Carnage","Uppercut","Rage","Barricade","True Grit","Iron Wave","Evolve+1","Shrug It Off","True Grit+1","Bite","Bite","Bite","Bite","Bite","Fire Breathing","Feed","Shrug It Off+1","Flame Barrier+1","Violence+1","Bandage Up+1","Mind Blast","Body Slam+1","Dark Embrace","Feel No Pain","Carnage+1","Disarm+1","Madness+1","Uppercut+1","Iron Wave+1","Ghostly Armor+1","Power Through"],"relics":["Black Star","Membership Card","Bag of Marbles","PreservedInsect","Sundial","Red Skull","FossilizedHelix","Nunchaku","MerchantsRug","Orichalcum","Tiny House","Question Card","Art of War","Du-Vu Doll","Fusion Hammer","Bottled Flame","Anchor","Calipers","Blood Vial","HandDrill","HornCleat","Boot","Happy Flower","StrikeDummy"],"acts_visited":["Exordium","TheCity","TheBeyond","TheEnding"],"potions_floor_usage":[],"damage_taken":[{"damage":4.0,"enemies":"Small Slimes","floor":1.0,"turns":3.0},{"damage":8.0,"enemies":"Cultist","floor":3.0,"turns":4.0},{"damage":0.0,"enemies":"Jaw Worm","floor":5.0,"turns":5.0},{"damage":9.0,"enemies":"3 Sentries","floor":6.0,"turns":15.0},{"damage":8.0,"enemies":"Large Slime","floor":7.0,"turns":6.0},{"damage":5.0,"enemies":"Lagavulin","floor":8.0,"turns":5.0},{"damage":0.0,"enemies":"Gremlin Nob","floor":10.0,"turns":2.0},{"damage":4.0,"enemies":"Lagavulin","floor":12.0,"turns":5.0},{"damage":4.0,"enemies":"Slime Boss","floor":16.0,"turns":11.0},{"damage":2.0,"enemies":"2 Thieves","floor":18.0,"turns":4.0},{"damage":6.0,"enemies":"3 Byrds","floor":22.0,"turns":5.0},{"damage":13.0,"enemies":"Sentry and Sphere","floor":25.0,"turns":5.0},{"damage":0.0,"enemies":"Chosen and Byrds","floor":27.0,"turns":4.0},{"damage":26.0,"enemies":"Book of Stabbing","floor":28.0,"turns":5.0},{"damage":9.0,"enemies":"Centurion and Healer","floor":31.0,"turns":11.0},{"damage":34.0,"enemies":"Automaton","floor":33.0,"turns":12.0},{"damage":0.0,"enemies":"3 Shapes","floor":35.0,"turns":7.0},{"damage":16.0,"enemies":"Orb Walker","floor":36.0,"turns":6.0},{"damage":7.0,"enemies":"Giant Head","floor":40.0,"turns":8.0},{"damage":2.0,"enemies":"4 Shapes","floor":41.0,"turns":9.0},{"damage":9.0,"enemies":"Nemesis","floor":42.0,"turns":9.0},{"damage":0.0,"enemies":"Mind Bloom Boss Battle","floor":45.0,"turns":6.0},{"damage":60.0,"enemies":"Time Eater","floor":50.0,"turns":13.0},{"damage":36.0,"enemies":"Awakened One","floor":51.0,"turns":22.0},{"damage":70.0,"enemies":"Shield and Spear","floor":55.0,"turns":5.0},{"damage":103,"enemies":"The Heart","floor":56,"turns":9}],"seed_played":"-1573979260937268478","potions_obtained":[{"floor":1.0,"key":"DuplicationPotion"},{"floor":6.0,"key":"Block Potion"},{"floor":18.0,"key":"PowerPotion"},{"floor":28.0,"key":"SmokeBomb"},{"floor":30.0,"key":"CultistPotion"},{"floor":30.0,"key":"ElixirPotion"},{"floor":33.0,"key":"Explosive Potion"},{"floor":35.0,"key":"Swift Potion"},{"floor":55.0,"key":"FairyPotion"}],"is_trial":false,"path_per_floor":["M","?","M","$","M","E","M","E","T","E","R","E","$","?","R","B",null,"M","?","?","$","M","R","$","M","T","M","E","?","?","M","R","B",null,"M","M","?","?","?","E","M","E","T","R","?","T","R","$","R","B","B",null,"$","R","E","B"],"character_chosen":"IRONCLAD","items_purchased":["Membership Card","Bag of Marbles","Apotheosis","MerchantsRug","Orichalcum","Omamori","Evolve","HandDrill","Regal Pillow","Pear","SteroidPotion","Disarm+1","BloodPotion","Madness+1","Energy Potion","HornCleat","Boot","Uppercut+1","Iron Wave+1","Ghostly Armor+1"],"campfire_rested":5,"item_purchase_floors":[4,4,4,13,13,13,24,48,48,48,48,48,48,53,53,53,53,53,53,53],"current_hp_per_floor":[64,64,56,56,56,54,46,41,41,41,41,37,37,37,61,57,76,74,74,74,74,68,68,68,55,55,55,29,29,29,57,57,50,55,60,44,34,34,34,60,58,60,60,60,60,60,60,70,70,33,70,70,70,70,30,0,0],"gold":30,"neow_bonus":"BOSS_RELIC","is_daily":false,"chose_seed":false,"campfire_upgraded":2,"win_rate":0.0,"timestamp":1612990943,"path_taken":["M","?","M","$","M","E","M","E","T","E","R","E","?","?","R","BOSS","M","?","?","$","M","R","$","M","T","M","E","?","?","M","R","BOSS","M","?","?","?","?","E","?","E","T","R","?","?","R","$","R","BOSS","BOSS","$","R","E","BOSS"],"items_purchased_type":["Relic","Relic","Card","Relic","Relic","Relic","Card","Relic","Relic","Relic","Potion","Card","Potion","Card","Potion","Relic","Relic","Card","Card","Card"],"build_version":"2020-12-22","purchased_purges":3,"victory":false,"max_hp_per_floor":[75,75,75,75,75,82,82,82,82,82,82,82,82,82,82,82,82,82,82,82,82,82,82,82,82,82,82,82,57,57,57,57,57,57,60,60,60,60,60,60,60,60,60,60,60,60,60,70,70,70,70,70,70,70,74,74,74],"card_choices":[{"not_picked":["Sever Soul","Sword Boomerang"],"picked":"Metallicize","floor":1.0},{"not_picked":["Clothesline","Heavy Blade"],"picked":"Flame Barrier","floor":3.0},{"not_picked":["Hemokinesis","Flex"],"picked":"True Grit","floor":5.0},{"not_picked":["Headbutt","Shrug It Off"],"picked":"Body Slam","floor":6.0},{"not_picked":["Metallicize","Clothesline"],"picked":"Carnage","floor":7.0},{"not_picked":["Dropkick","Thunderclap"],"picked":"Uppercut","floor":8.0},{"not_picked":["Immolate","Sword Boomerang","Thunderclap"],"picked":"SKIP","floor":10.0},{"not_picked":["Power Through","Flex"],"picked":"Rage","floor":12.0},{"not_picked":["Juggernaut","Exhume"],"picked":"Barricade","floor":16.0},{"not_picked":["Perfected Strike","Twin Strike"],"picked":"True Grit","floor":18.0},{"not_picked":["Sever Soul","Havoc","Thunderclap"],"picked":"Iron Wave","floor":22.0},{"not_picked":["Cleave","Clothesline","Uppercut+1"],"picked":"Shrug It Off","floor":25.0},{"not_picked":["Headbutt","Rampage","Wild Strike"],"picked":"True Grit+1","floor":27.0},{"not_picked":["Headbutt","Evolve","Twin Strike","Dual Wield+1"],"picked":"SKIP","floor":28.0},{"not_picked":["Flex+1","Second Wind+1","Dual Wield+1"],"picked":"Fire Breathing","floor":31.0},{"not_picked":["Reaper","Corruption","Brutality"],"picked":"Feed","floor":33.0},{"not_picked":["Havoc+1","Hemokinesis","Fire Breathing"],"picked":"Shrug It Off+1","floor":35.0},{"not_picked":["Sword Boomerang","Fire Breathing+1","Body Slam+1"],"picked":"Flame Barrier+1","floor":36.0},{"not_picked":["Secret Weapon+1","Mind Blast","Purity+1"],"picked":"Violence+1","floor":37.0},{"not_picked":["Trip+1","Forethought+1","Swift Strike"],"picked":"Bandage Up+1","floor":37.0},{"not_picked":["HandOfGreed","Swift Strike","Discovery+1"],"picked":"Mind Blast","floor":37.0},{"not_picked":["Thunderclap+1","Havoc+1","Anger+1"],"picked":"Body Slam+1","floor":40.0},{"not_picked":["Armaments+1","Clothesline+1","Cleave+1"],"picked":"Dark Embrace","floor":41.0},{"not_picked":["Metallicize","Thunderclap+1","Dual Wield+1"],"picked":"Feel No Pain","floor":42.0},{"not_picked":["Sever Soul+1","Double Tap+1","Thunderclap+1"],"picked":"Carnage+1","floor":45.0},{"not_picked":["Warcry","Wild Strike","Second Wind+1"],"picked":"Power Through","floor":55.0}],"player_experience":1018370,"relics_obtained":[{"floor":6.0,"key":"Strawberry"},{"floor":6.0,"key":"PreservedInsect"},{"floor":8.0,"key":"Sundial"},{"floor":8.0,"key":"Red Skull"},{"floor":10.0,"key":"CeramicFish"},{"floor":10.0,"key":"MawBank"},{"floor":12.0,"key":"FossilizedHelix"},{"floor":12.0,"key":"Nunchaku"},{"floor":26.0,"key":"Toxic Egg 2"},{"floor":28.0,"key":"Art of War"},{"floor":28.0,"key":"Du-Vu Doll"},{"floor":40.0,"key":"Molten Egg 2"},{"floor":40.0,"key":"Bottled Flame"},{"floor":42.0,"key":"Juzu Bracelet"},{"floor":42.0,"key":"War Paint"},{"floor":43.0,"key":"Anchor"},{"floor":45.0,"key":"Calipers"},{"floor":46.0,"key":"Blood Vial"},{"floor":55.0,"key":"Happy Flower"},{"floor":55.0,"key":"StrikeDummy"}],"event_choices":[{"damage_healed":0.0,"max_hp_gain":0.0,"max_hp_loss":0.0,"gold_gain":275.0,"event_name":"Golden Shrine","player_choice":"Desecrate","floor":2.0,"gold_loss":0.0,"damage_taken":0.0,"cards_obtained":["Regret"]},{"damage_healed":0.0,"max_hp_gain":0.0,"max_hp_loss":0.0,"gold_gain":0.0,"event_name":"Shining Light","player_choice":"Ignored","floor":14.0,"gold_loss":0.0,"damage_taken":0.0},{"damage_healed":0.0,"max_hp_gain":0.0,"max_hp_loss":0.0,"gold_gain":0.0,"event_name":"Addict","player_choice":"Stole Relic","floor":19.0,"gold_loss":0.0,"damage_taken":0.0,"relics_obtained":["Question Card"],"cards_obtained":["Shame"]},{"damage_healed":0.0,"max_hp_gain":0.0,"max_hp_loss":0.0,"gold_gain":50.0,"event_name":"Nest","player_choice":"Stole From Cult","floor":20.0,"gold_loss":0.0,"damage_taken":0.0},{"damage_healed":0.0,"max_hp_gain":0.0,"max_hp_loss":25.0,"gold_gain":0.0,"event_name":"Vampires","player_choice":"Became a vampire","floor":29.0,"gold_loss":0.0,"damage_taken":0.0,"cards_obtained":["Bite","Bite","Bite","Bite","Bite"]},{"damage_healed":0.0,"max_hp_gain":0.0,"max_hp_loss":0.0,"gold_gain":0.0,"event_name":"Lab","player_choice":"Got Potions","floor":30.0,"gold_loss":0.0,"damage_taken":0.0},{"damage_healed":0.0,"max_hp_gain":0.0,"max_hp_loss":0.0,"gold_gain":0.0,"event_name":"SensoryStone","player_choice":"Memory 3","floor":37.0,"gold_loss":0.0,"damage_taken":10.0},{"damage_healed":0.0,"max_hp_gain":0.0,"max_hp_loss":0.0,"gold_gain":0.0,"event_name":"Tomb of Lord Red Mask","player_choice":"Ignored","floor":38.0,"gold_loss":0.0,"damage_taken":0.0},{"cards_removed":["Defend_R"],"damage_healed":0.0,"max_hp_gain":0.0,"max_hp_loss":0.0,"gold_gain":0.0,"event_name":"Purifier","player_choice":"Purged","floor":39.0,"gold_loss":0.0,"damage_taken":0.0},{"damage_healed":0.0,"max_hp_gain":0.0,"max_hp_loss":0.0,"gold_gain":0.0,"event_name":"MindBloom","player_choice":"Fight","floor":45.0,"gold_loss":0.0,"damage_taken":0.0}],"is_beta":false,"boss_relics":[{"not_picked":["Snecko Eye","Astrolabe"],"picked":"Tiny House"},{"not_picked":["Velvet Choker","Coffee Dripper"],"picked":"Fusion Hammer"}],"items_purged_floors":[4,21,48],"is_endless":false,"potions_floor_spawned":[1,6,18,28,33,35,55],"killed_by":"The Heart","ascension_level":20}}