{"host":"3havyd6meeill73w","time":1612919264,"event":{"mods":["BaseMod","Marisa????????","Minty Spire (QoL Compilation)","StSLib"],"gold_per_floor":[116,116,116,136,152,181,201,201,201,201,201,201,213,138,138,237,237,248,24,43,43,55,84,84,84,84,99,99,114,130,146,146,146,146],"floor_reached":33,"language":"ENG","playtime":1365,"items_purged":["Strike_MRS"],"score":309,"play_id":"e17862cd-ef83-4af8-a4be-2e890bd76b27","local_time":"20210209190744","is_ascension_mode":true,"campfire_choices":[{"floor":8.0,"key":"REST"},{"floor":12.0,"key":"REST"},{"data":"UpSweep","floor":15.0,"key":"SMITH"},{"floor":28,"key":"REST"},{"floor":32,"key":"REST"}],"circlet_count":0,"master_deck":["Strike_MRS+1","Defend_MRS","Defend_MRS","Defend_MRS","MasterSpark","UpSweep+1","Dramatic Entrance","UnstableBomb+1","MysteriousBeam","MillisecondPulsars","PowerUp","MasterSpark","AsteroidBelt","OortCloud","OortCloud","GrandCross+1","DC+1","GrandCross","OortCloud","AsteroidBelt"],"relics":["MiniHakkero","Question Card","AmplifyWand","Sundial","Empty Cage","DollysMirror","Oddly Smooth Stone","Letter Opener"],"acts_visited":["Exordium","TheCity"],"potions_floor_usage":[23,27,27,27],"damage_taken":[{"damage":0.0,"enemies":"2 Louse","floor":1.0,"turns":2.0},{"damage":6.0,"enemies":"Jaw Worm","floor":4.0,"turns":2.0},{"damage":8.0,"enemies":"Small Slimes","floor":5.0,"turns":2.0},{"damage":26.0,"enemies":"Lagavulin","floor":6.0,"turns":4.0},{"damage":4.0,"enemies":"2 Fungi Beasts","floor":7.0,"turns":2.0},{"damage":0.0,"enemies":"Lots of Slimes","floor":13.0,"turns":2.0},{"damage":22.0,"enemies":"Hexaghost","floor":16.0,"turns":8.0},{"damage":16.0,"enemies":"2 Thieves","floor":18.0,"turns":3.0},{"damage":2.0,"enemies":"Shell Parasite","floor":20.0,"turns":5.0},{"damage":9.0,"enemies":"Snake Plant","floor":22.0,"turns":6.0},{"damage":29,"enemies":"Slavers","floor":23,"turns":5},{"damage":8,"enemies":"Shelled Parasite and Fungi","floor":27,"turns":2},{"damage":6,"enemies":"Centurion and Healer","floor":29,"turns":4},{"damage":8,"enemies":"Chosen and Byrds","floor":30,"turns":5},{"damage":0,"enemies":"Snecko","floor":31,"turns":6},{"damage":32,"enemies":"Champ","floor":33,"turns":14}],"seed_played":"-8777578253741568229","potions_obtained":[{"floor":1.0,"key":"SkillPotion"},{"floor":6.0,"key":"AttackPotion"},{"floor":7.0,"key":"Regen Potion"},{"floor":16.0,"key":"StarNLove"},{"floor":23,"key":"SteroidPotion"},{"floor":31,"key":"Energy Potion"}],"is_trial":false,"path_per_floor":["M","?","?","M","M","E","M","R","T","?","?","R","M","$","R","B",null,"M","$","M","?","M","E","$","?","T","M","R","M","M","M","R","B"],"character_chosen":"MARISA","items_purchased":["OortCloud","DollysMirror"],"campfire_rested":4,"item_purchase_floors":[19,19],"current_hp_per_floor":[75,60,60,54,46,20,16,38,38,20,20,42,42,42,42,35,75,59,59,57,48,39,10,10,10,10,2,24,18,10,10,32,0,0],"gold":146,"neow_bonus":"RANDOM_COLORLESS","is_daily":false,"chose_seed":false,"campfire_upgraded":1,"win_rate":0.0,"timestamp":1612919264,"path_taken":["M","?","?","M","M","E","M","R","T","?","?","R","?","$","R","BOSS","M","$","M","?","M","E","$","?","T","M","R","M","M","M","R","BOSS"],"items_purchased_type":["Card","Relic"],"build_version":"2020-12-22","purchased_purges":1,"victory":false,"max_hp_per_floor":[75,75,75,75,75,75,75,75,75,75,75,75,75,75,75,75,75,75,75,75,75,75,75,75,75,75,75,75,75,75,75,75,75,75],"card_choices":[{"not_picked":["Madness","Swift Strike"],"picked":"Dramatic Entrance","floor":0.0},{"not_picked":["MilkyWay","OneTimeOff"],"picked":"UnstableBomb","floor":1.0},{"not_picked":["Acceleration","DC"],"picked":"MysteriousBeam","floor":4.0},{"not_picked":["NonDirectionalLaser","WitchOfGreed"],"picked":"MillisecondPulsars","floor":5.0},{"not_picked":["WitchLeyline","DC","GalacticHalo"],"picked":"SKIP","floor":6.0},{"not_picked":["GasGiant","DoubleSpark","WitchOfGreed"],"picked":"PowerUp","floor":7.0},{"not_picked":["GasGiant","BlazeAway","GravityBeat","GalacticHalo"],"picked":"SKIP","floor":13.0},{"not_picked":["6A+1","UnstableBomb","SporeBomb"],"picked":"AsteroidBelt","floor":18.0},{"not_picked":["StarBarrage","GravityBeat","ChargeUpSpray+1"],"picked":"GrandCross+1","floor":20.0},{"not_picked":["LuminesStrike+1","GravityBeat","BlazeAway"],"picked":"DC+1","floor":22},{"not_picked":["BlazingStar","MilkyWay+1","BinaryStars"],"picked":"GrandCross","floor":23},{"not_picked":["UnstableBomb","ShootingEcho","DragonMeteor"],"picked":"OortCloud","floor":27},{"not_picked":["WitchLeyline","MagicAbsorber","UnstableBomb","PropBag"],"picked":"SKIP","floor":29},{"not_picked":["DC","EnergyRecoil+1","ManaRampage"],"picked":"AsteroidBelt","floor":30},{"not_picked":["ManaConvection","WitchLeyline","SporeBomb","Acceleration"],"picked":"SKIP","floor":31}],"player_experience":9181,"relics_obtained":[{"floor":6.0,"key":"Question Card"},{"floor":9.0,"key":"AmplifyWand"},{"floor":23,"key":"Oddly Smooth Stone"},{"floor":26,"key":"Letter Opener"}],"event_choices":[{"damage_healed":0.0,"max_hp_gain":0.0,"max_hp_loss":0.0,"gold_gain":0.0,"event_name":"Shining Light","player_choice":"Entered Light","floor":2.0,"gold_loss":0.0,"damage_taken":15.0,"cards_upgraded":["UnstableBomb","Strike_MRS"]},{"damage_healed":0.0,"max_hp_gain":0.0,"max_hp_loss":0.0,"gold_gain":0.0,"event_name":"Golden Idol","player_choice":"Ignored","floor":3.0,"gold_loss":0.0,"damage_taken":0.0},{"damage_healed":0.0,"max_hp_gain":0.0,"max_hp_loss":0.0,"gold_gain":0.0,"event_name":"Scrap Ooze","player_choice":"Success","floor":10.0,"gold_loss":0.0,"damage_taken":18.0,"relics_obtained":["Sundial"]},{"damage_healed":0.0,"max_hp_gain":0.0,"max_hp_loss":0.0,"gold_gain":0.0,"event_name":"Match and Keep!","player_choice":"1 cards matched","floor":11.0,"gold_loss":0.0,"damage_taken":0.0,"cards_obtained":["MasterSpark"]},{"damage_healed":0.0,"max_hp_gain":0.0,"max_hp_loss":0.0,"gold_gain":0.0,"event_name":"Cursed Tome","player_choice":"Stopped","floor":21.0,"gold_loss":0.0,"damage_taken":9.0},{"cards_removed":["Strike_MRS"],"damage_healed":0,"gold_gain":0,"player_choice":"Elegance","damage_taken":0,"max_hp_gain":0,"max_hp_loss":0,"event_name":"Back to Basics","floor":25,"gold_loss":0}],"is_beta":false,"boss_relics":[{"not_picked":["Philosopher\u0027s Stone","Calling Bell"],"picked":"Empty Cage"}],"items_purged_floors":[14],"is_endless":false,"potions_floor_spawned":[1,6,7,16,18,20,23,31],"killed_by":"Champ","ascension_level":1}}