{"host":"609l7sx3bs4zmbf1","time":1612925016,"event":{"mods":["AchievementEnabler","Aspiration","BaseMod","Bestiary","Better Altar","Better Match","Better Note","Better Sensory Stone","Better Skull","Better Third Choice","BetterRewards","Conspire","GifTheSpireLib","Hero for Fun","Hubris","Minty Spire (QoL Compilation)","Rare Cards Sparkle","Spicy Shops","StSLib","Stuff the Spire","The Blue Laboratory","Uncapped","Waifu the Spire"],"gold_per_floor":[115,127,147,147,147,179,194,194,194,194,159,175,175,249,249,346,346,362,362,374,374,8,8,8,8,31,63,113,128,148,177,177,177,177],"floor_reached":33,"language":"ENG","playtime":1994,"items_purged":[],"score":381,"play_id":"750aeecb-1257-4d90-ad9c-be098c8fa693","local_time":"20210209204336","is_ascension_mode":true,"campfire_choices":[{"floor":8.0,"key":"REST"},{"floor":10.0,"key":"RECALL"},{"data":"Zap","floor":13.0,"key":"SMITH"},{"data":"Static Discharge","floor":15.0,"key":"SMITH"},{"data":"StuffTheSpire:LoadUp","floor":23.0,"key":"SMITH"},{"data":"Coolheaded","floor":25.0,"key":"SMITH"},{"floor":32.0,"key":"REST"}],"circlet_count":0,"master_deck":["Strike_B","Strike_B","Strike_B","Strike_B","Defend_B","Defend_B","Defend_B","Defend_B","Zap+1","Dualcast","Leap","Turbo","Mind Blast+1","Panache","Stack","Capacitor","Coolheaded+1","hubris:SpecializedCircuitry","Static Discharge+1","Go for the Eyes","Amplify","Ball Lightning+1","StuffTheSpire:LoadUp+1","Barrage","Static Discharge","Glacier+1","Sunder+1"],"relics":["Cracked Core","aspiration:HummingbirdHeart","Tiny Chest","hubris:Potato","hubris:PeanutButter","Singing Bowl","aspiration:Stellarator","MutagenicStrength","Juzu Bracelet","Medical Kit","conspire:TopHat","Letter Opener","Bronze Scales","Red Mask"],"acts_visited":["Exordium","TheCity"],"potions_floor_usage":[33],"damage_taken":[{"damage":0.0,"enemies":"Cultist","floor":1.0,"turns":3.0},{"damage":0.0,"enemies":"conspire:RoseBush","floor":2.0,"turns":2.0},{"damage":2.0,"enemies":"Small Slimes","floor":3.0,"turns":4.0},{"damage":8.0,"enemies":"3 Sentries","floor":6.0,"turns":9.0},{"damage":0.0,"enemies":"Blue Slaver","floor":7.0,"turns":3.0},{"damage":0.0,"enemies":"Red Slaver","floor":12.0,"turns":2.0},{"damage":16.0,"enemies":"Hexaghost","floor":16.0,"turns":9.0},{"damage":5.0,"enemies":"Chosen","floor":18.0,"turns":4.0},{"damage":16.0,"enemies":"conspire:FuzzyDice","floor":20.0,"turns":7.0},{"damage":32.0,"enemies":"conspire:SneckoGhost","floor":27.0,"turns":7.0},{"damage":9.0,"enemies":"3 Cultists","floor":29.0,"turns":4.0},{"damage":0.0,"enemies":"Centurion and Healer","floor":30.0,"turns":3.0},{"damage":0.0,"enemies":"Masked Bandits","floor":31.0,"turns":2.0},{"damage":29,"enemies":"Collector","floor":33,"turns":5}],"seed_played":"-5506830990958492488","potions_obtained":[{"floor":3.0,"key":"blueLaboratory:BottledHope"},{"floor":6.0,"key":"DuplicationPotion"},{"floor":12.0,"key":"Swift Potion"},{"floor":18.0,"key":"Regen Potion"},{"floor":27.0,"key":"DuplicationPotion"},{"floor":29.0,"key":"FearPotion"},{"floor":31.0,"key":"Strength Potion"}],"is_trial":false,"path_per_floor":["M","M","M","?","?","E","M","R","T","R","?","M","R","T","R","B",null,"M","?","M","?","$","R","$","R","T","E","T","M","M","?","R","B"],"character_chosen":"DEFECT","items_purchased":["aspiration:HummingbirdHeart","Tiny Chest","Energy Potion","Leap","Turbo","Mind Blast","Panache","Juzu Bracelet","Barrage","Medical Kit"],"campfire_rested":2,"item_purchase_floors":[0,0,0,0,0,0,0,22,22,22],"current_hp_per_floor":[27,27,25,25,25,17,17,39,39,39,57,57,57,57,57,41,75,70,70,54,54,54,54,54,54,54,37,37,30,30,30,53,24,24],"gold":177,"neow_bonus":"","is_daily":false,"chose_seed":false,"campfire_upgraded":4,"win_rate":0.0,"timestamp":1612925016,"path_taken":["M","M","M","?","?","E","M","R","T","R","?","M","R","?","R","BOSS","M","?","M","?","$","R","?","R","T","E","?","M","M","?","R","BOSS"],"items_purchased_type":["Relic","Relic","Potion","Card","Card","Card","Card","Relic","Card","Relic"],"build_version":"2020-12-22","purchased_purges":0,"victory":false,"max_hp_per_floor":[75,75,75,75,75,75,75,75,75,75,75,75,75,75,75,75,75,75,75,75,75,75,75,75,75,75,75,75,77,77,77,77,77,77],"card_choices":[{"not_picked":["Reinforced Body","Glacier"],"picked":"Stack","floor":1.0},{"not_picked":["Redo","Compile Driver"],"picked":"Capacitor","floor":2.0},{"not_picked":["Barrage","Steam"],"picked":"Coolheaded","floor":3.0},{"not_picked":["Stack","Aggregate"],"picked":"hubris:SpecializedCircuitry","floor":6.0},{"not_picked":["Hologram","Redo"],"picked":"Static Discharge","floor":7.0},{"not_picked":["Turbo","Leap"],"picked":"Go for the Eyes","floor":12.0},{"not_picked":["Multi-Cast","Creative AI"],"picked":"Amplify","floor":16.0},{"not_picked":["Hologram","Reprogram"],"picked":"Ball Lightning+1","floor":18.0},{"not_picked":["Sweeping Beam","Gash+1"],"picked":"StuffTheSpire:LoadUp","floor":20.0},{"not_picked":["Heatsinks","Barrage"],"picked":"Static Discharge","floor":27.0},{"not_picked":["Hologram+1","Self Repair+1","Recycle"],"picked":"Singing Bowl","floor":29.0},{"not_picked":["Streamline","StuffTheSpire:NuclearReactor+1"],"picked":"Glacier+1","floor":30.0},{"not_picked":["Redo+1","Capacitor"],"picked":"Sunder+1","floor":31.0}],"player_experience":436560,"relics_obtained":[{"floor":6.0,"key":"hubris:PeanutButter"},{"floor":14.0,"key":"Singing Bowl"},{"floor":26.0,"key":"conspire:TopHat"},{"floor":27.0,"key":"Letter Opener"},{"floor":28.0,"key":"Bronze Scales"},{"floor":31.0,"key":"Red Mask"}],"event_choices":[{"damage_healed":0.0,"max_hp_gain":0.0,"max_hp_loss":0.0,"gold_gain":0.0,"event_name":"Living Wall","player_choice":"Grow","floor":4.0,"gold_loss":0.0,"damage_taken":0.0,"cards_upgraded":["Mind Blast"]},{"damage_healed":0.0,"max_hp_gain":0.0,"max_hp_loss":0.0,"gold_gain":0.0,"event_name":"betterThird:BetterScrap","player_choice":"LEAVE","floor":5.0,"gold_loss":0.0,"damage_taken":0.0,"cards_obtained":["Wraith Form v2"]},{"damage_healed":18.0,"max_hp_gain":0.0,"max_hp_loss":0.0,"gold_gain":0.0,"event_name":"The Cleric","player_choice":"Healed","floor":11.0,"gold_loss":35.0,"damage_taken":0.0},{"damage_healed":0.0,"max_hp_gain":0.0,"max_hp_loss":0.0,"gold_gain":0.0,"event_name":"Vampires","player_choice":"Ignored","floor":19.0,"gold_loss":0.0,"damage_taken":0.0},{"damage_healed":0.0,"max_hp_gain":0.0,"max_hp_loss":0.0,"gold_gain":0.0,"event_name":"Drug Dealer","player_choice":"Inject Mutagens","floor":21.0,"gold_loss":0.0,"damage_taken":0.0,"relics_obtained":["MutagenicStrength"]},{"damage_healed":0.0,"max_hp_gain":0.0,"max_hp_loss":0.0,"gold_gain":0.0,"event_name":"Masked Bandits","player_choice":"Fought Bandits","floor":31.0,"gold_loss":0.0,"damage_taken":0.0}],"is_beta":false,"boss_relics":[{"not_picked":["StuffTheSpire:ModemDavis","hubris:GrandSneckoEye"],"picked":"aspiration:Stellarator"}],"items_purged_floors":[],"is_endless":false,"potions_floor_spawned":[3,6,12,18,27,29,31],"killed_by":"Collector","ascension_level":1}}