{"host":"cjhtzh7tp54jdfyv","time":1612985557,"event":{"mods":["AchievementEnabler","BaseMod","Colored Map","Colored Powertips","Curses Come First","DeckTracker","Minty Spire (QoL Compilation)","RNG Fix","Relic Sorter","Relic Stats","StSLib","UnlockEverythingMod","ojb\u0027s Better Paths Mod","ojb\u0027s Info Mod"],"gold_per_floor":[109,126,141,141,151,185,197,235,247,270,316,339,351,382,394,485,497,523,555,24,49,61,88,104,137,137,137,154,154,182,195,195,274,274,285,285,298,346,346,377,377,407,432,463,478,494,494,220,220,220,220,220,220,2,27,27],"floor_reached":57,"language":"ENG","playtime":4254,"items_purged":["Strike_G","Strike_G","Strike_G"],"score":3523,"play_id":"cc239e25-e8f3-4d04-b8b6-dc2385799721","local_time":"20210210143237","is_ascension_mode":true,"campfire_choices":[{"data":"The Bomb","floor":7,"key":"SMITH"},{"floor":13,"key":"REST"},{"data":"Adrenaline","floor":15,"key":"SMITH"},{"data":"Tactician","floor":32,"key":"SMITH"},{"floor":41,"key":"RECALL"},{"data":"Wraith Form v2","floor":47,"key":"SMITH"},{"data":"Tactician","floor":49,"key":"SMITH"},{"data":"After Image","floor":53,"key":"SMITH"}],"circlet_count":0,"master_deck":["AscendersBane","Strike_G","Strike_G","Defend_G","Defend_G","Defend_G","Defend_G","Defend_G","Survivor","Neutralize","The Bomb+1","Dagger Throw","Blade Dance","Unload","Blade Dance","Calculated Gamble","Adrenaline+1","After Image+1","Tactician+1","Blade Dance","Blade Dance","Accuracy","Master of Strategy","Infinite Blades","Venomology","Concentrate","Accuracy","Writhe","Night Terror","Bullet Time+1","Terror","Bandage Up","Dark Shackles","PanicButton","Blade Dance","Wraith Form v2+1","Storm of Steel","Concentrate","Tactician+1","Infinite Blades","PiercingWail+1"],"relics":["Ring of the Snake","MawBank","Dead Branch","Question Card","Shuriken","Philosopher\u0027s Stone","Chemical X","Red Mask","StrikeDummy","HornCleat","Meat on the Bone","Centennial Puzzle","Ornamental Fan","HoveringKite","Ginger","Blue Candle","Mummified Hand","Blood Vial","Bronze Scales"],"acts_visited":["Exordium","TheCity","TheBeyond","TheEnding"],"potions_floor_usage":[2,6,10,11,18,28,30,31,33,35,37,38,38,42,50,50,50,51,56,56,56],"damage_taken":[{"damage":4,"enemies":"Jaw Worm","floor":1,"turns":3},{"damage":0,"enemies":"Cultist","floor":2,"turns":4},{"damage":0,"enemies":"2 Louse","floor":3,"turns":3},{"damage":4,"enemies":"Blue Slaver","floor":5,"turns":5},{"damage":32,"enemies":"Gremlin Nob","floor":6,"turns":4},{"damage":13,"enemies":"Lagavulin","floor":8,"turns":8},{"damage":0,"enemies":"3 Louse","floor":10,"turns":3},{"damage":2,"enemies":"3 Sentries","floor":11,"turns":3},{"damage":1,"enemies":"Looter","floor":12,"turns":3},{"damage":0,"enemies":"Red Slaver","floor":14,"turns":2},{"damage":0,"enemies":"Slime Boss","floor":16,"turns":6},{"damage":1,"enemies":"2 Thieves","floor":18,"turns":2},{"damage":4,"enemies":"Shell Parasite","floor":19,"turns":4},{"damage":0,"enemies":"Masked Bandits","floor":21,"turns":1},{"damage":0,"enemies":"Centurion and Healer","floor":22,"turns":2},{"damage":0,"enemies":"Gremlin Leader","floor":23,"turns":2},{"damage":0,"enemies":"Cultist and Chosen","floor":24,"turns":2},{"damage":2,"enemies":"Book of Stabbing","floor":25,"turns":5},{"damage":0,"enemies":"Chosen and Byrds","floor":28,"turns":2},{"damage":16,"enemies":"Gremlin Leader","floor":30,"turns":6},{"damage":0,"enemies":"Snecko","floor":31,"turns":3},{"damage":0,"enemies":"Automaton","floor":33,"turns":5},{"damage":0,"enemies":"3 Shapes","floor":35,"turns":3},{"damage":0,"enemies":"Orb Walker","floor":37,"turns":3},{"damage":0,"enemies":"2 Orb Walkers","floor":38,"turns":2},{"damage":0,"enemies":"Nemesis","floor":40,"turns":5},{"damage":37,"enemies":"Reptomancer","floor":42,"turns":4},{"damage":1,"enemies":"Giant Head","floor":44,"turns":3},{"damage":0,"enemies":"Spire Growth","floor":45,"turns":3},{"damage":0,"enemies":"Sphere and 2 Shapes","floor":46,"turns":3},{"damage":2,"enemies":"Donu and Deca","floor":50,"turns":3},{"damage":1,"enemies":"Time Eater","floor":51,"turns":6},{"damage":1,"enemies":"Shield and Spear","floor":55,"turns":3},{"damage":4,"enemies":"The Heart","floor":56,"turns":5}],"seed_played":"8573587556364916757","potions_obtained":[{"floor":1,"key":"Regen Potion"},{"floor":4,"key":"Energy Potion"},{"floor":4,"key":"DuplicationPotion"},{"floor":5,"key":"FearPotion"},{"floor":8,"key":"Fire Potion"},{"floor":11,"key":"DuplicationPotion"},{"floor":12,"key":"PowerPotion"},{"floor":14,"key":"DistilledChaos"},{"floor":18,"key":"LiquidBronze"},{"floor":24,"key":"Ancient Potion"},{"floor":30,"key":"ColorlessPotion"},{"floor":37,"key":"ColorlessPotion"},{"floor":42,"key":"LiquidMemories"}],"is_trial":false,"path_per_floor":["M","M","M","?","M","E","R","E","T","M","E","M","R","M","R","B",null,"M","M","$","?","M","E","M","E","T","?","M","?","E","M","R","B",null,"M","?","M","?","?","E","R","E","T","E","M","M","R","$","R","B","B",null,"R","$","E","B",null],"character_chosen":"THE_SILENT","items_purchased":["Chemical X","Blade Dance","Accuracy","Master of Strategy","Concentrate","Tactician","PowerPotion","Infinite Blades"],"campfire_rested":1,"item_purchase_floors":[20,20,20,20,48,48,54,54],"current_hp_per_floor":[40,54,54,54,50,18,18,5,5,5,3,2,21,21,21,21,55,54,50,50,50,50,50,50,48,48,48,48,48,44,44,44,44,61,61,61,61,61,51,55,55,34,34,49,55,61,61,61,61,65,66,66,66,66,66,66],"gold":27,"neow_bonus":"RANDOM_COLORLESS_2","is_daily":false,"chose_seed":false,"campfire_upgraded":6,"win_rate":0.0,"timestamp":1612985557,"path_taken":["M","M","M","?","M","E","R","E","T","M","E","M","R","M","R","BOSS","M","M","$","?","M","E","M","E","T","?","M","?","E","M","R","BOSS","M","?","M","?","?","E","R","E","T","E","M","M","R","$","R","BOSS","BOSS","R","$","E","BOSS"],"items_purchased_type":["Relic","Card","Card","Card","Card","Card","Potion","Card"],"build_version":"2020-12-22","purchased_purges":3,"victory":true,"max_hp_per_floor":[66,66,66,66,66,66,66,66,66,66,66,66,66,66,66,66,66,66,66,66,66,66,66,66,66,66,66,66,66,66,66,66,66,66,66,66,66,66,66,66,66,66,66,66,66,66,66,66,66,66,66,66,66,66,66,66],"relic_stats":{"counters":[34,121],"Dead Branch":[449],"Blue Candle":[8],"HoveringKite":[25],"Ginger":[5],"MawBank":168,"Question Card":28,"Blood Vial":7,"Centennial Puzzle":[21],"Shuriken":[123],"Ornamental Fan":[312],"Mummified Hand":[52],"Bronze Scales":[67],"Chemical X":[16],"obtain_stats":[{"Dead Branch":8,"Blue Candle":40,"HoveringKite":34,"Ginger":38,"MawBank":6,"Question Card":9,"Blood Vial":44,"Centennial Puzzle":29,"HornCleat":25,"Shuriken":11,"Ornamental Fan":30,"Mummified Hand":42,"Bronze Scales":55,"Philosopher\u0027s Stone":17,"Red Mask":21,"Chemical X":20,"StrikeDummy":23,"Ring of the Snake":0,"Meat on the Bone":26},{"Dead Branch":6,"Blue Candle":26,"HoveringKite":22,"Ginger":25,"MawBank":5,"Question Card":6,"Blood Vial":28,"Centennial Puzzle":19,"HornCleat":18,"Shuriken":8,"Ornamental Fan":20,"Mummified Hand":27,"Bronze Scales":33,"Philosopher\u0027s Stone":11,"Red Mask":14,"Chemical X":13,"StrikeDummy":16,"Ring of the Snake":0,"Meat on the Bone":18},{"Dead Branch":27,"Blue Candle":91,"HoveringKite":78,"Ginger":86,"MawBank":19,"Question Card":27,"Blood Vial":98,"Centennial Puzzle":64,"HornCleat":62,"Shuriken":33,"Ornamental Fan":70,"Mummified Hand":95,"Bronze Scales":116,"Philosopher\u0027s Stone":44,"Red Mask":51,"Chemical X":50,"StrikeDummy":55,"Ring of the Snake":0,"Meat on the Bone":62}],"Ring of the Snake":[68],"Meat on the Bone":24},"card_choices":[{"not_picked":["Secret Technique","Chrysalis"],"picked":"The Bomb","floor":0},{"not_picked":["Accuracy","Predator"],"picked":"Dagger Throw","floor":1},{"not_picked":["Dodge and Roll","Dagger Spray","Prepared"],"picked":"SKIP","floor":2},{"not_picked":["Slice","Dagger Throw"],"picked":"Blade Dance","floor":3},{"not_picked":["Escape Plan","Flechettes","Outmaneuver"],"picked":"SKIP","floor":5},{"not_picked":["Flying Knee","PiercingWail"],"picked":"Unload","floor":6},{"not_picked":["Heel Hook","Sucker Punch"],"picked":"Blade Dance","floor":8},{"not_picked":["Poisoned Stab","Sucker Punch","Backflip"],"picked":"Calculated Gamble","floor":10},{"not_picked":["Slice","Prepared","Dodge and Roll"],"picked":"Adrenaline","floor":11},{"not_picked":["Skewer","All Out Attack","Dash","Setup"],"picked":"SKIP","floor":12},{"not_picked":["Underhanded Strike","Skewer","Sucker Punch","Reflex"],"picked":"SKIP","floor":14},{"not_picked":["Grand Finale","Adrenaline","Envenom"],"picked":"After Image","floor":16},{"not_picked":["All Out Attack","Deflect","Reflex"],"picked":"Tactician","floor":18},{"not_picked":["Riddle With Holes","Deflect","Acrobatics"],"picked":"Blade Dance","floor":19},{"not_picked":["Dash","Catalyst","Prepared","Deadly Poison"],"picked":"SKIP","floor":22},{"not_picked":["Eviscerate","Footwork","Distraction","Riddle With Holes"],"picked":"SKIP","floor":23},{"not_picked":["Backflip","Noxious Fumes","Dash"],"picked":"Infinite Blades","floor":24},{"not_picked":["Masterful Stab","Dash","PiercingWail"],"picked":"Venomology","floor":25},{"not_picked":["Expertise","All Out Attack+1","Underhanded Strike"],"picked":"Accuracy","floor":28},{"not_picked":["Distraction","PiercingWail","Poisoned Stab"],"picked":"Night Terror","floor":30},{"not_picked":["Noxious Fumes+1","Dodge and Roll","Choke","Poisoned Stab"],"picked":"SKIP","floor":31},{"not_picked":["Malaise","Phantasmal Killer","Envenom"],"picked":"Bullet Time","floor":33},{"not_picked":["Prepared","Sucker Punch","Crippling Poison","Dodge and Roll"],"picked":"SKIP","floor":35},{"not_picked":["Deflect","Dagger Throw+1","Leg Sweep","Eviscerate"],"picked":"SKIP","floor":37},{"not_picked":["Sucker Punch","Backstab","Bane"],"picked":"Terror","floor":38},{"not_picked":["Trip","Deep Breath","Secret Weapon"],"picked":"Bandage Up","floor":39},{"not_picked":["Violence","Enlightenment","Purity"],"picked":"Dark Shackles","floor":39},{"not_picked":["Trip","Discovery","Madness"],"picked":"PanicButton","floor":39},{"not_picked":["Dodge and Roll","Footwork+1","Underhanded Strike"],"picked":"Blade Dance","floor":40},{"not_picked":["Dodge and Roll","Blur+1","Prepared+1"],"picked":"Wraith Form v2","floor":42},{"not_picked":["Dash","Flechettes","Slice","Underhanded Strike"],"picked":"SKIP","floor":44},{"not_picked":["Dodge and Roll","Acrobatics","Poisoned Stab+1","Setup"],"picked":"SKIP","floor":45},{"not_picked":["Acrobatics","Dagger Throw+1","Slice"],"picked":"Storm of Steel","floor":46},{"not_picked":["Catalyst+1","Accuracy","Finisher"],"picked":"PiercingWail+1","floor":55}],"player_experience":4796068,"relics_obtained":[{"floor":6,"key":"MawBank"},{"floor":8,"key":"Dead Branch"},{"floor":9,"key":"Question Card"},{"floor":11,"key":"Shuriken"},{"floor":21,"key":"Red Mask"},{"floor":23,"key":"StrikeDummy"},{"floor":25,"key":"HornCleat"},{"floor":26,"key":"Meat on the Bone"},{"floor":30,"key":"Ornamental Fan"},{"floor":38,"key":"Ginger"},{"floor":40,"key":"Blue Candle"},{"floor":42,"key":"Mummified Hand"},{"floor":44,"key":"Blood Vial"},{"floor":55,"key":"Bronze Scales"}],"event_choices":[{"damage_healed":0,"gold_gain":0,"player_choice":"Got Potions","damage_taken":0,"max_hp_gain":0,"max_hp_loss":0,"event_name":"Lab","floor":4,"gold_loss":0},{"damage_healed":0,"gold_gain":0,"player_choice":"Fought Bandits","damage_taken":0,"max_hp_gain":0,"max_hp_loss":0,"event_name":"Masked Bandits","floor":21,"gold_loss":0},{"damage_healed":0,"gold_gain":0,"player_choice":"Read","damage_taken":0,"max_hp_gain":0,"max_hp_loss":0,"event_name":"The Library","floor":27,"gold_loss":0,"cards_obtained":["Concentrate"]},{"damage_healed":0,"gold_gain":0,"player_choice":"Opened","damage_taken":0,"relics_obtained":["Centennial Puzzle"],"max_hp_gain":0,"max_hp_loss":0,"event_name":"The Mausoleum","floor":29,"gold_loss":0,"cards_obtained":["Writhe"]},{"damage_healed":0,"gold_gain":0,"player_choice":"Forge","damage_taken":0,"max_hp_gain":0,"max_hp_loss":0,"event_name":"Accursed Blacksmith","floor":36,"gold_loss":0,"cards_upgraded":["Bullet Time"]},{"damage_healed":0,"gold_gain":0,"player_choice":"Fight","damage_taken":0,"max_hp_gain":0,"max_hp_loss":0,"event_name":"Mysterious Sphere","floor":38,"gold_loss":0},{"damage_healed":0,"gold_gain":0,"player_choice":"Memory 3","damage_taken":10,"max_hp_gain":0,"max_hp_loss":0,"event_name":"SensoryStone","floor":39,"gold_loss":0}],"is_beta":false,"boss_relics":[{"not_picked":["WristBlade","SacredBark"],"picked":"Philosopher\u0027s Stone"},{"not_picked":["Runic Pyramid","SlaversCollar"],"picked":"HoveringKite"}],"items_purged_floors":[20,48,54],"is_endless":false,"potions_floor_spawned":[1,5,8,11,12,14,18,24,28,30,37,42,45,46,55],"ascension_level":20}}