{"host":"6pgtslebjnyv5xmi","time":1612949826,"event":{"mods":["AchievementEnabler","BaseMod","Colored Map","Minty Spire (QoL Compilation)","Rare Cards Sparkle","StSLib","SuperFastMode","The Cursed","everything is the same but u backflip on backflip"],"gold_per_floor":[118,118,40,115,134,134,168,181,181,194,212,246,258,340,352,364,364],"floor_reached":16,"language":"KOR","playtime":11421,"items_purged":[],"score":257,"play_id":"796e8d96-1100-439e-a53a-e4cfcee01229","local_time":"20210210183706","is_ascension_mode":true,"campfire_choices":[{"data":"Power Through","floor":6,"key":"SMITH"},{"floor":15,"key":"REST"}],"circlet_count":0,"master_deck":["AscendersBane","Strike_R","Strike_R","Strike_R","Strike_R","Strike_R","Defend_R","Defend_R","Defend_R","Defend_R","Bash","Ghostly Armor","Power Through+1","Sword Boomerang","Flex"],"relics":["Burning Blood","NeowsBlessing","White Beast Statue","Matryoshka","MawBank","Happy Flower","Oddly Smooth Stone","Pantograph"],"acts_visited":["Exordium"],"potions_floor_usage":[8,10,11,12,12,16],"damage_taken":[{"damage":0,"enemies":"2 Louse","floor":1,"turns":1},{"damage":0,"enemies":"Cultist","floor":5,"turns":1},{"damage":0,"enemies":"3 Sentries","floor":7,"turns":2},{"damage":0,"enemies":"Jaw Worm","floor":8,"turns":4},{"damage":19,"enemies":"Exordium Thugs","floor":10,"turns":4},{"damage":15,"enemies":"Large Slime","floor":11,"turns":7},{"damage":27,"enemies":"Lagavulin","floor":12,"turns":9},{"damage":56,"enemies":"Hexaghost","floor":16,"turns":14}],"seed_played":"-6153130226365808","potions_obtained":[{"floor":1,"key":"Ancient Potion"},{"floor":2,"key":"BlessingOfTheForge"},{"floor":8,"key":"Fire Potion"},{"floor":10,"key":"Fruit Juice"},{"floor":11,"key":"ElixirPotion"},{"floor":12,"key":"Weak Potion"}],"is_trial":false,"path_per_floor":["M","?","$","?","M","R","E","M","T","M","M","E","?","T","R","B"],"character_chosen":"IRONCLAD","items_purchased":["Power Through"],"campfire_rested":1,"item_purchase_floors":[3],"current_hp_per_floor":[74,74,74,63,69,69,75,75,75,62,58,37,2,2,26,0,0],"gold":364,"neow_bonus":"THREE_ENEMY_KILL","is_daily":false,"chose_seed":false,"campfire_upgraded":1,"win_rate":0.0,"timestamp":1612949826,"path_taken":["M","?","?","?","M","R","E","?","T","M","M","E","?","?","R","BOSS"],"items_purchased_type":["Card"],"build_version":"2020-12-22","purchased_purges":0,"victory":false,"max_hp_per_floor":[75,75,75,75,75,75,75,75,75,75,80,80,80,80,80,80,80],"card_choices":[{"not_picked":["Iron Wave","Clash"],"picked":"Ghostly Armor","floor":1},{"not_picked":["Metallicize","Iron Wave"],"picked":"Sword Boomerang","floor":5},{"not_picked":["Flame Barrier","Rampage","Searing Blow"],"picked":"SKIP","floor":7},{"not_picked":["Shockwave","Iron Wave","Anger"],"picked":"SKIP","floor":8},{"not_picked":["Twin Strike","Anger"],"picked":"Flex","floor":10},{"not_picked":["Anger","Body Slam","Burning Pact"],"picked":"SKIP","floor":11},{"not_picked":["Rage","Anger","Thunderclap"],"picked":"SKIP","floor":12}],"player_experience":1089057,"relics_obtained":[{"floor":7,"key":"White Beast Statue"},{"floor":9,"key":"Matryoshka"},{"floor":12,"key":"MawBank"},{"floor":14,"key":"Oddly Smooth Stone"},{"floor":14,"key":"Pantograph"}],"event_choices":[{"damage_healed":0,"gold_gain":0,"player_choice":"Got Potions","damage_taken":0,"max_hp_gain":0,"max_hp_loss":0,"event_name":"Lab","floor":2,"gold_loss":0},{"damage_healed":0,"gold_gain":75,"player_choice":"Gather Gold","damage_taken":11,"max_hp_gain":0,"max_hp_loss":0,"event_name":"World of Goop","floor":4,"gold_loss":0},{"damage_healed":0,"gold_gain":0,"player_choice":"Success","damage_taken":35,"relics_obtained":["Happy Flower"],"max_hp_gain":0,"max_hp_loss":0,"event_name":"Scrap Ooze","floor":13,"gold_loss":0}],"is_beta":false,"boss_relics":[],"items_purged_floors":[],"is_endless":false,"potions_floor_spawned":[1,8,10,11,12],"killed_by":"Hexaghost","ascension_level":18}}