{"host":"85rg8sallz0lemh6","time":1612987263,"event":{"mods":["BaseMod","Bestiary","Colored Powertips","Highlight Path","Minty Spire (QoL Compilation)","Quick Restart"],"gold_per_floor":[119,119,119,134,151,184,184,222,222,238,277,277,53,78,78,202,202,225,225,239,289,314,354,354,354,354],"floor_reached":25,"language":"ENG","playtime":983,"items_purged":["Pain"],"score":277,"play_id":"83f8e2e2-50cc-48f6-b56a-7c34dd6fe285","local_time":"20210210140103","is_ascension_mode":true,"campfire_choices":[{"data":"Metallicize","floor":15.0,"key":"SMITH"},{"data":"Demon Form","floor":24,"key":"SMITH"}],"circlet_count":0,"master_deck":["Strike_R","Strike_R","Strike_R","Strike_R+1","Strike_R","Defend_R+1","Defend_R","Defend_R","Defend_R","Bash","Feel No Pain","Headbutt","Thunderclap","Metallicize+1","Battle Trance","Cleave","True Grit","Demon Form+1","Sword Boomerang","Shrug It Off","Pommel Strike","Sword Boomerang"],"relics":["Burning Blood","NeowsBlessing","Mummified Hand","Self Forming Clay","Golden Idol","Pear","Sundial","Vajra","WarpedTongs","HandDrill","Runic Dome","White Beast Statue"],"acts_visited":["Exordium","TheCity"],"potions_floor_usage":[23],"damage_taken":[{"damage":0.0,"enemies":"2 Louse","floor":1.0,"turns":1.0},{"damage":0.0,"enemies":"Cultist","floor":4.0,"turns":1.0},{"damage":0.0,"enemies":"Small Slimes","floor":5.0,"turns":1.0},{"damage":20.0,"enemies":"3 Sentries","floor":6.0,"turns":8.0},{"damage":22.0,"enemies":"Gremlin Nob","floor":8.0,"turns":4.0},{"damage":13.0,"enemies":"Exordium Thugs","floor":10.0,"turns":6.0},{"damage":8.0,"enemies":"3 Sentries","floor":11.0,"turns":9.0},{"damage":10.0,"enemies":"3 Louse","floor":14.0,"turns":3.0},{"damage":17.0,"enemies":"Hexaghost","floor":16.0,"turns":9.0},{"damage":4,"enemies":"Chosen","floor":18,"turns":3},{"damage":22,"enemies":"2 Thieves","floor":20,"turns":3},{"damage":31,"enemies":"Snake Plant","floor":22,"turns":5},{"damage":31,"enemies":"Slavers","floor":23,"turns":6},{"damage":18,"enemies":"Gremlin Leader","floor":25,"turns":5}],"seed_played":"7873129390358739556","potions_obtained":[{"floor":1.0,"key":"Energy Potion"},{"floor":8.0,"key":"Fire Potion"},{"floor":10.0,"key":"LiquidBronze"},{"floor":11.0,"key":"DuplicationPotion"},{"floor":20,"key":"Dexterity Potion"}],"is_trial":false,"path_per_floor":["M","?","?","M","M","E","?","E","T","M","E","?","$","M","R","B",null,"M","?","M","?","M","E","R","E"],"character_chosen":"IRONCLAD","items_purchased":["HandDrill"],"campfire_rested":0,"item_purchase_floors":[13],"current_hp_per_floor":[80,64,64,70,76,62,62,56,56,49,47,47,47,43,43,32,84,84,84,68,68,43,18,18,0,0],"gold":354,"neow_bonus":"THREE_ENEMY_KILL","is_daily":false,"chose_seed":false,"campfire_upgraded":2,"win_rate":0.0,"timestamp":1612987263,"path_taken":["M","?","?","?","M","E","?","E","T","M","E","?","$","M","R","BOSS","M","?","M","?","?","E","R","E"],"items_purchased_type":["Relic"],"build_version":"2020-12-22","purchased_purges":1,"victory":false,"max_hp_per_floor":[80,80,80,80,80,80,74,84,84,84,84,84,84,84,84,84,84,84,84,84,84,84,84,84,84,84],"card_choices":[{"not_picked":["Heavy Blade","Armaments"],"picked":"Feel No Pain","floor":1.0},{"not_picked":["Flex","Pommel Strike"],"picked":"Headbutt","floor":4.0},{"not_picked":["Shrug It Off","Armaments"],"picked":"Thunderclap","floor":5.0},{"not_picked":["Sword Boomerang","Evolve"],"picked":"Metallicize","floor":6.0},{"not_picked":["Rage","Dark Embrace","Feel No Pain"],"picked":"SKIP","floor":8.0},{"not_picked":["Body Slam","Intimidate"],"picked":"Battle Trance","floor":10.0},{"not_picked":["Body Slam","Heavy Blade"],"picked":"Cleave","floor":11.0},{"not_picked":["Disarm","Clash"],"picked":"True Grit","floor":14.0},{"not_picked":["Juggernaut","Corruption"],"picked":"Demon Form","floor":16.0},{"not_picked":["Iron Wave","Clash"],"picked":"Sword Boomerang","floor":18},{"not_picked":["True Grit+1","Perfected Strike"],"picked":"Shrug It Off","floor":20},{"not_picked":["Inflame+1","Shrug It Off"],"picked":"Pommel Strike","floor":22},{"not_picked":["Wild Strike","Iron Wave+1"],"picked":"Sword Boomerang","floor":23}],"player_experience":91458,"relics_obtained":[{"floor":6.0,"key":"Self Forming Clay"},{"floor":8.0,"key":"Pear"},{"floor":9.0,"key":"Sundial"},{"floor":11.0,"key":"Vajra"},{"floor":23,"key":"White Beast Statue"}],"event_choices":[{"damage_healed":0.0,"max_hp_gain":0.0,"max_hp_loss":0.0,"gold_gain":0.0,"event_name":"Shining Light","player_choice":"Entered Light","floor":2.0,"gold_loss":0.0,"damage_taken":16.0,"cards_upgraded":["Strike_R","Defend_R"]},{"damage_healed":0.0,"max_hp_gain":0.0,"max_hp_loss":0.0,"gold_gain":0.0,"event_name":"WeMeetAgain","player_choice":"Gave Potion","floor":3.0,"gold_loss":0.0,"damage_taken":0.0,"relics_obtained":["Mummified Hand"]},{"damage_healed":0.0,"max_hp_gain":0.0,"max_hp_loss":6.0,"gold_gain":0.0,"event_name":"Golden Idol","player_choice":"Lose Max HP","floor":7.0,"gold_loss":0.0,"damage_taken":0.0,"relics_obtained":["Golden Idol"]},{"damage_healed":0.0,"max_hp_gain":0.0,"max_hp_loss":0.0,"gold_gain":0.0,"event_name":"Accursed Blacksmith","player_choice":"Rummage","floor":12.0,"gold_loss":0.0,"damage_taken":0.0,"relics_obtained":["WarpedTongs"],"cards_obtained":["Pain"]},{"damage_healed":0,"gold_gain":0,"player_choice":"Ignored","damage_taken":0,"max_hp_gain":0,"max_hp_loss":0,"event_name":"Cursed Tome","floor":19,"gold_loss":0},{"damage_healed":0,"gold_gain":100,"player_choice":"Bet on Murderer","damage_taken":0,"max_hp_gain":0,"max_hp_loss":0,"event_name":"The Joust","floor":21,"gold_loss":50}],"is_beta":false,"boss_relics":[{"not_picked":["Busted Crown","Pandora\u0027s Box"],"picked":"Runic Dome"}],"items_purged_floors":[13],"is_endless":false,"potions_floor_spawned":[1,8,10,11,20,22],"killed_by":"Gremlin Leader","ascension_level":3}}