{"host":"ydh61a5ftgdajrbo","time":1612950332,"event":{"mods":["BaseMod","Colored Map","Colored Powertips","DeckTracker","Downfall","Hermit","Hubris","Infinite Spire","Minty Spire (QoL Compilation)","Prisma Mod","Relic Stats","Replay The Spire","Spire Arcade","StSLib","SuperFastMode","The Cursed","The Jungle","The Mystic","The Runesmith","The Servant 0.9.4","WarShipGirlsR/??¤Ö¤kR mod"],"gold_per_floor":[112,112,112,112,112,125,140,140,174,174,174,189,189,189,258,258,258,258,258],"floor_reached":18,"language":"ZHS","playtime":715,"items_purged":[],"score":194,"play_id":"80bb3cb1-d6ad-42f1-a258-2c48d17646af","local_time":"20210210174532","is_ascension_mode":true,"campfire_choices":[{"data":"Dagger Throw","floor":8.0,"key":"SMITH"},{"data":"Backflip","floor":10.0,"key":"SMITH"},{"data":"Neutralize","floor":13.0,"key":"SMITH"},{"data":"Storm of Steel","floor":17,"key":"SMITH"}],"circlet_count":0,"master_deck":["AscendersBane","Strike_G","Strike_G","Strike_G","Strike_G","Defend_G","Defend_G","Defend_G","Defend_G","Defend_G","Survivor","Neutralize+1","Acrobatics","Injury","Dagger Throw+1","Backflip+1","Tactician","Storm of Steel+1"],"relics":["Golden Idol","Sizzling Blood","infinitespire:EmpoweringShard","infinitespire:FocusingShard","hubris:DeckOfHolding"],"acts_visited":["Exordium"],"potions_floor_usage":[],"damage_taken":[{"damage":2.0,"enemies":"2 Louse","floor":1.0,"turns":4.0},{"damage":6.0,"enemies":"Jaw Worm","floor":6.0,"turns":5.0},{"damage":1.0,"enemies":"Small Slimes","floor":7.0,"turns":4.0},{"damage":22.0,"enemies":"3 Sentries","floor":9.0,"turns":10.0},{"damage":1.0,"enemies":"3 Louse","floor":12.0,"turns":4.0},{"damage":19,"enemies":"Fading Forest","floor":18,"turns":7}],"seed_played":"1334956739903952451","potions_obtained":[{"floor":1.0,"key":"Fire Potion"}],"is_trial":false,"path_per_floor":["M","?","?","PTL","PTL","M","M","R","E","R","T","M","R","?","T","?","R","B"],"character_chosen":"THE_SILENT","items_purchased":[],"campfire_rested":0,"item_purchase_floors":[],"current_hp_per_floor":[63,63,67,67,67,65,68,68,50,50,50,53,53,53,53,53,53,34,34],"gold":258,"neow_bonus":"TEN_PERCENT_HP_BONUS","is_daily":false,"chose_seed":false,"campfire_upgraded":4,"win_rate":0.0,"timestamp":1612950332,"path_taken":["M","?","?","PTL","PTL","M","M","R","E","R","T","M","R","?","?","?","R","BOSS"],"items_purchased_type":[],"build_version":"2020-12-22","purchased_purges":0,"victory":false,"max_hp_per_floor":[72,72,76,76,76,76,76,76,76,76,76,76,76,76,76,76,76,76,76],"relic_stats":{"counters":[6,34],"Golden Idol":16,"obtain_stats":[{"Golden Idol":2,"hubris:DeckOfHolding":15,"infinitespire:FocusingShard":11,"Sizzling Blood":3,"infinitespire:EmpoweringShard":9,"Ring of the Snake":0},{"Golden Idol":1,"hubris:DeckOfHolding":5,"infinitespire:FocusingShard":4,"Sizzling Blood":1,"infinitespire:EmpoweringShard":4,"Ring of the Snake":0},{"Golden Idol":4,"hubris:DeckOfHolding":27,"infinitespire:FocusingShard":23,"Sizzling Blood":4,"infinitespire:EmpoweringShard":23,"Ring of the Snake":0}]},"card_choices":[{"not_picked":["Tactician","Deflect"],"picked":"Acrobatics","floor":1.0},{"not_picked":["Flechettes","ReplayTheSpireMod:Exploit Weakness","Masterful Stab"],"picked":"SKIP","floor":6.0},{"not_picked":["Heel Hook","Acrobatics"],"picked":"Dagger Throw","floor":7.0},{"not_picked":["Skewer","hubris:Sniper"],"picked":"Backflip","floor":9.0},{"not_picked":["Quick Slash","Bane"],"picked":"Tactician","floor":12.0}],"player_experience":385407,"relics_obtained":[{"floor":9.0,"key":"infinitespire:EmpoweringShard"},{"floor":11.0,"key":"infinitespire:FocusingShard"},{"floor":15,"key":"hubris:DeckOfHolding"}],"event_choices":[{"damage_healed":0.0,"max_hp_gain":0.0,"max_hp_loss":0.0,"gold_gain":0.0,"event_name":"Golden Idol","player_choice":"Take Wound","floor":2.0,"gold_loss":0.0,"damage_taken":0.0,"relics_obtained":["Golden Idol"],"cards_obtained":["Injury"]},{"damage_healed":0,"gold_gain":0,"cards_transformed":["Strike_G"],"player_choice":"Change","damage_taken":0,"max_hp_gain":0,"max_hp_loss":0,"event_name":"Living Wall","floor":16,"gold_loss":0,"cards_obtained":["Storm of Steel"]}],"is_beta":false,"boss_relics":[],"items_purged_floors":[],"is_endless":false,"potions_floor_spawned":[1],"killed_by":"Fading Forest","ascension_level":16}}