{"host":"3j2m8n0ywf988fwb","time":1612928626,"event":{"mods":["2.2 Compatiblity","AchievementEnabler","Act Like it!","Aspiration","Astrologer","BaseMod","Better Altar","Better Match","Better Note","Better Sensory Stone","Better Skull","Better Third Choice","CCEM2","ChefMod","Colored Map","Colored Powertips","Conspire","Dark Map","Energized Spire","GifTheSpireLib","Halation","Hallownest","Highlight Path","Hubris","Infinite Spire","Jedi Mod","Marisa????????","Marked Mod","Mimic Mod","Minty Spire (QoL Compilation)","Monster B Gone","Random Character Button","Relic Filter Mod","Relic Stats","Reliquary","Replay The Spire","Robot Space Explorer","Shade Mod","Shop Mod","Somnambulant","StS++","StSLib","Stuff the Spire","The Bug Knight","The Elementalist","The Hierophant","The Marked","The Runesmith","TheBandit","TheFirefly","Unceasing Turn Reminder","Weighted Paths","everything is the same but u backflip on backflip"],"gold_per_floor":[116,116,127,127,127,152,162,162,162,162,182,207,217,229,229,329,329,340,251,251,251,251,251,251,251,251],"floor_reached":25,"language":"ENG","playtime":1202,"items_purged":["Injury"],"score":243,"play_id":"d46e1ddc-42d1-41e0-ab87-1d052b00d7ef","local_time":"20210209214346","is_ascension_mode":true,"campfire_choices":[{"data":"DoubleSpark","floor":15,"key":"SMITH"},{"data":"FinalSpark","floor":23,"key":"SMITH"}],"circlet_count":0,"master_deck":["Strike_MRS","Strike_MRS","Strike_MRS","Strike_MRS","Defend_MRS","Defend_MRS","Defend_MRS","Defend_MRS","MasterSpark","UpSweep","EnergyFlow+1","DoubleSpark+1","OrrerysSun+1","GalacticHalo","DoubleSpark+1","SuperPerseids","PowerUp","MillisecondPulsars+1","FinalSpark+1","MachineGunSpark+1"],"relics":["MiniHakkero","infinitespire:PuzzleCube","Frozen Egg 2","halation:StarCompass","HollowMod:PaleOreRelic","CCEMRelics:TeddyBear","Simple Rune","StSpp:Magatama","jedi:ominousloannote","infinitespire:Midas Blood","aspiration:TomeofQuesting"],"acts_visited":["Exordium","TheCity"],"potions_floor_usage":[6,7,11,13,24],"damage_taken":[{"damage":3,"enemies":"2 Louse","floor":1,"turns":2},{"damage":7,"enemies":"Small Slimes","floor":3,"turns":3},{"damage":3,"enemies":"Gremlin Nob","floor":6,"turns":3},{"damage":5,"enemies":"conspire:RoseBush","floor":7,"turns":4},{"damage":10,"enemies":"Exordium Wildlife","floor":11,"turns":4},{"damage":4,"enemies":"3 Sentries","floor":12,"turns":9},{"damage":0,"enemies":"Large Slime","floor":13,"turns":5},{"damage":8,"enemies":"3 Louse","floor":14,"turns":4},{"damage":26,"enemies":"Fading Forest","floor":16,"turns":11},{"damage":15,"enemies":"Chosen","floor":18,"turns":5},{"damage":11,"enemies":"3 Byrds","floor":21,"turns":5},{"damage":27,"enemies":"Gremlin Leader","floor":24,"turns":6},{"damage":28,"enemies":"Snake Plant","floor":25,"turns":4}],"seed_played":"-7195744416462426206","potions_obtained":[{"floor":1,"key":"StSpp:ScatteredWeakPotion"},{"floor":3,"key":"jedi:tentaclejuice"},{"floor":12,"key":"FearPotion"},{"floor":16,"key":"Adrenaline Potion"},{"floor":18,"key":"Milkshake"}],"is_trial":false,"path_per_floor":["M","?","M","?","?","E","M","?","T","?","M","E","M","M","R","B",null,"M","$","?","M","?","R","E","M"],"character_chosen":"MARISA","items_purchased":["jedi:ominousloannote","FinalSpark","infinitespire:Midas Blood"],"campfire_rested":0,"item_purchase_floors":[19,19,19],"current_hp_per_floor":[72,72,65,65,65,62,57,57,57,57,47,43,43,35,35,9,75,60,60,60,49,53,53,26,0,0],"gold":251,"neow_bonus":"RANDOM_COMMON_RELIC","is_daily":false,"chose_seed":false,"campfire_upgraded":2,"win_rate":0.0,"timestamp":1612928626,"path_taken":["M","?","M","?","?","E","?","?","T","?","?","E","?","M","R","BOSS","M","$","?","M","?","R","E","?"],"items_purchased_type":["Relic","Card","Relic"],"build_version":"2020-12-22","purchased_purges":1,"victory":false,"max_hp_per_floor":[75,75,75,75,75,75,75,75,75,75,75,75,75,75,75,75,75,75,75,75,75,75,75,75,75,75],"relic_stats":{"counters":[13,65],"obtain_stats":[{"StSpp:Magatama":17,"CCEMRelics:TeddyBear":9,"jedi:ominousloannote":19,"Simple Rune":12,"aspiration:TomeofQuesting":24,"MiniHakkero":0,"HollowMod:PaleOreRelic":6,"Frozen Egg 2":2,"halation:StarCompass":4,"infinitespire:PuzzleCube":0,"infinitespire:Midas Blood":19},{"StSpp:Magatama":9,"CCEMRelics:TeddyBear":4,"jedi:ominousloannote":10,"Simple Rune":6,"aspiration:TomeofQuesting":12,"MiniHakkero":0,"HollowMod:PaleOreRelic":3,"Frozen Egg 2":1,"halation:StarCompass":2,"infinitespire:PuzzleCube":0,"infinitespire:Midas Blood":10},{"StSpp:Magatama":45,"CCEMRelics:TeddyBear":12,"jedi:ominousloannote":50,"Simple Rune":25,"aspiration:TomeofQuesting":61,"MiniHakkero":0,"HollowMod:PaleOreRelic":8,"Frozen Egg 2":2,"halation:StarCompass":5,"infinitespire:PuzzleCube":0,"infinitespire:Midas Blood":50}]},"card_choices":[{"not_picked":["PulseMagic","NonDirectionalLaser","SporeBomb"],"picked":"SKIP","floor":1},{"not_picked":["Orbital","MagicChant"],"picked":"EnergyFlow+1","floor":3},{"not_picked":["MysteriousBeam+1","IllusionStar+1"],"picked":"DoubleSpark+1","floor":5},{"not_picked":["MilkyWay","LuminesStrike"],"picked":"OrrerysSun+1","floor":6},{"not_picked":["GrandCross","MysteriousBeam","GravityBeat"],"picked":"SKIP","floor":7},{"not_picked":["DC","SporeBomb"],"picked":"GalacticHalo","floor":11},{"not_picked":["EnergyFlow+1","MagicChant"],"picked":"DoubleSpark","floor":12},{"not_picked":["MeteoricShower","LuminesStrike"],"picked":"SuperPerseids","floor":13},{"not_picked":["WitchOfGreed+1","WitchLeyline"],"picked":"PowerUp","floor":14},{"not_picked":["BlazingStar","ManaRampage"],"picked":"MillisecondPulsars+1","floor":16},{"not_picked":["BlazeAway","UnstableBomb+1","NonDirectionalLaser"],"picked":"SKIP","floor":18},{"not_picked":["Occultation+1","Acceleration"],"picked":"MachineGunSpark+1","floor":21},{"not_picked":["MagicChant","DarkMatter","WitchOfGreed+1"],"picked":"SKIP","floor":24}],"player_experience":1105401,"relics_obtained":[{"floor":6,"key":"HollowMod:PaleOreRelic"},{"floor":9,"key":"CCEMRelics:TeddyBear"},{"floor":12,"key":"Simple Rune"},{"floor":24,"key":"aspiration:TomeofQuesting"}],"event_choices":[{"damage_healed":0,"gold_gain":0,"player_choice":"2","damage_taken":0,"max_hp_gain":0,"max_hp_loss":0,"event_name":"betterMatch:BetterMatch","floor":5,"gold_loss":0,"cards_obtained":["betterMatch:CommonCard"]},{"damage_healed":0,"gold_gain":0,"player_choice":"Ignored","damage_taken":0,"max_hp_gain":0,"max_hp_loss":0,"event_name":"betterNote:BetterNote","floor":20,"gold_loss":0,"cards_obtained":["StSpp:Saturation"]},{"damage_healed":4,"gold_gain":0,"player_choice":"LEAVE ","damage_taken":0,"relics_obtained":[],"max_hp_gain":0,"max_hp_loss":0,"event_name":"betterSkull:BetterSkull","floor":22,"gold_loss":0,"cards_upgraded":[]}],"is_beta":false,"boss_relics":[{"not_picked":["infinitespire:Cupcake","energizedSpire:OgreHead"],"picked":"StSpp:Magatama"}],"items_purged_floors":[19],"is_endless":false,"potions_floor_spawned":[1,3,12,16,18],"killed_by":"Snake Plant","ascension_level":1}}