{"host":"v1zz5dqrlq7zjvm7","time":1612960105,"event":{"mods":["Act Like it!","BaseMod","Colored Map","Colored Powertips","Friendly Minions","Gensokyo","Minty Spire (QoL Compilation)","StSLib","The Alterego","UnlockEverythingMod","Waifu the Spire","Yakumo Yukari mod"],"gold_per_floor":[136,66,66,79,33,63,63,63],"floor_reached":7,"language":"ENG","playtime":317,"items_purged":[],"score":74,"play_id":"70a8ff22-197d-44f4-a740-239c727cfbe0","local_time":"20210210225825","is_ascension_mode":false,"campfire_choices":[],"circlet_count":0,"master_deck":["AT_purpleEX","AT_purpleEX","AT_purpleEX","AT_purpleEX","Defend_purpleEX","Defend_purpleEX+1","Defend_purpleEX","Defend_purpleEX+1","Observe_purple_1","Observe_purple_2","MeetDecomposer_purple","Charmbait_purple","RuleDissolution_purple","CommonSense_AntiCommonSense_purple"],"relics":["Boundary_crack","Memoryfragments_purpleEX","NeowsBlessing","Gensokyo:PortableGap","Bottled Lightning"],"acts_visited":["Gensokyo:Gensokyo"],"potions_floor_usage":[],"damage_taken":[{"damage":0,"enemies":"Gensokyo:Python","floor":1,"turns":1},{"damage":0,"enemies":"Gensokyo:Gryphon","floor":4,"turns":1},{"damage":19,"enemies":"Gensokyo:Aya","floor":6,"turns":1},{"damage":44,"enemies":"Gensokyo:Cirno","floor":7,"turns":8}],"seed_played":"5664480384302391800","potions_obtained":[{"floor":4,"key":"Energy Potion"}],"is_trial":false,"path_per_floor":["M","?","?","M","$","E","E"],"character_chosen":"Youkari","items_purchased":["RuleDissolution_purple"],"campfire_rested":0,"item_purchase_floors":[5],"current_hp_per_floor":[70,70,63,63,63,44,0,0],"gold":63,"neow_bonus":"THREE_ENEMY_KILL","is_daily":false,"chose_seed":false,"campfire_upgraded":0,"win_rate":0.0,"timestamp":1612960105,"path_taken":["M","?","?","?","?","E","E"],"items_purchased_type":["Card"],"build_version":"2020-12-22","purchased_purges":0,"victory":false,"max_hp_per_floor":[70,70,63,63,63,60,60,60],"card_choices":[{"not_picked":["AdvanceAttack_purple","Mirror_WaveAndshot_purple"],"picked":"MeetDecomposer_purple","floor":1},{"not_picked":["MNeedle_purple","Shallow_ocean_purpleEX"],"picked":"Charmbait_purple","floor":4},{"not_picked":["SfantasyHide_purple","RuptureOfTimeAndSpace_purple"],"picked":"CommonSense_AntiCommonSense_purple","floor":6}],"player_experience":43463,"relics_obtained":[{"floor":6,"key":"Bottled Lightning"}],"event_choices":[],"is_beta":false,"boss_relics":[],"items_purged_floors":[],"is_endless":false,"potions_floor_spawned":[4],"killed_by":"Gensokyo:Cirno","ascension_level":0}}