{"host":"0qevis500jgmlc2v","time":1612949632,"event":{"mods":["100% Spire Juice","Act Like it!","Aspiration","BaseMod","Conspire","Energized Spire","Friendly Minions","GifTheSpireLib","KinomotoSakuraMod(木之本樱)","KomeijiMod","Marisa（F雨　魔理沙）","Minty Spire (QoL Compilation)","Pale of the Ancients","Quick Restart","Reliquary","Replay The Spire","Shop Mod","Spicy Shops","StSLib","Yakumo Yukari mod","【功能Mod】聪明的最终Boss"],"gold_per_floor":[115,115,16,16,32,64,38,38,38,56,75,87,87,87,87,87,87],"floor_reached":16,"language":"ZHS","playtime":772,"items_purged":[],"score":250,"play_id":"1f3e5044-0d3a-4daa-b32a-f0c028df33d7","local_time":"20210210173352","is_ascension_mode":true,"campfire_choices":[{"data":"ReplayTheSpireMod:GoodbyeWorld","floor":8.0,"key":"SMITH"},{"data":"ReplayTheSpireMod:Calculation Training","floor":13,"key":"SMITH"},{"data":"Coolheaded","floor":15,"key":"SMITH"}],"circlet_count":0,"master_deck":["AscendersBane","Strike_B","Strike_B","Strike_B","Strike_B","Defend_B","Defend_B","Defend_B","Zap","Dualcast","Turbo","ReplayTheSpireMod:GoodbyeWorld+1","Gash","ReplayTheSpireMod:Calculation Training+1","Coolheaded+1","Double Energy","Redo+1"],"relics":["Cracked Core","NeowsBlessing","aspiration:BabyByrd","Oddly Smooth Stone"],"acts_visited":["Exordium"],"potions_floor_usage":[16],"damage_taken":[{"damage":0.0,"enemies":"2 Louse","floor":1.0,"turns":1.0},{"damage":0.0,"enemies":"Jaw Worm","floor":5.0,"turns":1.0},{"damage":0.0,"enemies":"Lagavulin","floor":6.0,"turns":1.0},{"damage":6,"enemies":"Small Slimes","floor":10,"turns":4},{"damage":18,"enemies":"Exordium Thugs","floor":11,"turns":5},{"damage":16,"enemies":"Gremlin Gang","floor":12,"turns":9},{"damage":29,"enemies":"Hexaghost","floor":16,"turns":9}],"seed_played":"-3587560039046405313","potions_obtained":[{"floor":1.0,"key":"LiquidMemories"},{"floor":11,"key":"SmokeBomb"},{"floor":12,"key":"Ancient Potion"}],"is_trial":false,"path_per_floor":["M","?","$","?","M","E","$","R","T","M","M","M","R","?","R","B"],"character_chosen":"DEFECT","items_purchased":["Turbo","ReplayTheSpireMod:GoodbyeWorld","Coolheaded"],"campfire_rested":0,"item_purchase_floors":[3,3,7],"current_hp_per_floor":[64,64,64,64,64,64,64,64,64,58,40,24,24,24,24,0,0],"gold":87,"neow_bonus":"THREE_ENEMY_KILL","is_daily":false,"chose_seed":false,"campfire_upgraded":3,"win_rate":0.0,"timestamp":1612949632,"path_taken":["M","?","?","?","?","E","$","R","T","M","M","?","R","?","R","BOSS"],"items_purchased_type":["Card","Card","Card"],"build_version":"2020-12-22","purchased_purges":0,"victory":false,"max_hp_per_floor":[71,71,71,71,71,71,71,71,71,71,71,71,71,71,71,71,71],"card_choices":[{"not_picked":["Blizzard","Rebound","Go for the Eyes"],"picked":"SKIP","floor":1.0},{"not_picked":["Conserve Battery","Cold Snap"],"picked":"Gash","floor":5.0},{"not_picked":["Turbo","Go for the Eyes"],"picked":"ReplayTheSpireMod:Calculation Training","floor":6.0},{"not_picked":["Barrage","Rebound","Cold Snap"],"picked":"SKIP","floor":10},{"not_picked":["Sweeping Beam","Steam"],"picked":"Double Energy","floor":11},{"not_picked":["Steam","Beam Cell"],"picked":"Redo","floor":12}],"player_experience":930182,"relics_obtained":[{"floor":6.0,"key":"Oddly Smooth Stone"}],"event_choices":[{"cards_removed":["Defend_B"],"damage_healed":0.0,"max_hp_gain":0.0,"max_hp_loss":0.0,"gold_gain":0.0,"event_name":"Purifier","player_choice":"Purged","floor":4.0,"gold_loss":0.0,"damage_taken":0.0},{"damage_healed":0,"gold_gain":0,"player_choice":"Forge","damage_taken":0,"max_hp_gain":0,"max_hp_loss":0,"event_name":"Accursed Blacksmith","floor":14,"gold_loss":0,"cards_upgraded":["Redo"]}],"is_beta":false,"boss_relics":[],"items_purged_floors":[],"is_endless":false,"potions_floor_spawned":[1,11,12],"killed_by":"Hexaghost","ascension_level":20}}