{"host":"7c48c022du196gjj","time":1612932783,"event":{"mods":["BaseMod","Better Third Choice","Colored Map","Hubris","Minty Spire (QoL Compilation)","Monster B Gone","Quick Restart","Reliquary","Replay The Spire","Say the Spire","Smile Girya","Spicy Shops","StSLib"],"gold_per_floor":[129,35,35,69,344,386,402,427,454,480,480,513,513,535,535,609,659,675,445,460,460,460,460,460,460,460,477,511,525,561,561,561],"floor_reached":31,"language":"ENG","playtime":1971,"items_purged":["Regret"],"score":509,"play_id":"e18dc5f3-8985-4e5d-9e51-94604998e398","local_time":"20210209225303","is_ascension_mode":true,"campfire_choices":[{"floor":11,"key":"REST"},{"data":"Apotheosis","floor":13,"key":"SMITH"},{"floor":15,"key":"REST"}],"circlet_count":0,"master_deck":["AscendersBane","Strike_R","Strike_R","Strike_R","Strike_R","Strike_R","Defend_R","Defend_R","Defend_R","Defend_R","Bash","hubris:MerchantsHand","Apotheosis+1","Wild Strike","Shrug It Off","Pommel Strike","ReplayTheSpireMod:Stacked","Cleave","Wild Strike","Wild Strike+1","Iron Wave","Juggernaut","Sword Boomerang","Headbutt","Flex+1","Enlightenment","Metallicize","Insight","Rage","Flame Barrier","hubris:ReadiedAction","Reckless Charge+1","Iron Wave"],"relics":["Burning Blood","Torii","reliquary:PurpleTingedLeaf","reliquary:Stiletto","reliquary:PrincelyHelmet","Replay:Mystery Machine","Akabeko","Odd Mushroom","Tiny House","hubris:Towel","Calipers","Prayer Wheel","Blue Doll","reliquary:PorcupineQuills"],"acts_visited":["Exordium","TheCity"],"potions_floor_usage":[6,14,18,29,30],"damage_taken":[{"damage":11,"enemies":"Cultist","floor":1,"turns":4},{"damage":8,"enemies":"2 Louse","floor":4,"turns":4},{"damage":22,"enemies":"3 Sentries","floor":6,"turns":10},{"damage":1,"enemies":"Jaw Worm","floor":7,"turns":3},{"damage":23,"enemies":"Gremlin Nob","floor":8,"turns":5},{"damage":13,"enemies":"3 Louse","floor":10,"turns":4},{"damage":17,"enemies":"Lagavulin","floor":12,"turns":7},{"damage":18,"enemies":"The Mushroom Lair","floor":14,"turns":3},{"damage":21,"enemies":"The Guardian","floor":16,"turns":14},{"damage":0,"enemies":"Spheric Guardian","floor":18,"turns":1},{"damage":9,"enemies":"3 Byrds","floor":20,"turns":6},{"damage":11,"enemies":"Snecko","floor":27,"turns":4},{"damage":53,"enemies":"Book of Stabbing","floor":28,"turns":6},{"damage":6,"enemies":"Snake Plant","floor":29,"turns":2},{"damage":37,"enemies":"Slavers","floor":30,"turns":9},{"damage":14,"enemies":"Chosen and Byrds","floor":31,"turns":4}],"seed_played":"5791640996185296455","potions_obtained":[{"floor":4,"key":"SkillPotion"},{"floor":10,"key":"SmokeBomb"},{"floor":12,"key":"SteroidPotion"},{"floor":17,"key":"Fire Potion"},{"floor":20,"key":"BloodPotion"},{"floor":29,"key":"HeartOfIron"}],"is_trial":false,"path_per_floor":["M","$","T","M","?","E","M","E","T","M","R","E","R","?","R","B",null,"M","$","M","?","?","?","?","?","T","M","E","M","E","M"],"character_chosen":"IRONCLAD","items_purchased":["Torii","Flex+1","Enlightenment"],"campfire_rested":2,"item_purchase_floors":[2,19,19],"current_hp_per_floor":[63,63,63,62,62,49,55,39,39,33,55,45,45,34,56,43,72,78,78,76,76,76,76,76,76,76,71,25,41,12,0,0],"gold":561,"neow_bonus":"RANDOM_COLORLESS_2","is_daily":false,"chose_seed":false,"campfire_upgraded":1,"win_rate":0.0,"timestamp":1612932783,"path_taken":["M","$","?","M","?","E","?","E","T","M","R","E","R","?","R","BOSS","M","$","M","?","?","?","?","?","T","M","E","M","E","?"],"items_purchased_type":["Relic","Card","Card"],"build_version":"2020-12-22","purchased_purges":1,"victory":false,"max_hp_per_floor":[75,75,75,75,75,75,75,75,75,75,75,75,75,75,75,75,80,80,80,80,80,80,80,80,80,80,80,80,80,80,80,80],"card_choices":[{"not_picked":["Poisoned Strike","Midas Touch"],"picked":"Apotheosis","floor":0},{"not_picked":["Perfected Strike","Body Slam"],"picked":"Wild Strike","floor":1},{"not_picked":["Corruption","Thunderclap"],"picked":"Shrug It Off","floor":4},{"not_picked":["Body Slam","Clash"],"picked":"Pommel Strike","floor":6},{"not_picked":["Power Through","Heavy Blade"],"picked":"ReplayTheSpireMod:Stacked","floor":7},{"not_picked":["Shrug It Off","Bloodletting"],"picked":"Cleave","floor":8},{"not_picked":["Armaments","Searing Blow"],"picked":"Wild Strike","floor":10},{"not_picked":["hubris:SharpeningStone","Limit Break"],"picked":"Wild Strike","floor":12},{"not_picked":["Body Slam","True Grit"],"picked":"Iron Wave","floor":14},{"not_picked":["Limit Break","Exhume"],"picked":"Juggernaut","floor":16},{"not_picked":["Clothesline","ReplayTheSpireMod:Corrosion Curse"],"picked":"Sword Boomerang","floor":17},{"not_picked":["Armaments","Perfected Strike"],"picked":"Headbutt","floor":18},{"not_picked":["Body Slam","Heavy Blade"],"picked":"Metallicize","floor":20},{"not_picked":["Entrench","Iron Wave"],"picked":"Rage","floor":27},{"not_picked":["Twin Strike","Dropkick","Whirlwind"],"picked":"SKIP","floor":27},{"not_picked":["Havoc+1","Anger"],"picked":"Flame Barrier","floor":28},{"not_picked":["Body Slam","Perfected Strike"],"picked":"hubris:ReadiedAction","floor":29},{"not_picked":["ReplayTheSpireMod:Corrosion Curse","Replay:Undeath\u0027s Touch"],"picked":"Reckless Charge+1","floor":29},{"not_picked":["Warcry","Anger"],"picked":"Iron Wave","floor":30}],"player_experience":877533,"relics_obtained":[{"floor":3,"key":"reliquary:PurpleTingedLeaf"},{"floor":6,"key":"reliquary:Stiletto"},{"floor":8,"key":"reliquary:PrincelyHelmet"},{"floor":9,"key":"Replay:Mystery Machine"},{"floor":12,"key":"Akabeko"},{"floor":14,"key":"Odd Mushroom"},{"floor":26,"key":"Calipers"},{"floor":28,"key":"Blue Doll"},{"floor":30,"key":"reliquary:PorcupineQuills"}],"event_choices":[{"damage_healed":0,"gold_gain":275,"player_choice":"Desecrate","damage_taken":0,"max_hp_gain":0,"max_hp_loss":0,"event_name":"Golden Shrine","floor":5,"gold_loss":0,"cards_obtained":["Regret"]},{"damage_healed":0,"gold_gain":0,"player_choice":"Fought Mushrooms","damage_taken":0,"max_hp_gain":0,"max_hp_loss":0,"event_name":"Mushrooms","floor":14,"gold_loss":0},{"damage_healed":0,"gold_gain":0,"player_choice":"Read","damage_taken":0,"max_hp_gain":0,"max_hp_loss":0,"event_name":"The Library","floor":23,"gold_loss":0,"cards_obtained":["ReplayTheSpireMod:Fabricate Wheel"]},{"damage_healed":0,"gold_gain":0,"player_choice":"Insight","damage_taken":0,"max_hp_gain":0,"max_hp_loss":0,"event_name":"betterThird:BetterWriting","floor":24,"gold_loss":0,"cards_obtained":["Insight"]},{"cards_removed":["Defend_G"],"damage_healed":0,"gold_gain":0,"player_choice":"Offered Basic","damage_taken":0,"max_hp_gain":0,"max_hp_loss":0,"event_name":"Bonfire Elementals","floor":25,"gold_loss":0}],"is_beta":false,"boss_relics":[{"not_picked":["reliquary:Craggleroot","hubris:CrackedHourglass"],"picked":"Tiny House"}],"items_purged_floors":[19],"is_endless":false,"potions_floor_spawned":[4,10,12,20,27,29],"killed_by":"Chosen and Byrds","ascension_level":15}}