{"host":"1g0zx6fxgd1m75qs","time":1612976188,"event":{"mods":["Act Like it!","BaseMod","GifTheSpireLib","Googly Eyes","Ironclad Rager","Menagerie","Minty Spire (QoL Compilation)","Reliquary","StSLib","The Jungle"],"gold_per_floor":[111,127,81,93,105,135,135,152,178,213,226,261,261,261,261,366,366,385,385,397,397,415,415,449,449,449,449,460,471,490,405,405,405,405],"floor_reached":33,"language":"ENG","playtime":1405,"items_purged":[],"score":269,"play_id":"0c120017-df7f-422a-abb4-1393fd6d3fa7","local_time":"20210210175628","is_ascension_mode":false,"campfire_choices":[{"floor":7,"key":"REST"},{"floor":13,"key":"RECALL"},{"data":"Eruption","floor":15,"key":"SMITH"},{"floor":23,"key":"REST"},{"data":"DeusExMachina","floor":25,"key":"SMITH"},{"floor":32,"key":"REST"}],"circlet_count":0,"master_deck":["Eruption+1","Vigilance","ICR:DragonStrike","ICR:DragonStrike","ICR:DragonStrike","ICR:DragonStrike","ICR:CraneWing","ICR:CraneWing","ICR:CraneWing","ICR:CraneWing","FlurryOfBlows","ClearTheMind","Crescendo","Conclude","Consecrate","Halt","EmptyMind","EmptyFist","Judgement+1","FlurryOfBlows","DeceiveReality","DeusExMachina+1","Evaluate+1","FearNoEvil","FlurryOfBlows"],"relics":["PureWater","reliquary:SharkskinSheath","Strawberry","reliquary:RedPaperclip","Tiny Chest","Red Mask","reliquary:SharkskinSheath","reliquary:FerryPass"],"acts_visited":["Menagerie:Menagerie","TheCity"],"potions_floor_usage":[10,16,16,22,29,33],"damage_taken":[{"damage":1,"enemies":"Menagerie:WhisperingWraith","floor":1,"turns":3},{"damage":0,"enemies":"Menagerie:StygianBoar","floor":2,"turns":2},{"damage":0,"enemies":"Menagerie:2_RABBITS","floor":4,"turns":3},{"damage":13,"enemies":"Menagerie:EntropyWarlock","floor":5,"turns":2},{"damage":19,"enemies":"Menagerie:VoidReaper","floor":6,"turns":5},{"damage":0,"enemies":"Menagerie:KEEPER_AND_YOUNG_SUNEATER","floor":8,"turns":4},{"damage":13,"enemies":"Menagerie:MaskedSummoner","floor":10,"turns":6},{"damage":8,"enemies":"Menagerie:BEAST_MAGE_AND_PROWLING_AMALGAM","floor":11,"turns":5},{"damage":13,"enemies":"Menagerie:Hydra","floor":12,"turns":4},{"damage":23,"enemies":"Menagerie:AVATARS","floor":16,"turns":7},{"damage":5,"enemies":"2 Thieves","floor":18,"turns":3},{"damage":30,"enemies":"Shell Parasite","floor":20,"turns":5},{"damage":20,"enemies":"Snake Plant","floor":22,"turns":5},{"damage":2,"enemies":"Masked Bandits","floor":24,"turns":3},{"damage":0,"enemies":"Sentry and Sphere","floor":28,"turns":3},{"damage":18,"enemies":"Centurion and Healer","floor":29,"turns":3},{"damage":3,"enemies":"Snecko","floor":30,"turns":4},{"damage":56,"enemies":"Collector","floor":33,"turns":8}],"seed_played":"1596438905282673005","potions_obtained":[{"floor":1,"key":"Energy Potion"},{"floor":6,"key":"Regen Potion"},{"floor":11,"key":"ColorlessPotion"},{"floor":18,"key":"GamblersBrew"},{"floor":22,"key":"FearPotion"},{"floor":24,"key":"Weak Potion"}],"is_trial":false,"path_per_floor":["M","M","$","M","M","E","R","M","T","E","M","E","R","$","R","B",null,"M","?","M","?","M","R","?","R","T","T","M","M","M","?","R","B"],"character_chosen":"WATCHER","items_purchased":["Crescendo"],"campfire_rested":3,"item_purchase_floors":[3],"current_hp_per_floor":[71,71,71,71,58,39,60,60,60,56,50,46,46,46,46,23,83,78,78,48,48,28,52,50,50,50,50,50,32,29,29,53,0,0],"gold":405,"neow_bonus":"WATCHER_MONK","is_daily":false,"chose_seed":false,"campfire_upgraded":2,"win_rate":0.0,"timestamp":1612976188,"path_taken":["M","M","$","M","M","E","R","M","T","E","M","E","R","$","R","BOSS","M","?","M","?","?","R","?","R","T","?","?","M","M","?","R","BOSS"],"items_purchased_type":["Card"],"build_version":"2020-12-22","purchased_purges":0,"victory":false,"max_hp_per_floor":[72,72,72,72,72,72,72,72,72,72,74,83,83,83,83,83,83,83,83,83,83,83,83,83,83,83,83,83,83,83,83,83,83,83],"card_choices":[{"not_picked":["WaveOfTheHand","Evaluate"],"picked":"FlurryOfBlows","floor":1},{"not_picked":["Sanctity","FlyingSleeves"],"picked":"ClearTheMind","floor":2},{"not_picked":["CrushJoints","Protect"],"picked":"Conclude","floor":4},{"not_picked":["Collect","FlyingSleeves"],"picked":"Consecrate","floor":5},{"not_picked":["Prostrate","Crescendo"],"picked":"Halt","floor":6},{"not_picked":["CarveReality","FollowUp"],"picked":"EmptyMind","floor":8},{"not_picked":["ThirdEye","Meditate"],"picked":"EmptyFist","floor":10},{"not_picked":["EmptyFist","ConjureBlade","Crescendo"],"picked":"Singing Bowl","floor":11},{"not_picked":["BowlingBash","CutThroughFate","Nirvana"],"picked":"Singing Bowl","floor":12},{"not_picked":["Omniscience","Vault"],"picked":"Judgement","floor":16},{"not_picked":["Halt","Evaluate+1"],"picked":"FlurryOfBlows","floor":18},{"not_picked":["Evaluate","FlyingSleeves"],"picked":"DeceiveReality","floor":20},{"not_picked":["DeceiveReality+1","EmptyBody"],"picked":"DeusExMachina","floor":22},{"not_picked":["EmptyFist","ThirdEye"],"picked":"Evaluate+1","floor":24},{"not_picked":["Meditate","PathToVictory+1"],"picked":"FearNoEvil","floor":28},{"not_picked":["Wallop","ThirdEye","WreathOfFlame+1"],"picked":"SKIP","floor":29},{"not_picked":["Halt","Nirvana"],"picked":"FlurryOfBlows","floor":30}],"player_experience":275665,"relics_obtained":[{"floor":6,"key":"Singing Bowl"},{"floor":9,"key":"reliquary:SharkskinSheath"},{"floor":10,"key":"reliquary:Boomerang"},{"floor":12,"key":"Strawberry"},{"floor":24,"key":"Red Mask"},{"floor":27,"key":"reliquary:SculptingSteel"}],"event_choices":[{"damage_healed":0,"gold_gain":0,"player_choice":"Opened","damage_taken":0,"relics_obtained":["Tiny Chest"],"max_hp_gain":0,"max_hp_loss":0,"event_name":"The Mausoleum","floor":19,"gold_loss":0},{"damage_healed":0,"gold_gain":0,"player_choice":"Upgraded","damage_taken":0,"max_hp_gain":0,"max_hp_loss":0,"event_name":"Upgrade Shrine","floor":21,"gold_loss":0,"cards_upgraded":["Judgement"]},{"damage_healed":0,"gold_gain":0,"player_choice":"Fought Bandits","damage_taken":0,"max_hp_gain":0,"max_hp_loss":0,"event_name":"Masked Bandits","floor":24,"gold_loss":0},{"damage_healed":0,"gold_gain":0,"player_choice":"Obtained Relic","damage_taken":0,"relics_obtained":["reliquary:FerryPass"],"max_hp_gain":0,"max_hp_loss":0,"event_name":"Addict","floor":31,"gold_loss":85}],"is_beta":false,"boss_relics":[{"not_picked":["SlaversCollar","Cursed Key"],"picked":"reliquary:RedPaperclip"}],"items_purged_floors":[],"is_endless":false,"potions_floor_spawned":[1,6,11,18,22,24],"killed_by":"Collector","ascension_level":0}}