{"host":"m4fde88tb3xp4z28","time":1612972449,"event":{"mods":["Act Like it!","Aspiration","BaseMod","Better Sensory Stone","Better Third Choice","BetterRewards","Conspire","Downfall","Elementarium","Halation","Hubris","Ironclad Rager","Menagerie","Minty Spire (QoL Compilation)","Pale of the Ancients","Replay The Spire","Spicy Shops","Spikes Relics","StSLib","The Blue Laboratory","The Sage","Wandering Minibosses"],"gold_per_floor":[180,193,6000,6016,6016,6029,6042,6002,6002,4909,4928,4938,4928,3972,3972,4071,4071,4086,3085,3100,3118,3134,3134,3150,3185,3212,2343,2377,2377,2394,2407,2407,2512,2512,2524,2524,2541,2560,1550,1550,1550,1550],"floor_reached":41,"language":"ENG","playtime":3715,"items_purged":["sagemod:Strike","sagemod:Strike","sagemod:Strike","sagemod:Brewmaster","sagemod:Bouncing_Strike","sagemod:Defend","sagemod:Defend","Clumsy"],"score":606,"play_id":"470a4fbe-ed6a-4003-847d-9d520a647153","local_time":"20210210095409","is_ascension_mode":false,"campfire_choices":[{"data":"sagemod:Poem","floor":15.0,"key":"SMITH"},{"data":"sagemod:How_To_Befriend_A_Turtle","floor":23.0,"key":"SMITH"},{"data":"sagemod:Read_The_Riot_Act","floor":32.0,"key":"SMITH"},{"data":"sagemod:How_To_Befriend_A_Turtle","floor":40.0,"key":"SMITH"}],"circlet_count":0,"master_deck":["sagemod:Strike","sagemod:Defend","sagemod:Upwards","sagemod:How_To_Warm_Elephants","sagemod:Poem+1","sagemod:Ambition","sagemod:Brewmaster","sagemod:How_To_Poke_At_Slimes+1","sagemod:Rickety_Defense","sagemod:Spoon_Strike+1","sagemod:Taste_This_One","sagemod:How_To_Charm_A_Sentry","sagemod:Read_The_Riot_Act+1","sagemod:How_To_Befriend_A_Turtle+1","sagemod:How_To_Befriend_A_Turtle+1","sagemod:Armor_Brew+1","sagemod:How_To_Murder_Ants+1","sagemod:Slalom+1","sagemod:Quackster","Madness","Madness"],"relics":["sagemod:Flying_Carpet","NeowsBlessing","Replay:Bottled Steam","hubris:TenFootPole","Boot","OrangePellets","LugNut","Akabeko","Happy Flower","hubris:EmptyBottle","halation:SwordOfLegend","Lee\u0027s Waffle","SacredBark","Pear","StrikeDummy","conspire:DeflatedDodgeball","Lizard Tail","hubris:AstralHammer","Ice Cream","SnailShell","hubris:Spice","Empty Cage","Whetstone","sagemod:Cookbook","halation:Sosunser","HandDrill"],"acts_visited":["Exordium","TheCity","TheBeyond"],"potions_floor_usage":[],"damage_taken":[{"damage":0.0,"enemies":"Jaw Worm","floor":1.0,"turns":1.0},{"damage":0.0,"enemies":"Cultist","floor":2.0,"turns":1.0},{"damage":2.0,"enemies":"conspire:RoseBush","floor":4.0,"turns":1.0},{"damage":12.0,"enemies":"Gremlin Gang","floor":6.0,"turns":8.0},{"damage":0.0,"enemies":"3 Louse","floor":7.0,"turns":1.0},{"damage":4.0,"enemies":"Lots of Slimes","floor":11.0,"turns":2.0},{"damage":4.0,"enemies":"2 Fungi Beasts","floor":12.0,"turns":4.0},{"damage":15.0,"enemies":"Exordium Thugs","floor":13.0,"turns":4.0},{"damage":39.0,"enemies":"The Guardian","floor":16.0,"turns":8.0},{"damage":27.0,"enemies":"conspire:FuzzyDice","floor":18.0,"turns":5.0},{"damage":0.0,"enemies":"3 Byrds","floor":20.0,"turns":1.0},{"damage":1.0,"enemies":"Centurion and Healer","floor":21.0,"turns":12.0},{"damage":0.0,"enemies":"Snake Plant","floor":22.0,"turns":1.0},{"damage":0.0,"enemies":"3 Cultists","floor":24.0,"turns":6.0},{"damage":0.0,"enemies":"conspire:SneckoGhost","floor":25.0,"turns":9.0},{"damage":3.0,"enemies":"Replay:Snechameleon","floor":28.0,"turns":3.0},{"damage":22.0,"enemies":"Cultist and Chosen","floor":30.0,"turns":6.0},{"damage":1.0,"enemies":"Snake Plant","floor":31.0,"turns":5.0},{"damage":0.0,"enemies":"Automaton","floor":33.0,"turns":10.0},{"damage":0.0,"enemies":"3 Darklings","floor":35.0,"turns":2.0},{"damage":64.0,"enemies":"3 Shapes","floor":37.0,"turns":3.0},{"damage":15.0,"enemies":"Jaw Worm Horde","floor":38.0,"turns":4.0},{"damage":0,"enemies":"Maw","floor":41,"turns":1}],"seed_played":"4920652362130142272","potions_obtained":[{"floor":2.0,"key":"blueLaboratory:BubblePotion"},{"floor":8.0,"key":"champ:CounterPotion"},{"floor":8.0,"key":"blueLaboratory:PolymorphPotion"},{"floor":8.0,"key":"blueLaboratory:BubblePotion"},{"floor":11.0,"key":"BlessingOfTheForge"},{"floor":13.0,"key":"blueLaboratory:NullPotion"},{"floor":16.0,"key":"LiquidMemories"},{"floor":18.0,"key":"Explosive Potion"},{"floor":21.0,"key":"blueLaboratory:StoneskinPotion"},{"floor":25.0,"key":"Milkshake"},{"floor":28.0,"key":"Explosive Potion"},{"floor":33.0,"key":"Explosive Potion"},{"floor":33.0,"key":"Block Potion"},{"floor":33.0,"key":"Explosive Potion"},{"floor":33.0,"key":"Block Potion"},{"floor":33.0,"key":"BlessingOfTheForge"},{"floor":38.0,"key":"Milkshake"},{"floor":38.0,"key":"FearPotion"}],"is_trial":false,"path_per_floor":["M","M","?","M","?","M","M","?","T","$","M","M","M","$","R","B",null,"M","$","M","M","M","R","M","E","T","$","E","?","M","M","R","B",null,"M","?","M","M","$","R","M"],"character_chosen":"THE_SAGE","items_purchased":["sagemod:Spoon_Strike","hubris:TenFootPole","Boot","OrangePellets","LugNut","Akabeko","DuplicationPotion","Happy Flower","hubris:EmptyBottle","halation:SwordOfLegend","Lee\u0027s Waffle","Fruit Juice","blueLaboratory:BottledHope","sagemod:Bouncing_Strike","sagemod:How_To_Befriend_A_Turtle","Pear","StrikeDummy","blueLaboratory:RecallPotion","Lizard Tail","hubris:AstralHammer","Ice Cream","Whetstone","sagemod:Cookbook","halation:Sosunser","hubris:Spice","HandDrill"],"campfire_rested":0,"item_purchase_floors":[10,10,10,10,10,10,10,14,14,14,14,14,14,14,19,19,19,19,27,27,27,39,39,39,39,39],"current_hp_per_floor":[50,50,50,48,48,36,36,36,36,36,32,28,13,67,66,27,67,40,50,50,59,59,74,74,74,74,74,71,79,57,56,65,65,95,95,89,25,10,18,30,30,30],"gold":1550,"neow_bonus":"THREE_ENEMY_KILL","is_daily":false,"chose_seed":false,"campfire_upgraded":4,"win_rate":0.0,"timestamp":1612972449,"path_taken":["M","M","?","?","?","?","M","?","T","$","M","M","M","$","R","BOSS","M","$","M","M","M","R","?","E","T","$","E","?","?","M","R","BOSS","M","?","M","M","$","R","M"],"items_purchased_type":["Card","Relic","Relic","Relic","Relic","Relic","Potion","Relic","Relic","Relic","Relic","Potion","Potion","Card","Card","Relic","Relic","Potion","Relic","Relic","Relic","Relic","Relic","Relic","Relic","Relic"],"build_version":"2020-12-22","purchased_purges":8,"victory":false,"max_hp_per_floor":[50,50,50,50,50,50,50,50,50,50,50,50,50,67,67,67,67,67,77,77,87,87,87,87,87,87,87,87,95,95,95,95,95,95,95,95,95,95,103,103,103,103],"card_choices":[{"not_picked":["sagemod:Energetic_Brew","sagemod:Grounded_Strike"],"picked":"sagemod:Brewmaster","floor":1.0},{"not_picked":["sagemod:Armor_Brew","sagemod:Lunchtime"],"picked":"sagemod:How_To_Warm_Elephants","floor":2.0},{"not_picked":["sagemod:Step_Back","sagemod:Energetic_Brew"],"picked":"sagemod:Poem","floor":4.0},{"not_picked":["sagemod:Undermine","sagemod:Armor_Brew"],"picked":"sagemod:How_To_Poke_At_Slimes","floor":6.0},{"not_picked":["sagemod:Deadly_Contraption","sagemod:Ambition"],"picked":"sagemod:Rickety_Defense","floor":7.0},{"not_picked":["sagemod:Cane_Strike","sagemod:Energetic_Brew"],"picked":"sagemod:Taste_This_One","floor":11.0},{"not_picked":["sagemod:Undermine","sagemod:Pincer_Repair","sagemod:Armor_Brew"],"picked":"SKIP","floor":12.0},{"not_picked":["sagemod:Accumulation","sagemod:Cane_Strike"],"picked":"sagemod:How_To_Charm_A_Sentry","floor":13.0},{"not_picked":["sagemod:Alchemy_Expert","sagemod:Blurry"],"picked":"sagemod:Read_The_Riot_Act","floor":16.0},{"not_picked":["sagemod:Ambition+1","sagemod:Pour_Tar_Pitch+1"],"picked":"sagemod:How_To_Befriend_A_Turtle","floor":18.0},{"not_picked":["sagemod:How_To_Charm_A_Sentry","sagemod:How_To_Befriend_A_Turtle","sagemod:Ambition"],"picked":"SKIP","floor":20.0},{"not_picked":["sagemod:Grounded_Strike+1","sagemod:Bouncing_Strike+1"],"picked":"sagemod:Armor_Brew+1","floor":21.0},{"not_picked":["sagemod:Riches","sagemod:About_Clark","sagemod:Cane_Strike"],"picked":"SKIP","floor":22.0},{"not_picked":["sagemod:Fire_Brew+1","sagemod:Flight_Feint","sagemod:Undermine"],"picked":"SKIP","floor":24.0},{"not_picked":["sagemod:Fire_Brew+1","sagemod:Cane_Strike"],"picked":"sagemod:How_To_Murder_Ants+1","floor":25.0},{"not_picked":["sagemod:Pour_Tar_Pitch+1","sagemod:Armor_Brew","sagemod:How_To_Warm_Elephants"],"picked":"SKIP","floor":28.0},{"not_picked":["sagemod:How_To_Befriend_A_Turtle+1","sagemod:Crank"],"picked":"sagemod:Slalom+1","floor":30.0},{"not_picked":["sagemod:Slalom+1","sagemod:Spoiled_Food","sagemod:How_To_Befriend_A_Turtle"],"picked":"SKIP","floor":31.0},{"not_picked":["sagemod:Slalom","sagemod:Perpetuum_Mobile"],"picked":"sagemod:Quackster","floor":35.0},{"not_picked":["sagemod:Salty_Strike+1","sagemod:Slalom+1","sagemod:Fire_Brew"],"picked":"SKIP","floor":37.0},{"not_picked":["sagemod:Bouncing_Strike","sagemod:How_To_Befriend_A_Turtle","sagemod:Step_Back"],"picked":"SKIP","floor":38.0}],"player_experience":352064,"relics_obtained":[{"floor":9.0,"key":"Replay:Bottled Steam"},{"floor":25.0,"key":"conspire:DeflatedDodgeball"},{"floor":28.0,"key":"SnailShell"},{"floor":29.0,"key":"hubris:Spice"}],"event_choices":[{"damage_healed":0.0,"max_hp_gain":0.0,"max_hp_loss":0.0,"gold_gain":100.0,"event_name":"Golden Shrine","player_choice":"Pray","floor":3.0,"gold_loss":0.0,"damage_taken":0.0},{"damage_healed":0.0,"max_hp_gain":0.0,"max_hp_loss":0.0,"gold_gain":0.0,"event_name":"Match and Keep!","player_choice":"3 cards matched","floor":5.0,"gold_loss":0.0,"damage_taken":0.0,"cards_obtained":["sagemod:Ambition","sagemod:Brewmaster","sagemod:Prey"]},{"damage_healed":0.0,"max_hp_gain":0.0,"max_hp_loss":0.0,"gold_gain":0.0,"event_name":"The Woman in Blue","player_choice":"Bought 3 Potions","floor":8.0,"gold_loss":0.0,"damage_taken":0.0},{"damage_healed":0.0,"max_hp_gain":0.0,"max_hp_loss":0.0,"gold_gain":0.0,"event_name":"Wheel of Change","player_choice":"Relic","floor":29.0,"gold_loss":0.0,"damage_taken":0.0},{"damage_healed":0.0,"max_hp_gain":0.0,"max_hp_loss":0.0,"gold_gain":0.0,"event_name":"Winding Halls","player_choice":"Embrace Madness","floor":36.0,"gold_loss":0.0,"damage_taken":12.0,"cards_obtained":["Madness","Madness"]}],"is_beta":false,"boss_relics":[{"not_picked":["hubris:GrandSneckoEye","aspiration:SilentSkillbook"],"picked":"SacredBark"},{"not_picked":["halation:CatFaceCupcake","sagemod:Falmels_Amulet"],"picked":"Empty Cage"}],"items_purged_floors":[10,14,14,19,19,27,39,39],"is_endless":false,"potions_floor_spawned":[2,11,13,16,18,21,25,28,31,33,37],"killed_by":"Maw","ascension_level":0}}