{"host":"7c48c022du196gjj","time":1612937503,"event":{"mods":["BaseMod","Better Third Choice","Colored Map","Hubris","Minty Spire (QoL Compilation)","Monster B Gone","Quick Restart","Reliquary","Replay The Spire","Say the Spire","Smile Girya","Spicy Shops","StSLib"],"gold_per_floor":[117,43,43,55,70,70,70,70],"floor_reached":7,"language":"ENG","playtime":136,"items_purged":[],"score":72,"play_id":"4d4eaecd-c961-4eed-a76d-7f6154797a6c","local_time":"20210210001143","is_ascension_mode":true,"campfire_choices":[{"data":"Fire Breathing","floor":6,"key":"SMITH"}],"circlet_count":0,"master_deck":["AscendersBane","Strike_R","Strike_R","Strike_R","Strike_R","Strike_R","Defend_R","Defend_R","Defend_R","Defend_R","Bash","Cleave","Cleave","Shrug It Off","Fire Breathing+1"],"relics":["Burning Blood","NeowsBlessing","Cauldron","Replay:Kaleidoscope"],"acts_visited":["Exordium"],"potions_floor_usage":[2],"damage_taken":[{"damage":0,"enemies":"2 Louse","floor":1,"turns":1},{"damage":0,"enemies":"Cultist","floor":4,"turns":1},{"damage":0,"enemies":"Small Slimes","floor":5,"turns":1},{"damage":51,"enemies":"Gremlin Nob","floor":7,"turns":5}],"seed_played":"4740818279718937387","potions_obtained":[{"floor":2,"key":"Fruit Juice"},{"floor":2,"key":"EssenceOfSteel"},{"floor":2,"key":"FearPotion"},{"floor":4,"key":"LiquidBronze"}],"is_trial":false,"path_per_floor":["M","$","?","M","M","R","E"],"character_chosen":"IRONCLAD","items_purchased":["Cauldron"],"campfire_rested":0,"item_purchase_floors":[2],"current_hp_per_floor":[74,79,79,80,80,80,29,29],"gold":70,"neow_bonus":"THREE_ENEMY_KILL","is_daily":false,"chose_seed":false,"campfire_upgraded":1,"win_rate":0.0,"timestamp":1612937503,"path_taken":["M","$","?","M","?","R","E"],"items_purchased_type":["Relic"],"build_version":"2020-12-22","purchased_purges":0,"victory":false,"max_hp_per_floor":[75,80,80,80,80,80,80,80],"card_choices":[{"not_picked":["Perfected Strike","Pommel Strike"],"picked":"Cleave","floor":1},{"not_picked":["Perfected Strike","Pommel Strike"],"picked":"Cleave","floor":1},{"not_picked":["Searing Blow","True Grit"],"picked":"Shrug It Off","floor":4},{"not_picked":["Run Through","Clothesline"],"picked":"Fire Breathing","floor":5}],"player_experience":877533,"relics_obtained":[{"floor":3,"key":"Replay:Kaleidoscope"}],"event_choices":[{"damage_healed":0,"gold_gain":0,"player_choice":"Relic","damage_taken":0,"max_hp_gain":0,"max_hp_loss":0,"event_name":"Wheel of Change","floor":3,"gold_loss":0}],"is_beta":false,"boss_relics":[],"items_purged_floors":[],"is_endless":false,"potions_floor_spawned":[4],"killed_by":"Gremlin Nob","ascension_level":15}}