{"host":"dcj2yvrgcvh5dl2s","time":1612937750,"event":{"mods":["BaseMod","Bestiary","Better Note","Block Reminder","Colored Powertips","Curses Come First","DeckTracker","Minty Spire (QoL Compilation)","Quick Restart","Rare Cards Sparkle","Relic Stats","StSLib"],"gold_per_floor":[368,643,660,678,678,678,704,704,782,782,107,107,134,150,150,227,227,239,239,164,164,175,202,202,227,227,227,239,272,284,299,299,299,299],"floor_reached":33,"language":"ENG","playtime":979,"items_purged":["Regret"],"score":701,"play_id":"388fbb02-3494-4b56-8f4d-24283b1d5f24","local_time":"20210210161550","is_ascension_mode":true,"campfire_choices":[{"data":"Whirlwind","floor":6,"key":"SMITH"},{"floor":8,"key":"REST"},{"data":"Pommel Strike","floor":10,"key":"SMITH"},{"data":"Infernal Blade","floor":15,"key":"SMITH"},{"floor":24,"key":"REST"},{"floor":27,"key":"REST"},{"floor":32,"key":"REST"}],"circlet_count":0,"master_deck":["AscendersBane","Strike_R","Strike_R","Strike_R","Strike_R","Strike_R","Defend_R","Defend_R","Defend_R","Defend_R+1","Bash","Whirlwind+1","Sword Boomerang","Pommel Strike+1","Pummel","Infernal Blade+1","Pommel Strike+1","Infernal Blade+1","Limit Break","Twin Strike","Infernal Blade","Disarm","Heavy Blade","Pummel"],"relics":["Burning Blood","Omamori","Kunai","StrikeDummy","Red Skull","Pen Nib","Calling Bell","War Paint","Singing Bowl","Mango","Enchiridion","Blue Candle","Mummified Hand","Nunchaku","Gremlin Horn"],"acts_visited":["TheCity"],"potions_floor_usage":[4,16,22,29,33,33],"damage_taken":[{"damage":7,"enemies":"Small Slimes","floor":1,"turns":4},{"damage":19,"enemies":"Cultist","floor":3,"turns":4},{"damage":6,"enemies":"2 Louse","floor":4,"turns":4},{"damage":29,"enemies":"3 Sentries","floor":7,"turns":4},{"damage":0,"enemies":"Gremlin Nob","floor":13,"turns":2},{"damage":9,"enemies":"2 Fungi Beasts","floor":14,"turns":3},{"damage":53,"enemies":"Hexaghost","floor":16,"turns":6},{"damage":11,"enemies":"2 Thieves","floor":18,"turns":2},{"damage":20,"enemies":"3 Byrds","floor":22,"turns":5},{"damage":42,"enemies":"Slavers","floor":23,"turns":3},{"damage":32,"enemies":"Book of Stabbing","floor":25,"turns":3},{"damage":12,"enemies":"3 Cultists","floor":28,"turns":3},{"damage":2,"enemies":"Gremlin Leader","floor":29,"turns":3},{"damage":12,"enemies":"Centurion and Healer","floor":30,"turns":3},{"damage":0,"enemies":"Chosen and Byrds","floor":31,"turns":3},{"damage":74,"enemies":"Collector","floor":33,"turns":6}],"seed_played":"789898366394540709","potions_obtained":[{"floor":1,"key":"Regen Potion"},{"floor":7,"key":"SkillPotion"},{"floor":18,"key":"GamblersBrew"},{"floor":28,"key":"EssenceOfSteel"},{"floor":29,"key":"FearPotion"},{"floor":30,"key":"SkillPotion"},{"floor":31,"key":"DuplicationPotion"}],"is_trial":false,"path_per_floor":["M","?","M","M","?","R","E","R","T","R","$","?","E","M","R","B",null,"M","?","?","?","M","E","R","E","T","R","M","E","M","M","R","B"],"character_chosen":"IRONCLAD","items_purchased":["StrikeDummy","Pummel","Red Skull","Infernal Blade"],"campfire_rested":4,"item_purchase_floors":[11,11,11,11],"current_hp_per_floor":[67,67,54,66,66,66,43,65,65,65,65,70,76,73,73,26,81,78,57,57,57,43,9,38,12,12,41,35,41,35,41,71,0,0],"gold":299,"neow_bonus":"TWO_FIFTY_GOLD","is_daily":false,"chose_seed":false,"campfire_upgraded":3,"win_rate":0.0,"timestamp":1612937750,"path_taken":["M","?","?","M","?","R","E","R","T","R","$","?","E","M","R","BOSS","M","?","?","?","M","E","R","E","T","R","M","E","M","?","R","BOSS"],"items_purchased_type":["Relic","Card","Relic","Card"],"build_version":"2020-12-22","purchased_purges":1,"victory":false,"max_hp_per_floor":[75,75,75,75,75,75,75,75,75,75,75,80,80,80,80,80,94,96,96,96,96,96,98,98,98,98,98,98,100,100,100,100,100,100],"relic_stats":{"Nunchaku":[4],"Singing Bowl":6,"Gremlin Horn":[4,4],"counters":[16,58],"Mummified Hand":[3],"Blue Candle":[0],"Pen Nib":[9],"Kunai":[15],"War Paint":["Infernal Blade","Defend_R"],"obtain_stats":[{"Singing Bowl":17,"Gremlin Horn":29,"Blue Candle":23,"Enchiridion":19,"Mango":17,"Pen Nib":13,"Omamori":7,"War Paint":17,"Burning Blood":0,"Calling Bell":17,"Nunchaku":26,"Mummified Hand":25,"Kunai":9,"StrikeDummy":11,"Red Skull":11},{"Singing Bowl":7,"Gremlin Horn":13,"Blue Candle":10,"Enchiridion":8,"Mango":7,"Pen Nib":5,"Omamori":4,"War Paint":7,"Burning Blood":0,"Calling Bell":7,"Nunchaku":11,"Mummified Hand":11,"Kunai":4,"StrikeDummy":4,"Red Skull":4},{"Singing Bowl":27,"Gremlin Horn":46,"Blue Candle":37,"Enchiridion":29,"Mango":27,"Pen Nib":18,"Omamori":16,"War Paint":27,"Burning Blood":0,"Calling Bell":27,"Nunchaku":40,"Mummified Hand":40,"Kunai":16,"StrikeDummy":16,"Red Skull":16}],"Burning Blood":90},"card_choices":[{"not_picked":["True Grit","Anger","Hemokinesis"],"picked":"SKIP","floor":1},{"not_picked":["Shrug It Off","Flex"],"picked":"Whirlwind","floor":3},{"not_picked":["Seeing Red","Cleave"],"picked":"Sword Boomerang","floor":4},{"not_picked":["Spot Weakness","Dropkick"],"picked":"Pommel Strike","floor":7},{"not_picked":["Ghostly Armor","Impervious"],"picked":"Pommel Strike","floor":13},{"not_picked":["True Grit","Pummel"],"picked":"Infernal Blade","floor":14},{"not_picked":["Barricade","Fiend Fire"],"picked":"Limit Break","floor":16},{"not_picked":["Bloodletting","Iron Wave+1","Anger"],"picked":"Singing Bowl","floor":18},{"not_picked":["True Grit","Rupture"],"picked":"Twin Strike","floor":22},{"not_picked":["Burning Pact","Iron Wave","Barricade"],"picked":"Singing Bowl","floor":23},{"not_picked":["Headbutt","Armaments"],"picked":"Infernal Blade","floor":25},{"not_picked":["Sentinel","Entrench+1"],"picked":"Disarm","floor":28},{"not_picked":["Iron Wave","Sword Boomerang","Anger"],"picked":"Singing Bowl","floor":29},{"not_picked":["Flex","Uppercut+1"],"picked":"Heavy Blade","floor":30},{"not_picked":["Berserk","Headbutt"],"picked":"Pummel","floor":31}],"player_experience":2359078,"relics_obtained":[{"floor":7,"key":"Omamori"},{"floor":9,"key":"Kunai"},{"floor":13,"key":"Pen Nib"},{"floor":17,"key":"War Paint"},{"floor":17,"key":"Singing Bowl"},{"floor":17,"key":"Mango"},{"floor":19,"key":"Enchiridion"},{"floor":23,"key":"Blue Candle"},{"floor":25,"key":"Mummified Hand"},{"floor":26,"key":"Nunchaku"},{"floor":29,"key":"Gremlin Horn"}],"event_choices":[{"damage_healed":0,"gold_gain":275,"player_choice":"Desecrate","damage_taken":0,"max_hp_gain":0,"max_hp_loss":0,"event_name":"Golden Shrine","floor":2,"gold_loss":0,"cards_obtained":["Regret"]},{"damage_healed":0,"gold_gain":0,"player_choice":"Ignored","damage_taken":0,"max_hp_gain":0,"max_hp_loss":0,"event_name":"Liars Game","floor":5,"gold_loss":0},{"damage_healed":0,"gold_gain":0,"player_choice":"Donut","damage_taken":0,"max_hp_gain":5,"max_hp_loss":0,"event_name":"Big Fish","floor":12,"gold_loss":0},{"damage_healed":0,"gold_gain":0,"player_choice":"Obtained Book","damage_taken":21,"max_hp_gain":0,"max_hp_loss":0,"event_name":"Cursed Tome","floor":19,"gold_loss":0},{"cards_removed":["Writhe"],"damage_healed":0,"gold_gain":0,"player_choice":"Gave Gold","damage_taken":0,"max_hp_gain":0,"max_hp_loss":0,"event_name":"Beggar","floor":20,"gold_loss":75},{"damage_healed":0,"gold_gain":0,"player_choice":"Upgraded","damage_taken":0,"max_hp_gain":0,"max_hp_loss":0,"event_name":"Upgrade Shrine","floor":21,"gold_loss":0,"cards_upgraded":["Pommel Strike"]}],"is_beta":false,"boss_relics":[{"not_picked":["Runic Cube","Runic Pyramid"],"picked":"Calling Bell"}],"items_purged_floors":[11],"is_endless":false,"potions_floor_spawned":[1,7,18,28,29,30,31],"killed_by":"Collector","ascension_level":20}}