{"host":"t9667tqki5o0r0xm","time":1612929718,"event":{"mods":["BaseMod","Downfall","Minty Spire (QoL Compilation)","StSLib"],"gold_per_floor":[99,118,218,233,66,66,66,66,66,66,79,97,97,120,138,239,289,289,300,313,313,333,333,333,366,378,44,44,61,79,92,111,207,207,207,218,238,249,15,27,27,27,43,43,93,93,118,61,79,79],"floor_reached":51,"language":"ENG","playtime":5298,"items_purged":["Writhe"],"score":743,"play_id":"e2680def-d3b5-422d-9821-288102fe52f9","local_time":"20210210050158","is_ascension_mode":false,"campfire_choices":[{"data":"champ:Taunt","floor":1,"key":"SMITH"},{"floor":6,"key":"REST"},{"data":"champ:StanceDance","floor":8,"key":"SMITH"},{"data":"champ:Duel","floor":10,"key":"SMITH"},{"data":"champ:StrikeOfGenius","floor":18,"key":"SMITH"},{"data":"champ:Backstep","floor":23,"key":"SMITH"},{"data":"champ:StanceDance","floor":28,"key":"SMITH"},{"data":"champ:GladiatorForm","floor":35,"key":"SMITH"},{"data":"champ:ShieldWall","floor":46,"key":"SMITH"}],"circlet_count":0,"master_deck":["champ:Strike","champ:Strike","champ:Strike","champ:Strike","champ:Defend","champ:Defend","champ:Defend","champ:Defend+1","champ:Execute","champ:Taunt+1","champ:Duel+1","champ:CalledShot+1","champ:AdrenalArmor","champ:StanceDance+1","champ:ShieldWall","champ:FocusedDefense","champ:BringItOn+1","champ:TornadoPunch+1","champ:ShieldSlam","champ:Parry","champ:StrikeOfGenius+1","champ:RapidStrikes","champ:FlashCut+1","champ:Backstep+1","champ:DefensiveShout","champ:PreciseThrust","champ:StanceDance+1","champ:Lariat+1","champ:ShieldWall","champ:PerfectedStrike","champ:GladiatorStyle","champ:HeartStrike","champ:Endure","champ:GladiatorForm+1","CurseOfTheBell","champ:ShieldWall+1","champ:FlashCut+1","champ:EnGarde+1","champ:ShieldWall","champ:Circumvent+1","champ:CrownThrow+1","champ:Haymaker+1"],"relics":["champ:ChampionCrown","WristBlade","InkBottle","Odd Mushroom","Tiny House","Bag of Preparation","StrikeDummy","Red Mask","Calling Bell","champ:DefensiveTrainingManual","Kunai","Mango","champ:FightingForDummies","Regal Pillow","The Courier","Calipers","War Paint"],"acts_visited":["Exordium","TheCity","TheBeyond"],"potions_floor_usage":[14,16,19,25,27,33,33,33,36,39,49,50,50],"damage_taken":[{"damage":29,"enemies":"Cultist","floor":2,"turns":5},{"damage":57,"enemies":"Cultist","floor":3,"turns":8},{"damage":5,"enemies":"Small Slimes","floor":4,"turns":3},{"damage":35,"enemies":"downfall:FleeingMerchant","floor":5,"turns":4},{"damage":10,"enemies":"2 Louse","floor":11,"turns":2},{"damage":31,"enemies":"Exordium Thugs","floor":12,"turns":5},{"damage":5,"enemies":"The Mushroom Lair","floor":14,"turns":5},{"damage":10,"enemies":"Exordium Wildlife","floor":15,"turns":3},{"damage":2,"enemies":"WA_ARCHETYPE_RETAIN","floor":16,"turns":7},{"damage":0,"enemies":"3 Byrds","floor":19,"turns":4},{"damage":13,"enemies":"Shell Parasite","floor":20,"turns":6},{"damage":32,"enemies":"Cultist and Chosen","floor":22,"turns":6},{"damage":25,"enemies":"Masked Bandits","floor":25,"turns":4},{"damage":0,"enemies":"Snake Plant","floor":26,"turns":3},{"damage":0,"enemies":"downfall:FleeingMerchant","floor":27,"turns":4},{"damage":20,"enemies":"3 Cultists","floor":29,"turns":5},{"damage":21,"enemies":"Shelled Parasite and Fungi","floor":30,"turns":5},{"damage":24,"enemies":"Sentry and Sphere","floor":31,"turns":5},{"damage":7,"enemies":"Centurion and Healer","floor":32,"turns":3},{"damage":18,"enemies":"DF_ARCHETYPE_CLAW","floor":33,"turns":7},{"damage":30,"enemies":"3 Darklings","floor":36,"turns":5},{"damage":5,"enemies":"Orb Walker","floor":37,"turns":4},{"damage":2,"enemies":"Spire Growth","floor":38,"turns":5},{"damage":28,"enemies":"downfall:FleeingMerchant","floor":39,"turns":4},{"damage":1,"enemies":"Sphere and 2 Shapes","floor":40,"turns":3},{"damage":0,"enemies":"4 Shapes","floor":43,"turns":8},{"damage":0,"enemies":"4 Shapes","floor":45,"turns":8},{"damage":20,"enemies":"downfall:FleeingMerchant","floor":48,"turns":4},{"damage":2,"enemies":"Writhing Mass","floor":49,"turns":5},{"damage":27,"enemies":"SI_POISON_ARCHETYPE","floor":50,"turns":14}],"seed_played":"689139672333498381","potions_obtained":[{"floor":3,"key":"hexamod:SoulburnPotion"},{"floor":4,"key":"PowerPotion"},{"floor":11,"key":"champ:CounterPotion"},{"floor":14,"key":"Fruit Juice"},{"floor":17,"key":"Fire Potion"},{"floor":20,"key":"champ:OpenerPotion"},{"floor":26,"key":"SneckoOil"},{"floor":29,"key":"Guardian:BlockOnCardUsePotion"},{"floor":33,"key":"champ:OpenerPotion"},{"floor":37,"key":"Energy Potion"},{"floor":38,"key":"Regen Potion"},{"floor":43,"key":"PowerPotion"},{"floor":49,"key":"Guardian:BlockOnCardUsePotion"}],"is_trial":false,"path_per_floor":["R","M","?","M","$","R","T","R","?","R","M","M","?","?","M","B",null,"R","M","M","?","M","R","T","?","M","$","R","M","M","M","M","B",null,"R","M","M","M","$","M","T","?","M","?","?","R","T","$","M","B",null],"character_chosen":"THE_CHAMP","items_purchased":["champ:ShieldWall","champ:FocusedDefense","champ:ShieldWall","Fruit Juice","champ:PerfectedStrike","Dexterity Potion","champ:ShieldWall","champ:FightingForDummies","hexamod:SoulburnPotion"],"campfire_rested":1,"item_purchase_floors":[5,5,27,27,27,27,39,39,48],"current_hp_per_floor":[99,90,53,48,43,72,72,72,72,72,72,61,61,61,61,59,109,109,109,96,96,84,84,84,69,69,74,74,69,68,54,52,39,128,128,98,93,91,97,96,96,96,96,96,96,96,96,96,94,72],"gold":79,"neow_bonus":"TEN_PERCENT_HP_BONUS","is_daily":false,"chose_seed":false,"campfire_upgraded":8,"win_rate":0.0,"timestamp":1612929718,"path_taken":["R","M","?","M","$","R","T","R","?","R","M","M","?","?","M","BOSS","R","M","M","?","M","R","T","?","M","$","R","M","M","M","M","BOSS","R","M","M","M","$","M","T","?","M","?","?","R","?","$","M","BOSS"],"items_purchased_type":["Card","Card","Card","Potion","Card","Potion","Card","Relic","Potion"],"build_version":"2020-12-22","purchased_purges":1,"victory":true,"max_hp_per_floor":[99,99,99,99,99,99,99,99,99,99,99,99,99,104,104,104,109,109,109,109,109,109,109,109,109,109,114,114,114,114,114,114,114,128,128,128,128,128,128,128,128,128,128,128,128,128,128,128,128,128],"card_choices":[{"not_picked":["champ:FlashCut","champ:RisingSlash"],"picked":"champ:Duel","floor":2},{"not_picked":["champ:DefensiveShout","champ:Parry"],"picked":"champ:CalledShot","floor":3},{"not_picked":["champ:FlashCut","champ:Shatter"],"picked":"champ:AdrenalArmor","floor":4},{"not_picked":["champ:Lariat","champ:DefensiveShout"],"picked":"champ:StanceDance","floor":5},{"not_picked":["champ:EnragedBash","champ:TornadoPunch"],"picked":"champ:BringItOn","floor":11},{"not_picked":["champ:Endure","champ:RecklessLeap"],"picked":"champ:TornadoPunch","floor":12},{"not_picked":["champ:PerfectedStrike","champ:TornadoPunch"],"picked":"champ:ShieldSlam","floor":14},{"not_picked":["champ:CrownThrow","champ:DefensiveShout"],"picked":"champ:Parry","floor":15},{"not_picked":["champ:GladiatorForm","champ:SwordThrow"],"picked":"champ:StrikeOfGenius","floor":16},{"not_picked":["champ:TornadoPunch","champ:FalseCounter"],"picked":"champ:RapidStrikes","floor":17},{"not_picked":["champ:BringItOn","champ:Haymaker"],"picked":"champ:FlashCut+1","floor":19},{"not_picked":["champ:FlashCut","champ:AdrenalArmor"],"picked":"champ:Backstep","floor":20},{"not_picked":["champ:TornadoPunch","champ:EnGarde"],"picked":"champ:DefensiveShout","floor":22},{"not_picked":["champ:DefensiveShout+1","champ:HeartStrike"],"picked":"champ:PreciseThrust","floor":25},{"not_picked":["champ:EnGarde","champ:Shatter+1"],"picked":"champ:StanceDance","floor":26},{"not_picked":["champ:FalseCounter","champ:DeathBlow+1"],"picked":"champ:Lariat+1","floor":27},{"not_picked":["champ:TornadoPunch","champ:AdrenalArmor"],"picked":"champ:GladiatorStyle","floor":29},{"not_picked":["champ:PreciseThrust+1","champ:Haymaker"],"picked":"champ:HeartStrike","floor":30},{"not_picked":["champ:PerfectedStrike","champ:FanOfKnives"],"picked":"champ:Endure","floor":31},{"not_picked":["champ:Backstep","champ:DeathBlow","champ:Haymaker+1"],"picked":"SKIP","floor":32},{"not_picked":["champ:IgnorePain","champ:UltimateStance"],"picked":"champ:GladiatorForm","floor":33},{"not_picked":["champ:PerfectedStrike+1","champ:FaceSlap+1","champ:Backstep"],"picked":"SKIP","floor":36},{"not_picked":["champ:RecklessLeap","champ:CalledShot+1"],"picked":"champ:ShieldWall","floor":37},{"not_picked":["champ:BladeFlurry","champ:TornadoPunch+1"],"picked":"champ:FlashCut+1","floor":38},{"not_picked":["champ:PerfectedStrike","champ:IgnorePain"],"picked":"champ:EnGarde+1","floor":39},{"not_picked":["champ:EnGarde","champ:PerfectedStrike","champ:PreciseThrust+1"],"picked":"SKIP","floor":40},{"not_picked":["champ:Backstep+1","champ:TornadoPunch+1","champ:EndlessRage"],"picked":"SKIP","floor":43},{"not_picked":["champ:RapidStrikes+1","champ:EnGarde+1"],"picked":"champ:Circumvent+1","floor":45},{"not_picked":["champ:Backstep+1","champ:BerserkersShout+1"],"picked":"champ:CrownThrow+1","floor":48},{"not_picked":["champ:FancyFootwork","champ:DefensiveShout"],"picked":"champ:Haymaker+1","floor":49}],"player_experience":2042701,"relics_obtained":[{"floor":3,"key":"WristBlade"},{"floor":7,"key":"InkBottle"},{"floor":14,"key":"Odd Mushroom"},{"floor":24,"key":"StrikeDummy"},{"floor":25,"key":"Red Mask"},{"floor":34,"key":"champ:DefensiveTrainingManual"},{"floor":34,"key":"Kunai"},{"floor":34,"key":"Mango"},{"floor":41,"key":"Regal Pillow"},{"floor":42,"key":"The Courier"},{"floor":45,"key":"Calipers"},{"floor":47,"key":"War Paint"}],"event_choices":[{"damage_healed":0,"gold_gain":0,"player_choice":"Fled","damage_taken":0,"max_hp_gain":0,"max_hp_loss":0,"event_name":"Scrap Ooze","floor":9,"gold_loss":0},{"damage_healed":0,"gold_gain":0,"player_choice":"Grow","damage_taken":0,"max_hp_gain":0,"max_hp_loss":0,"event_name":"Living Wall","floor":13,"gold_loss":0,"cards_upgraded":["champ:CalledShot"]},{"damage_healed":0,"gold_gain":0,"player_choice":"Fought Mushrooms","damage_taken":0,"max_hp_gain":0,"max_hp_loss":0,"event_name":"Mushrooms","floor":14,"gold_loss":0},{"damage_healed":0,"gold_gain":0,"player_choice":"Fought Bandits","damage_taken":0,"max_hp_gain":0,"max_hp_loss":0,"event_name":"Masked Bandits","floor":25,"gold_loss":0},{"damage_healed":0,"gold_gain":0,"player_choice":"Ignored","damage_taken":0,"max_hp_gain":0,"max_hp_loss":0,"event_name":"NoteForYourself","floor":44,"gold_loss":0}],"is_beta":false,"boss_relics":[{"not_picked":["Philosopher\u0027s Stone","Runic Dome"],"picked":"Tiny House"},{"not_picked":["Snecko Eye","Busted Crown"],"picked":"Calling Bell"}],"items_purged_floors":[27],"is_endless":false,"potions_floor_spawned":[3,4,11,14,20,26,29,32,33,37,38,43,49],"ascension_level":0}}