{"host":"e2ju6k0wppswbhbd","time":1612916719,"event":{"mods":["BaseMod","Minty Spire (QoL Compilation)","Rare Cards Sparkle","StSLib"],"gold_per_floor":[110,128,144,160,175,205,205,205,229,229,248,15,40,68,68,165,165,182,199,212,212,302,302,302],"floor_reached":23,"language":"FRA","playtime":2017,"items_purged":["Defend_B"],"score":203,"play_id":"3fc6488e-f58f-4e66-b06a-347d3d429665","local_time":"20210210012519","is_ascension_mode":false,"campfire_choices":[{"floor":8,"key":"RECALL"},{"data":"Conserve Battery","floor":10,"key":"SMITH"},{"data":"Zap","floor":15,"key":"SMITH"}],"circlet_count":0,"master_deck":["Strike_B","Strike_B","Strike_B","Defend_B+1","Defend_B","Defend_B","Zap+1","Dualcast","Doom and Gloom","Conserve Battery+1","Cold Snap","Ball Lightning","Auto Shields+1","Reinforced Body","Fusion","Self Repair","Deep Breath","Compile Driver","Machine Learning","Streamline","Glacier"],"relics":["Cracked Core","Juzu Bracelet","War Paint","Regal Pillow","Boot","Black Star"],"acts_visited":["Exordium","TheCity"],"potions_floor_usage":[2,6,11,14,16,19],"damage_taken":[{"damage":2,"enemies":"Small Slimes","floor":1,"turns":3},{"damage":6,"enemies":"Cultist","floor":2,"turns":3},{"damage":2,"enemies":"Jaw Worm","floor":3,"turns":4},{"damage":0,"enemies":"3 Louse","floor":4,"turns":3},{"damage":0,"enemies":"Large Slime","floor":5,"turns":3},{"damage":1,"enemies":"3 Sentries","floor":6,"turns":7},{"damage":0,"enemies":"Gremlin Gang","floor":11,"turns":2},{"damage":16,"enemies":"Gremlin Nob","floor":14,"turns":5},{"damage":12,"enemies":"Hexaghost","floor":16,"turns":9},{"damage":26,"enemies":"2 Thieves","floor":18,"turns":5},{"damage":0,"enemies":"Chosen","floor":19,"turns":5},{"damage":1,"enemies":"Centurion and Healer","floor":20,"turns":7},{"damage":69,"enemies":"Slavers","floor":23,"turns":4}],"seed_played":"6147814601234470907","potions_obtained":[{"floor":1,"key":"Energy Potion"},{"floor":3,"key":"Swift Potion"},{"floor":4,"key":"BlessingOfTheForge"},{"floor":5,"key":"DistilledChaos"},{"floor":11,"key":"EssenceOfSteel"},{"floor":18,"key":"Dexterity Potion"}],"is_trial":false,"path_per_floor":["M","M","M","M","M","E","?","R","T","R","M","$","T","E","R","B",null,"M","M","M","?","?","E"],"character_chosen":"DEFECT","items_purchased":["Self Repair","Deep Breath"],"campfire_rested":0,"item_purchase_floors":[12,12],"current_hp_per_floor":[73,67,65,65,65,64,64,64,64,64,64,64,64,48,48,43,75,56,63,69,69,57,0,0],"gold":302,"neow_bonus":"RANDOM_COMMON_RELIC","is_daily":false,"chose_seed":false,"campfire_upgraded":2,"win_rate":0.0,"timestamp":1612916719,"path_taken":["M","M","M","M","M","E","?","R","T","R","M","?","?","E","R","BOSS","M","M","M","?","?","E"],"items_purchased_type":["Card","Card"],"build_version":"2020-12-22","purchased_purges":1,"victory":false,"max_hp_per_floor":[75,75,75,75,75,75,75,75,75,75,75,75,75,75,75,75,75,75,75,75,75,75,75,75],"card_choices":[{"not_picked":["Consume","Rebound"],"picked":"Doom and Gloom","floor":1},{"not_picked":["Heatsinks","Hello World"],"picked":"Conserve Battery","floor":2},{"not_picked":["Fusion","Melter"],"picked":"Cold Snap","floor":3},{"not_picked":["Go for the Eyes","Beam Cell"],"picked":"Ball Lightning","floor":4},{"not_picked":["Compile Driver","Streamline"],"picked":"Auto Shields","floor":5},{"not_picked":["Rip and Tear","Hologram"],"picked":"Reinforced Body","floor":6},{"not_picked":["Stack","Streamline"],"picked":"Fusion","floor":11},{"not_picked":["Echo Form","Gash"],"picked":"Compile Driver","floor":14},{"not_picked":["Echo Form","Creative AI"],"picked":"Machine Learning","floor":16},{"not_picked":["Reinforced Body","Stack"],"picked":"Streamline","floor":18},{"not_picked":["Storm","Conserve Battery","Consume"],"picked":"SKIP","floor":19},{"not_picked":["Doom and Gloom+1","Coolheaded"],"picked":"Glacier","floor":20}],"player_experience":2813732,"relics_obtained":[{"floor":6,"key":"War Paint"},{"floor":9,"key":"Regal Pillow"},{"floor":14,"key":"Boot"}],"event_choices":[{"cards_removed":["Strike_B"],"damage_healed":0,"gold_gain":0,"player_choice":"Offered Basic","damage_taken":0,"max_hp_gain":0,"max_hp_loss":0,"event_name":"Bonfire Elementals","floor":7,"gold_loss":0},{"damage_healed":0,"gold_gain":0,"player_choice":"Ignored","damage_taken":0,"max_hp_gain":0,"max_hp_loss":0,"event_name":"Vampires","floor":21,"gold_loss":0},{"damage_healed":0,"gold_gain":90,"player_choice":"GOLD ","damage_taken":12,"max_hp_gain":0,"max_hp_loss":0,"event_name":"Knowing Skull","floor":22,"potions_obtained":[],"gold_loss":0,"cards_obtained":[]}],"is_beta":false,"boss_relics":[{"not_picked":["Fusion Hammer","SacredBark"],"picked":"Black Star"}],"items_purged_floors":[12],"is_endless":false,"potions_floor_spawned":[1,3,4,5,11,18],"killed_by":"Slavers","ascension_level":0}}