{"host":"newqdrzxfhh2im9e","time":1612928284,"event":{"mods":["AchievementEnabler","BaseMod","Block Reminder","Colored Map","Minty Spire (QoL Compilation)","Rare Cards Sparkle","Shop Mod","StSLib"],"gold_per_floor":[111,126,32,47,47,47,64,64,91,91,32,49,69,80,80,180,180,145,145,27,27,40,75,75,75],"floor_reached":24,"language":"ENG","playtime":809,"items_purged":[],"score":208,"play_id":"9afbd08b-06b0-4033-a04b-9779c05ab0b6","local_time":"20210209193804","is_ascension_mode":false,"campfire_choices":[{"data":"Defragment","floor":6,"key":"SMITH"},{"data":"Auto Shields","floor":8,"key":"SMITH"},{"floor":10,"key":"REST"},{"floor":15,"key":"REST"}],"circlet_count":0,"master_deck":["Strike_B","Strike_B","Strike_B","Strike_B","Defend_B","Defend_B+1","Defend_B","Defend_B","Zap","Dualcast","Amplify","Defragment+1","Auto Shields+1","Swift Strike","Streamline+1","Genetic Algorithm","Undo","Fusion","Creative AI","Heatsinks","Glacier","Sweeping Beam","Chaos"],"relics":["Cracked Core","Bag of Marbles","Bronze Scales","Black Star","Sundial","Darkstone Periapt","Eternal Feather"],"acts_visited":["Exordium","TheCity"],"potions_floor_usage":[13,14,18,23],"damage_taken":[{"damage":0,"enemies":"2 Louse","floor":1,"turns":2},{"damage":8,"enemies":"Jaw Worm","floor":2,"turns":4},{"damage":0,"enemies":"Cultist","floor":4,"turns":4},{"damage":14,"enemies":"Exordium Thugs","floor":7,"turns":3},{"damage":6,"enemies":"2 Fungi Beasts","floor":12,"turns":3},{"damage":5,"enemies":"3 Louse","floor":13,"turns":2},{"damage":0,"enemies":"Red Slaver","floor":14,"turns":1},{"damage":40,"enemies":"Hexaghost","floor":16,"turns":9},{"damage":43,"enemies":"2 Thieves","floor":18,"turns":5},{"damage":0,"enemies":"Shell Parasite","floor":22,"turns":8},{"damage":24,"enemies":"Book of Stabbing","floor":23,"turns":8},{"damage":15,"enemies":"Centurion and Healer","floor":24,"turns":7}],"seed_played":"7392562961991215150","potions_obtained":[{"floor":12,"key":"ColorlessPotion"},{"floor":13,"key":"AttackPotion"},{"floor":16,"key":"SkillPotion"},{"floor":18,"key":"Energy Potion"}],"is_trial":false,"path_per_floor":["M","M","$","M","?","R","M","R","T","R","?","M","M","M","R","B",null,"M","?","$","?","M","E","M"],"character_chosen":"DEFECT","items_purchased":["Swift Strike","Heatsinks","Glacier"],"campfire_rested":2,"item_purchase_floors":[3,20,20],"current_hp_per_floor":[75,67,67,67,52,52,38,38,38,60,60,54,49,49,71,31,75,32,32,32,32,32,8,0,0],"gold":75,"neow_bonus":"ONE_RANDOM_RARE_CARD","is_daily":false,"chose_seed":false,"campfire_upgraded":2,"win_rate":0.0,"timestamp":1612928284,"path_taken":["M","M","$","M","?","R","M","R","T","R","?","M","?","M","R","BOSS","M","?","$","?","M","E","M"],"items_purchased_type":["Card","Card","Card"],"build_version":"2020-12-22","purchased_purges":0,"victory":false,"max_hp_per_floor":[75,75,75,75,75,75,75,75,75,75,75,75,75,75,75,75,75,75,75,75,75,75,75,75,75],"card_choices":[{"not_picked":["Ball Lightning","Streamline"],"picked":"Defragment","floor":1},{"not_picked":["Stack","Turbo"],"picked":"Auto Shields","floor":2},{"not_picked":["Barrage","Steam Power"],"picked":"Streamline","floor":4},{"not_picked":["Turbo","Sweeping Beam"],"picked":"Genetic Algorithm","floor":7},{"not_picked":["Cold Snap","Conserve Battery"],"picked":"Undo","floor":12},{"not_picked":["Cold Snap","Hologram","Rebound"],"picked":"SKIP","floor":13},{"not_picked":["Beam Cell","Ball Lightning"],"picked":"Fusion","floor":14},{"not_picked":["Reboot","Echo Form"],"picked":"Creative AI","floor":16},{"not_picked":["Reinforced Body","Gash","Ball Lightning"],"picked":"SKIP","floor":18},{"not_picked":["Cold Snap+1","Redo+1"],"picked":"Sweeping Beam","floor":22},{"not_picked":["Leap","Go for the Eyes"],"picked":"Chaos","floor":23}],"player_experience":773961,"relics_obtained":[{"floor":9,"key":"Bag of Marbles"},{"floor":23,"key":"Darkstone Periapt"},{"floor":23,"key":"Eternal Feather"}],"event_choices":[{"damage_healed":0,"gold_gain":0,"player_choice":"Entered Light","damage_taken":15,"max_hp_gain":0,"max_hp_loss":0,"event_name":"Shining Light","floor":5,"gold_loss":0,"cards_upgraded":["Defend_B","Streamline"]},{"damage_healed":0,"gold_gain":0,"player_choice":"Paid Gold","damage_taken":0,"relics_obtained":["Bronze Scales"],"max_hp_gain":0,"max_hp_loss":0,"event_name":"WeMeetAgain","floor":11,"gold_loss":59},{"damage_healed":0,"gold_gain":0,"player_choice":"Opened","damage_taken":0,"relics_obtained":["Sundial"],"max_hp_gain":0,"max_hp_loss":0,"event_name":"The Mausoleum","floor":19,"gold_loss":0},{"damage_healed":0,"gold_gain":0,"player_choice":"Ignored","damage_taken":0,"max_hp_gain":0,"max_hp_loss":0,"event_name":"Cursed Tome","floor":21,"gold_loss":0}],"is_beta":false,"boss_relics":[{"not_picked":["SlaversCollar","Philosopher\u0027s Stone"],"picked":"Black Star"}],"items_purged_floors":[],"is_endless":false,"potions_floor_spawned":[12,13,16,18],"killed_by":"Centurion and Healer","ascension_level":0}}