{"host":"j4g6ia6asvpyu2b0","time":1612971742,"event":{"mods":["BaseMod","Colored Map","Infinite Spire","Minty Spire (QoL Compilation)","Permanent Neow","Quick Restart","Relic Stats","StSLib","Unceasing Turn Reminder"],"gold_per_floor":[110,127,127,145,159,193,193,43,67,67,67,67,81,113,113,113,113],"floor_reached":16,"language":"ENG","playtime":635,"items_purged":[],"score":116,"play_id":"015ff67a-8dbd-48e1-aad3-3af52cd01ec8","local_time":"20210210084222","is_ascension_mode":true,"campfire_choices":[{"data":"Dagger Spray","floor":7,"key":"SMITH"},{"data":"Caltrops","floor":15,"key":"SMITH"}],"circlet_count":0,"master_deck":["Strike_G","Strike_G","Strike_G","Strike_G","Strike_G","Defend_G","Defend_G","Defend_G","Defend_G","Defend_G","Survivor","Neutralize","PiercingWail","Pain","Dagger Spray+1","Caltrops+1","Outmaneuver","Dodge and Roll"],"relics":["Busted Crown","WarpedTongs","Pen Nib","Omamori","infinitespire:Lucky Rock","Lantern","Centennial Puzzle","Blood Vial"],"acts_visited":["Exordium"],"potions_floor_usage":[14],"damage_taken":[{"damage":0,"enemies":"Cultist","floor":1,"turns":6},{"damage":13,"enemies":"infinitespire:Voidling","floor":2,"turns":5},{"damage":1,"enemies":"2 Louse","floor":4,"turns":3},{"damage":2,"enemies":"Exordium Wildlife","floor":5,"turns":2},{"damage":13,"enemies":"Lagavulin","floor":6,"turns":9},{"damage":1,"enemies":"3 Louse","floor":13,"turns":2},{"damage":12,"enemies":"3 Sentries","floor":14,"turns":10},{"damage":18,"enemies":"The Guardian","floor":16,"turns":12}],"seed_played":"-3625360149615693720","potions_obtained":[{"floor":1,"key":"Weak Potion"},{"floor":4,"key":"Block Potion"},{"floor":13,"key":"GamblersBrew"}],"is_trial":false,"path_per_floor":["M","M","?","M","M","E","R","$","T","T","$","?","M","E","R","B"],"character_chosen":"THE_SILENT","items_purchased":["Omamori"],"campfire_rested":0,"item_purchase_floors":[8],"current_hp_per_floor":[70,70,70,69,67,54,54,54,54,54,54,29,28,16,16,0,0],"gold":113,"neow_bonus":"BOSS_RELIC","is_daily":false,"chose_seed":false,"campfire_upgraded":2,"win_rate":0.0,"timestamp":1612971742,"path_taken":["M","M","?","M","?","E","R","?","T","?","$","?","M","E","R","BOSS"],"items_purchased_type":["Relic"],"build_version":"2020-12-22","purchased_purges":0,"victory":false,"max_hp_per_floor":[70,70,70,70,70,70,70,70,70,70,70,70,70,70,70,70,70],"relic_stats":{"Blood Vial":2,"Centennial Puzzle":[9],"Busted Crown":16,"counters":[8,49],"Pen Nib":[3],"obtain_stats":[{"Blood Vial":14,"Lantern":10,"Centennial Puzzle":12,"Busted Crown":0,"Pen Nib":6,"Omamori":8,"infinitespire:Lucky Rock":9,"Ring of the Snake":0,"WarpedTongs":3},{"Blood Vial":7,"Lantern":5,"Centennial Puzzle":5,"Busted Crown":0,"Pen Nib":5,"Omamori":5,"infinitespire:Lucky Rock":5,"Ring of the Snake":0,"WarpedTongs":2},{"Blood Vial":37,"Lantern":25,"Centennial Puzzle":25,"Busted Crown":0,"Pen Nib":25,"Omamori":25,"infinitespire:Lucky Rock":25,"Ring of the Snake":0,"WarpedTongs":11}],"WarpedTongs":[38]},"card_choices":[{"not_picked":["Deflect"],"picked":"SKIP","floor":1},{"not_picked":[],"picked":"PiercingWail","floor":2},{"not_picked":[],"picked":"Dagger Spray","floor":4},{"not_picked":[],"picked":"Caltrops","floor":5},{"not_picked":[],"picked":"Outmaneuver","floor":6},{"not_picked":["Deflect"],"picked":"SKIP","floor":13},{"not_picked":[],"picked":"Dodge and Roll","floor":14}],"player_experience":1221221,"relics_obtained":[{"floor":6,"key":"Pen Nib"},{"floor":9,"key":"infinitespire:Lucky Rock"},{"floor":10,"key":"Lantern"},{"floor":14,"key":"Blood Vial"}],"event_choices":[{"damage_healed":0,"gold_gain":0,"player_choice":"Rummage","damage_taken":0,"relics_obtained":["WarpedTongs"],"max_hp_gain":0,"max_hp_loss":0,"event_name":"Accursed Blacksmith","floor":3,"gold_loss":0,"cards_obtained":["Pain"]},{"damage_healed":0,"gold_gain":0,"player_choice":"Success","damage_taken":25,"relics_obtained":["Centennial Puzzle"],"max_hp_gain":0,"max_hp_loss":0,"event_name":"Scrap Ooze","floor":12,"gold_loss":0}],"is_beta":false,"boss_relics":[],"items_purged_floors":[],"is_endless":false,"potions_floor_spawned":[1,4,13],"killed_by":"The Guardian","ascension_level":1}}