{"host":"r4aerl4ckfvw1dw3","time":1612976065,"event":{"mods":["BaseMod","BetterRewards","Minty Spire (QoL Compilation)","Quick Restart","StSLib"],"gold_per_floor":[217,217,231,156,173,202,202,234,258,258,275,295,76,101,101,206,206,218,13,112,100,116,144,144,144,144,160,174,174,189,207,207,303,303,318,418,438,455,455,455],"floor_reached":39,"language":"ENG","playtime":2087,"items_purged":["Strike_R"],"score":620,"play_id":"b6f16293-0f2f-42d1-be63-d45bd8d7a702","local_time":"20210210085425","is_ascension_mode":true,"campfire_choices":[{"data":"Uppercut","floor":7.0,"key":"SMITH"},{"floor":10.0,"key":"REST"},{"data":"Metallicize","floor":15.0,"key":"SMITH"},{"data":"Seeing Red","floor":24.0,"key":"SMITH"},{"floor":29.0,"key":"REST"},{"floor":32.0,"key":"REST"}],"circlet_count":0,"master_deck":["Strike_R+1","Strike_R+1","Defend_R","Defend_R","Defend_R","Defend_R","Bash","Sword Boomerang","Flame Barrier","Uppercut+1","Headbutt","Cleave","Metallicize+1","Seeing Red+1","Impervious","Inflame","Cleave","Wild Strike","Armaments+1","Impervious","Fire Breathing","Reckless Charge","Pummel","Thunderclap+1","Immolate","Wild Strike+1","Sever Soul+1","Wild Strike"],"relics":["Burning Blood","Happy Flower","Whetstone","MealTicket","Lantern","Pear","Empty Cage","Vajra","Darkstone Periapt","SlaversCollar"],"acts_visited":["Exordium","TheCity","TheBeyond"],"potions_floor_usage":[39],"damage_taken":[{"damage":6.0,"enemies":"Jaw Worm","floor":1.0,"turns":5.0},{"damage":1.0,"enemies":"Cultist","floor":3.0,"turns":3.0},{"damage":1.0,"enemies":"2 Louse","floor":5.0,"turns":3.0},{"damage":40.0,"enemies":"3 Sentries","floor":6.0,"turns":12.0},{"damage":38.0,"enemies":"Lagavulin","floor":8.0,"turns":9.0},{"damage":16.0,"enemies":"Exordium Thugs","floor":11.0,"turns":3.0},{"damage":17.0,"enemies":"Looter","floor":12.0,"turns":3.0},{"damage":18.0,"enemies":"3 Sentries","floor":14.0,"turns":7.0},{"damage":20.0,"enemies":"Hexaghost","floor":16.0,"turns":11.0},{"damage":17.0,"enemies":"Chosen","floor":18.0,"turns":6.0},{"damage":10.0,"enemies":"2 Thieves","floor":21.0,"turns":4.0},{"damage":15.0,"enemies":"Snake Plant","floor":22.0,"turns":4.0},{"damage":5.0,"enemies":"Slavers","floor":23.0,"turns":5.0},{"damage":5.0,"enemies":"Snecko","floor":27.0,"turns":5.0},{"damage":30.0,"enemies":"Cultist and Chosen","floor":28.0,"turns":9.0},{"damage":13.0,"enemies":"Snake Plant","floor":30.0,"turns":3.0},{"damage":13.0,"enemies":"Sentry and Sphere","floor":31.0,"turns":4.0},{"damage":59.0,"enemies":"Collector","floor":33.0,"turns":12.0},{"damage":7.0,"enemies":"3 Darklings","floor":35.0,"turns":3.0},{"damage":32.0,"enemies":"Orb Walker","floor":37.0,"turns":4.0},{"damage":20.0,"enemies":"Jaw Worm Horde","floor":38.0,"turns":4.0},{"damage":34,"enemies":"Writhing Mass","floor":39,"turns":2}],"seed_played":"-4246132385106320333","potions_obtained":[{"floor":1.0,"key":"BlessingOfTheForge"},{"floor":2.0,"key":"ColorlessPotion"},{"floor":2.0,"key":"Fire Potion"},{"floor":6.0,"key":"Explosive Potion"},{"floor":12.0,"key":"LiquidMemories"},{"floor":18.0,"key":"SteroidPotion"},{"floor":22.0,"key":"DistilledChaos"},{"floor":23.0,"key":"LiquidMemories"},{"floor":28.0,"key":"GamblersBrew"},{"floor":35.0,"key":"CultistPotion"},{"floor":37.0,"key":"LiquidBronze"},{"floor":38.0,"key":"Fire Potion"}],"is_trial":false,"path_per_floor":["M","?","M","$","M","E","R","E","T","R","M","M","$","E","R","B",null,"M","$","?","M","M","E","R","?","T","M","M","R","M","M","R","B",null,"M","?","M","M","M"],"character_chosen":"IRONCLAD","items_purchased":["Lantern","Metallicize","Vajra","Cleave"],"campfire_rested":3,"item_purchase_floors":[13,13,19,19],"current_hp_per_floor":[72,72,77,77,80,46,46,14,14,38,28,17,32,30,30,16,72,61,76,76,72,63,64,64,46,46,47,23,51,44,37,65,12,74,73,73,47,33,0,0],"gold":455,"neow_bonus":"HUNDRED_GOLD","is_daily":false,"chose_seed":false,"campfire_upgraded":3,"win_rate":0.0,"timestamp":1612976065,"path_taken":["M","?","?","$","M","E","R","E","T","R","M","M","$","E","R","BOSS","M","$","?","M","M","E","R","?","T","M","?","R","M","M","R","BOSS","M","?","?","M","M"],"items_purchased_type":["Relic","Card","Relic","Card"],"build_version":"2020-12-22","purchased_purges":1,"victory":false,"max_hp_per_floor":[80,80,80,80,80,80,80,80,80,80,80,80,80,90,90,90,90,90,90,90,90,90,90,90,95,95,95,95,95,95,95,95,95,95,95,95,95,95,95,95],"card_choices":[{"not_picked":["Havoc","Armaments"],"picked":"Sword Boomerang","floor":1.0},{"not_picked":["True Grit","Whirlwind"],"picked":"Flame Barrier","floor":3.0},{"not_picked":["Body Slam","Warcry","Searing Blow"],"picked":"SKIP","floor":5.0},{"not_picked":["Flame Barrier","Anger"],"picked":"Uppercut","floor":6.0},{"not_picked":["Sword Boomerang","Bloodletting"],"picked":"Headbutt","floor":8.0},{"not_picked":["Perfected Strike","Headbutt","Entrench"],"picked":"SKIP","floor":11.0},{"not_picked":["Heavy Blade","Clothesline"],"picked":"Cleave","floor":12.0},{"not_picked":["Evolve","Spot Weakness"],"picked":"Seeing Red","floor":14.0},{"not_picked":["Reaper","Barricade"],"picked":"Impervious","floor":16.0},{"not_picked":["Rupture","Sword Boomerang+1"],"picked":"Inflame","floor":18.0},{"not_picked":["Perfected Strike","Evolve"],"picked":"Wild Strike","floor":21.0},{"not_picked":["Sentinel","Warcry"],"picked":"Armaments+1","floor":22.0},{"not_picked":["Burning Pact","Ghostly Armor+1"],"picked":"Impervious","floor":23.0},{"not_picked":["Bloodletting","Body Slam"],"picked":"Fire Breathing","floor":27.0},{"not_picked":["Bloodletting","Thunderclap+1"],"picked":"Reckless Charge","floor":28.0},{"not_picked":["Clothesline","Armaments+1"],"picked":"Pummel","floor":30.0},{"not_picked":["Rage","Flex"],"picked":"Thunderclap+1","floor":31.0},{"not_picked":["Barricade","Juggernaut"],"picked":"Immolate","floor":33.0},{"not_picked":["Thunderclap","Fire Breathing"],"picked":"Wild Strike+1","floor":35.0},{"not_picked":["True Grit","Reckless Charge"],"picked":"Sever Soul+1","floor":37.0},{"not_picked":["Seeing Red","Thunderclap+1"],"picked":"Wild Strike","floor":38.0}],"player_experience":560924,"relics_obtained":[{"floor":6.0,"key":"Happy Flower"},{"floor":8.0,"key":"Whetstone"},{"floor":9.0,"key":"MealTicket"},{"floor":14.0,"key":"Pear"},{"floor":23.0,"key":"Darkstone Periapt"}],"event_choices":[{"damage_healed":0.0,"max_hp_gain":0.0,"max_hp_loss":0.0,"gold_gain":0.0,"event_name":"Lab","player_choice":"Got Potions","floor":2.0,"gold_loss":0.0,"damage_taken":0.0},{"damage_healed":0.0,"max_hp_gain":0.0,"max_hp_loss":0.0,"gold_gain":99.0,"event_name":"Nest","player_choice":"Stole From Cult","floor":20.0,"gold_loss":0.0,"damage_taken":0.0},{"damage_healed":0.0,"max_hp_gain":5.0,"max_hp_loss":0.0,"gold_gain":0.0,"event_name":"Forgotten Altar","player_choice":"Shed Blood","floor":25.0,"gold_loss":0.0,"damage_taken":23.0},{"damage_healed":0.0,"max_hp_gain":0.0,"max_hp_loss":0.0,"gold_gain":100.0,"event_name":"Golden Shrine","player_choice":"Pray","floor":36.0,"gold_loss":0.0,"damage_taken":0.0}],"is_beta":false,"boss_relics":[{"not_picked":["Pandora\u0027s Box","Tiny House"],"picked":"Empty Cage"},{"not_picked":["Runic Pyramid","Runic Cube"],"picked":"SlaversCollar"}],"items_purged_floors":[4],"is_endless":false,"potions_floor_spawned":[1,3,6,12,18,22,23,28,35,37,38],"killed_by":"Writhing Mass","ascension_level":8}}