{"host":"jbmvtpvel2a8rbg6","time":1612920368,"event":{"mods":["Aspiration","BaseMod","Better Match","Better Sensory Stone","Better Skull","Conspire","Downfall","Energized Spire","GungeonMod","Hubris","Infinite Spire","Minty Spire (QoL Compilation)","RRrroohrrRGHHhhh!!","Reliquary","Replay The Spire","StSLib","Wandering Minibosses"],"gold_per_floor":[112,112,112,123,41,76,76,102,102,120,130,130,130,151,151,151,151],"floor_reached":16,"language":"ENG","playtime":2304,"items_purged":[],"score":112,"play_id":"a6ecb0c9-eb6a-41b2-9be3-5d4820a9180f","local_time":"20210209172608","is_ascension_mode":false,"campfire_choices":[{"data":"Finisher","floor":7,"key":"SMITH"}],"circlet_count":0,"master_deck":["Strike_G","Strike_G","Strike_G","Strike_G","Strike_G","Defend_G","Defend_G","Defend_G","Defend_G","Defend_G","Survivor","Neutralize","Regret","Sadistic Nature","hubris:NaturalOne","hubris:SlightOfHand","Finisher+1","ReplayTheSpireMod:Muscle Training","hubris:Lust","downfall:Aged","Deflect","rorgmod:Ache","Limit Break"],"relics":["Ring of the Snake","aspiration:Nostalgia","m_IronCrown","hubris:Icosahedron","downfall:ExtraCursedKey","conspire:DecoderRing","conspire:InfiniteJournal","WingedGreaves","Golden Idol","DemoMod:GlassGuonStoneRelic"],"acts_visited":["Exordium"],"potions_floor_usage":[6,6,14,16],"damage_taken":[{"damage":0,"enemies":"Cultist","floor":1,"turns":4},{"damage":3,"enemies":"Small Slimes","floor":4,"turns":4},{"damage":2,"enemies":"Jaw Worm","floor":5,"turns":4},{"damage":23,"enemies":"Lagavulin","floor":6,"turns":6},{"damage":27,"enemies":"Gremlin Nob","floor":8,"turns":4},{"damage":0,"enemies":"3 Louse","floor":10,"turns":2},{"damage":17,"enemies":"Exordium Thugs","floor":11,"turns":5},{"damage":11,"enemies":"Gremlin Gang","floor":14,"turns":3},{"damage":32,"enemies":"Slime Boss","floor":16,"turns":3}],"seed_played":"-3733613317843938521","potions_obtained":[{"floor":1,"key":"Adrenaline Potion"},{"floor":4,"key":"Strength Potion"},{"floor":11,"key":"LiquidMemories"},{"floor":14,"key":"hexamod:SoulburnPotion"}],"is_trial":false,"path_per_floor":["M","?","?","M","M","E","R","E","T","M","M","?","?","M","R","B"],"character_chosen":"THE_SILENT","items_purchased":[],"campfire_rested":0,"item_purchase_floors":[],"current_hp_per_floor":[70,70,75,75,75,58,58,37,37,43,32,32,32,27,27,0,0],"gold":151,"neow_bonus":"NOSTALGIA","is_daily":false,"chose_seed":false,"campfire_upgraded":1,"win_rate":0.0,"timestamp":1612920368,"path_taken":["M","?","?","M","M","E","R","E","T","M","M","?","?","M","R","BOSS"],"items_purchased_type":[],"build_version":"2020-12-22","purchased_purges":0,"victory":false,"max_hp_per_floor":[70,70,75,75,75,75,75,75,75,75,75,75,75,75,75,75,75],"card_choices":[{"not_picked":["Bloodletting","Acrobatics","champ:GutPunch"],"picked":"SKIP","floor":1},{"not_picked":["Heavy Blade","Tactician"],"picked":"Bane","floor":4},{"not_picked":["Bane","Escape Plan"],"picked":"hubris:SlightOfHand","floor":5},{"not_picked":["PiercingWail","rorgmod:Accuracy"],"picked":"Finisher","floor":6},{"not_picked":["Draining Mist","Backstab"],"picked":"ReplayTheSpireMod:Muscle Training","floor":8},{"not_picked":["Outmaneuver","Dagger Throw"],"picked":"Deflect","floor":10},{"not_picked":["Outmaneuver","rorgmod:Accuracy","rorgmod:Prepared"],"picked":"SKIP","floor":11},{"not_picked":["champ:AdrenalArmor","Bane","rorgmod:Slice"],"picked":"SKIP","floor":14}],"player_experience":855192,"relics_obtained":[{"floor":6,"key":"conspire:DecoderRing"},{"floor":8,"key":"conspire:InfiniteJournal"},{"floor":9,"key":"WingedGreaves"}],"event_choices":[{"damage_healed":0,"gold_gain":0,"player_choice":"Take Wound","damage_taken":0,"relics_obtained":["Golden Idol"],"max_hp_gain":0,"max_hp_loss":0,"event_name":"Golden Idol","floor":12,"gold_loss":0,"cards_obtained":["rorgmod:Ache"]},{"cards_removed":["Sunder"],"damage_healed":0,"gold_gain":0,"player_choice":"Took Card","damage_taken":0,"max_hp_gain":0,"max_hp_loss":0,"event_name":"NoteForYourself","floor":13,"gold_loss":0,"cards_obtained":["Sunder"]}],"is_beta":false,"boss_relics":[],"items_purged_floors":[],"is_endless":false,"potions_floor_spawned":[1,4,11,14],"killed_by":"Slime Boss","ascension_level":0}}