{"host":"jt4xaqerixsfdsye","time":1612985336,"event":{"mods":["Astrologer","BaseMod","Clockwork Mod","Downfall","Gremlin Mod","Hermit","Jorbs\u0027s Wanderer Trilogy","Minty Spire (QoL Compilation)","StSLib","The Bug Knight","The Cursed","The Mystic"],"gold_per_floor":[117,292,292,292,308,341,341,352,352,369,90,90,106,116,116,116,116],"floor_reached":16,"language":"ENG","playtime":1016,"items_purged":[],"score":127,"play_id":"396bd785-cabe-4e45-a205-2cc14c64668d","local_time":"20210210202856","is_ascension_mode":false,"campfire_choices":[{"data":"mysticmod:HeavyStrike","floor":7.0,"key":"SMITH"},{"data":"mysticmod:Momentum","floor":12,"key":"SMITH"},{"floor":15,"key":"REST"}],"circlet_count":0,"master_deck":["mysticmod:Strike_Mystic","mysticmod:Strike_Mystic","mysticmod:Strike_Mystic","mysticmod:Strike_Mystic","mysticmod:Defend_Mystic","mysticmod:Defend_Mystic","mysticmod:Defend_Mystic","mysticmod:Defend_Mystic","mysticmod:ArcaneDodge","mysticmod:ShockingGrasp","mysticmod:ComponentsPouch","Doubt","mysticmod:HeavyStrike+1","mysticmod:Flurry","mysticmod:Momentum+1","mysticmod:Flourish","mysticmod:VorpalThrust","mysticmod:DiviningBlow","mysticmod:Daze","mysticmod:FloatingDisk","mysticmod:EbbAndFlow","mysticmod:KeenEdge","mysticmod:Snowball"],"relics":["mysticmod:SpellBook","NeowsBlessing","mysticmod:RunicPrism","Darkstone Periapt","Pear"],"acts_visited":["Exordium"],"potions_floor_usage":[16,16,16],"damage_taken":[{"damage":0.0,"enemies":"Jaw Worm","floor":1.0,"turns":1.0},{"damage":0.0,"enemies":"Small Slimes","floor":5.0,"turns":1.0},{"damage":0.0,"enemies":"HollowMod:MossKnight","floor":6.0,"turns":1.0},{"damage":10.0,"enemies":"Cultist","floor":8.0,"turns":4.0},{"damage":26,"enemies":"Large Slime","floor":10,"turns":7},{"damage":25,"enemies":"Exordium Wildlife","floor":13,"turns":6},{"damage":10,"enemies":"Looter","floor":14,"turns":2},{"damage":42,"enemies":"The Guardian","floor":16,"turns":4}],"seed_played":"-4836931199113430204","potions_obtained":[{"floor":8.0,"key":"CultistPotion"},{"floor":10,"key":"LiquidBronze"},{"floor":14,"key":"CultistPotion"}],"is_trial":false,"path_per_floor":["M","?","?","T","M","E","R","M","T","M","$","R","M","M","R","B"],"character_chosen":"MYSTIC_CLASS","items_purchased":["mysticmod:VorpalThrust","mysticmod:DiviningBlow","mysticmod:Daze","mysticmod:FloatingDisk","mysticmod:EbbAndFlow"],"campfire_rested":1,"item_purchase_floors":[11,11,11,11,11],"current_hp_per_floor":[77,77,77,77,77,77,77,67,77,51,51,51,26,16,42,0,0],"gold":116,"neow_bonus":"THREE_ENEMY_KILL","is_daily":false,"chose_seed":false,"campfire_upgraded":2,"win_rate":0.0,"timestamp":1612985336,"path_taken":["M","?","?","?","M","E","R","M","T","M","$","R","M","M","R","BOSS"],"items_purchased_type":["Card","Card","Card","Card","Card"],"build_version":"2020-12-22","purchased_purges":0,"victory":false,"max_hp_per_floor":[77,77,77,77,77,77,77,77,87,87,87,87,87,87,87,87,87],"card_choices":[{"not_picked":["mysticmod:PureInstinct","mysticmod:Alacrity"],"picked":"mysticmod:ComponentsPouch","floor":1.0},{"not_picked":["mysticmod:PowerAttack","mysticmod:CorrosiveTouch"],"picked":"mysticmod:HeavyStrike","floor":5.0},{"not_picked":["mysticmod:Sideswipe","mysticmod:Shield"],"picked":"mysticmod:Flurry","floor":6.0},{"not_picked":["mysticmod:PureInstinct","mysticmod:Alacrity"],"picked":"mysticmod:Momentum","floor":8.0},{"not_picked":["mysticmod:PowerSlash","mysticmod:ChargedParry"],"picked":"mysticmod:Flourish","floor":10},{"not_picked":["mysticmod:EarthenWall","mysticmod:StyleChange"],"picked":"mysticmod:KeenEdge","floor":13},{"not_picked":["mysticmod:Riposte","mysticmod:BladedDash"],"picked":"mysticmod:Snowball","floor":14}],"player_experience":214517,"relics_obtained":[{"floor":4.0,"key":"mysticmod:RunicPrism"},{"floor":6.0,"key":"Darkstone Periapt"},{"floor":9.0,"key":"Pear"}],"event_choices":[{"damage_healed":0.0,"max_hp_gain":0.0,"max_hp_loss":0.0,"gold_gain":175.0,"event_name":"Liars Game","player_choice":"AGREE","floor":2.0,"gold_loss":0.0,"damage_taken":0.0,"cards_obtained":["Doubt"]},{"damage_healed":0.0,"max_hp_gain":0.0,"max_hp_loss":0.0,"gold_gain":0.0,"event_name":"Golden Wing","player_choice":"Ignored","floor":3.0,"gold_loss":0.0,"damage_taken":0.0}],"is_beta":false,"boss_relics":[],"items_purged_floors":[],"is_endless":false,"potions_floor_spawned":[8,10,14],"killed_by":"The Guardian","ascension_level":0}}