{"host":"ryxkq7m36cv0y2ky","time":1612926275,"event":{"mods":["100% Spire Juice","BaseMod","Duelist Mod","Hubris","Jorbs\u0027s Wanderer Trilogy","Marisa????????","Minty Spire (QoL Compilation)","Reliquary","Remilia??????","Replay The Spire","Spire Arcade","StSLib","The Cursed","The Disciple","The Marked","The Mystic","The Necromancer","The Runesmith","The Servant 0.9.4"],"gold_per_floor":[118,133,148,223,236,269,286,296,321,354,354,373,145,164,164,164,164],"floor_reached":16,"language":"ENG","playtime":713,"items_purged":[],"score":116,"play_id":"c7d59165-322a-408c-ad9d-ec17f783d8db","local_time":"20210210133435","is_ascension_mode":false,"campfire_choices":[{"floor":15,"key":"REST"}],"circlet_count":0,"master_deck":["theMarked:Strike","theMarked:Strike","theMarked:Strike","theMarked:Strike","theMarked:Strike","theMarked:Defend","theMarked:Defend","theMarked:Defend","theMarked:Defend","theMarked:SoldierOfQuellstein","theMarked:ContemptForTheProud","theMarked:LightningStrikesTwice","theMarked:Parkour","theMarked:ChainLightning","theMarked:StartUp","theMarked:Improvise","theMarked:GodGivenPower","theMarked:WardOff","theMarked:ChainLightning","theMarked:ChainLightning","theMarked:Aftermath","theMarked:Aftermath"],"relics":["theMarked:ArtifactOfAir","reliquary:ExpiredCoupon","Boot","hubris:ToyBattleship","Nunchaku","hubris:HerbalPaste"],"acts_visited":["Exordium"],"potions_floor_usage":[5,12,14,14,16],"damage_taken":[{"damage":0,"enemies":"Small Slimes","floor":1,"turns":3},{"damage":0,"enemies":"Cultist","floor":2,"turns":3},{"damage":6,"enemies":"Jaw Worm","floor":3,"turns":3},{"damage":10,"enemies":"Looter","floor":5,"turns":2},{"damage":14,"enemies":"Gremlin Nob","floor":6,"turns":3},{"damage":5,"enemies":"3 Louse","floor":7,"turns":3},{"damage":0,"enemies":"2 Fungi Beasts","floor":8,"turns":2},{"damage":18,"enemies":"3 Sentries","floor":10,"turns":4},{"damage":10,"enemies":"Exordium Thugs","floor":12,"turns":3},{"damage":7,"enemies":"3 Louse","floor":14,"turns":3},{"damage":50,"enemies":"Hexaghost","floor":16,"turns":8}],"seed_played":"7424210305596488608","potions_obtained":[{"floor":1,"key":"Reflective Coating"},{"floor":2,"key":"Elixir"},{"floor":6,"key":"GamblersBrew"},{"floor":8,"key":"Explosive Potion"},{"floor":12,"key":"Regen Potion"}],"is_trial":false,"path_per_floor":["M","M","M","?","M","E","M","M","T","E","?","M","$","M","R","B"],"character_chosen":"THE_DEFAULT","items_purchased":["hubris:HerbalPaste","theMarked:ChainLightning","theMarked:Aftermath"],"campfire_rested":1,"item_purchase_floors":[13,13,13],"current_hp_per_floor":[77,77,71,64,54,40,35,35,35,17,17,7,7,15,38,0,0],"gold":164,"neow_bonus":"TEN_PERCENT_HP_BONUS","is_daily":false,"chose_seed":false,"campfire_upgraded":0,"win_rate":0.0,"timestamp":1612926275,"path_taken":["M","M","M","?","M","E","M","?","T","E","?","M","$","M","R","BOSS"],"items_purchased_type":["Relic","Card","Card"],"build_version":"2020-12-22","purchased_purges":0,"victory":false,"max_hp_per_floor":[77,77,77,77,77,77,77,77,77,77,77,77,77,77,77,77,77],"card_choices":[{"not_picked":["theMarked:WardOff","theMarked:SwordAndMagic"],"picked":"theMarked:ContemptForTheProud","floor":1},{"not_picked":["theMarked:RepellingDischarge","theMarked:Aftermath"],"picked":"theMarked:LightningStrikesTwice","floor":2},{"not_picked":["theMarked:EnhanceMovement","theMarked:Overthink"],"picked":"theMarked:Parkour","floor":3},{"not_picked":["theMarked:Memento","theMarked:Reabsorb"],"picked":"theMarked:ChainLightning","floor":5},{"not_picked":["theMarked:EmpowerWeapon","theMarked:DispelDoubt"],"picked":"theMarked:StartUp","floor":6},{"not_picked":["theMarked:TakeCover","theMarked:SelfDefenseTraining","theMarked:Memento"],"picked":"SKIP","floor":7},{"not_picked":["theMarked:Aftermath","theMarked:Memento"],"picked":"theMarked:Improvise","floor":8},{"not_picked":["theMarked:Opportunist","theMarked:Frustration"],"picked":"theMarked:GodGivenPower","floor":10},{"not_picked":["theMarked:BanishingStrike","theMarked:ParalyzingBlade"],"picked":"theMarked:WardOff","floor":12},{"not_picked":["theMarked:Standoff","theMarked:TurnInvisible"],"picked":"theMarked:Aftermath","floor":14}],"player_experience":330812,"relics_obtained":[{"floor":6,"key":"reliquary:ExpiredCoupon"},{"floor":9,"key":"Boot"},{"floor":10,"key":"hubris:ToyBattleship"}],"event_choices":[{"damage_healed":0,"gold_gain":75,"player_choice":"Touch","damage_taken":7,"max_hp_gain":0,"max_hp_loss":0,"event_name":"FaceTrader","floor":4,"gold_loss":0},{"damage_healed":0,"gold_gain":0,"player_choice":"Searched \u00271\u0027 times","damage_taken":0,"relics_obtained":["Nunchaku"],"max_hp_gain":0,"max_hp_loss":0,"event_name":"Dead Adventurer","floor":11,"gold_loss":0}],"is_beta":false,"boss_relics":[],"items_purged_floors":[],"is_endless":false,"potions_floor_spawned":[1,2,6,8,12],"killed_by":"Hexaghost","ascension_level":0}}