{"host":"rvvatg3l87ylr0gg","time":1612948041,"event":{"mods":["2.2 Compatiblity","Act Like it!","Arknights","Bartender","BaseMod","BetterRewards","ChefMod","Dio Mod","Downfall","Duelist Mod","Fiend Mod","Hermit","Hero for Fun","Hubris","Jedi Mod","JesterMod","Jorbs\u0027s Wanderer Trilogy","LagranYue(???·?)","Magitek Elite","Marisa????????","Minty Spire (QoL Compilation)","Replay The Spire","Robot Space Explorer","SIMod","SOS???????","Shade Mod","Small Relic Pack","StSLib","Td1madao Mod","The Administrix","The Alterego","The Animator","The Blackbeard","The Bug Knight","The Construct","The Cursed","The Death Knight","The Disciple","The Druid","The Forsaken","The Hayseed","The Hierophant","The Judge","The Jungle","The Kombatant","The Marked","The Mystic","The Necromancer","The Poker Player","The Runesmith","The Saiyan","The Senshi","The Servant 0.9.4","The Showman","The Spell Scribe","The Vixen","The Wild Card","The Witch","TheFirefly","TheHero"],"gold_per_floor":[115,115,132,19,19,51,61,90,90,107,124,135,135,210,210,210,210],"floor_reached":16,"language":"ENG","playtime":900,"items_purged":[],"score":112,"play_id":"16ed1647-8796-48d0-b723-0ab841c95661","local_time":"20210210020721","is_ascension_mode":false,"campfire_choices":[{"floor":13,"key":"REST"},{"floor":15,"key":"REST"}],"circlet_count":0,"master_deck":["animeID:Deku","animeID:Bakugo+1","animeID:Smash","animeID:Smash","animeID:Smash","animeID:Smash","animeID:DefendMH","animeID:DefendMH","animeID:DefendMH","animeID:DefendMH","animeID:Tsuyu","animeID:Ojiro","animeID:HowitzerImpact","animeID:ShootStyle","animeID:DetroitSmash","animeID:Mezo","animeID:DelawareSmash","animeID:FullCowl","animeID:Deku","animeID:NightEye"],"relics":["animeID:HeroCostume","LagranYue:RandomDrawCardRelic","hubris:OldNail","Happy Flower"],"acts_visited":["Exordium"],"potions_floor_usage":[],"damage_taken":[{"damage":11,"enemies":"ats:Genji","floor":1,"turns":5},{"damage":12,"enemies":"Jaw Worm","floor":3,"turns":4},{"damage":28,"enemies":"Replay:BlueRogue","floor":6,"turns":9},{"damage":1,"enemies":"Cultist","floor":7,"turns":3},{"damage":26,"enemies":"Gremlin Nob","floor":8,"turns":5},{"damage":0,"enemies":"Exordium Wildlife","floor":10,"turns":1},{"damage":18,"enemies":"3 Louse","floor":11,"turns":3},{"damage":8,"enemies":"Red Slaver","floor":12,"turns":2},{"damage":67,"enemies":"Hexaghost","floor":16,"turns":10}],"seed_played":"-4643600205468033699","potions_obtained":[{"floor":3,"key":"GamblersBrew"},{"floor":10,"key":"sneckomod:MuddlingPotion"},{"floor":11,"key":"SpeedPotion"}],"is_trial":false,"path_per_floor":["M","?","M","$","?","E","M","E","T","M","M","M","R","?","R","B"],"character_chosen":"THE_HERO","items_purchased":["animeID:HowitzerImpact","animeID:ShootStyle"],"campfire_rested":2,"item_purchase_floors":[4,4],"current_hp_per_floor":[73,73,63,63,82,58,59,37,37,37,19,13,37,37,61,0,0],"gold":210,"neow_bonus":"TEN_PERCENT_HP_BONUS","is_daily":false,"chose_seed":false,"campfire_upgraded":0,"win_rate":0.0,"timestamp":1612948041,"path_taken":["M","?","M","$","?","E","?","E","T","M","?","M","R","?","R","BOSS"],"items_purchased_type":["Card","Card"],"build_version":"2020-12-22","purchased_purges":0,"victory":false,"max_hp_per_floor":[82,82,82,82,82,82,82,82,82,82,82,82,82,82,82,82,82],"card_choices":[{"not_picked":["animeID:Momo","animeID:Iida"],"picked":"animeID:Tsuyu","floor":1},{"not_picked":["animeID:DelawareSmash","animeID:ToruHagakure"],"picked":"animeID:Ojiro","floor":3},{"not_picked":["animeID:Kaminari","animeID:ShootStyle"],"picked":"animeID:DetroitSmash","floor":6},{"not_picked":["animeID:Mineta","animeID:Bakugo"],"picked":"animeID:Mezo","floor":7},{"not_picked":["animeID:Muscular","animeID:Dabi"],"picked":"animeID:DelawareSmash","floor":8},{"not_picked":["animeID:Bakugo","animeID:Thirteen"],"picked":"animeID:FullCowl","floor":10},{"not_picked":["animeID:Crystallize","animeID:Iida"],"picked":"animeID:Deku","floor":11},{"not_picked":["animeID:Mineta","animeID:Stain"],"picked":"animeID:NightEye","floor":12}],"player_experience":6852,"relics_obtained":[{"floor":6,"key":"hubris:OldNail"},{"floor":8,"key":"Happy Flower"}],"event_choices":[{"damage_healed":0,"gold_gain":0,"player_choice":"Grow","damage_taken":0,"max_hp_gain":0,"max_hp_loss":0,"event_name":"Living Wall","floor":2,"gold_loss":0,"cards_upgraded":["animeID:Bakugo"]},{"damage_healed":27,"gold_gain":0,"player_choice":"Banana","damage_taken":0,"max_hp_gain":0,"max_hp_loss":0,"event_name":"Big Fish","floor":5,"gold_loss":0},{"damage_healed":0,"gold_gain":75,"player_choice":"Gained Gold","damage_taken":0,"max_hp_gain":0,"max_hp_loss":0,"event_name":"Golden Wing","floor":14,"gold_loss":0}],"is_beta":false,"boss_relics":[],"items_purged_floors":[],"is_endless":false,"potions_floor_spawned":[3,10,11],"killed_by":"Hexaghost","ascension_level":0}}