{"host":"dmtlrev5pkc1867p","time":1612927996,"event":{"mods":["A Magickal Journey","BaseMod","Colored Map","Colored Powertips","Downfall","Hermit","Highlight Path","Infinite Spire","Marisa¡]Ãú«B¡@Å]²z¨F¡^","Minty Spire (QoL Compilation)","Permanent Neow","Quick Restart","Rare Cards Sparkle","Relic Stats","Replay The Spire","StSLib","SuperFastMode","The Construct","The Cursed","The Disciple","The Hierophant","The Necromancer","The Runesmith","The Servant 0.9.4"],"gold_per_floor":[111,123,137,137,287,287,287,299,44,62,62,62],"floor_reached":11,"language":"ZHS","playtime":391,"items_purged":["Doubt"],"score":130,"play_id":"6d6e9829-b4bb-4942-9a94-d746c712a226","local_time":"20210210113316","daily_mods":["Heirloom","Flight","DeadlyEvents","Elite Swarm"],"is_ascension_mode":true,"campfire_choices":[{"floor":6.0,"key":"RECALL"}],"circlet_count":0,"master_deck":["AscendersBane","Strike_W","Strike_W","Strike_W","Strike_W","Defend_W","Defend_W","Defend_W","Defend_W","Negative_Energy_Arrows","Bone_Wall","TheCursedMod:CircleOfFlame","Vampiric_Strike","RageCommand","Echoward","Allegro","BlueShift"],"relics":["Vampire_Amulet","infinitespire:Golems Mask","Guardian:PocketSentry"],"acts_visited":["Exordium"],"potions_floor_usage":[10],"damage_taken":[{"damage":1.0,"enemies":"2 Louse","floor":1.0,"turns":3.0},{"damage":0.0,"enemies":"Small Slimes","floor":2.0,"turns":4.0},{"damage":6.0,"enemies":"Cultist","floor":3.0,"turns":4.0},{"damage":2.0,"enemies":"3 Louse","floor":8.0,"turns":4.0},{"damage":10.0,"enemies":"downfall:FleeingMerchant","floor":9.0,"turns":4.0},{"damage":11,"enemies":"2 Fungi Beasts","floor":10,"turns":3},{"damage":60,"enemies":"Gremlin Nob","floor":11,"turns":4}],"seed_played":"4148625951580808422","potions_obtained":[{"floor":2.0,"key":"construct:ShiftPotion"},{"floor":8.0,"key":"Swift Potion"},{"floor":10,"key":"Milkshake"}],"is_trial":true,"path_per_floor":["M","M","M","?","?","R","T","M","$","M","E"],"character_chosen":"NECROMANCER","items_purchased":["Guardian:PocketSentry"],"campfire_rested":0,"item_purchase_floors":[9],"current_hp_per_floor":[67,71,67,67,67,67,67,71,61,56,0,0],"gold":62,"neow_bonus":"","is_daily":false,"chose_seed":false,"campfire_upgraded":0,"win_rate":0.0,"timestamp":1612927996,"path_taken":["M","M","M","?","?","R","T","M","$","M","E"],"items_purchased_type":["Relic"],"build_version":"2020-12-22","purchased_purges":1,"victory":false,"max_hp_per_floor":[71,71,71,71,71,71,71,71,71,71,71,71],"relic_stats":{"counters":[7,26],"obtain_stats":[{"infinitespire:Golems Mask":0,"Vampire_Amulet":0,"Guardian:PocketSentry":9},{"infinitespire:Golems Mask":0,"Vampire_Amulet":0,"Guardian:PocketSentry":5},{"infinitespire:Golems Mask":0,"Vampire_Amulet":0,"Guardian:PocketSentry":19}]},"card_choices":[{"not_picked":["LockedWhetstone","Facsimile"],"picked":"TheCursedMod:CircleOfFlame","floor":1.0},{"not_picked":["TheCursedMod:VitalStrike","LockedAnchor"],"picked":"Vampiric_Strike","floor":2.0},{"not_picked":["TheCursedMod:Wield","Vampiric_Strike"],"picked":"RageCommand","floor":3.0},{"not_picked":["Blood_Whip","Death_Coil"],"picked":"Echoward","floor":8.0},{"not_picked":["TheCursedMod:Stretching","BiteCommand"],"picked":"Tempo","floor":9.0},{"not_picked":["Echoward","Tempo"],"picked":"BlueShift","floor":10}],"player_experience":676163,"relics_obtained":[],"event_choices":[],"is_beta":false,"boss_relics":[],"items_purged_floors":[9],"is_endless":false,"potions_floor_spawned":[2,8,10],"killed_by":"Gremlin Nob","ascension_level":20}}