{"host":"gqbv85x1nsyc4y4z","time":1612999785,"event":{"mods":["BaseMod","Downfall","Duelist Mod","GifTheSpireLib","Hermit","Minty Spire (QoL Compilation)","Prisma Mod","Robot Space Explorer","Spire Arcade","StSLib","The Death Knight","The Necromancer","The Servant 0.9.4","The Wild Card","WarShipGirlsR/????R mod"],"gold_per_floor":[135,149,149,165,73,101,101,115,115,133,133,153,153,29,29,129,129,148,162,13,13,29,55,55,55,79,79,79,94,110,120,120,225,225,243,260,270,18,38,38,54,85,85,85,85,35,49,11,11,11],"floor_reached":51,"language":"ENG","playtime":18666,"items_purged":[],"score":651,"play_id":"5385f8e0-cafb-4c06-97a6-786a2960840c","local_time":"20210210152945","is_ascension_mode":false,"campfire_choices":[{"data":"theDuelist:Canyon","floor":13,"key":"SMITH"},{"data":"theDuelist:FuryFire","floor":15,"key":"SMITH"},{"floor":25,"key":"REST"},{"data":"theDuelist:FuryFire+1","floor":28,"key":"SMITH"},{"data":"theDuelist:NaturiaStinkbug","floor":32,"key":"SMITH"},{"floor":40,"key":"REST"},{"floor":49,"key":"REST"}],"circlet_count":0,"master_deck":["theDuelist:NaturiaRock","theDuelist:CastleWalls+1","theDuelist:CastleWalls+1","theDuelist:CastleWalls+1","theDuelist:NaturiaCliff","theDuelist:NaturiaRock","theDuelist:NaturiaTulip","theDuelist:Sparks+1","theDuelist:Sparks+1","theDuelist:Sparks+1","theDuelist:MudGolem","theDuelist:Canyon+1","theDuelist:LeodrakeMane","theDuelist:LeodrakeMane","theDuelist:BigFire+1","theDuelist:NaturiaSacredTree+1","theDuelist:Sangan","theDuelist:FuryFire+2","theDuelist:DemiseLand","theDuelist:Polymerization","theDuelist:MillenniumGolem","theDuelist:NaturiaStinkbug+1","theDuelist:SeismicShockwave","theDuelist:NaturiaMarron","theDuelist:CopyPlant","Chrysalis","theDuelist:NaturiaBrambi+1","theDuelist:NaturiaStrawberry+1"],"relics":["theDuelist:MillenniumPuzzle","theDuelist:CardPoolRelic","theDuelist:CardPoolBasicRelic","theDuelist:BoosterPackPoolRelic","theDuelist:CardPoolAddRelic","theDuelist:CardPoolMinusRelic","theDuelist:CardPoolSaveRelic","theDuelist:CardPoolOptionsRelic","NeowsBlessing","Frozen Egg 2","HornCleat","Letter Opener","theDuelist:ZoneToken","theDuelist:GamblerChip","Bird Faced Urn","Enchiridion","Lantern","Fusion Hammer","theDuelist:MillenniumRing","Gremlin Horn"],"acts_visited":["Exordium","TheCity","TheBeyond"],"potions_floor_usage":[6,10,12,16,22,22,23,30,33,37,42,42,50],"damage_taken":[{"damage":0,"enemies":"Small Slimes","floor":1,"turns":1},{"damage":0,"enemies":"Jaw Worm","floor":2,"turns":1},{"damage":0,"enemies":"2 Louse","floor":4,"turns":1},{"damage":6,"enemies":"3 Sentries","floor":6,"turns":7},{"damage":3,"enemies":"Looter","floor":8,"turns":2},{"damage":0,"enemies":"Large Slime","floor":10,"turns":3},{"damage":0,"enemies":"Exordium Wildlife","floor":12,"turns":4},{"damage":24,"enemies":"Slime Boss","floor":16,"turns":8},{"damage":0,"enemies":"Chosen","floor":18,"turns":4},{"damage":7,"enemies":"Shell Parasite","floor":19,"turns":5},{"damage":20,"enemies":"Cultist and Chosen","floor":22,"turns":6},{"damage":8,"enemies":"theDuelist:KaibaA2","floor":23,"turns":6},{"damage":11,"enemies":"Snecko","floor":29,"turns":6},{"damage":24,"enemies":"Centurion and Healer","floor":30,"turns":5},{"damage":0,"enemies":"Snake Plant","floor":31,"turns":6},{"damage":28,"enemies":"Collector","floor":33,"turns":11},{"damage":6,"enemies":"3 Darklings","floor":35,"turns":4},{"damage":2,"enemies":"Orb Walker","floor":36,"turns":3},{"damage":18,"enemies":"Writhing Mass","floor":37,"turns":6},{"damage":0,"enemies":"Sphere and 2 Shapes","floor":39,"turns":8},{"damage":15,"enemies":"3 Darklings","floor":41,"turns":3},{"damage":12,"enemies":"Nemesis","floor":42,"turns":7},{"damage":3,"enemies":"4 Shapes","floor":47,"turns":3},{"damage":62,"enemies":"Awakened One","floor":50,"turns":13}],"seed_played":"1924898973718490823","potions_obtained":[{"floor":6,"key":"theDuelist:DestructPotionPotB"},{"floor":8,"key":"theDuelist:FreezingPotion"},{"floor":10,"key":"FearPotion"},{"floor":16,"key":"theDuelist:LavaBottle"},{"floor":19,"key":"theDuelist:VampireVial"},{"floor":29,"key":"Fire Potion"},{"floor":31,"key":"Fire Potion"},{"floor":33,"key":"Fire Potion"},{"floor":35,"key":"LiquidMemories"},{"floor":47,"key":"theDuelist:BurningPotion"}],"is_trial":false,"path_per_floor":["M","M","?","M","$","E","T","M","T","M","?","M","R","$","R","B",null,"M","M","$","?","M","E","?","R","T","?","R","M","M","M","R","B",null,"M","M","M","$","M","R","M","E","T","?","?","?","M","$","R","B",null],"character_chosen":"THE_DUELIST","items_purchased":["Energy Potion","theDuelist:LeodrakeMane","theDuelist:FuryFire","Energy Potion","theDuelist:SpacetimeTranscendence","theDuelist:ConvulsionNature+1","Chrysalis","DuplicationPotion","theDuelist:NaturiaPineapple"],"campfire_rested":3,"item_purchase_floors":[5,5,14,14,20,20,38,38,48],"current_hp_per_floor":[80,80,80,80,80,74,74,71,71,71,71,71,71,71,71,47,80,80,73,73,73,53,45,29,53,53,53,53,48,32,40,40,22,80,78,78,64,64,74,80,71,67,67,67,67,67,70,70,80,24],"gold":11,"neow_bonus":"THREE_ENEMY_KILL","is_daily":false,"chose_seed":false,"campfire_upgraded":4,"win_rate":0.0,"timestamp":1612999785,"path_taken":["M","M","?","M","$","E","?","?","T","M","?","M","R","$","R","BOSS","M","M","$","?","M","E","?","R","T","?","R","M","M","M","R","BOSS","M","M","M","$","M","R","M","E","T","?","?","?","M","?","R","BOSS"],"items_purchased_type":["Potion","Card","Card","Potion","Card","Card","Card","Potion","Card"],"build_version":"2020-12-22","purchased_purges":0,"victory":true,"max_hp_per_floor":[80,80,80,80,80,80,80,80,80,80,80,80,80,80,80,80,80,80,80,80,80,80,80,80,80,80,80,80,80,80,80,80,80,80,80,80,80,80,80,80,80,80,80,80,80,80,80,80,80,80],"card_choices":[{"not_picked":["theDuelist:Sangan","theDuelist:DestroyerGolem","theDuelist:MudragonSwamp","theDuelist:Blockman"],"picked":"theDuelist:MudGolem","floor":1},{"not_picked":["theDuelist:ConvulsionNature","theDuelist:NatureReflection","theDuelist:NaturalDisaster","theDuelist:NaturiaSacredTree"],"picked":"theDuelist:Canyon","floor":2},{"not_picked":["theDuelist:NaturiaLeodrake","theDuelist:LairWire","theDuelist:Anteater","theDuelist:HeartUnderdog"],"picked":"theDuelist:LeodrakeMane","floor":4},{"not_picked":["theDuelist:BigEye","theDuelist:BlockGolem","theDuelist:PotAvarice","theDuelist:WeepingIdol"],"picked":"theDuelist:BigFire","floor":6},{"not_picked":["theDuelist:ConvulsionNature+1","theDuelist:NatureReflection+1","theDuelist:NaturalDisaster+1"],"picked":"theDuelist:NaturiaSacredTree+1","floor":8},{"not_picked":["theDuelist:MudGolem","theDuelist:WingedKuriboh","theDuelist:HammerShot","theDuelist:MudragonSwamp"],"picked":"theDuelist:Sangan","floor":10},{"not_picked":["theDuelist:ConvulsionNature+1","theDuelist:NatureReflection+1","theDuelist:LairWire+1","theDuelist:LeodrakeMane+1","theDuelist:HeartUnderdog+1"],"picked":"SKIP","floor":12},{"not_picked":["theDuelist:NaturiaVein+1","theDuelist:NaturiaBarkion","theDuelist:HuntingInstinct","theDuelist:ClosedForest"],"picked":"theDuelist:DemiseLand","floor":16},{"not_picked":["theDuelist:HammerShot","theDuelist:BigKoala","theDuelist:MillenniumScorpion","theDuelist:Reload"],"picked":"theDuelist:ImperialOrder+1","floor":18},{"not_picked":["theDuelist:WingedKuriboh+1","theDuelist:HeavyStorm","theDuelist:GemArmadillo","theDuelist:ChangeHeart+1"],"picked":"theDuelist:Polymerization","floor":19},{"not_picked":["theDuelist:NaturiaForest+1","theDuelist:ClosedForest+1","theDuelist:Wildfire","theDuelist:NaturiaHorneedle"],"picked":"theDuelist:MultiplicationOfAnts","floor":22},{"not_picked":["theDuelist:HammerShot","theDuelist:FutureFusion","theDuelist:Wiseman+1","theDuelist:FluteKuriboh"],"picked":"theDuelist:MillenniumGolem","floor":23},{"not_picked":["theDuelist:MudragonSwamp+1","theDuelist:GoldenApples","theDuelist:WingedKuriboh+1","theDuelist:ImperialOrder+1"],"picked":"theDuelist:DarkHole","floor":29},{"not_picked":["theDuelist:NaturiaDragonfly+1","theDuelist:NaturiaTulip","theDuelist:NaturiaCliff","theDuelist:WormBait"],"picked":"theDuelist:Spore","floor":30},{"not_picked":["theDuelist:NaturiaEggplant","theDuelist:NaturiaAntjaw+1","theDuelist:NaturiaCliff","theDuelist:PotDuality"],"picked":"theDuelist:NaturiaStinkbug","floor":31},{"not_picked":["theDuelist:NaturiaBarkion+1","theDuelist:HuntingInstinct","theDuelist:ClosedForest+1","theDuelist:Canyon+1"],"picked":"theDuelist:SeismicShockwave","floor":33},{"not_picked":["theDuelist:NaturiaCliff","theDuelist:NaturiaRosewhip+1","theDuelist:Spore","theDuelist:BottomlessTrapHole+1"],"picked":"theDuelist:NaturiaMarron","floor":35},{"not_picked":["theDuelist:NaturiaDragonfly+1","theDuelist:CopyPlant+1","theDuelist:NaturiaRock","theDuelist:NaturiaPumpkin"],"picked":"theDuelist:Wiretap+2","floor":36},{"not_picked":["theDuelist:NaturiaHydrangea+1","theDuelist:NaturiaEggplant+1","theDuelist:NaturiaStinkbug+1","theDuelist:NaturiaRagweed"],"picked":"theDuelist:CopyPlant","floor":37},{"not_picked":["theDuelist:AttackTheMoon","theDuelist:DestroyerGolem+1","theDuelist:Mudora+1","theDuelist:Blockman"],"picked":"theDuelist:GraniteLoyalist+1","floor":39},{"not_picked":["theDuelist:NaturiaHydrangea","theDuelist:NaturiaEggplant+1","theDuelist:NaturiaStinkbug+1","theDuelist:NaturiaRock"],"picked":"theDuelist:NaturiaBrambi+1","floor":41},{"not_picked":["theDuelist:AttackTheMoon","theDuelist:HammerShot","theDuelist:MudGolem+1","theDuelist:MudragonSwamp"],"picked":"theDuelist:BigFire","floor":42},{"not_picked":["theDuelist:NaturiaHydrangea+1","theDuelist:NaturiaEggplant+1","theDuelist:NaturiaDragonfly+1","theDuelist:NaturiaCliff+1"],"picked":"theDuelist:NaturiaStrawberry+1","floor":47}],"player_experience":105353,"relics_obtained":[{"floor":6,"key":"Frozen Egg 2"},{"floor":7,"key":"HornCleat"},{"floor":9,"key":"Letter Opener"},{"floor":23,"key":"Bird Faced Urn"},{"floor":24,"key":"Enchiridion"},{"floor":26,"key":"Lantern"},{"floor":42,"key":"theDuelist:MillenniumRing"},{"floor":43,"key":"Gremlin Horn"}],"event_choices":[{"damage_healed":0,"gold_gain":0,"player_choice":"Traded Naturia Beast for Naturia Rock","duelist":true,"damage_taken":0,"max_hp_gain":0,"max_hp_loss":0,"event_name":"Card Trader","floor":3,"gold_loss":0},{"damage_healed":0,"gold_gain":0,"player_choice":"Grow","damage_taken":0,"max_hp_gain":0,"max_hp_loss":0,"event_name":"Living Wall","floor":11,"gold_loss":0,"cards_upgraded":["theDuelist:BigFire"]},{"damage_healed":0,"gold_gain":0,"player_choice":"Leave","duelist":true,"damage_taken":0,"max_hp_gain":0,"max_hp_loss":0,"event_name":"Relic Duplicator","floor":21,"gold_loss":0},{"damage_healed":0,"gold_gain":0,"player_choice":"Obtained Book","damage_taken":16,"max_hp_gain":0,"max_hp_loss":0,"event_name":"Cursed Tome","floor":24,"gold_loss":0},{"damage_healed":0,"gold_gain":0,"player_choice":"Simplicity","damage_taken":0,"max_hp_gain":0,"max_hp_loss":0,"event_name":"Back to Basics","floor":27,"gold_loss":0,"cards_upgraded":["theDuelist:CastleWalls","theDuelist:CastleWalls","theDuelist:CastleWalls","theDuelist:Sparks","theDuelist:Sparks","theDuelist:Sparks"]},{"damage_healed":0,"gold_gain":0,"player_choice":"Ignored","damage_taken":0,"max_hp_gain":0,"max_hp_loss":0,"event_name":"Tomb of Lord Red Mask","floor":44,"gold_loss":0},{"total_magic_score":76,"gold_gain":0,"duelist":true,"damage_taken":0,"relics_obtained":[],"points":5,"max_hp_gain":0,"max_hp_loss":0,"spent_points":{"magic":0,"greed":0,"war":0,"power":0,"hunger":0},"event_name":"Nameless Tomb","floor":45,"gold_loss":0,"cards_obtained":[]}],"is_beta":false,"boss_relics":[{"not_picked":["Mark of Pain","HoveringKite"],"picked":"theDuelist:GamblerChip"},{"not_picked":["Black Star","Snecko Eye"],"picked":"Fusion Hammer"}],"items_purged_floors":[],"is_endless":false,"potions_floor_spawned":[6,8,10,16,19,29,31,33,35,47],"ascension_level":0}}