{"host":"nt7qlb3u3keu79fg","time":1612975740,"event":{"mods":["2.2 Compatiblity","AchievementEnabler","BaseMod","Downfall","Minty Spire (QoL Compilation)","StSLib"],"gold_per_floor":[99,91,91,32,54,78,78,90,90,105,123,41,41,41,60,160,210,210,210,223,223,116,141,194,194,194,194,194,194],"floor_reached":27,"language":"ENG","playtime":1966,"items_purged":["downfall:Malfunctioning","hexamod:Strike"],"score":201,"play_id":"9d204301-1b93-4f49-9707-56c6933abb43","local_time":"20210210114900","is_ascension_mode":false,"campfire_choices":[{"data":"hexamod:TurnItUp","floor":1,"key":"SMITH"},{"data":"hexamod:ForkedFlame","floor":13,"key":"SMITH"},{"data":"hexamod:SearingWound","floor":18,"key":"SMITH"},{"floor":26,"key":"REST"}],"circlet_count":0,"master_deck":["hexamod:Strike+1","hexamod:Strike","hexamod:Strike","hexamod:Defend+1","hexamod:Defend+1","hexamod:Defend+1","hexamod:Sear+1","hexamod:Float+1","hexamod:TurnItUp+1","hexamod:SecondSeal","hexamod:FirstSeal","hexamod:ForkedFlame+1","hexamod:BurningTouch","hexamod:PhantomFireball+1","hexamod:Firestarter+1","hexamod:ThermalTransfer","hexamod:Incineration+1","hexamod:FifthSeal","hexamod:SixthSeal","hexamod:SearingWound+1","hexamod:AdvancingGuard","hexamod:RainOfEmbers","hexamod:HeatShield+1","hexamod:FourthSeal","hexamod:GhostflameBarrier","hexamod:FlamesFromBeyond"],"relics":["hexamod:SpiritBrand","Bottled Tornado","Tiny House","Whetstone"],"acts_visited":["Exordium","TheCity"],"potions_floor_usage":[12,16,16,23,27,27],"damage_taken":[{"damage":0,"enemies":"downfall:FleeingMerchant","floor":4,"turns":4},{"damage":6,"enemies":"Jaw Worm","floor":5,"turns":3},{"damage":1,"enemies":"Cultist","floor":6,"turns":3},{"damage":1,"enemies":"2 Louse","floor":8,"turns":2},{"damage":6,"enemies":"2 Fungi Beasts","floor":10,"turns":3},{"damage":16,"enemies":"Large Slime","floor":11,"turns":7},{"damage":10,"enemies":"downfall:FleeingMerchant","floor":12,"turns":4},{"damage":14,"enemies":"3 Louse","floor":15,"turns":5},{"damage":42,"enemies":"WA_ARCHETYPE_RETAIN","floor":16,"turns":7},{"damage":37,"enemies":"Chosen","floor":20,"turns":5},{"damage":20,"enemies":"downfall:FleeingMerchant","floor":22,"turns":4},{"damage":28,"enemies":"Shell Parasite","floor":23,"turns":8},{"damage":40,"enemies":"Centurion and Healer","floor":27,"turns":5}],"seed_played":"-2153699555548706979","potions_obtained":[{"floor":8,"key":"PowerPotion"},{"floor":10,"key":"Fire Potion"},{"floor":11,"key":"hexamod:InfernoChargePotion"},{"floor":16,"key":"DuplicationPotion"},{"floor":17,"key":"BlessingOfTheForge"},{"floor":23,"key":"SkillPotion"}],"is_trial":false,"path_per_floor":["R","?","?","$","M","M","T","M","?","M","M","$","R","?","M","B",null,"R","?","M","?","$","M","T","?","R","M"],"character_chosen":"THE_SPIRIT","items_purchased":["hexamod:BurningTouch"],"campfire_rested":1,"item_purchase_floors":[4],"current_hp_per_floor":[70,63,63,70,70,69,69,70,70,70,61,51,51,56,49,7,80,80,80,50,50,37,16,16,16,40,0,0,0],"gold":194,"neow_bonus":"ONE_RANDOM_RARE_CARD","is_daily":false,"chose_seed":false,"campfire_upgraded":3,"win_rate":0.0,"timestamp":1612975740,"path_taken":["R","?","?","$","?","M","T","M","?","M","M","$","R","?","M","BOSS","R","?","M","?","$","M","T","?","R","M"],"items_purchased_type":["Card"],"build_version":"2020-12-22","purchased_purges":2,"victory":false,"max_hp_per_floor":[70,70,70,70,70,70,70,70,70,70,70,70,70,75,75,75,80,80,80,80,80,80,80,80,80,80,80,80,80],"card_choices":[{"not_picked":["hexamod:SwordOfDarkness","hexamod:HauntingEcho"],"picked":"hexamod:ForkedFlame","floor":4},{"not_picked":["hexamod:FastForward","hexamod:BacktrackSmack"],"picked":"hexamod:PhantomFireball","floor":5},{"not_picked":["hexamod:SpectersWail","hexamod:Hexaguard"],"picked":"hexamod:Firestarter","floor":6},{"not_picked":["hexamod:SwordOfDarkness","hexamod:AdvancingGuard","hexamod:FastForward"],"picked":"SKIP","floor":8},{"not_picked":["hexamod:SkipABeat","hexamod:FastForward"],"picked":"hexamod:ThermalTransfer","floor":10},{"not_picked":["hexamod:NightmareGuise","hexamod:SpectersWail"],"picked":"hexamod:Incineration","floor":11},{"not_picked":["hexamod:FastForward","hexamod:HeatShield"],"picked":"hexamod:FifthSeal","floor":12},{"not_picked":["hexamod:FirstSeal","hexamod:FourthSeal"],"picked":"hexamod:SixthSeal","floor":15},{"not_picked":["hexamod:InspiringFlames","hexamod:BacktrackSmack","hexamod:NightmareGuise"],"picked":"SKIP","floor":15},{"not_picked":["hexamod:UnlimitedPower","hexamod:GhostOfSpirePresent"],"picked":"hexamod:SearingWound","floor":16},{"not_picked":["hexamod:RetreatToShadows","hexamod:BurningTouch"],"picked":"hexamod:AdvancingGuard","floor":17},{"not_picked":["hexamod:BacktrackSmack","hexamod:SwordOfDarkness+1"],"picked":"hexamod:HeatShield+1","floor":20},{"not_picked":["hexamod:SecondSeal","hexamod:ThirdSeal"],"picked":"hexamod:FourthSeal","floor":22},{"not_picked":["hexamod:ParanormalForm","hexamod:InspiringFlames"],"picked":"hexamod:GhostflameBarrier","floor":22},{"not_picked":["hexamod:InspiringFlames","hexamod:HeatCrush"],"picked":"hexamod:FlamesFromBeyond","floor":23}],"player_experience":248676,"relics_obtained":[{"floor":7,"key":"Bottled Tornado"},{"floor":24,"key":"Whetstone"}],"event_choices":[{"cards_removed":["hexamod:Defend"],"damage_healed":0,"gold_gain":0,"player_choice":"Offered Basic","damage_taken":0,"max_hp_gain":0,"max_hp_loss":0,"event_name":"Bonfire Elementals","floor":3,"gold_loss":0},{"damage_healed":0,"gold_gain":0,"player_choice":"Donut","damage_taken":0,"max_hp_gain":5,"max_hp_loss":0,"event_name":"Big Fish","floor":14,"gold_loss":0},{"damage_healed":0,"gold_gain":0,"player_choice":"Read","damage_taken":0,"max_hp_gain":0,"max_hp_loss":0,"event_name":"The Library","floor":19,"gold_loss":0,"cards_obtained":["hexamod:RainOfEmbers"]},{"damage_healed":0,"gold_gain":0,"player_choice":"Ignored","damage_taken":0,"max_hp_gain":0,"max_hp_loss":0,"event_name":"Vampires","floor":21,"gold_loss":0}],"is_beta":false,"boss_relics":[{"not_picked":["Black Star","Busted Crown"],"picked":"Tiny House"}],"items_purged_floors":[12,22],"is_endless":false,"potions_floor_spawned":[8,10,11,16],"killed_by":"Centurion and Healer","ascension_level":0}}