{"host":"6rg8kqrcyg7lkx0e","time":1612974211,"event":{"mods":["BaseMod","Downfall","Minty Spire (QoL Compilation)","StSLib"],"gold_per_floor":[99,113,113,188,188,221,275,302,302,342,367,401,260,506,530,641,641,641,650,675,716,729,729,729,752,792,742,542,581,581,331,356,469,469,469,488,506,506,434,334,334,354,390,424,165,165,190,225,238,238,238,275,23,23,23,23],"floor_reached":57,"language":"ZHS","playtime":5836,"items_purged":["Writhe"],"score":1710,"play_id":"8c7aa691-0c3e-40d4-8340-1a233168de57","local_time":"20210211002331","daily_mods":["SealedDeck","Heirloom","Flight","DeadlyEvents","Elite Swarm"],"is_ascension_mode":false,"campfire_choices":[{"data":"Slimebound:SlimeBrawl","floor":1.0,"key":"SMITH"},{"data":"Slimebound:TagTeam","floor":9.0,"key":"SMITH"},{"data":"Slimebound:OneTwoCombo","floor":18.0,"key":"SMITH"},{"data":"Slimebound:SlimeBrawl","floor":23.0,"key":"SMITH"},{"data":"Slimebound:OneTwoCombo","floor":28.0,"key":"SMITH"},{"data":"Slimebound:SelfFormingGoo","floor":30.0,"key":"SMITH"},{"floor":35.0,"key":"RECALL"},{"data":"Slimebound:Overexert","floor":40,"key":"SMITH"},{"data":"Slimebound:LeadByExample","floor":46,"key":"SMITH"},{"data":"Slimebound:SelfFormingGoo","floor":54,"key":"SMITH"}],"circlet_count":0,"master_deck":["Slimebound:SamplingLick","Slimebound:Recollect","Slimebound:SplitAcid","Slimebound:SplitMire","Slimebound:SplitLeeching","Slimebound:SplitMire","Slimebound:SplitMire","Slimebound:SlimeTap","Slimebound:SlimeBrawl+1","Slimebound:SplitBruiser","Slimebound:LeadByExample+1","Slimebound:TagTeam+1","Slimebound:FirmFortitude","Slimebound:Teamwork","Slimebound:OneTwoCombo+1","Slimebound:SlimeBrawl+1","Slimebound:TagTeam+1","Slimebound:SlimeBarrage","Slimebound:SplitLeeching","Slimebound:SplitAcid","Slimebound:Overexert+1","Slimebound:SplitBruiser+1","Slimebound:ServeAndProtect+1","Slimebound:OneTwoCombo+1","Slimebound:SelfFormingGoo+1","Slimebound:SplitLeeching+1","Slimebound:MinionMaster","Slimebound:SplitSpecialist+1","Slimebound:MassRepurpose+1","Slimebound:MassRepurpose+1","Slimebound:SelfFormingGoo+1"],"relics":["Slimebound:AbsorbEndCombat","CaptainsWheel","Potion Belt","Bronze Scales","CeramicFish","Singing Bowl","Darkstone Periapt","DollysMirror","bronze:MakeshiftBattery","Smiling Mask","Vajra","Slimebound:MaxSlimesRelic","Incense Burner","downfall:HeartBlessingGreen","downfall:HeartBlessingBlue","Eternal Feather","Toxic Egg 2","sneckomod:SneckoTalon","downfall:HeartBlessingRed","Unceasing Top","White Beast Statue","InkBottle","Bottled Tornado","Bottled Lightning","Dream Catcher","Oddly Smooth Stone","Mummified Hand"],"acts_visited":["Exordium","TheCity","TheBeyond","TheEnding"],"potions_floor_usage":[56],"damage_taken":[{"damage":4.0,"enemies":"Small Slimes","floor":2.0,"turns":4.0},{"damage":6.0,"enemies":"3 Sentries","floor":6.0,"turns":6.0},{"damage":0.0,"enemies":"Lagavulin","floor":8.0,"turns":3.0},{"damage":9.0,"enemies":"3 Sentries","floor":10.0,"turns":2.0},{"damage":3.0,"enemies":"Lagavulin","floor":11.0,"turns":3.0},{"damage":0.0,"enemies":"Gremlin Nob","floor":12.0,"turns":2.0},{"damage":0.0,"enemies":"downfall:FleeingMerchant","floor":13.0,"turns":4.0},{"damage":0.0,"enemies":"downfall:FleeingMerchant","floor":14.0,"turns":2.0},{"damage":0.0,"enemies":"2 Louse","floor":15.0,"turns":1.0},{"damage":0.0,"enemies":"SI_SHIV_ARCHETYPE","floor":16.0,"turns":4.0},{"damage":0.0,"enemies":"Spheric Guardian","floor":20.0,"turns":2.0},{"damage":16.0,"enemies":"Slavers","floor":21.0,"turns":3.0},{"damage":0.0,"enemies":"3 Byrds","floor":22.0,"turns":2.0},{"damage":15.0,"enemies":"Shelled Parasite and Fungi","floor":25.0,"turns":2.0},{"damage":12.0,"enemies":"Book of Stabbing","floor":26.0,"turns":3.0},{"damage":0.0,"enemies":"Slavers","floor":29.0,"turns":2.0},{"damage":0.0,"enemies":"Chosen and Byrds","floor":32.0,"turns":2.0},{"damage":17.0,"enemies":"IC_MUSHROOM_ARCHETYPE","floor":33.0,"turns":4.0},{"damage":0.0,"enemies":"Orb Walker","floor":36.0,"turns":1.0},{"damage":0,"enemies":"3 Shapes","floor":37,"turns":1},{"damage":3,"enemies":"Sphere and 2 Shapes","floor":42,"turns":3},{"damage":0,"enemies":"Nemesis","floor":43,"turns":3},{"damage":0,"enemies":"Reptomancer","floor":44,"turns":2},{"damage":25,"enemies":"Nemesis","floor":47,"turns":3},{"damage":0,"enemies":"Giant Head","floor":48,"turns":3},{"damage":0,"enemies":"Writhing Mass","floor":49,"turns":2},{"damage":0,"enemies":"WA_ARCHETYPE_DIVINITY","floor":50,"turns":4},{"damage":9,"enemies":"downfall:CharBossMerchant","floor":52,"turns":3},{"damage":0,"enemies":"downfall:NeowBoss","floor":55,"turns":4},{"damage":26,"enemies":"downfall:NeowBossFinal","floor":56,"turns":5}],"seed_played":"-7901530842845346660","potions_obtained":[{"floor":10.0,"key":"Guardian:BlockOnCardUsePotion"},{"floor":11.0,"key":"Dexterity Potion"},{"floor":15.0,"key":"Fire Potion"},{"floor":21.0,"key":"Regen Potion"},{"floor":25.0,"key":"Block Potion"},{"floor":29.0,"key":"SpeedPotion"},{"floor":36.0,"key":"FairyPotion"},{"floor":48,"key":"LiquidMemories"}],"is_trial":true,"path_per_floor":["R","M","?","?","?","E","T","E","R","E","E","E","$","$","M","B",null,"R","?","M","E","M","R","T","M","E","$","R","E","R","$","M","B",null,"R","M","M","?","$","R","T","M","E","E","$","R","E","E","M","B",null,"E","$","R","B","B",null],"character_chosen":"SLIMEBOUND","items_purchased":["DollysMirror","Slimebound:SlimeBarrage","Slimebound:SplitLeeching","Toxic Egg 2","Slimebound:SplitSpecialist+1","Bottled Tornado","Mummified Hand"],"campfire_rested":0,"item_purchase_floors":[13,14,14,31,39,45,53],"current_hp_per_floor":[65,61,61,61,61,55,55,61,61,54,55,57,65,69,69,69,69,69,75,75,63,65,65,65,50,40,40,50,50,65,65,69,58,87,87,89,91,101,101,101,101,102,103,103,103,103,82,90,94,96,109,108,108,109,109,87],"gold":23,"neow_bonus":"","is_daily":false,"chose_seed":false,"campfire_upgraded":9,"win_rate":0.0,"timestamp":1612974211,"path_taken":["R","M","?","?","?","E","T","E","R","?","E","E","$","$","M","BOSS","R","?","?","?","?","R","T","?","?","$","R","?","R","?","M","BOSS","R","M","M","?","$","R","T","?","?","E","?","R","?","E","M","BOSS","E","$","R","BOSS","BOSS"],"items_purchased_type":["Relic","Card","Card","Relic","Card","Relic","Relic"],"build_version":"2020-12-22","purchased_purges":1,"victory":true,"max_hp_per_floor":[65,65,65,65,65,65,65,65,65,65,67,67,67,69,69,69,69,69,75,75,75,77,77,77,77,77,77,87,87,87,87,87,87,87,87,89,91,101,101,101,101,103,103,103,103,103,105,107,109,109,109,109,109,109,109,109],"card_choices":[{"not_picked":["Slimebound:ForwardTackle","Slimebound:RainOfGoop"],"picked":"Slimebound:SplitBruiser","floor":2.0},{"not_picked":["Slimebound:LeechLife","Slimebound:Overexert"],"picked":"Slimebound:TagTeam","floor":6.0},{"not_picked":["Slimebound:Overexert","Slimebound:DouseInSlime"],"picked":"Slimebound:FirmFortitude","floor":8.0},{"not_picked":["Slimebound:PrepareCrush","Slimebound:RallyTheTroops"],"picked":"Slimebound:Teamwork","floor":10.0},{"not_picked":["Slimebound:PrepareCrush","Slimebound:OozeBath","Slimebound:LeechLife"],"picked":"Singing Bowl","floor":11.0},{"not_picked":["Slimebound:Darklings","Slimebound:PrepareCrush"],"picked":"Slimebound:OneTwoCombo","floor":12.0},{"not_picked":["Slimebound:Gluttony","Slimebound:Nibble"],"picked":"Slimebound:SlimeBrawl","floor":13.0},{"not_picked":["Slimebound:SplitMire","Slimebound:SlimeSpikes","Slimebound:Replication"],"picked":"Singing Bowl","floor":14.0},{"not_picked":["Slimebound:SamplingLick","Slimebound:Replication"],"picked":"Slimebound:SplitAcid","floor":15.0},{"not_picked":["Slimebound:DuplicatedForm","Slimebound:Recycling"],"picked":"Slimebound:Overexert","floor":16.0},{"not_picked":["Slimebound:PressTheAttack","Slimebound:Gluttony"],"picked":"Slimebound:SplitBruiser+1","floor":20.0},{"not_picked":["Slimebound:MassFeed","Slimebound:Teamwork"],"picked":"Slimebound:RallyTheTroops","floor":21.0},{"not_picked":["Slimebound:Replication","Slimebound:SplitAcid","Slimebound:PressTheAttack"],"picked":"Singing Bowl","floor":22.0},{"not_picked":["Slimebound:SplitMire","Slimebound:LeechEnergy+1"],"picked":"Slimebound:ServeAndProtect+1","floor":25.0},{"not_picked":["Slimebound:RallyTheTroops","Slimebound:WasteNot"],"picked":"Slimebound:OneTwoCombo","floor":26.0},{"not_picked":["Slimebound:TagTeam","Slimebound:WasteNot"],"picked":"Slimebound:SelfFormingGoo","floor":29.0},{"not_picked":["Slimebound:PressTheAttack","Slimebound:Gluttony"],"picked":"Slimebound:SplitLeeching+1","floor":32.0},{"not_picked":["Slimebound:DuplicatedForm","Slimebound:PrepareCrush+1"],"picked":"Slimebound:MinionMaster","floor":33.0},{"not_picked":["Slimebound:Schlurp+1","Slimebound:TongueLash+1","Slimebound:ServeAndProtect+1"],"picked":"Singing Bowl","floor":36.0},{"not_picked":["Slimebound:Schlurp+1","Slimebound:TongueLash+1","Slimebound:ServeAndProtect+1"],"picked":"Singing Bowl","floor":37},{"not_picked":["Slimebound:TongueLash+1","Slimebound:FinishingTackle","Slimebound:LevelUp+1"],"picked":"Singing Bowl","floor":42},{"not_picked":["Slimebound:Teamwork+1","Slimebound:MinionMaster"],"picked":"Slimebound:MassRepurpose+1","floor":43},{"not_picked":["Slimebound:WasteNot+1","Slimebound:Teamwork+1"],"picked":"Slimebound:MassRepurpose+1","floor":44},{"not_picked":["Slimebound:MinionMaster","Slimebound:DuplicatedForm","Slimebound:PrepareCrush+1"],"picked":"Singing Bowl","floor":47},{"not_picked":["Slimebound:Teamwork+1","Slimebound:OneTwoCombo","Slimebound:OozeBath+1"],"picked":"Singing Bowl","floor":48},{"not_picked":["Slimebound:FlameTackle+1","Slimebound:Recollect+1","Slimebound:Nibble+1"],"picked":"Singing Bowl","floor":49},{"not_picked":["Slimebound:MassFeed","Slimebound:Overexert"],"picked":"Slimebound:SelfFormingGoo","floor":52}],"player_experience":764872,"relics_obtained":[{"floor":6.0,"key":"Potion Belt"},{"floor":8.0,"key":"Bronze Scales"},{"floor":10.0,"key":"CeramicFish"},{"floor":11.0,"key":"Singing Bowl"},{"floor":12.0,"key":"Darkstone Periapt"},{"floor":21.0,"key":"Vajra"},{"floor":24.0,"key":"Slimebound:MaxSlimesRelic"},{"floor":26.0,"key":"Incense Burner"},{"floor":29.0,"key":"Eternal Feather"},{"floor":41,"key":"Unceasing Top"},{"floor":43,"key":"White Beast Statue"},{"floor":44,"key":"InkBottle"},{"floor":47,"key":"Bottled Lightning"},{"floor":48,"key":"Dream Catcher"},{"floor":52,"key":"Oddly Smooth Stone"}],"event_choices":[{"cards_removed":["Slimebound:RallyTheTroops"],"damage_healed":0,"gold_gain":0,"player_choice":"Offered Rare","damage_taken":0,"max_hp_gain":10,"max_hp_loss":0,"event_name":"Bonfire Elementals","floor":38,"gold_loss":0}],"is_beta":false,"boss_relics":[{"not_picked":["Runic Dome","Snecko Eye"],"picked":"bronze:MakeshiftBattery"},{"not_picked":["Slimebound:AbsorbEndCombatUpgraded","Tiny House"],"picked":"sneckomod:SneckoTalon"}],"items_purged_floors":[27],"is_endless":false,"potions_floor_spawned":[10,11,15,21,25,26,29,36,42,44,47,48,49,52],"ascension_level":0}}