{"host":"r91i8wii3z9p67t1","time":1612970869,"event":{"mods":["BaseMod","Minty Spire (QoL Compilation)","Relic Stats","StSLib"],"gold_per_floor":[111,5,19,19,31,65,65,100,100,137,137,137,137,165,165,275,275,294,319,46,46,69,69,112,112,136,167,192,226,251,251,251,356,356,371,371,389,289,289,289,309,309,309,328,347,3,29,72,72,72],"floor_reached":51,"language":"ENG","playtime":3196,"items_purged":["Strike_G","Strike_G","Defend_G"],"score":1244,"play_id":"7f72db59-f1d7-4501-9eab-e999c33e5d54","local_time":"20210210232749","is_ascension_mode":true,"campfire_choices":[{"data":"Blade Dance","floor":7,"key":"SMITH"},{"data":"Cloak And Dagger","floor":11,"key":"SMITH"},{"data":"Footwork","floor":13,"key":"SMITH"},{"data":"Cloak And Dagger","floor":15,"key":"SMITH"},{"data":"Burst","floor":23,"key":"SMITH"},{"data":"Blade Dance","floor":25,"key":"SMITH"},{"data":"1","floor":32,"key":"LIFT"},{"data":"2","floor":40,"key":"LIFT"},{"data":"3","floor":42,"key":"LIFT"},{"data":"Tactician","floor":49,"key":"SMITH"}],"circlet_count":0,"master_deck":["Strike_G+1","Defend_G","Defend_G","Defend_G","Defend_G","Survivor+1","Neutralize+1","CurseOfTheBell","Escape Plan","Blade Dance+1","Quick Slash","Blade Dance+1","Footwork+1","Cloak And Dagger+1","Cloak And Dagger+1","Burst+1","Finisher","Acrobatics","Acrobatics","Riddle With Holes+1","Prepared+1","Accuracy","Phantasmal Killer","Cloak And Dagger+1","Tactician+1","Blade Dance+1","Blade Dance+1"],"relics":["Calling Bell","Orichalcum","Shuriken","Mango","Tiny Chest","Blue Candle","Whetstone","CeramicFish","Busted Crown","Red Mask","PreservedInsect","Anchor","Nunchaku","Girya","Bronze Scales","Centennial Puzzle","HoveringKite","Akabeko","Bag of Preparation","Juzu Bracelet"],"acts_visited":["Exordium","TheCity","TheBeyond"],"potions_floor_usage":[6,8,16,19,19,41,44,50],"damage_taken":[{"damage":0,"enemies":"Small Slimes","floor":1,"turns":4},{"damage":0,"enemies":"Jaw Worm","floor":3,"turns":4},{"damage":3,"enemies":"2 Louse","floor":5,"turns":3},{"damage":10,"enemies":"Lagavulin","floor":6,"turns":5},{"damage":10,"enemies":"Gremlin Nob","floor":8,"turns":3},{"damage":15,"enemies":"Lagavulin","floor":10,"turns":7},{"damage":0,"enemies":"Looter","floor":14,"turns":3},{"damage":1,"enemies":"Hexaghost","floor":16,"turns":7},{"damage":16,"enemies":"Spheric Guardian","floor":18,"turns":4},{"damage":0,"enemies":"Masked Bandits","floor":19,"turns":2},{"damage":0,"enemies":"Shell Parasite","floor":22,"turns":4},{"damage":3,"enemies":"Slavers","floor":24,"turns":4},{"damage":0,"enemies":"Gremlin Leader","floor":27,"turns":5},{"damage":0,"enemies":"Chosen and Byrds","floor":28,"turns":3},{"damage":1,"enemies":"Book of Stabbing","floor":29,"turns":3},{"damage":1,"enemies":"Centurion and Healer","floor":30,"turns":3},{"damage":1,"enemies":"Collector","floor":33,"turns":5},{"damage":3,"enemies":"Orb Walker","floor":35,"turns":2},{"damage":0,"enemies":"3 Shapes","floor":37,"turns":4},{"damage":1,"enemies":"Transient","floor":41,"turns":4},{"damage":1,"enemies":"Writhing Mass","floor":44,"turns":3},{"damage":14,"enemies":"Spire Growth","floor":45,"turns":3},{"damage":1,"enemies":"4 Shapes","floor":47,"turns":2},{"damage":0,"enemies":"Giant Head","floor":48,"turns":1},{"damage":27,"enemies":"Donu and Deca","floor":50,"turns":3}],"seed_played":"115642810391638032","potions_obtained":[{"floor":3,"key":"LiquidMemories"},{"floor":5,"key":"FearPotion"},{"floor":14,"key":"FearPotion"},{"floor":18,"key":"DuplicationPotion"},{"floor":30,"key":"LiquidMemories"},{"floor":33,"key":"Strength Potion"},{"floor":35,"key":"Block Potion"},{"floor":47,"key":"SkillPotion"},{"floor":48,"key":"LiquidBronze"}],"is_trial":false,"path_per_floor":["M","$","M","?","M","E","R","E","T","E","R","?","R","M","R","B",null,"M","?","$","?","M","R","E","R","T","E","M","E","M","T","R","B",null,"M","?","M","$","?","R","M","R","T","M","M","$","M","E","R","B",null],"character_chosen":"THE_SILENT","items_purchased":["Blade Dance","PowerPotion","PreservedInsect","Acrobatics","Tactician","Bag of Preparation"],"campfire_rested":0,"item_purchase_floors":[2,2,20,20,46,46],"current_hp_per_floor":[77,77,77,60,57,47,47,37,37,22,22,15,15,15,15,14,67,51,51,51,51,51,51,48,48,48,48,48,47,46,46,46,45,74,71,71,71,71,71,71,70,70,70,69,55,55,54,54,54,27],"gold":72,"neow_bonus":"BOSS_RELIC","is_daily":false,"chose_seed":false,"campfire_upgraded":7,"win_rate":0.0,"timestamp":1612970869,"path_taken":["M","$","M","?","M","E","R","E","T","E","R","?","R","M","R","BOSS","M","?","$","?","M","R","E","R","T","E","M","E","M","?","R","BOSS","M","?","M","$","?","R","M","R","T","M","M","$","M","E","R","BOSS"],"items_purchased_type":["Card","Potion","Relic","Card","Card","Relic"],"build_version":"2020-12-22","purchased_purges":3,"victory":true,"max_hp_per_floor":[84,84,84,84,84,84,84,84,84,84,84,84,84,84,84,84,84,84,84,84,84,84,84,84,84,84,84,84,84,84,84,84,84,84,84,80,80,80,80,80,80,80,80,80,80,80,80,80,80,80],"relic_stats":{"counters":[25,91],"Blue Candle":[8],"CeramicFish":126,"HoveringKite":[15],"PreservedInsect":262,"Bag of Preparation":[6],"Juzu Bracelet":0,"Whetstone":["Strike_G","Neutralize"],"Orichalcum":[78],"Nunchaku":[24],"Centennial Puzzle":[21],"Busted Crown":32,"Shuriken":[111],"Bronze Scales":[67],"Tiny Chest":1,"obtain_stats":[{"Girya":27,"Blue Candle":8,"CeramicFish":10,"HoveringKite":34,"Mango":0,"PreservedInsect":20,"Bag of Preparation":46,"Juzu Bracelet":48,"Whetstone":9,"Orichalcum":0,"Akabeko":43,"Calling Bell":0,"Anchor":24,"Nunchaku":26,"Centennial Puzzle":31,"Busted Crown":17,"Shuriken":0,"Bronze Scales":29,"Tiny Chest":6,"Red Mask":19,"Ring of the Snake":0},{"Girya":13,"Blue Candle":5,"CeramicFish":6,"HoveringKite":17,"Mango":0,"PreservedInsect":10,"Bag of Preparation":22,"Juzu Bracelet":24,"Whetstone":5,"Orichalcum":0,"Akabeko":20,"Calling Bell":0,"Anchor":12,"Nunchaku":12,"Centennial Puzzle":16,"Busted Crown":8,"Shuriken":0,"Bronze Scales":15,"Tiny Chest":4,"Red Mask":10,"Ring of the Snake":0},{"Girya":55,"Blue Candle":19,"CeramicFish":26,"HoveringKite":69,"Mango":0,"PreservedInsect":42,"Bag of Preparation":85,"Juzu Bracelet":88,"Whetstone":19,"Orichalcum":0,"Akabeko":79,"Calling Bell":0,"Anchor":50,"Nunchaku":50,"Centennial Puzzle":64,"Busted Crown":36,"Shuriken":0,"Bronze Scales":61,"Tiny Chest":16,"Red Mask":42,"Ring of the Snake":0}]},"card_choices":[{"not_picked":["Dodge and Roll","Choke"],"picked":"Escape Plan","floor":1},{"not_picked":["Underhanded Strike","Sucker Punch"],"picked":"Quick Slash","floor":3},{"not_picked":["Backstab","Noxious Fumes"],"picked":"Blade Dance","floor":5},{"not_picked":["All Out Attack","Underhanded Strike","Tactician"],"picked":"SKIP","floor":6},{"not_picked":["Backstab","Caltrops"],"picked":"Footwork","floor":8},{"not_picked":["Choke","Flechettes"],"picked":"Cloak And Dagger","floor":10},{"not_picked":["Underhanded Strike","All Out Attack"],"picked":"Cloak And Dagger","floor":14},{"not_picked":["Storm of Steel","Envenom"],"picked":"Burst","floor":16},{"not_picked":[],"picked":"Finisher","floor":18},{"not_picked":[],"picked":"Acrobatics","floor":22},{"not_picked":[],"picked":"Riddle With Holes+1","floor":24},{"not_picked":["Deadly Poison"],"picked":"SKIP","floor":27},{"not_picked":[],"picked":"Prepared+1","floor":28},{"not_picked":["Dagger Spray"],"picked":"SKIP","floor":29},{"not_picked":[],"picked":"Accuracy","floor":30},{"not_picked":[],"picked":"Phantasmal Killer","floor":33},{"not_picked":["Slice+1"],"picked":"SKIP","floor":35},{"not_picked":["Underhanded Strike"],"picked":"SKIP","floor":37},{"not_picked":[],"picked":"Cloak And Dagger+1","floor":41},{"not_picked":["Predator+1"],"picked":"SKIP","floor":44},{"not_picked":["Slice+1"],"picked":"SKIP","floor":45},{"not_picked":[],"picked":"Blade Dance+1","floor":47},{"not_picked":[],"picked":"Blade Dance+1","floor":48}],"player_experience":1042692,"relics_obtained":[{"floor":0,"key":"Orichalcum"},{"floor":0,"key":"Shuriken"},{"floor":0,"key":"Mango"},{"floor":6,"key":"Tiny Chest"},{"floor":8,"key":"Blue Candle"},{"floor":9,"key":"Whetstone"},{"floor":10,"key":"CeramicFish"},{"floor":19,"key":"Red Mask"},{"floor":24,"key":"Anchor"},{"floor":26,"key":"Nunchaku"},{"floor":27,"key":"Girya"},{"floor":29,"key":"Bronze Scales"},{"floor":31,"key":"Centennial Puzzle"},{"floor":43,"key":"Akabeko"},{"floor":48,"key":"Juzu Bracelet"}],"event_choices":[{"damage_healed":0,"gold_gain":0,"player_choice":"Entered Light","damage_taken":17,"max_hp_gain":0,"max_hp_loss":0,"event_name":"Shining Light","floor":4,"gold_loss":0,"cards_upgraded":["Survivor","Strike_G"]},{"cards_removed":["Strike_G"],"damage_healed":0,"gold_gain":0,"player_choice":"Card Removal","damage_taken":7,"max_hp_gain":0,"max_hp_loss":0,"event_name":"Golden Wing","floor":12,"gold_loss":0},{"damage_healed":0,"gold_gain":0,"player_choice":"Fought Bandits","damage_taken":0,"max_hp_gain":0,"max_hp_loss":0,"event_name":"Masked Bandits","floor":19,"gold_loss":0},{"damage_healed":0,"gold_gain":0,"player_choice":"Ignored","damage_taken":0,"max_hp_gain":0,"max_hp_loss":0,"event_name":"Ghosts","floor":21,"gold_loss":0},{"damage_healed":0,"gold_gain":0,"player_choice":"Max HP","damage_taken":0,"max_hp_gain":0,"max_hp_loss":4,"event_name":"Winding Halls","floor":36,"gold_loss":0},{"cards_removed":["Strike_G"],"damage_healed":0,"gold_gain":0,"player_choice":"Removed Attack","damage_taken":0,"max_hp_gain":0,"max_hp_loss":0,"event_name":"Falling","floor":39,"gold_loss":0}],"is_beta":false,"boss_relics":[{"not_picked":["Runic Dome","Ectoplasm"],"picked":"Busted Crown"},{"not_picked":["Fusion Hammer","Black Star"],"picked":"HoveringKite"}],"items_purged_floors":[20,38,46],"is_endless":false,"potions_floor_spawned":[3,5,14,18,30,33,35,37,47,48],"ascension_level":8}}