{"host":"v4pe0ixo3k7iwzp0","time":1612998664,"event":{"mods":["Ascension Reborn","BaseMod","Bestiary","Highlight Path","Minty Spire (QoL Compilation)","StSLib","Td1madao Mod","The Marked","The Servant 0.9.4","TheSwordswoman"],"gold_per_floor":[116,66,66,84,94,121,79,79,79,79,94,94,107,107,107,207,207,219,229,155,80,80,97,97,112,112,212,226,237,264,275,275,373,423,435,435,445,131,154,154,186,186,213,241,253,265,289,301,313,325],"floor_reached":51,"language":"ENG","playtime":6840,"items_purged":[],"score":725,"play_id":"29362769-2a79-4b4f-9dae-1130bd9d807c","local_time":"20210210151104","is_ascension_mode":true,"campfire_choices":[{"data":"blazmod:ButterflyEffect","floor":10.0,"key":"SMITH"},{"floor":12.0,"key":"REST"},{"data":"blazmod:FlashRock","floor":15.0,"key":"SMITH"},{"data":"blazmod:ButterflyForm","floor":24.0,"key":"SMITH"},{"floor":32.0,"key":"REST"},{"data":"blazmod:Kyokasuigetsu","floor":40.0,"key":"SMITH"},{"data":"blazmod:PhoenixPlume","floor":42.0,"key":"SMITH"},{"floor":45.0,"key":"REST"},{"floor":49.0,"key":"REST"}],"circlet_count":0,"master_deck":["blazmod:Strike+1","blazmod:Defend","blazmod:Defend","blazmod:Defend","blazmod:Defend","blazmod:ButterflyEffect+1","blazmod:Kyokasuigetsu+1","blazmod:ClearTheMind","blazmod:FleetOfFoot","blazmod:FlashRock+1","blazmod:Crosscut","blazmod:BlindingFlash","blazmod:KatanaStrike","blazmod:ButterflyForm+1","blazmod:KatanaStrike","blazmod:FlawlessDraw","blazmod:Observant+1","blazmod:Trasient","blazmod:Crosscut","blazmod:Swordstorm+1","blazmod:PhoenixPlume+1","blazmod:AlmightyPassage","blazmod:ClearTheMind+1","blazmod:CrescentMoon","blazmod:HarmonyComplete+1","blazmod:DevilDivine+1","Writhe","blazmod:FocusThroughFalls"],"relics":["blazmod:Venustas","NeowsBlessing","Shuriken","Pear","blazmod:SamuraiSword","Mummified Hand","Pocketwatch","InkBottle","Eternal Feather","Tiny House","Pen Nib","Dream Catcher","Happy Flower","Bag of Marbles","MawBank"],"acts_visited":["Exordium","TheCity","TheBeyond"],"potions_floor_usage":[],"damage_taken":[{"damage":0.0,"enemies":"Jaw Worm","floor":1.0,"turns":1.0},{"damage":0.0,"enemies":"Small Slimes","floor":4.0,"turns":1.0},{"damage":0.0,"enemies":"2 Louse","floor":5.0,"turns":1.0},{"damage":7.0,"enemies":"3 Sentries","floor":6.0,"turns":12.0},{"damage":0.0,"enemies":"Large Slime","floor":11.0,"turns":7.0},{"damage":0.0,"enemies":"Lots of Slimes","floor":13.0,"turns":7.0},{"damage":5.0,"enemies":"Slime Boss","floor":16.0,"turns":14.0},{"damage":2.0,"enemies":"3 Byrds","floor":18.0,"turns":8.0},{"damage":2.0,"enemies":"Shell Parasite","floor":19.0,"turns":6.0},{"damage":0.0,"enemies":"Snake Plant","floor":23.0,"turns":5.0},{"damage":0.0,"enemies":"3 Cultists","floor":25.0,"turns":7.0},{"damage":1.0,"enemies":"Colosseum Slavers","floor":27.0,"turns":3.0},{"damage":4.0,"enemies":"Colosseum Nobs","floor":27.0,"turns":5.0},{"damage":6.0,"enemies":"Centurion and Healer","floor":28.0,"turns":4.0},{"damage":5.0,"enemies":"Cultist and Chosen","floor":29.0,"turns":4.0},{"damage":6.0,"enemies":"Book of Stabbing","floor":30.0,"turns":5.0},{"damage":15.0,"enemies":"Shelled Parasite and Fungi","floor":31.0,"turns":4.0},{"damage":11.0,"enemies":"Collector","floor":33.0,"turns":6.0},{"damage":1.0,"enemies":"3 Darklings","floor":35.0,"turns":4.0},{"damage":0.0,"enemies":"Orb Walker","floor":37.0,"turns":4.0},{"damage":0.0,"enemies":"Giant Head","floor":41.0,"turns":7.0},{"damage":32.0,"enemies":"Nemesis","floor":44.0,"turns":7.0},{"damage":40.0,"enemies":"4 Shapes","floor":47.0,"turns":6.0},{"damage":26,"enemies":"Awakened One","floor":50,"turns":13}],"seed_played":"-8139630071526648726","potions_obtained":[{"floor":1.0,"key":"SmokeBomb"},{"floor":6.0,"key":"SpeedPotion"},{"floor":11.0,"key":"GamblersBrew"},{"floor":13.0,"key":"EntropicBrew"},{"floor":14.0,"key":"FairyPotion"},{"floor":33.0,"key":"DistilledChaos"},{"floor":34.0,"key":"GamblersBrew"}],"is_trial":false,"path_per_floor":["M","?","?","M","M","E","?","?","T","R","M","R","M","?","R","B",null,"M","M","$","?","$","M","R","M","T","?","M","M","E","M","R","B",null,"M","?","M","$","T","R","E","R","T","E","R","?","M","?","R","B",null],"character_chosen":"THE_SWORDSWOMAN","items_purchased":["blazmod:FlawlessDraw","Pen Nib","blazmod:CrescentMoon"],"campfire_rested":4,"item_purchase_floors":[20,38,38],"current_hp_per_floor":[40,40,40,40,40,33,33,38,48,48,48,55,55,55,55,50,55,53,51,51,51,51,51,51,51,51,46,40,35,29,14,42,31,60,59,59,59,59,59,60,60,60,60,28,60,60,20,35,60,34],"gold":337,"neow_bonus":"THREE_ENEMY_KILL","is_daily":false,"chose_seed":false,"campfire_upgraded":5,"win_rate":0.0,"timestamp":1612998664,"path_taken":["M","?","?","M","?","E","?","?","T","R","M","R","M","?","R","BOSS","M","?","$","?","$","M","R","M","T","?","M","M","E","M","R","BOSS","M","?","M","$","?","R","E","R","T","E","R","?","?","?","R","BOSS"],"items_purchased_type":["Card","Relic","Card"],"build_version":"2020-12-22","purchased_purges":0,"victory":true,"max_hp_per_floor":[40,40,40,40,40,40,40,45,55,55,55,55,55,55,55,55,55,55,55,55,55,55,55,55,55,55,55,55,55,55,55,55,55,60,60,60,60,60,60,60,60,60,60,60,60,60,60,60,60,60],"card_choices":[{"not_picked":["blazmod:Crosscut","blazmod:ButterFlutter"],"picked":"blazmod:ClearTheMind","floor":1.0},{"not_picked":["blazmod:FocusThroughFalls","blazmod:FlashRock"],"picked":"blazmod:FleetOfFoot","floor":4.0},{"not_picked":["blazmod:UnderPurifyingWaters","blazmod:BlindBlade"],"picked":"blazmod:FlashRock","floor":5.0},{"not_picked":["blazmod:BlindingFlash","blazmod:FlashRock"],"picked":"blazmod:Crosscut","floor":6.0},{"not_picked":["blazmod:FlashRock","blazmod:FlyFlyAgain"],"picked":"blazmod:BlindingFlash","floor":11.0},{"not_picked":["blazmod:Trasient","blazmod:SecondSight"],"picked":"blazmod:KatanaStrike","floor":13.0},{"not_picked":["blazmod:CrescentMoon","blazmod:GlasswingWaltz"],"picked":"blazmod:ButterflyForm","floor":16.0},{"not_picked":["blazmod:BoulderFlash","blazmod:SidewaySolace","blazmod:FleetOfFoot"],"picked":"SKIP","floor":18.0},{"not_picked":["blazmod:FocusThroughFalls","blazmod:TandenKatsu"],"picked":"blazmod:KatanaStrike","floor":19.0},{"not_picked":["blazmod:ButterFlutter","blazmod:NaturesBeauty"],"picked":"blazmod:Observant+1","floor":23.0},{"not_picked":["blazmod:FortifiedVigor","blazmod:ButterFlutter"],"picked":"blazmod:Trasient","floor":25.0},{"not_picked":["blazmod:KatanaStrike","blazmod:WildButterfly"],"picked":"blazmod:HarmonyComplete","floor":28.0},{"not_picked":["blazmod:OpenSpirit","blazmod:Trasient"],"picked":"blazmod:Crosscut","floor":29.0},{"not_picked":["blazmod:PhysicalEndurance+1","blazmod:PerennialBeauty"],"picked":"blazmod:Swordstorm+1","floor":30.0},{"not_picked":["blazmod:FlashRock","blazmod:FleetOfFoot"],"picked":"blazmod:PhoenixPlume","floor":31.0},{"not_picked":["blazmod:MindAtPeace","blazmod:CrescentMoon"],"picked":"blazmod:AlmightyPassage","floor":33.0},{"not_picked":["blazmod:Crosscut+1","blazmod:FlyFlyAgain+1"],"picked":"blazmod:ClearTheMind+1","floor":35.0},{"not_picked":["blazmod:FleetOfFoot+1","blazmod:PureOfSoul","blazmod:FancifulFlutter"],"picked":"SKIP","floor":37.0},{"not_picked":["blazmod:ButterFlutter+1","blazmod:SidewaySolace","blazmod:FancifulFlutter"],"picked":"SKIP","floor":41.0},{"not_picked":["blazmod:MindAtPeace","blazmod:SidewaySolace"],"picked":"blazmod:HarmonyComplete+1","floor":44.0},{"not_picked":["blazmod:QuickBlade+1","blazmod:ButterFlutter"],"picked":"blazmod:DevilDivine+1","floor":45.0},{"not_picked":["blazmod:BlindBlade","blazmod:FortifiedVigor","blazmod:FlashRock+1"],"picked":"SKIP","floor":47.0},{"not_picked":["blazmod:KatanaStrike","blazmod:HarmonyComplete+1"],"picked":"blazmod:FocusThroughFalls","floor":49.0}],"player_experience":180039,"relics_obtained":[{"floor":6.0,"key":"Shuriken"},{"floor":9.0,"key":"Pear"},{"floor":26.0,"key":"Mummified Hand"},{"floor":27.0,"key":"Pocketwatch"},{"floor":27.0,"key":"InkBottle"},{"floor":30.0,"key":"Eternal Feather"},{"floor":39.0,"key":"Dream Catcher"},{"floor":41.0,"key":"Happy Flower"},{"floor":43.0,"key":"Bag of Marbles"},{"floor":44.0,"key":"MawBank"}],"event_choices":[{"cards_removed":["blazmod:Strike"],"damage_healed":0.0,"max_hp_gain":0.0,"max_hp_loss":0.0,"gold_gain":0.0,"event_name":"The Cleric","player_choice":"Card Removal","floor":2.0,"gold_loss":50.0,"damage_taken":0.0},{"damage_healed":0.0,"max_hp_gain":0.0,"max_hp_loss":0.0,"gold_gain":0.0,"event_name":"Shining Light","player_choice":"Ignored","floor":3.0,"gold_loss":0.0,"damage_taken":0.0},{"damage_healed":0.0,"max_hp_gain":0.0,"max_hp_loss":0.0,"gold_gain":0.0,"event_name":"World of Goop","player_choice":"Left Gold","floor":7.0,"gold_loss":42.0,"damage_taken":0.0},{"damage_healed":0.0,"max_hp_gain":5.0,"max_hp_loss":0.0,"gold_gain":0.0,"event_name":"Big Fish","player_choice":"Donut","floor":8.0,"gold_loss":0.0,"damage_taken":0.0},{"damage_healed":0.0,"max_hp_gain":0.0,"max_hp_loss":0.0,"gold_gain":0.0,"event_name":"Lab","player_choice":"Got Potions","floor":14.0,"gold_loss":0.0,"damage_taken":0.0},{"cards_removed":["blazmod:Strike"],"damage_healed":0.0,"max_hp_gain":0.0,"max_hp_loss":0.0,"gold_gain":0.0,"event_name":"Beggar","player_choice":"Gave Gold","floor":21.0,"gold_loss":75.0,"damage_taken":0.0},{"damage_healed":0.0,"max_hp_gain":0.0,"max_hp_loss":0.0,"gold_gain":0.0,"event_name":"Colosseum","player_choice":"Fight","floor":27.0,"gold_loss":0.0,"damage_taken":0.0},{"damage_healed":0.0,"max_hp_gain":0.0,"max_hp_loss":0.0,"gold_gain":0.0,"event_name":"Colosseum","player_choice":"Fought Nobs","floor":27.0,"gold_loss":0.0,"damage_taken":0.0},{"cards_removed":["blazmod:Strike"],"damage_healed":0.0,"max_hp_gain":0.0,"max_hp_loss":0.0,"gold_gain":0.0,"event_name":"Purifier","player_choice":"Purged","floor":36.0,"gold_loss":0.0,"damage_taken":0.0},{"damage_healed":15.0,"max_hp_gain":0.0,"max_hp_loss":0.0,"gold_gain":0.0,"event_name":"Winding Halls","player_choice":"Writhe","floor":48.0,"gold_loss":0.0,"damage_taken":0.0,"cards_obtained":["Writhe"]}],"is_beta":false,"boss_relics":[{"not_picked":["Velvet Choker","Runic Pyramid"],"picked":"blazmod:SamuraiSword"},{"not_picked":["Snecko Eye","Cursed Key"],"picked":"Tiny House"}],"items_purged_floors":[],"is_endless":false,"potions_floor_spawned":[1,6,11,13,18,25,27,33,37,41],"ascension_level":0}}