{"host":"wuernuywc9gl215o","time":1612977547,"event":{"mods":["2.2 Compatiblity","AchievementEnabler","BaseMod","Bestiary","Block Reminder","Displayed Cursed Tome","Highlight Path","Key Reminder","Minty Spire (QoL Compilation)","Permanent Neow","Potion Indicator Mod","Quick Restart","Rare Cards Sparkle","Relic Stats","ojb\u0027s Info Mod"],"gold_per_floor":[117,117,129,142,160,160,195,206,206,206,218,252,252,264,264,339,339,339,264,204,204,204,204,204,204,204,204,204,204,204,204,204,204,204,204,204,204,204,204,204,204,204,204,204,204,204,204,204,204,204,204],"floor_reached":50,"language":"ENG","playtime":3638,"items_purged":[],"score":1168,"play_id":"5abbcba8-66b5-4259-b655-6b3543c398ba","local_time":"20210210171907","is_ascension_mode":true,"campfire_choices":[{"data":"Shockwave","floor":6.0,"key":"SMITH"},{"floor":10.0,"key":"REST"},{"data":"Carnage","floor":15.0,"key":"SMITH"},{"data":"Inflame","floor":24.0,"key":"SMITH"},{"data":"Double Tap","floor":28.0,"key":"SMITH"},{"data":"True Grit","floor":30.0,"key":"SMITH"},{"data":"Iron Wave","floor":32.0,"key":"SMITH"},{"data":"True Grit","floor":41.0,"key":"SMITH"},{"floor":49,"key":"RECALL"}],"circlet_count":0,"master_deck":["AscendersBane","Strike_R","Strike_R+1","Strike_R","Strike_R","Defend_R","Defend_R","Defend_R","Defend_R","Bash","Sword Boomerang","Shockwave+1","Headbutt","Carnage+1","Entrench","Iron Wave+1","True Grit+1","Inflame+1","Reaper+1","Clothesline","Corruption","Second Wind+1","Double Tap+1","Shrug It Off","Exhume","True Grit+1","Limit Break","True Grit+1","Shockwave+1","Bludgeon"],"relics":["Snecko Eye","Gremlin Horn","Matryoshka","Mercury Hourglass","Ectoplasm","White Beast Statue","Whetstone","Meat on the Bone","Coffee Dripper","Darkstone Periapt","Art of War","Prayer Wheel","Eternal Feather","Regal Pillow"],"acts_visited":["Exordium","TheCity","TheBeyond"],"potions_floor_usage":[50],"damage_taken":[{"damage":0.0,"enemies":"Cultist","floor":1.0,"turns":3.0},{"damage":0.0,"enemies":"Small Slimes","floor":3.0,"turns":2.0},{"damage":7.0,"enemies":"2 Louse","floor":4.0,"turns":3.0},{"damage":17.0,"enemies":"Blue Slaver","floor":5.0,"turns":5.0},{"damage":15.0,"enemies":"Lagavulin","floor":7.0,"turns":6.0},{"damage":1.0,"enemies":"Looter","floor":8.0,"turns":2.0},{"damage":1.0,"enemies":"Exordium Thugs","floor":11.0,"turns":2.0},{"damage":6.0,"enemies":"Gremlin Nob","floor":12.0,"turns":3.0},{"damage":2.0,"enemies":"Lots of Slimes","floor":14.0,"turns":3.0},{"damage":6.0,"enemies":"The Guardian","floor":16.0,"turns":7.0},{"damage":16.0,"enemies":"Spheric Guardian","floor":18.0,"turns":4.0},{"damage":19.0,"enemies":"2 Thieves","floor":20.0,"turns":3.0},{"damage":10.0,"enemies":"Cultist and Chosen","floor":21.0,"turns":5.0},{"damage":15.0,"enemies":"Book of Stabbing","floor":23.0,"turns":4.0},{"damage":13.0,"enemies":"Shelled Parasite and Fungi","floor":25.0,"turns":3.0},{"damage":19.0,"enemies":"Slavers","floor":27.0,"turns":4.0},{"damage":1.0,"enemies":"Sentry and Sphere","floor":29.0,"turns":3.0},{"damage":0.0,"enemies":"Centurion and Healer","floor":31.0,"turns":2.0},{"damage":43.0,"enemies":"Collector","floor":33.0,"turns":10.0},{"damage":2.0,"enemies":"Orb Walker","floor":35.0,"turns":3.0},{"damage":67.0,"enemies":"Giant Head","floor":40.0,"turns":8.0},{"damage":0.0,"enemies":"3 Darklings","floor":42.0,"turns":5.0},{"damage":13.0,"enemies":"Reptomancer","floor":44.0,"turns":5.0},{"damage":0.0,"enemies":"Jaw Worm Horde","floor":46.0,"turns":3.0},{"damage":58.0,"enemies":"Giant Head","floor":47.0,"turns":7.0},{"damage":4,"enemies":"Writhing Mass","floor":48,"turns":5},{"damage":115,"enemies":"Time Eater","floor":50,"turns":9}],"seed_played":"4358514040844810150","potions_obtained":[{"floor":4.0,"key":"PowerPotion"},{"floor":8.0,"key":"Fire Potion"},{"floor":11.0,"key":"AttackPotion"},{"floor":14.0,"key":"EntropicBrew"},{"floor":16.0,"key":"Strength Potion"},{"floor":21.0,"key":"EssenceOfSteel"},{"floor":23.0,"key":"Explosive Potion"},{"floor":25.0,"key":"Swift Potion"},{"floor":27.0,"key":"DistilledChaos"},{"floor":29.0,"key":"DistilledChaos"},{"floor":31.0,"key":"DistilledChaos"},{"floor":33.0,"key":"Regen Potion"},{"floor":35.0,"key":"Swift Potion"},{"floor":40.0,"key":"AttackPotion"},{"floor":42.0,"key":"SteroidPotion"},{"floor":47.0,"key":"LiquidBronze"},{"floor":48,"key":"FairyPotion"}],"is_trial":false,"path_per_floor":["M","?","M","M","M","R","E","M","T","R","M","E","?","M","R","B",null,"M","?","M","M","?","E","R","M","T","E","R","M","R","M","R","B",null,"M","?","?","$","?","E","R","M","T","E","T","M","E","M","R","B"],"character_chosen":"IRONCLAD","items_purchased":[],"campfire_rested":1,"item_purchase_floors":[],"current_hp_per_floor":[68,73,73,66,49,49,34,33,33,57,56,50,50,48,48,42,71,59,59,60,57,57,51,51,48,48,65,65,64,64,64,64,42,71,78,78,76,76,76,37,37,49,49,74,74,74,42,52,70,0,0],"gold":204,"neow_bonus":"BOSS_RELIC","is_daily":false,"chose_seed":false,"campfire_upgraded":7,"win_rate":0.0,"timestamp":1612977547,"path_taken":["M","?","M","M","M","R","E","M","T","R","M","E","?","M","R","BOSS","M","?","M","M","?","E","R","?","T","E","R","M","R","?","R","BOSS","M","?","?","$","?","E","R","M","T","E","?","M","E","M","R","BOSS"],"items_purchased_type":[],"build_version":"2020-12-22","purchased_purges":0,"victory":false,"max_hp_per_floor":[75,80,80,80,80,80,80,80,80,80,80,80,80,80,80,80,80,80,80,80,80,80,80,80,80,80,80,80,80,80,80,80,80,80,80,80,76,76,76,76,76,76,76,76,76,76,76,76,76,76,76],"relic_stats":{"Darkstone Periapt":0,"Regal Pillow":0,"Gremlin Horn":[31,31],"counters":[27,119],"Eternal Feather":18,"Whetstone":["Strike_R","Reaper"],"Mercury Hourglass":[365],"Snecko Eye":[230,214,204,190],"Prayer Wheel":2,"Ectoplasm":593,"Art of War":[4],"obtain_stats":[{"Darkstone Periapt":40,"Regal Pillow":47,"Gremlin Horn":7,"Eternal Feather":45,"Whetstone":26,"Burning Blood":0,"White Beast Statue":23,"Mercury Hourglass":12,"keyreminder:keyreminder":40,"Matryoshka":9,"Snecko Eye":0,"Prayer Wheel":44,"Ectoplasm":17,"Coffee Dripper":34,"Art of War":43,"Meat on the Bone":26},{"Darkstone Periapt":21,"Regal Pillow":25,"Gremlin Horn":5,"Eternal Feather":23,"Whetstone":15,"Burning Blood":0,"White Beast Statue":14,"Mercury Hourglass":8,"keyreminder:keyreminder":21,"Matryoshka":6,"Snecko Eye":0,"Prayer Wheel":23,"Ectoplasm":10,"Coffee Dripper":19,"Art of War":22,"Meat on the Bone":15},{"Darkstone Periapt":85,"Regal Pillow":105,"Gremlin Horn":19,"Eternal Feather":95,"Whetstone":55,"Burning Blood":0,"White Beast Statue":52,"Mercury Hourglass":26,"keyreminder:keyreminder":85,"Matryoshka":21,"Snecko Eye":0,"Prayer Wheel":95,"Ectoplasm":36,"Coffee Dripper":74,"Art of War":90,"Meat on the Bone":55}],"Meat on the Bone":36},"card_choices":[{"not_picked":["Reckless Charge","Heavy Blade"],"picked":"Sword Boomerang","floor":1.0},{"not_picked":["Clothesline","Inflame"],"picked":"Shockwave","floor":3.0},{"not_picked":["Body Slam","Flex"],"picked":"Headbutt","floor":4.0},{"not_picked":["Body Slam","Rupture","Cleave"],"picked":"SKIP","floor":5.0},{"not_picked":["Warcry","Body Slam"],"picked":"Carnage","floor":7.0},{"not_picked":["Twin Strike","Combust"],"picked":"Entrench","floor":8.0},{"not_picked":["Body Slam","Fire Breathing"],"picked":"Iron Wave","floor":11.0},{"not_picked":["Wild Strike","Berserk"],"picked":"True Grit","floor":12.0},{"not_picked":["Iron Wave","Body Slam"],"picked":"Inflame","floor":14.0},{"not_picked":["Juggernaut","Feed"],"picked":"Reaper","floor":16.0},{"not_picked":["Flex","Iron Wave"],"picked":"Clothesline","floor":18.0},{"not_picked":["Shrug It Off","Clothesline"],"picked":"Corruption","floor":20.0},{"not_picked":["Twin Strike","Inflame","Sword Boomerang"],"picked":"SKIP","floor":21.0},{"not_picked":["Rupture","Cleave","Reckless Charge"],"picked":"SKIP","floor":23.0},{"not_picked":["Body Slam","Perfected Strike"],"picked":"Second Wind+1","floor":25.0},{"not_picked":["Pommel Strike","True Grit"],"picked":"Double Tap","floor":27.0},{"not_picked":["Flex","Warcry","Thunderclap"],"picked":"SKIP","floor":29.0},{"not_picked":["Flex","Warcry","Thunderclap"],"picked":"SKIP","floor":29.0},{"not_picked":["Havoc","Clash"],"picked":"Shrug It Off","floor":31.0},{"not_picked":["Brutality","Berserk"],"picked":"Exhume","floor":33.0},{"not_picked":["Clothesline","True Grit","Sword Boomerang+1"],"picked":"SKIP","floor":35.0},{"not_picked":["Clothesline","Sword Boomerang+1"],"picked":"True Grit","floor":35.0},{"not_picked":["Clash","Uppercut+1"],"picked":"Limit Break","floor":40.0},{"not_picked":["Rage","Sword Boomerang"],"picked":"True Grit+1","floor":42.0},{"not_picked":["Havoc","True Grit"],"picked":"Shockwave+1","floor":44.0},{"not_picked":["Berserk","Clothesline","Twin Strike+1"],"picked":"SKIP","floor":46.0},{"not_picked":["Perfected Strike","Anger","Cleave"],"picked":"SKIP","floor":46.0},{"not_picked":["Anger","Rage","Searing Blow"],"picked":"SKIP","floor":47.0},{"not_picked":["Burning Pact","Iron Wave+1"],"picked":"Bludgeon","floor":48},{"not_picked":["Twin Strike","Cleave","Thunderclap+1"],"picked":"SKIP","floor":48}],"player_experience":886745,"relics_obtained":[{"floor":7.0,"key":"Gremlin Horn"},{"floor":9.0,"key":"Matryoshka"},{"floor":12.0,"key":"Mercury Hourglass"},{"floor":23.0,"key":"White Beast Statue"},{"floor":26.0,"key":"Whetstone"},{"floor":26.0,"key":"Meat on the Bone"},{"floor":40.0,"key":"Darkstone Periapt"},{"floor":43.0,"key":"Art of War"},{"floor":44.0,"key":"Prayer Wheel"},{"floor":45.0,"key":"Eternal Feather"},{"floor":47.0,"key":"Regal Pillow"}],"event_choices":[{"damage_healed":0.0,"max_hp_gain":5.0,"max_hp_loss":0.0,"gold_gain":0.0,"event_name":"Big Fish","player_choice":"Donut","floor":2.0,"gold_loss":0.0,"damage_taken":0.0},{"damage_healed":0.0,"max_hp_gain":0.0,"max_hp_loss":0.0,"gold_gain":0.0,"event_name":"Wheel of Change","player_choice":"Cursed","floor":13.0,"gold_loss":0.0,"damage_taken":0.0,"cards_obtained":["Decay"]},{"cards_removed":["Decay"],"damage_healed":0.0,"max_hp_gain":0.0,"max_hp_loss":0.0,"gold_gain":0.0,"event_name":"Beggar","player_choice":"Gave Gold","floor":19.0,"gold_loss":75.0,"damage_taken":0.0},{"damage_healed":0.0,"max_hp_gain":0.0,"max_hp_loss":0.0,"gold_gain":0.0,"event_name":"Golden Shrine","player_choice":"Ignored","floor":22.0,"gold_loss":0.0,"damage_taken":0.0},{"damage_healed":0.0,"max_hp_gain":0.0,"max_hp_loss":0.0,"gold_gain":0.0,"event_name":"Tomb of Lord Red Mask","player_choice":"Ignored","floor":36.0,"gold_loss":0.0,"damage_taken":0.0},{"damage_healed":0.0,"max_hp_gain":0.0,"max_hp_loss":4.0,"gold_gain":0.0,"event_name":"Winding Halls","player_choice":"Max HP","floor":37.0,"gold_loss":0.0,"damage_taken":0.0},{"cards_removed":["Strike_R"],"damage_healed":0.0,"max_hp_gain":0.0,"max_hp_loss":0.0,"gold_gain":0.0,"event_name":"Falling","player_choice":"Removed Attack","floor":39.0,"gold_loss":0.0,"damage_taken":0.0}],"is_beta":false,"boss_relics":[{"not_picked":["Runic Pyramid","Tiny House"],"picked":"Ectoplasm"},{"not_picked":["Calling Bell","Sozu"],"picked":"Coffee Dripper"}],"items_purged_floors":[],"is_endless":false,"potions_floor_spawned":[4,8,11,14,16,21,23,25,27,29,31,33,35,40,42,44,46,47,48],"killed_by":"Time Eater","ascension_level":20}}