{"host":"dvpvhz1t6etneyb3","time":1612996629,"event":{"mods":["AchievementEnabler","BaseMod","Colored Map","Highlight Path","Minty Spire (QoL Compilation)","Permanent Neow","Quick Restart"],"gold_per_floor":[209,158,170,180,198,229,229,229,229],"floor_reached":8,"language":"ENG","playtime":332,"items_purged":[],"score":116,"play_id":"396e73f0-01d1-44a4-8fa3-3507678f7bd1","local_time":"20210210173709","is_ascension_mode":true,"campfire_choices":[{"floor":7,"key":"REST"}],"circlet_count":0,"master_deck":["AscendersBane","Strike_G","Strike_G","Strike_G","Strike_G","Strike_G","Defend_G","Defend_G","Defend_G","Defend_G","Defend_G","Survivor","Neutralize","Blade Dance","Deadly Poison","Sucker Punch","Dagger Throw"],"relics":["Ring of the Snake","Pen Nib","Sundial"],"acts_visited":[],"potions_floor_usage":[8],"damage_taken":[{"damage":3,"enemies":"Small Slimes","floor":1,"turns":7},{"damage":1,"enemies":"Cultist","floor":3,"turns":4},{"damage":4,"enemies":"2 Louse","floor":4,"turns":3},{"damage":4,"enemies":"Blue Slaver","floor":5,"turns":4},{"damage":44,"enemies":"3 Sentries","floor":6,"turns":13},{"damage":25,"enemies":"Lagavulin","floor":8,"turns":3}],"seed_played":"2304475774282851303","potions_obtained":[{"floor":6,"key":"FearPotion"}],"is_trial":false,"path_per_floor":["M","?","M","M","M","E","R","E"],"character_chosen":"THE_SILENT","items_purchased":[],"campfire_rested":1,"item_purchase_floors":[],"current_hp_per_floor":[56,56,55,51,47,3,22,0,0],"gold":229,"neow_bonus":"HUNDRED_GOLD","is_daily":false,"chose_seed":false,"campfire_upgraded":0,"win_rate":0.0,"timestamp":1612996629,"path_taken":["M","?","M","M","?","E","R","E"],"items_purchased_type":[],"build_version":"2020-12-22","purchased_purges":0,"victory":false,"max_hp_per_floor":[66,66,66,66,66,66,66,66,66],"card_choices":[{"not_picked":["Slice","Backflip"],"picked":"Blade Dance","floor":1},{"not_picked":["Underhanded Strike","Deflect"],"picked":"Deadly Poison","floor":3},{"not_picked":["Underhanded Strike","Dodge and Roll"],"picked":"Sucker Punch","floor":4},{"not_picked":["Dodge and Roll","Catalyst","Sucker Punch"],"picked":"SKIP","floor":5},{"not_picked":["Cloak And Dagger","Infinite Blades"],"picked":"Dagger Throw","floor":6}],"player_experience":2182836,"relics_obtained":[{"floor":6,"key":"Sundial"}],"event_choices":[{"damage_healed":0,"gold_gain":0,"player_choice":"Paid Gold","damage_taken":0,"relics_obtained":["Pen Nib"],"max_hp_gain":0,"max_hp_loss":0,"event_name":"WeMeetAgain","floor":2,"gold_loss":51}],"is_beta":false,"boss_relics":[],"items_purged_floors":[],"is_endless":false,"potions_floor_spawned":[6],"killed_by":"Lagavulin","ascension_level":20}}