{"host":"gc0hqzwg2gd3zszy","time":1612949814,"event":{"mods":["BaseMod","DeckTracker","Minty Spire (QoL Compilation)","Relic Stats","SuperFastMode"],"gold_per_floor":[112,29,44,44,44,44,44,78,78,96,113,162,175,191,191,191,191,191],"floor_reached":17,"language":"KOR","playtime":524,"items_purged":[],"score":234,"play_id":"cdcf3c6c-fb41-4435-9d5f-aef2759cbf52","local_time":"20210210183654","is_ascension_mode":true,"campfire_choices":[{"data":"Eruption","floor":6.0,"key":"SMITH"},{"data":"Ragnarok","floor":16,"key":"SMITH"}],"circlet_count":0,"master_deck":["AscendersBane","Strike_P","Strike_P","Strike_P","Strike_P","Defend_P","Defend_P","Defend_P","Defend_P","Eruption+1","Vigilance","DeusExMachina","InnerPeace","MentalFortress","BowlingBash","InnerPeace","Ragnarok+1","MentalFortress"],"relics":["PureWater","Shuriken","Anchor","Pear","Art of War"],"acts_visited":["Exordium"],"potions_floor_usage":[12],"damage_taken":[{"damage":14.0,"enemies":"2 Louse","floor":1.0,"turns":3.0},{"damage":10.0,"enemies":"Cultist","floor":3.0,"turns":4.0},{"damage":29.0,"enemies":"3 Sentries","floor":8.0,"turns":11.0},{"damage":0.0,"enemies":"Small Slimes","floor":10.0,"turns":4.0},{"damage":0.0,"enemies":"Looter","floor":11.0,"turns":2.0},{"damage":6,"enemies":"Gremlin Nob","floor":12,"turns":3},{"damage":1,"enemies":"Exordium Thugs","floor":13,"turns":3},{"damage":1,"enemies":"3 Louse","floor":14,"turns":3},{"damage":10,"enemies":"Hexaghost","floor":17,"turns":7}],"seed_played":"-5536399492874785939","potions_obtained":[{"floor":1.0,"key":"Ancient Potion"},{"floor":10.0,"key":"ColorlessPotion"},{"floor":11.0,"key":"ColorlessPotion"},{"floor":13,"key":"Ancient Potion"}],"is_trial":false,"path_per_floor":["M","$","M","?","$","R","?","E","T","M","M","E","M","M","M","R","B"],"character_chosen":"WATCHER","items_purchased":["MentalFortress"],"campfire_rested":0,"item_purchase_floors":[2],"current_hp_per_floor":[47,47,37,37,37,37,37,8,18,18,18,12,11,10,10,10,0,0],"gold":191,"neow_bonus":"ONE_RANDOM_RARE_CARD","is_daily":false,"chose_seed":false,"campfire_upgraded":2,"win_rate":0.0,"timestamp":1612949814,"path_taken":["M","$","M","?","$","R","?","E","T","M","M","E","?","M","M","R","BOSS"],"items_purchased_type":["Card"],"build_version":"2020-12-22","purchased_purges":0,"victory":false,"max_hp_per_floor":[68,68,68,68,68,68,68,68,78,78,78,78,78,78,78,78,78,78],"relic_stats":{"counters":[9,40],"Shuriken":[5],"Art of War":[0],"obtain_stats":[{"Anchor":8,"Pear":9,"Shuriken":7,"Art of War":12,"PureWater":0},{"Anchor":3,"Pear":3,"Shuriken":2,"Art of War":6,"PureWater":0},{"Anchor":18,"Pear":18,"Shuriken":7,"Art of War":27,"PureWater":0}]},"card_choices":[{"not_picked":["DeceiveReality","ClearTheMind"],"picked":"InnerPeace","floor":1.0},{"not_picked":["BattleHymn","Pray"],"picked":"BowlingBash","floor":3.0},{"not_picked":["ClearTheMind","JustLucky","FlyingSleeves"],"picked":"SKIP","floor":8.0},{"not_picked":["Nirvana","ClearTheMind","BowlingBash"],"picked":"SKIP","floor":10.0},{"not_picked":["Sanctity","Prostrate"],"picked":"InnerPeace","floor":11.0},{"not_picked":["Tantrum","Crescendo"],"picked":"Ragnarok","floor":12},{"not_picked":["Protect","ClearTheMind","JustLucky"],"picked":"SKIP","floor":13},{"not_picked":["PathToVictory","Meditate"],"picked":"MentalFortress","floor":14}],"player_experience":1388904,"relics_obtained":[{"floor":8.0,"key":"Anchor"},{"floor":9.0,"key":"Pear"},{"floor":12,"key":"Art of War"}],"event_choices":[{"damage_healed":0.0,"max_hp_gain":0.0,"max_hp_loss":0.0,"gold_gain":0.0,"event_name":"Shining Light","player_choice":"Ignored","floor":4.0,"gold_loss":0.0,"damage_taken":0.0},{"damage_healed":0.0,"max_hp_gain":0.0,"max_hp_loss":0.0,"gold_gain":0.0,"event_name":"WeMeetAgain","player_choice":"Gave Potion","floor":7.0,"gold_loss":0.0,"damage_taken":0.0,"relics_obtained":["Shuriken"]}],"is_beta":false,"boss_relics":[],"items_purged_floors":[],"is_endless":false,"potions_floor_spawned":[1,10,11,13],"killed_by":"Hexaghost","ascension_level":20}}