{"host":"6h0diz2ap0m56grs","time":1612988195,"event":{"mods":["2.2 Compatiblity","BaseMod","Colored Map","Marisa????????","Minty Spire (QoL Compilation)","Quick Restart","Replay The Spire","Shop Mod","StSLib","The Cursed","The Necromancer","The Servant 0.9.4"],"gold_per_floor":[110,123,123,140,18,47,79,121,160,172,216,228,270,282,294,403,415,445,457,469,219,269,299,334,334,334,364,364,395,395,422,422,518,518,531,581,581,581,581,915,915,941,941,941,974,1006,691,93,93,93],"floor_reached":51,"language":"ENG","playtime":1519,"items_purged":[],"score":1393,"play_id":"f17ae5ac-1ba8-4b18-8539-de3132f661ca","local_time":"20210210141635","daily_mods":["SealedDeck","Heirloom","Time Dilation","Flight"],"is_ascension_mode":true,"campfire_choices":[{"data":"Summon_Undead_Army","floor":10,"key":"SMITH"},{"data":"Summon_Undead_Army","floor":10,"key":"SMITH"},{"data":"Pandemic","floor":12,"key":"SMITH"},{"data":"Stop_Heart","floor":12,"key":"SMITH"},{"data":"Summon_Lich","floor":15,"key":"SMITH"},{"data":"Deaths_Shadow","floor":15,"key":"SMITH"},{"data":"Summon_Undead_Army","floor":25,"key":"SMITH"},{"data":"Negative_Energy_Burst","floor":25,"key":"SMITH"},{"data":"Stop_Heart","floor":28,"key":"SMITH"},{"data":"Bone_Armor","floor":28,"key":"SMITH"},{"data":"Skeleton_Dragon","floor":30,"key":"SMITH"},{"data":"Negative_Energy_Burst","floor":30,"key":"SMITH"},{"data":"Summon_Undead_Army","floor":32,"key":"SMITH"},{"data":"Toxic_Smoke_Screen","floor":32,"key":"SMITH"},{"data":"Skeleton_Dragon","floor":41,"key":"SMITH"},{"data":"Negative_Energy_Shield","floor":41,"key":"SMITH"},{"data":"Bone_Armory","floor":44,"key":"SMITH"},{"data":"Summon_Death_Knight","floor":44,"key":"SMITH"},{"data":"Summon_Undead_Army","floor":49,"key":"SMITH"},{"data":"Spectral_Armor","floor":49,"key":"SMITH"}],"circlet_count":0,"master_deck":["Violent_Necrosis","Plague_Bolt+1","Toxic_Smoke_Screen+1","Summon_Undead_Army+1","Deaths_Shadow+1","Negative_Energy_Burst+1","Summon_Undead_Army+1","Bone_Armor+1","Negative_Energy_Burst+1","Negative_Energy_Shield+1","Bones_to_Steel","Summon_Lich+1","Pandemic+1","Stop_Heart+1","Summon_Death_Knight+1","Summon_Undead_Army+1","Pandemic+1","Stop_Heart+1","Skeleton_Dragon+1","Summon_Undead_Army+1","Skeleton_Dragon+1","Bone_Armory+1","Summon_Undead_Army+1","Spectral_Armor+1"],"relics":["Snecko Eye","Ring of Chaos","replay:Trail_Library","Replay:Arrowhead","Replay:Wax Seal","Art of War","Juzu Bracelet","Bag of Marbles","Coffee Dripper","MerchantsRug","Pen Nib","Bronze Scales","Dream Catcher","Mercury Hourglass","Akabeko","Replay:Bottled Steam","InkBottle","Busted Crown","Lizard Tail","Old Coin","Toy Ornithopter","Pear","Darkstone Periapt","Smiling Mask","FossilizedHelix","OrangePellets","Replay:Accelerometer"],"acts_visited":["Exordium","TheCity","TheBeyond"],"potions_floor_usage":[46,50,50,50],"damage_taken":[{"damage":0,"enemies":"2 Louse","floor":1,"turns":1},{"damage":0,"enemies":"Small Slimes","floor":2,"turns":2},{"damage":0,"enemies":"Cultist","floor":4,"turns":3},{"damage":8,"enemies":"Lagavulin","floor":6,"turns":5},{"damage":0,"enemies":"Gremlin Nob","floor":7,"turns":2},{"damage":0,"enemies":"3 Sentries","floor":8,"turns":2},{"damage":0,"enemies":"Lagavulin","floor":11,"turns":3},{"damage":0,"enemies":"Gremlin Nob","floor":13,"turns":2},{"damage":2,"enemies":"The Guardian","floor":16,"turns":6},{"damage":2,"enemies":"2 Thieves","floor":18,"turns":2},{"damage":0,"enemies":"Replay:Snechameleon","floor":23,"turns":3},{"damage":0,"enemies":"Book of Stabbing","floor":24,"turns":5},{"damage":15,"enemies":"Slavers","floor":27,"turns":2},{"damage":0,"enemies":"Book of Stabbing","floor":29,"turns":2},{"damage":0,"enemies":"Slavers","floor":31,"turns":1},{"damage":9,"enemies":"Champ","floor":33,"turns":5},{"damage":0,"enemies":"3 Shapes","floor":35,"turns":2},{"damage":5,"enemies":"Mind Bloom Boss Battle","floor":36,"turns":4},{"damage":0,"enemies":"Giant Head","floor":40,"turns":5},{"damage":0,"enemies":"R_Hoarder","floor":42,"turns":2},{"damage":0,"enemies":"Reptomancer","floor":45,"turns":2},{"damage":0,"enemies":"Giant Head","floor":46,"turns":5},{"damage":14,"enemies":"Donu and Deca","floor":50,"turns":5}],"seed_played":"8936721530643592769","potions_obtained":[{"floor":1,"key":"Strength Potion"},{"floor":2,"key":"FearPotion"},{"floor":6,"key":"Strength Potion"},{"floor":36,"key":"Block Potion"}],"is_trial":true,"path_per_floor":["M","M","?","M","$","E","E","E","T","R","E","R","E","?","R","B",null,"M","?","?","$","?","E","E","R","T","E","R","E","R","E","R","B",null,"M","?","?","?","?","E","R","E","T","R","E","E","$","$","R","B",null],"character_chosen":"NECROMANCER","items_purchased":["Summon_Lich","Replay:Wax Seal","Summon_Undead_Army","MerchantsRug","Pen Nib","FossilizedHelix","OrangePellets","Summon_Undead_Army","Replay:Accelerometer","Spectral_Armor","Block Potion"],"campfire_rested":0,"item_purchase_floors":[5,5,21,21,21,47,48,48,48,48,48],"current_hp_per_floor":[75,75,80,80,80,72,72,72,72,72,72,72,72,72,72,70,80,78,78,78,78,78,78,78,78,78,63,63,63,63,63,63,54,80,80,75,75,75,75,75,75,75,85,85,85,90,90,90,90,76],"gold":93,"neow_bonus":"","is_daily":false,"chose_seed":false,"campfire_upgraded":20,"win_rate":0.0,"timestamp":1612988195,"path_taken":["M","M","?","M","$","E","E","E","T","R","E","R","E","?","R","BOSS","M","?","?","$","?","E","E","R","T","E","R","E","R","E","R","BOSS","M","?","?","?","?","E","R","E","T","R","E","E","$","$","R","BOSS"],"items_purchased_type":["Card","Relic","Card","Relic","Relic","Relic","Relic","Card","Relic","Card","Potion"],"build_version":"2020-12-22","purchased_purges":0,"victory":true,"max_hp_per_floor":[75,75,80,80,80,80,80,80,80,80,80,80,80,80,80,80,80,80,80,80,80,80,80,80,80,80,80,80,80,80,80,80,80,80,80,80,80,80,80,80,80,80,90,90,90,90,90,90,90,90],"card_choices":[{"not_picked":["Blood_Whip","Violent_Necrosis"],"picked":"Negative_Energy_Shield","floor":1},{"not_picked":["Negative_Energy_Javelin","Death_Knell"],"picked":"Bones_to_Steel","floor":2},{"not_picked":["Necromantic_Selection","Violent_Necrosis","Negative_Energy_Sphere"],"picked":"SKIP","floor":4},{"not_picked":["Exploit","Siphon_Strength","Scare"],"picked":"SKIP","floor":6},{"not_picked":["Blood_Magic","Negative_Energy_Javelin","Death_Coil"],"picked":"SKIP","floor":7},{"not_picked":["Bone_Bullets","Consume_Illness"],"picked":"Pandemic","floor":8},{"not_picked":["Bone_Shift","Death_Knell","Toxic_Smoke_Screen"],"picked":"SKIP","floor":11},{"not_picked":["Finger_Of_Death","Strike_from_Beyond","Bone_Armory"],"picked":"SKIP","floor":13},{"not_picked":["Detonate_Bones","Cloudkill"],"picked":"Summon_Death_Knight","floor":16},{"not_picked":["Bone_Spikes+1","Thousand_Bone_Knives","Negative_Energy_Mist"],"picked":"SKIP","floor":18},{"not_picked":["Scare+1","Violent_Necrosis"],"picked":"Pandemic+1","floor":23},{"not_picked":["Toxic_Smoke_Screen+1","Bone_Bullets","Reap_The_Weak"],"picked":"SKIP","floor":24},{"not_picked":["Bone_Shift","Bones_to_Steel","Shackles_Of_Pain"],"picked":"SKIP","floor":27},{"not_picked":["Violent_Necrosis","Negative_Energy_Shield"],"picked":"Skeleton_Dragon","floor":29},{"not_picked":["Blood_Magic","Toxic_Smoke_Screen"],"picked":"Summon_Undead_Army","floor":31},{"not_picked":["Detonate_Bones","Blood_Wake"],"picked":"Skeleton_Dragon","floor":33},{"not_picked":["Toxic_Smoke_Screen"],"picked":"SKIP","floor":35},{"not_picked":["Finger_Of_Death+1"],"picked":"SKIP","floor":40},{"not_picked":["Acid_Javelin+1"],"picked":"SKIP","floor":42},{"not_picked":["Negative_Energy_Sphere+1"],"picked":"SKIP","floor":45},{"not_picked":["Blood_Wake"],"picked":"SKIP","floor":46}],"player_experience":469782,"relics_obtained":[{"floor":6,"key":"Whetstone"},{"floor":7,"key":"MawBank"},{"floor":8,"key":"Art of War"},{"floor":9,"key":"Juzu Bracelet"},{"floor":11,"key":"StrikeDummy"},{"floor":13,"key":"Bag of Marbles"},{"floor":23,"key":"Bronze Scales"},{"floor":24,"key":"Dream Catcher"},{"floor":26,"key":"Mercury Hourglass"},{"floor":27,"key":"Akabeko"},{"floor":29,"key":"Replay:Bottled Steam"},{"floor":31,"key":"InkBottle"},{"floor":36,"key":"Lizard Tail"},{"floor":40,"key":"Old Coin"},{"floor":42,"key":"Toy Ornithopter"},{"floor":43,"key":"Pear"},{"floor":45,"key":"Darkstone Periapt"},{"floor":46,"key":"Smiling Mask"}],"event_choices":[{"damage_healed":0,"gold_gain":0,"player_choice":"Donut","damage_taken":0,"max_hp_gain":5,"max_hp_loss":0,"event_name":"Big Fish","floor":3,"gold_loss":0},{"damage_healed":0,"gold_gain":0,"player_choice":"Ignored","damage_taken":0,"max_hp_gain":0,"max_hp_loss":0,"event_name":"Liars Game","floor":14,"gold_loss":0},{"damage_healed":0,"gold_gain":0,"player_choice":"Bought 0 Potions","damage_taken":0,"max_hp_gain":0,"max_hp_loss":0,"event_name":"The Woman in Blue","floor":19,"gold_loss":0},{"damage_healed":0,"gold_gain":0,"player_choice":"Ignored","damage_taken":0,"max_hp_gain":0,"max_hp_loss":0,"event_name":"Beggar","floor":20,"gold_loss":0},{"damage_healed":0,"gold_gain":100,"player_choice":"Bet on Murderer","damage_taken":0,"max_hp_gain":0,"max_hp_loss":0,"event_name":"The Joust","floor":22,"gold_loss":50},{"damage_healed":0,"gold_gain":0,"player_choice":"Fight","damage_taken":0,"max_hp_gain":0,"max_hp_loss":0,"event_name":"MindBloom","floor":36,"gold_loss":0},{"cards_removed":["Negative_Energy_Burst"],"damage_healed":0,"gold_gain":0,"player_choice":"Removed Attack","damage_taken":0,"max_hp_gain":0,"max_hp_loss":0,"event_name":"Falling","floor":38,"gold_loss":0},{"damage_healed":0,"gold_gain":0,"player_choice":"Memory 1","damage_taken":0,"max_hp_gain":0,"max_hp_loss":0,"event_name":"SensoryStone","floor":39,"gold_loss":0}],"is_beta":false,"boss_relics":[{"not_picked":["Cursed Key","SlaversCollar"],"picked":"Coffee Dripper"},{"not_picked":["Replay:Drink Me","Honey Jar"],"picked":"Busted Crown"}],"items_purged_floors":[],"is_endless":false,"potions_floor_spawned":[1,2,6,7,13,24,29,31,36,42,45],"ascension_level":1}}