{"host":"knoo6yq0od847mqf","time":1612982781,"event":{"mods":["100% Spire Juice","BaseMod","BetterRewards","Bossed Relics","Downfall","Fiend Mod","Hubris","Koishi","Marisa????????","Minty Spire (QoL Compilation)","Replay The Spire","Spire Arcade","StSLib","The Alterego","The Juggle","TheVacant","Wandering Minibosses","Yuri Mod"],"gold_per_floor":[113,113,123,136,151,151,185,205,205,51,51,64,64,74,74,170,170,190,370,383,397,397,397],"floor_reached":22,"language":"ENG","playtime":2549,"items_purged":[],"score":190,"play_id":"e335073e-fdbc-47e2-85f5-410b9ac98fda","local_time":"20210210194621","is_ascension_mode":false,"campfire_choices":[{"floor":6,"key":"REST"},{"floor":11,"key":"REST"},{"data":"yuri:MagneticKnives","floor":13,"key":"SMITH"},{"data":"hubris:DuctTapeCard","floor":15,"key":"SMITH"}],"circlet_count":0,"master_deck":["yuri:yuriStrike","yuri:yuriStrike","yuri:yuriStrike","yuri:yuriStrike","yuri:yuriStrike","yuri:yuriDefend","yuri:yuriDefend","yuri:yuriDefend","yuri:yuriDefend","yuri:yuriDefend","yuri:yuriStab","yuri:BrokenCode","yuri:RepairCode","yuri:DisableStrike","yuri:DebugCard","yuri:RecklessStrike","hubris:DuctTapeCard+2","yuri:MagneticKnives+1","yuri:NerfBat","yuri:InduceGlitch","yuri:Virus","yuri:UnstableStrike","yuri:DeepBreathing+1"],"relics":["yuri:yuriKnife","BranchBurnRelic","Bag of Preparation","hubris:DuctTape","Dream Catcher","hubris:Backtick","PreservedInsect"],"acts_visited":["Exordium","TheCity"],"potions_floor_usage":[7],"damage_taken":[{"damage":3,"enemies":"Jaw Worm","floor":1,"turns":5},{"damage":4,"enemies":"Cultist","floor":3,"turns":2},{"damage":4,"enemies":"Small Slimes","floor":4,"turns":3},{"damage":7,"enemies":"Exordium Thugs","floor":5,"turns":5},{"damage":49,"enemies":"3 Sentries","floor":7,"turns":12},{"damage":5,"enemies":"3 Louse","floor":8,"turns":3},{"damage":7,"enemies":"Looter","floor":12,"turns":2},{"damage":5,"enemies":"Red Slaver","floor":14,"turns":2},{"damage":21,"enemies":"Slime Boss","floor":16,"turns":5},{"damage":20,"enemies":"3 Byrds","floor":18,"turns":5},{"damage":8,"enemies":"Chosen","floor":20,"turns":5},{"damage":11,"enemies":"Snake Plant","floor":21,"turns":5},{"damage":58,"enemies":"Shelled Parasite and Fungi","floor":22,"turns":5}],"seed_played":"4748697602050986360","potions_obtained":[{"floor":4,"key":"LifebloodPotion"},{"floor":5,"key":"Guardian:BlockOnCardUsePotion"},{"floor":7,"key":"Adrenaline Potion"},{"floor":12,"key":"bronze:BurnAndBuffPotion"},{"floor":16,"key":"SkillPotion"}],"is_trial":false,"path_per_floor":["M","?","M","M","M","R","E","M","T","$","R","M","R","M","R","B",null,"M","?","M","M","M"],"character_chosen":"YURI","items_purchased":["Dream Catcher"],"campfire_rested":2,"item_purchase_floors":[10],"current_hp_per_floor":[57,57,57,57,54,78,41,40,40,40,64,62,62,66,66,67,80,63,44,43,39,0,0],"gold":397,"neow_bonus":"ONE_RARE_RELIC","is_daily":false,"chose_seed":false,"campfire_upgraded":2,"win_rate":0.0,"timestamp":1612982781,"path_taken":["M","?","M","M","M","R","E","M","T","?","R","?","R","M","R","BOSS","M","?","M","M","M"],"items_purchased_type":["Relic"],"build_version":"2020-12-22","purchased_purges":0,"victory":false,"max_hp_per_floor":[80,80,80,80,80,80,80,80,80,80,80,80,80,80,80,80,80,80,80,80,80,80,80],"card_choices":[{"not_picked":["yuri:CalmingAura","yuri:Stare"],"picked":"yuri:BrokenCode","floor":1},{"not_picked":["yuri:ThrowBook","yuri:GlitchedStrike"],"picked":"yuri:RepairCode","floor":3},{"not_picked":["yuri:BrokenCode","yuri:ThrowBook"],"picked":"yuri:Parry","floor":4},{"not_picked":["yuri:CalmingAura","yuri:ThrowBook"],"picked":"yuri:DisableStrike","floor":5},{"not_picked":["yuri:ThrowingKnives","yuri:SeeingDouble"],"picked":"yuri:DebugCard","floor":7},{"not_picked":["yuri:TPose","yuri:UntestedCode"],"picked":"yuri:RecklessStrike","floor":8},{"not_picked":["yuri:DebugCard","yuri:HeavierStrike"],"picked":"yuri:MagneticKnives","floor":11},{"not_picked":["yuri:CalmingAura","yuri:Spin"],"picked":"yuri:NerfBat","floor":12},{"not_picked":["yuri:SeeingDouble","yuri:InsanityDefense"],"picked":"yuri:InduceGlitch","floor":14},{"not_picked":["yuri:Suicide","yuri:GhostForm"],"picked":"yuri:Virus","floor":16},{"not_picked":["yuri:InsanityDefense","yuri:RepairCode"],"picked":"yuri:UnstableStrike","floor":18},{"not_picked":["yuri:GlitchedStrike","yuri:ThrowingKnives","yuri:RecklessStrike"],"picked":"SKIP","floor":20},{"not_picked":["yuri:Skip","yuri:ThrowingKnives"],"picked":"yuri:DeepBreathing+1","floor":21}],"player_experience":220154,"relics_obtained":[{"floor":7,"key":"Bag of Preparation"},{"floor":9,"key":"hubris:DuctTape"}],"event_choices":[{"damage_healed":0,"gold_gain":0,"player_choice":"Ignored","damage_taken":0,"max_hp_gain":0,"max_hp_loss":0,"event_name":"NoteForYourself","floor":2,"gold_loss":0},{"damage_healed":0,"gold_gain":180,"player_choice":"GOLD GOLD ","damage_taken":19,"max_hp_gain":0,"max_hp_loss":0,"event_name":"Knowing Skull","floor":19,"potions_obtained":[],"gold_loss":0,"cards_obtained":[]}],"is_beta":false,"boss_relics":[{"not_picked":["hubris:TerracottaHorce","Replay:Ancient Bell"],"picked":"hubris:Backtick"}],"items_purged_floors":[],"is_endless":false,"potions_floor_spawned":[4,5,7,12,16,20],"killed_by":"Shelled Parasite and Fungi","ascension_level":0}}