{"host":"0o4jkshs65tojivq","time":1612937425,"event":{"mods":["AchievementEnabler","BaseMod","Minty Spire (QoL Compilation)","Quick Restart","Relic Stats","Slay the Relics Exporter","StSLib"],"gold_per_floor":[113,38,55,19,38,38,38,66,66,92,92,92,17,30,30,105,105,120,120,130,130,20,20,36,51,51,51,51,66,106,120,120,203,203,219,239,56,75,75,75,87,115,115,115,149,166,166,187,187,187,187,187,87,87,87],"floor_reached":54,"language":"ENG","playtime":11260,"items_purged":["Strike_B","Skim"],"score":1462,"play_id":"21f22763-df3a-4b28-afc0-7005295825f3","local_time":"20210209221025","is_ascension_mode":true,"campfire_choices":[{"floor":7.0,"key":"REST"},{"data":"Defragment","floor":12.0,"key":"SMITH"},{"floor":15.0,"key":"REST"},{"data":"Coolheaded","floor":23.0,"key":"SMITH"},{"data":"Capacitor","floor":32.0,"key":"SMITH"},{"data":"Blizzard","floor":40,"key":"SMITH"},{"floor":44,"key":"RECALL"},{"data":"Coolheaded","floor":47,"key":"SMITH"},{"data":"Zap","floor":49,"key":"SMITH"},{"data":"Auto Shields","floor":52,"key":"SMITH"}],"circlet_count":0,"master_deck":["AscendersBane","Defend_B+1","Defend_B","Zap+1","Dualcast","Chaos+1","Chaos+1","Fusion+1","Redo","Defragment+1","Auto Shields+1","Steam","Capacitor+1","Cold Snap","Reboot","Coolheaded+1","Skim+1","Hologram","Rainbow","Blizzard+1","Coolheaded+1","Glacier+1","Barrage+1"],"relics":["Astrolabe","Mango","Pocketwatch","Boot","Nuclear Battery","Pen Nib","TungstenRod","CeramicFish","Runic Pyramid","Orrery","Art of War","Molten Egg 2","Eternal Feather"],"acts_visited":["TheEnding"],"potions_floor_usage":[42,45,50,50],"damage_taken":[{"damage":8.0,"enemies":"2 Louse","floor":1.0,"turns":3.0},{"damage":12.0,"enemies":"Jaw Worm","floor":3.0,"turns":3.0},{"damage":14.0,"enemies":"Small Slimes","floor":5.0,"turns":3.0},{"damage":0.0,"enemies":"Gremlin Nob","floor":6.0,"turns":1.0},{"damage":15.0,"enemies":"Lagavulin","floor":8.0,"turns":5.0},{"damage":23.0,"enemies":"3 Sentries","floor":10.0,"turns":6.0},{"damage":6.0,"enemies":"Looter","floor":14.0,"turns":3.0},{"damage":17.0,"enemies":"Slime Boss","floor":16.0,"turns":10.0},{"damage":3.0,"enemies":"Shell Parasite","floor":18.0,"turns":6.0},{"damage":1.0,"enemies":"Spheric Guardian","floor":20.0,"turns":5.0},{"damage":3.0,"enemies":"Centurion and Healer","floor":24.0,"turns":9.0},{"damage":0.0,"enemies":"Snecko","floor":25.0,"turns":4.0},{"damage":10.0,"enemies":"Snake Plant","floor":29.0,"turns":4.0},{"damage":1.0,"enemies":"Book of Stabbing","floor":30.0,"turns":5.0},{"damage":14.0,"enemies":"Centurion and Healer","floor":31.0,"turns":8.0},{"damage":17.0,"enemies":"Champ","floor":33.0,"turns":10.0},{"damage":0.0,"enemies":"3 Shapes","floor":35.0,"turns":5.0},{"damage":8,"enemies":"Orb Walker","floor":36,"turns":3},{"damage":6,"enemies":"Maw","floor":38,"turns":9},{"damage":11,"enemies":"3 Darklings","floor":41,"turns":5},{"damage":10,"enemies":"Nemesis","floor":42,"turns":7},{"damage":8,"enemies":"Giant Head","floor":45,"turns":9},{"damage":3,"enemies":"Jaw Worm Horde","floor":46,"turns":4},{"damage":0,"enemies":"Maw","floor":48,"turns":6},{"damage":44,"enemies":"Time Eater","floor":50,"turns":16},{"damage":88,"enemies":"Shield and Spear","floor":54,"turns":5}],"seed_played":"7459946671111945423","potions_obtained":[{"floor":1.0,"key":"BlessingOfTheForge"},{"floor":3.0,"key":"SmokeBomb"},{"floor":10.0,"key":"Energy Potion"},{"floor":16.0,"key":"LiquidMemories"},{"floor":18.0,"key":"ColorlessPotion"},{"floor":20.0,"key":"FocusPotion"},{"floor":31.0,"key":"Fruit Juice"},{"floor":33.0,"key":"DistilledChaos"},{"floor":36,"key":"Energy Potion"},{"floor":38,"key":"Block Potion"},{"floor":45,"key":"SpeedPotion"},{"floor":48,"key":"EssenceOfSteel"}],"is_trial":false,"path_per_floor":["M","?","M","?","M","E","R","E","T","E","?","R","$","M","R","B",null,"M","T","M","?","?","R","M","M","T","?","?","M","E","M","R","B",null,"M","M","$","M","$","R","M","E","T","R","E","M","R","M","R","B",null,"R","$","E"],"character_chosen":"DEFECT","items_purchased":["Blizzard","Orrery"],"campfire_rested":2,"item_purchase_floors":[37,37],"current_hp_per_floor":[56,56,44,44,30,30,51,50,50,27,27,27,27,21,46,29,71,68,68,67,67,67,67,64,64,64,64,64,54,53,39,39,27,74,74,66,66,60,60,60,49,39,39,39,31,28,40,40,52,8,70,82,82,0,0],"gold":87,"neow_bonus":"BOSS_RELIC","is_daily":false,"chose_seed":false,"campfire_upgraded":7,"win_rate":0.0,"timestamp":1612937425,"path_taken":["M","?","M","?","M","E","R","E","T","E","?","R","?","M","R","BOSS","M","?","M","?","?","R","M","?","T","?","?","M","E","?","R","BOSS","M","M","$","?","$","R","M","E","T","R","E","M","R","M","R","BOSS","R","$","E"],"items_purchased_type":["Card","Relic"],"build_version":"2020-12-22","purchased_purges":2,"victory":false,"max_hp_per_floor":[71,71,71,71,71,71,71,85,85,85,85,85,85,85,85,85,85,85,85,85,85,85,85,85,85,85,85,85,85,85,85,85,90,90,90,90,90,90,90,90,90,90,90,90,90,90,90,90,90,90,90,90,90,90,90],"relic_stats":{"counters":[9,64],"Astrolabe":[],"CeramicFish":36,"Eternal Feather":36,"Pen Nib":[4],"Art of War":[20],"Boot":[7],"obtain_stats":[{"Astrolabe":0,"CeramicFish":0,"Mango":0,"Eternal Feather":45,"Pen Nib":0,"Boot":0,"Nuclear Battery":0,"Orrery":37,"Molten Egg 2":43,"Art of War":42,"TungstenRod":0,"Pocketwatch":0,"Runic Pyramid":0},{"Astrolabe":0,"CeramicFish":0,"Mango":0,"Eternal Feather":5,"Pen Nib":0,"Boot":0,"Nuclear Battery":0,"Orrery":1,"Molten Egg 2":4,"Art of War":4,"TungstenRod":0,"Pocketwatch":0,"Runic Pyramid":0},{"Astrolabe":0,"CeramicFish":0,"Mango":0,"Eternal Feather":33,"Pen Nib":0,"Boot":0,"Nuclear Battery":0,"Orrery":3,"Molten Egg 2":24,"Art of War":24,"TungstenRod":0,"Pocketwatch":0,"Runic Pyramid":0}],"TungstenRod":24,"Pocketwatch":[6]},"card_choices":[{"not_picked":["Aggregate","Steam"],"picked":"Redo","floor":1.0},{"not_picked":["Leap","Rebound"],"picked":"Defragment","floor":3.0},{"not_picked":["Steam","Sweeping Beam"],"picked":"Auto Shields","floor":5.0},{"not_picked":["Undo","Heatsinks"],"picked":"Steam","floor":8.0},{"not_picked":["Conserve Battery","Rebound"],"picked":"Capacitor","floor":10.0},{"not_picked":["Stack","Leap"],"picked":"Cold Snap","floor":14.0},{"not_picked":["Meteor Strike","Amplify"],"picked":"Reboot","floor":16.0},{"not_picked":["Skim","Steam+1"],"picked":"Coolheaded","floor":18.0},{"not_picked":["Rip and Tear","Double Energy","Stack"],"picked":"SKIP","floor":20.0},{"not_picked":["Redo","Rebound","Melter"],"picked":"SKIP","floor":24.0},{"not_picked":["Glacier","Leap"],"picked":"Skim+1","floor":25.0},{"not_picked":["Tempest","Sunder","Compile Driver"],"picked":"SKIP","floor":29.0},{"not_picked":["Rebound","Stack","Hologram"],"picked":"SKIP","floor":30.0},{"not_picked":["Rebound","Stack"],"picked":"Hologram","floor":30.0},{"not_picked":["Sunder","Conserve Battery","Gash"],"picked":"SKIP","floor":31.0},{"not_picked":["Amplify","Machine Learning"],"picked":"Rainbow","floor":33.0},{"not_picked":["Beam Cell","Cold Snap","BootSequence"],"picked":"SKIP","floor":35.0},{"not_picked":["Hologram","Turbo","Beam Cell"],"picked":"SKIP","floor":36},{"not_picked":["Go for the Eyes","Beam Cell"],"picked":"Coolheaded","floor":37},{"not_picked":["Blizzard","Conserve Battery"],"picked":"Glacier+1","floor":37},{"not_picked":["Self Repair","Conserve Battery","Melter"],"picked":"SKIP","floor":38},{"not_picked":["Genetic Algorithm","Beam Cell+1","Hologram"],"picked":"SKIP","floor":41},{"not_picked":["Compile Driver","Reprogram","Chaos"],"picked":"SKIP","floor":42},{"not_picked":["Go for the Eyes+1","Gash+1","Compile Driver+1"],"picked":"SKIP","floor":45},{"not_picked":["Chaos","Streamline+1","FTL+1"],"picked":"SKIP","floor":46},{"not_picked":["Turbo","Rebound+1"],"picked":"Barrage+1","floor":48}],"player_experience":1092677,"relics_obtained":[{"floor":8.0,"key":"Mango"},{"floor":9.0,"key":"Pocketwatch"},{"floor":10.0,"key":"Boot"},{"floor":19.0,"key":"Pen Nib"},{"floor":30.0,"key":"CeramicFish"},{"floor":42,"key":"Art of War"},{"floor":43,"key":"Molten Egg 2"},{"floor":45,"key":"Eternal Feather"}],"event_choices":[{"cards_removed":["Strike_B"],"damage_healed":0.0,"max_hp_gain":0.0,"max_hp_loss":0.0,"gold_gain":0.0,"event_name":"The Cleric","player_choice":"Card Removal","floor":2.0,"gold_loss":75.0,"damage_taken":0.0},{"damage_healed":0.0,"max_hp_gain":0.0,"max_hp_loss":0.0,"gold_gain":0.0,"event_name":"World of Goop","player_choice":"Left Gold","floor":4.0,"gold_loss":36.0,"damage_taken":0.0},{"damage_healed":0.0,"max_hp_gain":0.0,"max_hp_loss":0.0,"gold_gain":0.0,"event_name":"Dead Adventurer","player_choice":"Searched \u00270\u0027 times","floor":11.0,"gold_loss":0.0,"damage_taken":0.0},{"damage_healed":0.0,"max_hp_gain":0.0,"max_hp_loss":0.0,"gold_gain":0.0,"event_name":"The Library","player_choice":"Read","floor":21.0,"gold_loss":0.0,"damage_taken":0.0,"cards_obtained":["Skim"]},{"cards_removed":["Strike_B"],"damage_healed":0.0,"max_hp_gain":0.0,"max_hp_loss":0.0,"gold_gain":0.0,"event_name":"Designer","player_choice":"Upgrade and Remove","floor":22.0,"gold_loss":110.0,"damage_taken":0.0,"cards_upgraded":["Defend_B"]},{"damage_healed":0.0,"max_hp_gain":0.0,"max_hp_loss":0.0,"gold_gain":0.0,"event_name":"The Mausoleum","player_choice":"Opened","floor":27.0,"gold_loss":0.0,"damage_taken":0.0,"relics_obtained":["TungstenRod"],"cards_obtained":["Writhe"]},{"cards_removed":["Writhe"],"damage_healed":0.0,"max_hp_gain":0.0,"max_hp_loss":0.0,"gold_gain":0.0,"event_name":"Back to Basics","player_choice":"Elegance","floor":28.0,"gold_loss":0.0,"damage_taken":0.0}],"is_beta":false,"boss_relics":[{"not_picked":["Calling Bell","Cursed Key"],"picked":"Nuclear Battery"},{"not_picked":["Philosopher\u0027s Stone","Pandora\u0027s Box"],"picked":"Runic Pyramid"}],"items_purged_floors":[13,53],"is_endless":false,"potions_floor_spawned":[1,3,10,16,18,20,31,33,36,38,45,48],"killed_by":"Shield and Spear","ascension_level":19}}