{"host":"x6h2w7w5b570y81k","time":1612979895,"event":{"mods":["AchievementEnabler","Act Like it!","BaseMod","Colored Map","Colored Powertips","Downfall","Friendly Minions","Minty Spire (QoL Compilation)","StSLib"],"gold_per_floor":[99,118,138,158,158,483,483,493,512,532,532,544,561,587,598,701,701,701,714,714,57,57,57,57,82,82,96,107,133,149,164,177,274,274,74,22,33,33,50,50,50,62,78,78,90,100,0,18,29,29,29,29],"floor_reached":50,"language":"DEU","playtime":5131,"items_purged":["Shame"],"score":671,"play_id":"045ad904-cd19-4e87-8c8a-b50d359c37a9","local_time":"20210210185815","is_ascension_mode":false,"campfire_choices":[{"data":"Slimebound:Split","floor":1,"key":"SMITH"},{"data":"Slimebound:Overexert","floor":18,"key":"SMITH"},{"data":"expansioncontent:DashGenerateEvil","floor":23,"key":"SMITH"},{"floor":35,"key":"RECALL"},{"data":"Slimebound:Equalize","floor":40,"key":"SMITH"},{"data":"Discovery","floor":47,"key":"SMITH"}],"circlet_count":0,"master_deck":["Slimebound:Strike_Slimebound","Slimebound:Strike_Slimebound","Slimebound:Strike_Slimebound","Slimebound:Tackle","Slimebound:Defend_Slimebound","Slimebound:Defend_Slimebound","Slimebound:Defend_Slimebound","Slimebound:Defend_Slimebound","Slimebound:Split+1","Slimebound:CorrosiveSpit","Discovery+1","Slimebound:LevelUp","Slimebound:SplitLeeching","Slimebound:MegaLick","Slimebound:SplitMire","Shame","Writhe","Slimebound:RollThrough","Slimebound:SplitMire","Slimebound:Overexert+1","Slimebound:SplitLeeching","Slimebound:RejuvenatingLick","Doubt","Slimebound:TongueLash","Slimebound:RallyTheTroops","Slimebound:Prepare","Slimebound:Schlurp","Slimebound:Gluttony","expansioncontent:DashGenerateEvil+1","Parasite","Writhe","Slimebound:Schlurp","Writhe","Slimebound:ItLooksTasty","Slimebound:LeechingTouch+1","Slimebound:Schlurp+1","Slimebound:RallyTheTroops","Slimebound:SlimeBarrage","Slimebound:ItLooksTasty","Slimebound:SlimeSlap","Slimebound:SplitBruiser","Slimebound:Equalize+1","Slimebound:ServeAndProtect+1","Slimebound:LeechingTouch","Decay","Normality","Slimebound:SamplingLick+1","Slimebound:WasteNot","expansioncontent:Chronoboost","Slimebound:LivingWall+1","Slimebound:SpikyOuterGoop+1","Slimebound:LivingWall"],"relics":["Slimebound:AbsorbEndCombatUpgraded","downfall:ExtraCursedKey","Old Coin","Slimebound:MaxSlimesRelic","Nunchaku","bronze:MakeshiftBattery","Thread and Needle","Nilry\u0027s Codex","Akabeko","Bag of Marbles","Blood Vial","downfall:HeartBlessingGreen","downfall:HeartBlessingBlue","PreservedInsect","downfall:HeartBlessingRed"],"acts_visited":["Exordium","TheCity","TheBeyond"],"potions_floor_usage":[25,29,29,31,48,49,50],"damage_taken":[{"damage":4,"enemies":"Jaw Worm","floor":2,"turns":4},{"damage":5,"enemies":"Small Slimes","floor":3,"turns":4},{"damage":0,"enemies":"2 Louse","floor":4,"turns":3},{"damage":24,"enemies":"3 Sentries","floor":6,"turns":8},{"damage":0,"enemies":"2 Fungi Beasts","floor":8,"turns":3},{"damage":1,"enemies":"Blue Slaver","floor":9,"turns":2},{"damage":0,"enemies":"Large Slime","floor":10,"turns":5},{"damage":2,"enemies":"3 Louse","floor":12,"turns":3},{"damage":0,"enemies":"2 Fungi Beasts","floor":13,"turns":3},{"damage":13,"enemies":"Large Slime","floor":15,"turns":3},{"damage":10,"enemies":"SI_SHIV_ARCHETYPE","floor":16,"turns":7},{"damage":10,"enemies":"Chosen","floor":19,"turns":4},{"damage":0,"enemies":"downfall:FleeingMerchant","floor":21,"turns":4},{"damage":28,"enemies":"Slavers","floor":25,"turns":5},{"damage":0,"enemies":"3 Byrds","floor":27,"turns":2},{"damage":0,"enemies":"Snecko","floor":28,"turns":4},{"damage":10,"enemies":"Gremlin Leader","floor":29,"turns":4},{"damage":3,"enemies":"Centurion and Healer","floor":30,"turns":6},{"damage":1,"enemies":"3 Cultists","floor":31,"turns":5},{"damage":0,"enemies":"Sentry and Sphere","floor":32,"turns":6},{"damage":55,"enemies":"DF_ARCHETYPE_CLAW","floor":33,"turns":8},{"damage":0,"enemies":"downfall:FleeingMerchant","floor":36,"turns":4},{"damage":21,"enemies":"3 Darklings","floor":37,"turns":5},{"damage":3,"enemies":"3 Shapes","floor":39,"turns":5},{"damage":4,"enemies":"3 Darklings","floor":42,"turns":4},{"damage":10,"enemies":"Sphere and 2 Shapes","floor":43,"turns":5},{"damage":22,"enemies":"Spire Growth","floor":45,"turns":6},{"damage":0,"enemies":"4 Shapes","floor":46,"turns":4},{"damage":22,"enemies":"Writhing Mass","floor":48,"turns":5},{"damage":28,"enemies":"Jaw Worm Horde","floor":49,"turns":5},{"damage":78,"enemies":"IC_BLOCK_ARCHETYPE","floor":50,"turns":4}],"seed_played":"-3651463206097320082","potions_obtained":[{"floor":3,"key":"Slimebound:SlimyTonguePotion"},{"floor":4,"key":"Strength Potion"},{"floor":10,"key":"Slimebound:SlimyTonguePotion"},{"floor":20,"key":"CultistPotion"},{"floor":27,"key":"champ:CounterPotion"},{"floor":28,"key":"DistilledChaos"},{"floor":29,"key":"champ:CounterPotion"},{"floor":32,"key":"Guardian:BlockOnCardUsePotion"},{"floor":33,"key":"SpeedPotion"},{"floor":42,"key":"LiquidBronze"},{"floor":45,"key":"SkillPotion"},{"floor":49,"key":"Strength Potion"}],"is_trial":false,"path_per_floor":["R","M","M","M","?","E","T","M","M","M","?","M","M","T","M","B",null,"R","M","?","$","?","R","T","E","?","M","M","E","M","M","M","B",null,"R","$","M","?","M","R","T","M","M","?","M","M","R","M","M","B"],"character_chosen":"SLIMEBOUND","items_purchased":["Slimebound:Gluttony","expansioncontent:DashGenerateEvil","Thread and Needle","Slimebound:Equalize"],"campfire_rested":0,"item_purchase_floors":[21,21,21,36],"current_hp_per_floor":[65,62,59,61,61,45,45,49,56,64,69,69,70,70,59,57,70,70,68,68,70,54,54,54,34,34,34,42,40,47,56,58,13,70,80,80,80,80,80,80,80,80,79,79,68,80,80,66,49,0,0,0],"gold":29,"neow_bonus":"RANDOM_COLORLESS","is_daily":false,"chose_seed":false,"campfire_upgraded":5,"win_rate":0.0,"timestamp":1612979895,"path_taken":["R","M","M","M","?","E","T","M","M","M","?","M","M","?","M","BOSS","R","M","?","$","?","R","T","E","?","M","M","E","M","M","M","BOSS","R","$","M","?","M","R","T","M","M","?","M","M","R","M","M","BOSS"],"items_purchased_type":["Card","Card","Relic","Card"],"build_version":"2020-12-22","purchased_purges":1,"victory":false,"max_hp_per_floor":[65,65,65,65,65,65,65,65,65,65,70,70,70,70,70,70,70,70,70,70,70,70,70,70,70,70,70,70,70,70,70,70,70,70,80,80,80,80,80,80,80,80,80,80,80,80,80,80,80,80,80,80],"card_choices":[{"not_picked":["Forethought","Good Instincts"],"picked":"Discovery","floor":0},{"not_picked":["Slimebound:SplitBruiser","Slimebound:HungryTackle"],"picked":"Slimebound:LevelUp","floor":2},{"not_picked":["Slimebound:GoopSpray","Slimebound:RainOfGoop"],"picked":"Slimebound:SplitLeeching","floor":3},{"not_picked":["Slimebound:Grow","Slimebound:SpikyOuterGoop"],"picked":"Slimebound:MegaLick","floor":4},{"not_picked":["Slimebound:SplitLeeching","Slimebound:LeechingTouch"],"picked":"Slimebound:SplitMire","floor":6},{"not_picked":["Slimebound:ProtectTheBoss","Slimebound:Chomp"],"picked":"Slimebound:RollThrough","floor":8},{"not_picked":["Slimebound:LeechingTouch","Slimebound:TongueLash"],"picked":"Slimebound:SplitMire","floor":9},{"not_picked":["Slimebound:Grow","Slimebound:RollThrough"],"picked":"Slimebound:Overexert","floor":10},{"not_picked":["Slimebound:FormOfPuddle","Slimebound:SlimeSpikes"],"picked":"Slimebound:SplitLeeching","floor":12},{"not_picked":["Slimebound:GoopTackle","Slimebound:DouseInSlime"],"picked":"Slimebound:RejuvenatingLick","floor":13},{"not_picked":["Slimebound:PressTheAttack","Slimebound:GoopTackle"],"picked":"Slimebound:TongueLash","floor":15},{"not_picked":["Slimebound:WasteNot","Slimebound:MinionMaster"],"picked":"Slimebound:RallyTheTroops","floor":16},{"not_picked":["Slimebound:LeechEnergy","Slimebound:FinishingTackle"],"picked":"Slimebound:Prepare","floor":19},{"not_picked":["Slimebound:Grow","Slimebound:LivingWall"],"picked":"Slimebound:Schlurp","floor":21},{"not_picked":["Slimebound:FlameTackle","Slimebound:ComboTackle"],"picked":"Slimebound:Schlurp","floor":25},{"not_picked":["Slimebound:GoopTackle+1","Slimebound:SlimeSpikes"],"picked":"Slimebound:ItLooksTasty","floor":27},{"not_picked":["Slimebound:Chomp","Slimebound:GoopTackle"],"picked":"Slimebound:LeechingTouch+1","floor":28},{"not_picked":["Slimebound:FinishingTackle","Slimebound:RollThrough"],"picked":"Slimebound:Schlurp+1","floor":29},{"not_picked":["Slimebound:SplitAcid","Slimebound:Prepare"],"picked":"Slimebound:RallyTheTroops","floor":30},{"not_picked":["Slimebound:MegaLick","Slimebound:GoopTackle"],"picked":"Slimebound:SlimeBarrage","floor":31},{"not_picked":["Slimebound:SplitBruiser","Slimebound:Replication"],"picked":"Slimebound:ItLooksTasty","floor":32},{"not_picked":["Slimebound:PrepareCrush","Slimebound:WasteNot"],"picked":"Slimebound:SlimeSlap","floor":33},{"not_picked":["Slimebound:SlimeSpikes","Slimebound:PressTheAttack"],"picked":"Slimebound:SplitBruiser","floor":36},{"not_picked":["Slimebound:RollThrough","Slimebound:SplitAcid"],"picked":"Slimebound:ServeAndProtect+1","floor":37},{"not_picked":["Slimebound:DisruptingSlam+1","Slimebound:ProtectTheBoss"],"picked":"Slimebound:LeechingTouch","floor":39},{"not_picked":["Slimebound:PressTheAttack+1","Slimebound:Nibble+1"],"picked":"Slimebound:SamplingLick+1","floor":42},{"not_picked":["Slimebound:SplitLeeching","Slimebound:SlimeSpikes"],"picked":"Slimebound:WasteNot","floor":43},{"not_picked":["expansioncontent:Hexaburn","expansioncontent:PolyBeam"],"picked":"expansioncontent:Chronoboost","floor":44},{"not_picked":["Slimebound:DisruptingSlam+1","Slimebound:SlimeSpikes"],"picked":"Slimebound:LivingWall+1","floor":45},{"not_picked":["Slimebound:HungryTackle+1","Slimebound:LeadByExample"],"picked":"Slimebound:SpikyOuterGoop+1","floor":46},{"not_picked":["Slimebound:GoopTackle","Slimebound:ProtectTheBoss","Slimebound:Schlurp+1"],"picked":"SKIP","floor":48},{"not_picked":["Slimebound:RollThrough","Slimebound:Schlurp+1"],"picked":"Slimebound:LivingWall","floor":49}],"player_experience":187839,"relics_obtained":[{"floor":6,"key":"Old Coin"},{"floor":7,"key":"Slimebound:MaxSlimesRelic"},{"floor":14,"key":"Nunchaku"},{"floor":22,"key":"Nilry\u0027s Codex"},{"floor":25,"key":"Akabeko"},{"floor":29,"key":"Blood Vial"},{"floor":41,"key":"PreservedInsect"}],"event_choices":[{"damage_healed":0,"gold_gain":0,"player_choice":"Donut","damage_taken":0,"max_hp_gain":5,"max_hp_loss":0,"event_name":"Big Fish","floor":11,"gold_loss":0}],"is_beta":false,"boss_relics":[{"not_picked":["Fusion Hammer","Runic Dome"],"picked":"bronze:MakeshiftBattery"},{"not_picked":["SlaversCollar","Philosopher\u0027s Stone"],"picked":"Slimebound:AbsorbEndCombatUpgraded"}],"items_purged_floors":[21],"is_endless":false,"potions_floor_spawned":[3,4,10,12,15,27,28,29,32,33,42,43,45,49],"killed_by":"IC_BLOCK_ARCHETYPE","ascension_level":0}}