{"host":"y76clbnovzmw9ubx","time":1612918218,"event":{"mods":["AchievementEnabler","BaseMod","Minty Spire (QoL Compilation)","Permanent Neow","Relic Stats"],"gold_per_floor":[115,131,51,51,75,108,108,133,133,169,169,194,159,193,193,289,289,309,259,279,279,298,298,298],"floor_reached":23,"language":"ENG","playtime":1283,"items_purged":[],"score":497,"play_id":"d63d3e85-f7a4-40c1-8aab-cfb21f69653b","local_time":"20210209195018","is_ascension_mode":true,"campfire_choices":[{"data":"Glass Knife","floor":11,"key":"SMITH"},{"data":"All Out Attack","floor":15,"key":"SMITH"}],"circlet_count":0,"master_deck":["AscendersBane","Defend_G","Defend_G","Defend_G","Defend_G","Defend_G","Survivor","Neutralize","Glass Knife+1","Quick Slash","Dagger Throw","Masterful Stab","Malaise","All Out Attack+1","Backflip","Night Terror","CurseOfTheBell","Infinite Blades","Bite","Bite","Bite","Bite","Bite","Backstab"],"relics":["Ring of the Snake","Golden Idol","Orichalcum","Paper Crane","Ancient Tea Set","Mango","Boot","Calling Bell","Nunchaku","Sundial","Thread and Needle"],"acts_visited":["Exordium","TheCity"],"potions_floor_usage":[6,10,14,16,18],"damage_taken":[{"damage":4,"enemies":"Jaw Worm","floor":1,"turns":5},{"damage":1,"enemies":"2 Louse","floor":2,"turns":2},{"damage":0,"enemies":"Cultist","floor":5,"turns":2},{"damage":20,"enemies":"3 Sentries","floor":6,"turns":8},{"damage":0,"enemies":"Blue Slaver","floor":8,"turns":3},{"damage":10,"enemies":"Lagavulin","floor":10,"turns":6},{"damage":0,"enemies":"2 Fungi Beasts","floor":12,"turns":2},{"damage":0,"enemies":"Gremlin Nob","floor":14,"turns":3},{"damage":25,"enemies":"Slime Boss","floor":16,"turns":7},{"damage":19,"enemies":"Shell Parasite","floor":18,"turns":7},{"damage":0,"enemies":"Chosen","floor":20,"turns":4},{"damage":27,"enemies":"Shelled Parasite and Fungi","floor":22,"turns":7},{"damage":28,"enemies":"Book of Stabbing","floor":23,"turns":6}],"seed_played":"1791472905461352506","potions_obtained":[{"floor":1,"key":"AttackPotion"},{"floor":6,"key":"Energy Potion"},{"floor":8,"key":"Weak Potion"},{"floor":12,"key":"Explosive Potion"},{"floor":14,"key":"AttackPotion"},{"floor":22,"key":"Fire Potion"}],"is_trial":false,"path_per_floor":["M","M","$","?","M","E","T","M","T","E","R","M","?","E","R","B",null,"M","?","M","?","M","E"],"character_chosen":"THE_SILENT","items_purchased":["Masterful Stab"],"campfire_rested":0,"item_purchase_floors":[3],"current_hp_per_floor":[55,54,54,54,54,34,34,34,34,38,38,38,55,55,55,30,59,40,40,40,40,31,13,13],"gold":298,"neow_bonus":"THREE_RARE_CARDS","is_daily":false,"chose_seed":false,"campfire_upgraded":2,"win_rate":0.0,"timestamp":1612918218,"path_taken":["M","M","$","?","M","E","?","M","T","E","R","?","?","E","R","BOSS","M","?","?","?","M","E"],"items_purchased_type":["Card"],"build_version":"2020-12-22","purchased_purges":0,"victory":false,"max_hp_per_floor":[60,60,60,54,54,54,54,54,54,68,68,68,68,68,68,68,68,68,68,68,47,47,47,47],"relic_stats":{"Nunchaku":[5],"counters":[13,62],"Golden Idol":67,"Sundial":[2],"Orichalcum":[114],"Boot":[29],"obtain_stats":[{"Calling Bell":17,"Nunchaku":17,"Golden Idol":4,"Sundial":17,"Mango":10,"Thread and Needle":17,"Orichalcum":6,"Paper Crane":7,"Ancient Tea Set":9,"Boot":14,"Ring of the Snake":0},{"Calling Bell":9,"Nunchaku":9,"Golden Idol":2,"Sundial":9,"Mango":6,"Thread and Needle":9,"Orichalcum":4,"Paper Crane":4,"Ancient Tea Set":5,"Boot":8,"Ring of the Snake":0},{"Calling Bell":38,"Nunchaku":38,"Golden Idol":7,"Sundial":38,"Mango":26,"Thread and Needle":38,"Orichalcum":17,"Paper Crane":17,"Ancient Tea Set":20,"Boot":31,"Ring of the Snake":0}],"Ring of the Snake":[26]},"card_choices":[{"not_picked":["Unload","Night Terror"],"picked":"Glass Knife","floor":0},{"not_picked":["Heel Hook","Deflect"],"picked":"Quick Slash","floor":1},{"not_picked":["Deadly Poison","Choke"],"picked":"Dagger Throw","floor":2},{"not_picked":["Calculated Gamble","PiercingWail","Deadly Poison"],"picked":"SKIP","floor":5},{"not_picked":["Heel Hook","Flying Knee","Reflex"],"picked":"SKIP","floor":6},{"not_picked":["Poisoned Stab","Underhanded Strike","Dagger Throw"],"picked":"SKIP","floor":8},{"not_picked":["Slice","Skewer"],"picked":"Malaise","floor":10},{"not_picked":["Slice","Deflect"],"picked":"All Out Attack","floor":12},{"not_picked":["Calculated Gamble","Poisoned Stab"],"picked":"Backflip","floor":14},{"not_picked":["Glass Knife","Adrenaline"],"picked":"Night Terror","floor":16},{"not_picked":["PiercingWail","Noxious Fumes"],"picked":"Infinite Blades","floor":18},{"not_picked":["Outmaneuver","Infinite Blades","Acrobatics"],"picked":"SKIP","floor":20},{"not_picked":["Deadly Poison","Reflex"],"picked":"Backstab","floor":22}],"player_experience":3218102,"relics_obtained":[{"floor":6,"key":"Orichalcum"},{"floor":7,"key":"Paper Crane"},{"floor":9,"key":"Ancient Tea Set"},{"floor":10,"key":"Mango"},{"floor":14,"key":"Boot"},{"floor":17,"key":"Nunchaku"},{"floor":17,"key":"Sundial"},{"floor":17,"key":"Thread and Needle"}],"event_choices":[{"damage_healed":0,"gold_gain":0,"player_choice":"Lose Max HP","damage_taken":0,"relics_obtained":["Golden Idol"],"max_hp_gain":0,"max_hp_loss":6,"event_name":"Golden Idol","floor":4,"gold_loss":0},{"damage_healed":17,"gold_gain":0,"player_choice":"Healed","damage_taken":0,"max_hp_gain":0,"max_hp_loss":0,"event_name":"The Cleric","floor":13,"gold_loss":35},{"damage_healed":0,"gold_gain":0,"player_choice":"Bet on Murderer","damage_taken":0,"max_hp_gain":0,"max_hp_loss":0,"event_name":"The Joust","floor":19,"gold_loss":50},{"damage_healed":0,"gold_gain":0,"player_choice":"Became a vampire","damage_taken":0,"max_hp_gain":0,"max_hp_loss":21,"event_name":"Vampires","floor":21,"gold_loss":0,"cards_obtained":["Bite","Bite","Bite","Bite","Bite"]}],"is_beta":false,"boss_relics":[{"not_picked":["Pandora\u0027s Box","Ectoplasm"],"picked":"Calling Bell"}],"items_purged_floors":[],"is_endless":false,"potions_floor_spawned":[1,6,8,12,14,22],"killed_by":"Book of Stabbing","ascension_level":20}}