{"host":"rjbqai8ni6dsiu37","time":1612995846,"event":{"mods":["100% Spire Juice","BaseMod","CapriCore","GungeonMod","Marisa£¨Ùöéë¡¡Øª×âÞÞ£©","Minty Spire (QoL Compilation)","Replay The Spire","Shop Mod","StSLib","Td1madao Mod","The Cursed","The Jungle","The Poker Player","WarShipGirlsR/??á´Ò³R mod"],"gold_per_floor":[119,119,138,152,166,192,192,2,28,28,46,65,115,143,143,221,221,234,253,268,268,9,9,35,35,35,35,51,68,85,99,109,109,109,186,186,200,125,170,195,210,210,29,29,29,29,59,59,87,102,102,102,102,102,22,51,51],"floor_reached":58,"language":"KOR","playtime":2323,"items_purged":["rmod:abidefaith","DemoMod:Elimentaler","rmod:strick"],"score":1988,"play_id":"bcbe5547-084e-42e1-8cc0-32df52d6cddd","local_time":"20210211072406","is_ascension_mode":true,"campfire_choices":[{"data":"rmod:aviationdawn","floor":7,"key":"SMITH"},{"data":"rmod:robin","floor":10,"key":"SMITH"},{"data":"rmod:royalracing","floor":15,"key":"SMITH"},{"data":"rmod:aluminumsupply","floor":23,"key":"SMITH"},{"data":"rmod:highspeedmaneuver","floor":27,"key":"SMITH"},{"data":"rmod:fuelsupply","floor":33,"key":"SMITH"},{"data":"rmod:robin","floor":42,"key":"SMITH"},{"floor":46,"key":"RECALL"},{"data":"rmod:basicallowance","floor":48,"key":"SMITH"},{"data":"rmod:mineteam","floor":51,"key":"SMITH"},{"data":"rmod:intelligenceanalysis","floor":54,"key":"SMITH"}],"circlet_count":0,"master_deck":["AscendersBane","rmod:strick","rmod:strick","rmod:strick","rmod:defend","rmod:defend","rmod:defend","rmod:defend","rmod:basicallowance+1","rmod:maingunfire+1","rmod:aviationdawn+1","rmod:robin+1","rmod:royalracing+1","rmod:highspeedmaneuver+1","rmod:openingtorpedo+1","rmod:aluminumsupply+1","rmod:fuelsupply+1","rmod:robin+1","rmod:mineteam+1","rmod:intelligenceanalysis+1","rmod:royalracing+1"],"relics":["rmod:firstchargereward","Replay:Wax Seal","Honey Jar","Replay:Bottled Steam","MerchantsRug","Bag of Preparation","Divine Protection","DemoMod:RatBoots","DemoMod:ResourcefulSack","DemoMod:PartiallyEatenCheese","Busted Crown","Vajra","DemoMod:GlassGuonStoneRelic","PreservedInsect","Thread and Needle","rmod:extraamm"],"acts_visited":["Exordium","TheCity","TheCity","TheBeyond","TheEnding"],"potions_floor_usage":[6,12,14,35,35,57,57],"damage_taken":[{"damage":0,"enemies":"2 Louse","floor":1,"turns":3},{"damage":0,"enemies":"Cultist","floor":3,"turns":4},{"damage":7,"enemies":"Jaw Worm","floor":4,"turns":4},{"damage":5,"enemies":"Looter","floor":5,"turns":3},{"damage":24,"enemies":"Gremlin Nob","floor":6,"turns":5},{"damage":0,"enemies":"Exordium Thugs","floor":11,"turns":4},{"damage":0,"enemies":"Exordium Wildlife","floor":12,"turns":2},{"damage":8,"enemies":"Lagavulin","floor":14,"turns":4},{"damage":12,"enemies":"Hexaghost","floor":16,"turns":6},{"damage":0,"enemies":"Spheric Guardian","floor":18,"turns":2},{"damage":0,"enemies":"3 Byrds","floor":19,"turns":4},{"damage":6,"enemies":"Centurion and Healer","floor":20,"turns":3},{"damage":0,"enemies":"Slavers","floor":24,"turns":3},{"damage":0,"enemies":"DemoMod:Veteran_shot_gun_kin_and_bullet_kin","floor":28,"turns":1},{"damage":0,"enemies":"DemoMod:Red_and_blue_shotgun_kin","floor":29,"turns":1},{"damage":0,"enemies":"DemoMod:Veteran_shot_gun_kin_and_blue_shotgun_kin_with_gunsinger","floor":30,"turns":2},{"damage":0,"enemies":"DemoMod:Red_and_blue_shotgun_kin_with_gunsinger","floor":31,"turns":2},{"damage":0,"enemies":"DemoMod:Veteran_shot_gun_kin_and_red_shotgun_kin_with_gunsinger","floor":32,"turns":2},{"damage":4,"enemies":"DemoMod:ResourcefulRat","floor":35,"turns":12},{"damage":0,"enemies":"Orb Walker","floor":37,"turns":2},{"damage":0,"enemies":"2 Orb Walkers","floor":39,"turns":2},{"damage":0,"enemies":"3 Darklings","floor":41,"turns":3},{"damage":0,"enemies":"Nemesis","floor":47,"turns":3},{"damage":0,"enemies":"R_Hoarder","floor":49,"turns":3},{"damage":0,"enemies":"Transient","floor":50,"turns":6},{"damage":0,"enemies":"Donu and Deca","floor":52,"turns":4},{"damage":0,"enemies":"Shield and Spear","floor":56,"turns":2},{"damage":13,"enemies":"The Heart","floor":57,"turns":5}],"seed_played":"-4589265075623277526","potions_obtained":[{"floor":4,"key":"LifebloodPotion"},{"floor":6,"key":"Weak Potion"},{"floor":11,"key":"LiquidMemories"},{"floor":16,"key":"DemoMod:LeadSkinPotion"},{"floor":19,"key":"Ancient Potion"},{"floor":20,"key":"Dexterity Potion"},{"floor":35,"key":"Dexterity Potion"},{"floor":37,"key":"Adrenaline Potion"}],"is_trial":false,"path_per_floor":["M","?","M","M","M","E","R","$","T","R","M","M","?","E","R","B",null,"M","M","M","T","$","R","E","?","T","R","M","M","M","M","M","R","B","B",null,"M","$","?","T","M","R","$","?","T","R","E","R","E","M","R","B",null,"R","$","E","B",null],"character_chosen":"PRAEFECT","items_purchased":["DemoMod:GnawedKey","rmod:robin","MerchantsRug","Bag of Preparation","DollysMirror","Vajra"],"campfire_rested":0,"item_purchase_floors":[8,8,22,22,43,43],"current_hp_per_floor":[63,63,63,56,51,27,27,27,27,27,27,27,27,19,19,7,54,54,54,48,48,48,48,48,48,65,65,65,65,65,65,65,65,51,47,64,64,64,64,64,64,64,64,54,54,54,54,54,54,54,54,54,66,66,66,66,53],"gold":51,"neow_bonus":"RANDOM_COMMON_RELIC","is_daily":false,"chose_seed":false,"campfire_upgraded":10,"win_rate":0.0,"timestamp":1612995846,"path_taken":["M","?","M","M","?","E","R","$","T","R","M","M","?","E","R","BOSS","M","M","?","?","?","R","E","?","T","R","M","M","M","M","M","R","BOSS","BOSS","M","$","?","?","?","R","$","?","T","R","E","R","E","M","R","BOSS","R","$","E","BOSS"],"items_purchased_type":["Relic","Card","Relic","Relic","Relic","Relic"],"build_version":"2020-12-22","purchased_purges":3,"victory":true,"max_hp_per_floor":[70,70,70,70,70,70,70,70,70,70,70,70,70,70,70,70,70,70,70,70,70,70,70,70,70,70,70,70,70,70,70,70,70,70,70,70,70,70,70,70,70,70,70,70,70,70,70,70,70,70,70,70,70,70,70,70,70],"card_choices":[{"not_picked":["rmod:luckystar","rmod:overbreakdown","rmod:firesupport"],"picked":"SKIP","floor":1},{"not_picked":["rmod:ammunitionsupply","rmod:circuitoustactics"],"picked":"rmod:aviationdawn","floor":3},{"not_picked":["rmod:supportescort","rmod:gendarmerie","rmod:ammunitionsupply"],"picked":"SKIP","floor":4},{"not_picked":["rmod:wife","rmod:aggressivemary","rmod:overbreakdown"],"picked":"SKIP","floor":5},{"not_picked":["rmod:diamondstrike","rmod:windflower","rmod:rockthrower"],"picked":"SKIP","floor":6},{"not_picked":["rmod:launchingtorpedo","rmod:diamondstrike","rmod:fletcherpendant"],"picked":"SKIP","floor":11},{"not_picked":["rmod:luckystar","rmod:bulid"],"picked":"rmod:royalracing","floor":12},{"not_picked":["rmod:advancebysurprise","rmod:heivgo","rmod:aviationdawn"],"picked":"SKIP","floor":14},{"not_picked":["rmod:seals","rmod:supriseattacks"],"picked":"rmod:highspeedmaneuver","floor":16},{"not_picked":["rmod:victimresponsibility","rmod:firesupport","rmod:chargemoney"],"picked":"rmod:openingtorpedo+1","floor":19},{"not_picked":["rmod:highspeedmaneuver","rmod:tearstotiara","rmod:wife"],"picked":"rmod:aluminumsupply","floor":20},{"not_picked":["rmod:fletcherpendant+1","rmod:supportescort","rmod:tearstotiara+1"],"picked":"rmod:fuelsupply","floor":28},{"not_picked":["rmod:supportaircraftcarrier+1","rmod:unsinkable","rmod:aviationdawn+1"],"picked":"rmod:robin","floor":29},{"not_picked":["rmod:diaomin","rmod:aviationdawn","rmod:aluminumsupply"],"picked":"rmod:mineteam","floor":30},{"not_picked":[],"picked":"DemoMod:Elimentaler","floor":35},{"not_picked":["rmod:lastglory","rmod:fletcher","rmod:u235"],"picked":"rmod:abidefaith","floor":35},{"not_picked":["rmod:diamondstrike","rmod:rockthrower","rmod:sl"],"picked":"rmod:intelligenceanalysis","floor":36},{"not_picked":["rmod:unsinkable","rmod:fuelsupply"],"picked":"SKIP","floor":49}],"player_experience":261685,"relics_obtained":[{"floor":6,"key":"Simple Rune"},{"floor":9,"key":"Replay:Baseball"},{"floor":14,"key":"Replay:Wax Seal"},{"floor":21,"key":"Replay:Bottled Steam"},{"floor":24,"key":"Divine Protection"},{"floor":36,"key":"DemoMod:RatBoots"},{"floor":36,"key":"DemoMod:ResourcefulSack"},{"floor":36,"key":"DemoMod:PartiallyEatenCheese"},{"floor":36,"key":"Busted Crown"},{"floor":36,"key":"ChewingGum"},{"floor":39,"key":"Replay:PocketPolymizer"},{"floor":40,"key":"Blue Doll"},{"floor":47,"key":"PreservedInsect"},{"floor":49,"key":"Thread and Needle"},{"floor":56,"key":"rmod:extraamm"}],"event_choices":[{"damage_healed":0,"gold_gain":0,"player_choice":"Forge","damage_taken":0,"max_hp_gain":0,"max_hp_loss":0,"event_name":"Accursed Blacksmith","floor":2,"gold_loss":0,"cards_upgraded":["rmod:maingunfire"]},{"damage_healed":0,"gold_gain":50,"player_choice":"Pray","damage_taken":0,"max_hp_gain":0,"max_hp_loss":0,"event_name":"Golden Shrine","floor":13,"gold_loss":0},{"damage_healed":0,"gold_gain":0,"player_choice":"Fight","damage_taken":0,"max_hp_gain":0,"max_hp_loss":0,"event_name":"Mysterious Sphere","floor":39,"gold_loss":0},{"damage_healed":0,"gold_gain":0,"player_choice":"Damaged","damage_taken":10,"max_hp_gain":0,"max_hp_loss":0,"event_name":"Wheel of Change","floor":44,"gold_loss":0}],"is_beta":false,"boss_relics":[{"not_picked":["Abe\u0027s Treasure","Replay:Ancient Bell"],"picked":"Honey Jar"},{"not_picked":[]}],"items_purged_floors":[38,43,55],"is_endless":false,"potions_floor_spawned":[4,6,11,16,19,20,24,28,30,35,37,47,49,56],"ascension_level":17}}