{"host":"vfg9szunmpjwj08o","time":1612993742,"event":{"mods":["Act Like it!","BaseMod","BetterRewards","Bossed Relics","Challenge The Spire","Colored Map","Colored Powertips","Dark Map","Highlight Path","Minty Spire (QoL Compilation)","Quick Restart","Relic Stats","StSLib","Waifu the Spire","everything is the same but u backflip on backflip"],"gold_per_floor":[116,27,27,46,46,46,73,83,83,100,100,117,142,157,157,234,234,244,0,19,29,29,29,57,57,57,68,118,131,6,40,40,116,116,127,127,138,150,150,150,12,22,48,60,60,80,80,92,92,92,92,92],"floor_reached":51,"language":"ENG","playtime":2581,"items_purged":["Strike_G"],"score":1477,"play_id":"09747564-8c8d-4f48-9983-efc215aee39f","local_time":"20210210224902","is_ascension_mode":true,"campfire_choices":[{"data":"Neutralize","floor":6.0,"key":"SMITH"},{"data":"Tools of the Trade","floor":11.0,"key":"SMITH"},{"floor":15.0,"key":"RECALL"},{"data":"Accuracy","floor":23.0,"key":"SMITH"},{"data":"Neutralize","floor":25.0,"key":"SMITH"},{"data":"Die Die Die","floor":32.0,"key":"SMITH"},{"data":"Survivor","floor":40.0,"key":"SMITH"},{"data":"Accuracy","floor":45,"key":"SMITH"},{"data":"Defend_G","floor":47,"key":"SMITH"},{"data":"Defend_G","floor":49,"key":"SMITH"}],"circlet_count":0,"master_deck":["AscendersBane","Strike_G","Strike_G","Strike_G","Defend_G","Defend_G","Defend_G","Defend_G+1","Defend_G+1","Survivor+1","Neutralize+1","CurseOfTheBell","Cloak And Dagger+1","Finesse+1","Blade Dance+1","Neutralize+1","Die Die Die+1","Tools of the Trade+1","Expertise+1","Blade Dance+1","Prepared+1","Deflect+1","Malaise+1","Malaise+1","Blur+1","Accuracy+1","Backflip+1","Acrobatics+1","Doppelganger+1","Backflip+1","Infinite Blades","Tactician+1","Infinite Blades","Cloak And Dagger+1","Malaise+1","Escape Plan+1","Accuracy+1","Escape Plan+1","Concentrate+1","Adrenaline+1","Escape Plan+1"],"relics":["Calling Bell","Potion Belt","Toxic Egg 2","Torii","Unceasing Top","Ice Cream","Bottled Tornado","Coffee Dripper","ClockworkSouvenir","Oddly Smooth Stone","Shuriken","Smiling Mask","Sozu","Prayer Wheel"],"acts_visited":["Exordium","TheCity","TheBeyond"],"potions_floor_usage":[],"damage_taken":[{"damage":0.0,"enemies":"2 Louse","floor":1.0,"turns":4.0},{"damage":1.0,"enemies":"Small Slimes","floor":4.0,"turns":4.0},{"damage":32.0,"enemies":"Gremlin Nob","floor":7.0,"turns":4.0},{"damage":0.0,"enemies":"Cultist","floor":8.0,"turns":3.0},{"damage":0.0,"enemies":"Large Slime","floor":10.0,"turns":5.0},{"damage":1.0,"enemies":"2 Fungi Beasts","floor":12.0,"turns":3.0},{"damage":0.0,"enemies":"Lagavulin","floor":13.0,"turns":2.0},{"damage":0.0,"enemies":"Gremlin Gang","floor":14.0,"turns":3.0},{"damage":5.0,"enemies":"The Guardian","floor":16.0,"turns":14.0},{"damage":10.0,"enemies":"2 Thieves","floor":18.0,"turns":4.0},{"damage":1.0,"enemies":"Chosen","floor":20.0,"turns":4.0},{"damage":6.0,"enemies":"Centurion and Healer","floor":21.0,"turns":5.0},{"damage":13.0,"enemies":"Slavers","floor":24.0,"turns":5.0},{"damage":1.0,"enemies":"Snecko","floor":27.0,"turns":5.0},{"damage":0.0,"enemies":"Snake Plant","floor":29.0,"turns":5.0},{"damage":0.0,"enemies":"Gremlin Leader","floor":31.0,"turns":5.0},{"damage":2.0,"enemies":"Collector","floor":33.0,"turns":6.0},{"damage":0.0,"enemies":"3 Darklings","floor":35.0,"turns":3.0},{"damage":1.0,"enemies":"Orb Walker","floor":37.0,"turns":5.0},{"damage":7.0,"enemies":"Spire Growth","floor":38.0,"turns":5.0},{"damage":8.0,"enemies":"Maw","floor":42.0,"turns":5.0},{"damage":23.0,"enemies":"4 Shapes","floor":44.0,"turns":5.0},{"damage":8,"enemies":"3 Darklings","floor":46,"turns":4},{"damage":0,"enemies":"Sphere and 2 Shapes","floor":48,"turns":3},{"damage":14,"enemies":"Awakened One","floor":50,"turns":7},{"damage":18,"enemies":"Donu and Deca","floor":51,"turns":1}],"seed_played":"5006029379765302374","potions_obtained":[{"floor":7.0,"key":"FearPotion"},{"floor":8.0,"key":"CunningPotion"},{"floor":13.0,"key":"PowerPotion"},{"floor":16.0,"key":"Weak Potion"},{"floor":20.0,"key":"SkillPotion"},{"floor":24.0,"key":"Strength Potion"},{"floor":31.0,"key":"FairyPotion"},{"floor":33.0,"key":"GamblersBrew"}],"is_trial":false,"path_per_floor":["M","$","?","M","?","R","E","M","T","M","R","M","E","M","R","B",null,"M","$","M","M","$","R","E","R","T","M","?","M","$","E","R","B",null,"M","?","M","M","?","R","$","M","T","M","R","M","R","M","R","B","B"],"character_chosen":"THE_SILENT","items_purchased":["Finesse+1","Accuracy","ClockworkSouvenir","Tactician+1","Infinite Blades","Accuracy"],"campfire_rested":0,"item_purchase_floors":[2,19,19,30,30,41],"current_hp_per_floor":[59,59,59,58,58,58,26,26,26,26,26,25,25,25,25,20,55,45,45,44,38,38,38,25,25,25,24,24,24,24,24,24,22,55,55,51,50,43,43,43,43,35,35,12,12,4,4,4,4,12,0,0],"gold":92,"neow_bonus":"BOSS_RELIC","is_daily":false,"chose_seed":false,"campfire_upgraded":9,"win_rate":0.0,"timestamp":1612993742,"path_taken":["M","$","?","M","?","R","E","M","T","M","R","M","E","M","R","BOSS","M","$","M","M","?","R","E","R","T","M","?","M","$","E","R","BOSS","M","?","M","?","?","R","$","M","T","M","R","M","R","?","R","BOSS","BOSS"],"items_purchased_type":["Card","Card","Relic","Card","Card","Card"],"build_version":"2020-12-22","purchased_purges":1,"victory":false,"max_hp_per_floor":[66,66,66,66,66,66,66,66,66,66,66,66,66,66,66,66,66,66,66,66,66,66,66,66,66,66,66,66,66,66,66,66,66,66,66,66,66,66,66,66,66,66,66,66,66,66,66,66,66,66,66,66],"relic_stats":{"Sozu":2,"Torii":30,"counters":[26,119],"Shuriken":[69],"Prayer Wheel":5,"Smiling Mask":25,"obtain_stats":[{"Potion Belt":0,"Ice Cream":9,"Torii":0,"Oddly Smooth Stone":24,"Bottled Tornado":13,"Smiling Mask":31,"ClockworkSouvenir":19,"Calling Bell":0,"Sozu":34,"Shuriken":26,"Prayer Wheel":39,"Coffee Dripper":17,"Toxic Egg 2":0,"Unceasing Top":7,"Ring of the Snake":0},{"Potion Belt":0,"Ice Cream":4,"Torii":0,"Oddly Smooth Stone":13,"Bottled Tornado":7,"Smiling Mask":16,"ClockworkSouvenir":10,"Calling Bell":0,"Sozu":17,"Shuriken":13,"Prayer Wheel":20,"Coffee Dripper":9,"Toxic Egg 2":0,"Unceasing Top":3,"Ring of the Snake":0},{"Potion Belt":0,"Ice Cream":15,"Torii":0,"Oddly Smooth Stone":60,"Bottled Tornado":25,"Smiling Mask":75,"ClockworkSouvenir":46,"Calling Bell":0,"Sozu":81,"Shuriken":60,"Prayer Wheel":94,"Coffee Dripper":42,"Toxic Egg 2":0,"Unceasing Top":12,"Ring of the Snake":0}],"Unceasing Top":[32]},"card_choices":[{"not_picked":["Skewer","Calculated Gamble+1"],"picked":"Cloak And Dagger+1","floor":1.0},{"not_picked":["Flying Knee","Bane"],"picked":"Blade Dance+1","floor":4.0},{"not_picked":["Quick Slash","Poisoned Stab"],"picked":"Tools of the Trade","floor":7.0},{"not_picked":["Choke","Skewer"],"picked":"Expertise+1","floor":8.0},{"not_picked":["Slice","Dodge and Roll+1"],"picked":"Blade Dance+1","floor":10.0},{"not_picked":["Dodge and Roll+1","Sucker Punch"],"picked":"Prepared+1","floor":12.0},{"not_picked":["Heel Hook","Blade Dance+1"],"picked":"Deflect+1","floor":13.0},{"not_picked":["Expertise+1","Deadly Poison+1"],"picked":"Malaise+1","floor":14.0},{"not_picked":["Venomology+1","Grand Finale"],"picked":"Malaise+1","floor":16.0},{"not_picked":["All Out Attack","Terror+1"],"picked":"Blur+1","floor":18.0},{"not_picked":["Slice","Bouncing Flask+1"],"picked":"Backflip+1","floor":20.0},{"not_picked":["Dagger Spray+1","PiercingWail+1"],"picked":"Acrobatics+1","floor":21.0},{"not_picked":["Sucker Punch","Dagger Throw"],"picked":"Doppelganger+1","floor":24.0},{"not_picked":["Dagger Spray","Poisoned Stab"],"picked":"Backflip+1","floor":27.0},{"not_picked":["PiercingWail+1","Terror+1"],"picked":"Infinite Blades","floor":29.0},{"not_picked":["Skewer","Choke"],"picked":"Cloak And Dagger+1","floor":31.0},{"not_picked":["Venomology+1","Glass Knife"],"picked":"Malaise+1","floor":33.0},{"not_picked":["Underhanded Strike+1","Well Laid Plans","Slice"],"picked":"SKIP","floor":35.0},{"not_picked":["Quick Slash","PiercingWail+1"],"picked":"Escape Plan+1","floor":37.0},{"not_picked":["Acrobatics+1","Blade Dance+1","Outmaneuver+1"],"picked":"SKIP","floor":38.0},{"not_picked":["Deadly Poison+1","Outmaneuver+1"],"picked":"Escape Plan+1","floor":42.0},{"not_picked":["Acrobatics+1","Deflect+1","Bouncing Flask+1"],"picked":"SKIP","floor":42.0},{"not_picked":["Poisoned Stab","Tactician+1"],"picked":"Concentrate+1","floor":44},{"not_picked":["Catalyst+1","Acrobatics+1","Outmaneuver+1"],"picked":"SKIP","floor":44},{"not_picked":["Outmaneuver+1","Dodge and Roll+1"],"picked":"Adrenaline+1","floor":46},{"not_picked":["Blade Dance+1","Bouncing Flask+1","Dodge and Roll+1"],"picked":"SKIP","floor":46},{"not_picked":["Quick Slash","Heel Hook"],"picked":"Escape Plan+1","floor":48},{"not_picked":["Poisoned Stab","Acrobatics+1","Blade Dance+1"],"picked":"SKIP","floor":48}],"player_experience":1107546,"relics_obtained":[{"floor":0.0,"key":"Potion Belt"},{"floor":0.0,"key":"Toxic Egg 2"},{"floor":0.0,"key":"Torii"},{"floor":7.0,"key":"Unceasing Top"},{"floor":9.0,"key":"Ice Cream"},{"floor":13.0,"key":"Bottled Tornado"},{"floor":24.0,"key":"Oddly Smooth Stone"},{"floor":26.0,"key":"Shuriken"},{"floor":31.0,"key":"Smiling Mask"}],"event_choices":[{"cards_removed":["Strike_G"],"damage_healed":0.0,"max_hp_gain":0.0,"max_hp_loss":0.0,"gold_gain":0.0,"event_name":"Living Wall","player_choice":"Forget","floor":3.0,"gold_loss":0.0,"damage_taken":0.0},{"damage_healed":0.0,"max_hp_gain":0.0,"max_hp_loss":0.0,"gold_gain":0.0,"event_name":"Match and Keep!","player_choice":"2 cards matched","floor":5.0,"gold_loss":0.0,"damage_taken":0.0,"cards_obtained":["Neutralize","Die Die Die"]},{"damage_healed":0.0,"max_hp_gain":0.0,"max_hp_loss":0.0,"gold_gain":50.0,"event_name":"Nest","player_choice":"Stole From Cult","floor":28.0,"gold_loss":0.0,"damage_taken":0.0},{"damage_healed":0.0,"max_hp_gain":0.0,"max_hp_loss":0.0,"gold_gain":0.0,"event_name":"The Woman in Blue","player_choice":"Bought 0 Potions","floor":36.0,"gold_loss":0.0,"damage_taken":0.0},{"damage_healed":0.0,"max_hp_gain":0.0,"max_hp_loss":0.0,"gold_gain":0.0,"event_name":"WeMeetAgain","player_choice":"Gave Potion","floor":39.0,"gold_loss":0.0,"damage_taken":0.0,"relics_obtained":["Prayer Wheel"]}],"is_beta":false,"boss_relics":[{"not_picked":["Pandora\u0027s Box","Cursed Key"],"picked":"Coffee Dripper"},{"not_picked":["Tiny House","SacredBark"],"picked":"Sozu"}],"items_purged_floors":[41],"is_endless":false,"potions_floor_spawned":[7,8,13,16,20,24,31,33,35,46,48],"killed_by":"Donu and Deca","ascension_level":20}}