{"host":"gkm149kh1ihaqy0o","time":1612973648,"event":{"mods":["AchievementEnabler","BaseMod","Colored Powertips","Googly Eyes","Key Reminder","Minty Spire (QoL Compilation)","Permanent Neow","Quick Restart","Random Character Button","Rare Cards Sparkle","Relic Sorter","Relic Stats","SuperFastMode","Unceasing Turn Reminder","everything is the same but u backflip on backflip"],"gold_per_floor":[119,136,154,134,134,134,168,168,168,168,193,208,226,252,252,324,324,324,324,324,324,9,9,9,9,9,9,9,9,9,9,9,9,9],"floor_reached":33,"language":"ENG","playtime":1634,"items_purged":["Strike_R+1"],"score":705,"play_id":"328fea3a-8b10-460a-b5eb-0a58fc627c01","local_time":"20210210101408","is_ascension_mode":true,"campfire_choices":[{"data":"Pommel Strike","floor":6,"key":"SMITH"},{"floor":8,"key":"REST"},{"floor":10,"key":"REST"},{"data":"Double Tap","floor":15,"key":"SMITH"},{"floor":25,"key":"REST"},{"floor":28,"key":"REST"},{"data":"Offering","floor":32,"key":"SMITH"}],"circlet_count":0,"master_deck":["AscendersBane","Strike_R+1","Strike_R+1","Strike_R+1","Strike_R+1","Defend_R+1","Defend_R+1","Defend_R+1","Defend_R+1","Bash+1","Shrug It Off","Thunderclap+1","Pommel Strike+1","Evolve","Inflame","Dropkick","Double Tap+1","Offering+1","Wild Strike+1","Iron Wave","Shockwave","Dropkick+1","Dropkick","Ghostly","Ghostly","Ghostly","Rage","Heavy Blade","Whirlwind+1"],"relics":["Burning Blood","Omamori","Red Skull","Whetstone","InkBottle","Dream Catcher","Ectoplasm","StoneCalendar","Blood Vial","Anchor","PreservedInsect","Juzu Bracelet","Shovel","Mummified Hand","Calipers"],"acts_visited":["Exordium","TheCity"],"potions_floor_usage":[5,7,11,13,14,33],"damage_taken":[{"damage":21,"enemies":"Jaw Worm","floor":1,"turns":5},{"damage":4,"enemies":"Cultist","floor":2,"turns":4},{"damage":4,"enemies":"Small Slimes","floor":3,"turns":4},{"damage":0,"enemies":"Exordium Wildlife","floor":5,"turns":1},{"damage":46,"enemies":"Lagavulin","floor":7,"turns":9},{"damage":24,"enemies":"3 Sentries","floor":11,"turns":10},{"damage":1,"enemies":"2 Fungi Beasts","floor":12,"turns":4},{"damage":3,"enemies":"Large Slime","floor":13,"turns":7},{"damage":17,"enemies":"Lagavulin","floor":14,"turns":7},{"damage":38,"enemies":"Hexaghost","floor":16,"turns":8},{"damage":26,"enemies":"Shell Parasite","floor":18,"turns":3},{"damage":6,"enemies":"Spheric Guardian","floor":19,"turns":3},{"damage":13,"enemies":"Gremlin Leader","floor":23,"turns":4},{"damage":6,"enemies":"Book of Stabbing","floor":29,"turns":3},{"damage":6,"enemies":"Colosseum Slavers","floor":30,"turns":2},{"damage":10,"enemies":"Colosseum Nobs","floor":30,"turns":4},{"damage":0,"enemies":"Gremlin Leader","floor":31,"turns":4},{"damage":54,"enemies":"Automaton","floor":33,"turns":6}],"seed_played":"7883992453335168737","potions_obtained":[{"floor":2,"key":"SkillPotion"},{"floor":4,"key":"SmokeBomb"},{"floor":7,"key":"SpeedPotion"},{"floor":11,"key":"SkillPotion"},{"floor":13,"key":"Weak Potion"},{"floor":31,"key":"Energy Potion"}],"is_trial":false,"path_per_floor":["M","M","M","?","M","R","E","R","T","R","E","M","M","E","R","B",null,"M","M","T","?","$","E","$","R","T","?","R","E","?","E","R","B"],"character_chosen":"IRONCLAD","items_purchased":["Shockwave","Blood Vial"],"campfire_rested":4,"item_purchase_floors":[22,22],"current_hp_per_floor":[53,55,57,57,63,63,23,45,45,67,49,54,57,46,46,14,60,40,40,40,40,40,35,35,57,57,37,37,37,33,37,37,0,0],"gold":9,"neow_bonus":"RANDOM_COMMON_RELIC","is_daily":false,"chose_seed":false,"campfire_upgraded":3,"win_rate":0.0,"timestamp":1612973648,"path_taken":["M","M","M","?","M","R","E","R","T","R","E","?","M","E","R","BOSS","M","?","?","?","$","E","?","R","T","?","R","E","?","E","R","BOSS"],"items_purchased_type":["Card","Relic"],"build_version":"2020-12-22","purchased_purges":1,"victory":false,"max_hp_per_floor":[75,75,75,75,75,75,75,75,75,75,75,75,75,75,75,75,75,75,75,75,75,75,75,75,75,75,37,37,37,37,37,37,37,37],"relic_stats":{"counters":[18,88],"StoneCalendar":[0],"PreservedInsect":132,"Juzu Bracelet":0,"Whetstone":["Thunderclap","Bash"],"Burning Blood":98,"Blood Vial":4,"Dream Catcher":2,"Shovel":0,"Mummified Hand":[5],"Ectoplasm":246,"obtain_stats":[{"Calipers":31,"StoneCalendar":20,"PreservedInsect":26,"Omamori":0,"Juzu Bracelet":29,"Whetstone":9,"Burning Blood":0,"Blood Vial":22,"Dream Catcher":14,"Anchor":23,"Shovel":30,"Mummified Hand":30,"Ectoplasm":17,"Red Skull":7,"InkBottle":11},{"Calipers":17,"StoneCalendar":12,"PreservedInsect":13,"Omamori":0,"Juzu Bracelet":14,"Whetstone":5,"Burning Blood":0,"Blood Vial":12,"Dream Catcher":9,"Anchor":13,"Shovel":16,"Mummified Hand":16,"Ectoplasm":10,"Red Skull":5,"InkBottle":6},{"Calipers":82,"StoneCalendar":65,"PreservedInsect":69,"Omamori":0,"Juzu Bracelet":72,"Whetstone":23,"Burning Blood":0,"Blood Vial":65,"Dream Catcher":51,"Anchor":69,"Shovel":78,"Mummified Hand":78,"Ectoplasm":59,"Red Skull":23,"InkBottle":33}],"InkBottle":[21]},"card_choices":[{"not_picked":["True Grit","Armaments"],"picked":"Shrug It Off","floor":1},{"not_picked":["Combust","Armaments"],"picked":"Thunderclap","floor":2},{"not_picked":["Shrug It Off","Cleave"],"picked":"Pommel Strike","floor":3},{"not_picked":["Clash","Blood for Blood"],"picked":"Evolve","floor":7},{"not_picked":["Evolve","Warcry"],"picked":"Inflame","floor":11},{"not_picked":["Twin Strike","Thunderclap"],"picked":"Dropkick","floor":12},{"not_picked":["Warcry","Headbutt","Rupture"],"picked":"SKIP","floor":13},{"not_picked":["Havoc","Seeing Red"],"picked":"Double Tap","floor":14},{"not_picked":["Berserk","Exhume"],"picked":"Offering","floor":16},{"not_picked":["Sword Boomerang","Warcry"],"picked":"Wild Strike+1","floor":18},{"not_picked":["Blood for Blood","Bloodletting"],"picked":"Iron Wave","floor":19},{"not_picked":["Sentinel","Uppercut"],"picked":"Dropkick+1","floor":23},{"not_picked":["Havoc","Barricade"],"picked":"Dropkick","floor":25},{"not_picked":["Iron Wave","True Grit+1"],"picked":"Rage","floor":28},{"not_picked":["Rupture","Clothesline"],"picked":"Heavy Blade","floor":29},{"not_picked":["Cleave","Exhume"],"picked":"Whirlwind+1","floor":31}],"player_experience":655019,"relics_obtained":[{"floor":7,"key":"Red Skull"},{"floor":9,"key":"Whetstone"},{"floor":11,"key":"InkBottle"},{"floor":14,"key":"Dream Catcher"},{"floor":20,"key":"StoneCalendar"},{"floor":23,"key":"Anchor"},{"floor":26,"key":"PreservedInsect"},{"floor":29,"key":"Juzu Bracelet"},{"floor":30,"key":"Shovel"},{"floor":30,"key":"Mummified Hand"},{"floor":31,"key":"Calipers"}],"event_choices":[{"damage_healed":0,"gold_gain":0,"player_choice":"Bought 1 Potion","damage_taken":0,"max_hp_gain":0,"max_hp_loss":0,"event_name":"The Woman in Blue","floor":4,"gold_loss":0},{"damage_healed":0,"gold_gain":0,"player_choice":"Simplicity","damage_taken":0,"max_hp_gain":0,"max_hp_loss":0,"event_name":"Back to Basics","floor":21,"gold_loss":0,"cards_upgraded":["Strike_R","Strike_R","Strike_R","Strike_R","Strike_R","Defend_R","Defend_R","Defend_R","Defend_R"]},{"damage_healed":0,"gold_gain":0,"player_choice":"Became a Ghost","damage_taken":0,"max_hp_gain":0,"max_hp_loss":38,"event_name":"Ghosts","floor":27,"gold_loss":0,"cards_obtained":["Ghostly","Ghostly","Ghostly"]},{"damage_healed":0,"gold_gain":0,"player_choice":"Fight","damage_taken":0,"max_hp_gain":0,"max_hp_loss":0,"event_name":"Colosseum","floor":30,"gold_loss":0},{"damage_healed":0,"gold_gain":0,"player_choice":"Fought Nobs","damage_taken":0,"max_hp_gain":0,"max_hp_loss":0,"event_name":"Colosseum","floor":30,"gold_loss":0}],"is_beta":false,"boss_relics":[{"not_picked":["Fusion Hammer","Astrolabe"],"picked":"Ectoplasm"}],"items_purged_floors":[22],"is_endless":false,"potions_floor_spawned":[2,7,11,13,30,31],"killed_by":"Automaton","ascension_level":18}}