{"host":"qeogwbudlaqzb6hy","time":1612951307,"event":{"mods":["BaseMod","Minty Spire (QoL Compilation)","Reliquary","StSLib","The Bug Knight"],"gold_per_floor":[118,133,153,172,182,182,214,231,257,257,222,222,236,11,11,136,136,61,61,61,9,9,9,9,9,9,9,9,9,9,9,9,9,9],"floor_reached":33,"language":"ENG","playtime":8945,"items_purged":["HollowMod:NailStrikeStart"],"score":269,"play_id":"9568b5a8-5128-4ef7-9a41-530f4fcc6a77","local_time":"20210210200147","is_ascension_mode":false,"campfire_choices":[{"data":"HollowMod:ChannelNail","floor":6,"key":"SMITH"},{"data":"HollowMod:HuntersJournal","floor":12,"key":"SMITH"},{"data":"HollowMod:DashSlash","floor":15,"key":"SMITH"},{"data":"HollowMod:SlysStrikes","floor":24,"key":"SMITH"},{"data":"HollowMod:CornifersMapStart","floor":28,"key":"SMITH"},{"floor":32,"key":"REST"}],"circlet_count":0,"master_deck":["HollowMod:NailStrikeStart","HollowMod:NailStrikeStart","HollowMod:QuickDashStart","HollowMod:QuickDashStart","HollowMod:QuickDashStart","HollowMod:FocusHealStart","HollowMod:PogoStrike","Flash of Steel","HollowMod:CrystalDash","HollowMod:DashSlash","HollowMod:ChannelNail+1","HollowMod:VengefulSpirit","HollowMod:HuntersJournal+1","HollowMod:FastStrike","HollowMod:NewLittleFool","HollowMod:DashSlash+1","HollowMod:SlysStrikes+1","HollowMod:GrimmsGift+1","HollowMod:SoulSplash","HollowMod:CornifersMapStart+1","Writhe","HollowMod:SoulVessel","HollowMod:CycloneSlash","HollowMod:Grubsong","HollowMod:SoulStrike+1"],"relics":["HollowMod:VesselMask","reliquary:TatteredRug","Toy Ornithopter","Golden Idol","Sling","Ectoplasm","CultistMask","reliquary:Stiletto","reliquary:FerryPass","Anchor"],"acts_visited":["Exordium","TheCity"],"potions_floor_usage":[27,27,30,31],"damage_taken":[{"damage":1,"enemies":"Jaw Worm","floor":1,"turns":4},{"damage":0,"enemies":"2 Louse","floor":2,"turns":3},{"damage":0,"enemies":"Cultist","floor":3,"turns":3},{"damage":15,"enemies":"Large Slime","floor":4,"turns":7},{"damage":0,"enemies":"Blue Slaver","floor":5,"turns":5},{"damage":21,"enemies":"3 Sentries","floor":7,"turns":6},{"damage":3,"enemies":"Looter","floor":8,"turns":4},{"damage":0,"enemies":"2 Fungi Beasts","floor":13,"turns":2},{"damage":40,"enemies":"HollowMod:FalseKnight","floor":16,"turns":13},{"damage":8,"enemies":"2 Thieves","floor":18,"turns":5},{"damage":3,"enemies":"Shell Parasite","floor":23,"turns":5},{"damage":12,"enemies":"3 Cultists","floor":27,"turns":5},{"damage":18,"enemies":"Chosen and Byrds","floor":29,"turns":6},{"damage":35,"enemies":"Book of Stabbing","floor":30,"turns":5},{"damage":10,"enemies":"Snecko","floor":31,"turns":5},{"damage":48,"enemies":"Automaton","floor":33,"turns":6}],"seed_played":"-5934040640232616963","potions_obtained":[{"floor":1,"key":"Dexterity Potion"},{"floor":3,"key":"FearPotion"},{"floor":8,"key":"Swift Potion"},{"floor":29,"key":"SkillPotion"},{"floor":30,"key":"AttackPotion"}],"is_trial":false,"path_per_floor":["M","M","M","M","M","R","E","M","T","?","?","R","M","$","R","B",null,"M","?","?","$","?","M","R","?","T","M","R","M","E","M","R","B"],"character_chosen":"THE_BUGKNIGHT","items_purchased":["Sling","HollowMod:SoulSplash"],"campfire_rested":1,"item_purchase_floors":[14,21],"current_hp_per_floor":[74,74,74,69,75,75,60,57,57,57,69,69,69,69,69,41,69,61,61,61,61,61,68,68,68,68,57,57,39,15,10,30,0,0],"gold":9,"neow_bonus":"RANDOM_COLORLESS","is_daily":false,"chose_seed":false,"campfire_upgraded":5,"win_rate":0.0,"timestamp":1612951307,"path_taken":["M","M","M","M","M","R","E","M","T","?","?","R","M","$","R","BOSS","M","?","?","?","?","?","R","?","T","M","R","M","E","M","R","BOSS"],"items_purchased_type":["Relic","Card"],"build_version":"2020-12-22","purchased_purges":1,"victory":false,"max_hp_per_floor":[75,75,75,75,75,75,75,75,75,69,69,69,69,69,69,69,69,69,69,69,69,69,69,69,69,69,69,69,69,69,69,69,69,69],"card_choices":[{"not_picked":["Panacea","Swift Strike"],"picked":"Flash of Steel","floor":0},{"not_picked":["HollowMod:LifebloodCocoon","HollowMod:BlackTendrils"],"picked":"HollowMod:CrystalDash","floor":1},{"not_picked":["HollowMod:InfectedCysts","HollowMod:ShadowDash"],"picked":"HollowMod:DashSlash","floor":2},{"not_picked":["HollowMod:InfectedCysts","HollowMod:VengefulVoid"],"picked":"HollowMod:ChannelNail","floor":3},{"not_picked":["HollowMod:DreamGate","HollowMod:InfectionAssault"],"picked":"HollowMod:VengefulSpirit","floor":4},{"not_picked":["HollowMod:SiblingsSouls","HollowMod:ChannelNail"],"picked":"HollowMod:HuntersJournal","floor":5},{"not_picked":["HollowMod:PerfectDash","HollowMod:ShapeofUnn"],"picked":"HollowMod:FastStrike","floor":7},{"not_picked":["HollowMod:Grubsong","HollowMod:VengefulVoid"],"picked":"HollowMod:NewLittleFool","floor":8},{"not_picked":["HollowMod:GoodIntentions","HollowMod:MidwifesHunger"],"picked":"HollowMod:DashSlash","floor":13},{"not_picked":["HollowMod:MidwifesHunger","HollowMod:SoulMaster"],"picked":"HollowMod:SlysStrikes","floor":16},{"not_picked":["HollowMod:Grubsong","HollowMod:CloakDash+1"],"picked":"HollowMod:GrimmsGift+1","floor":18},{"not_picked":["HollowMod:ShadowDash","HollowMod:SharpenedNail"],"picked":"HollowMod:CornifersMapStart","floor":23},{"not_picked":["HollowMod:TaintedHusks+1","HollowMod:InfectedAttack"],"picked":"HollowMod:SoulVessel","floor":27},{"not_picked":["HollowMod:ShadowDash","HollowMod:SharpenedNail"],"picked":"HollowMod:CycloneSlash","floor":29},{"not_picked":["HollowMod:GrimmsGift","HollowMod:InfectedCysts"],"picked":"HollowMod:Grubsong","floor":30},{"not_picked":["HollowMod:NewLittleFool+1","HollowMod:LifebloodCocoon+1"],"picked":"HollowMod:SoulStrike+1","floor":31}],"player_experience":306400,"relics_obtained":[{"floor":7,"key":"reliquary:TatteredRug"},{"floor":9,"key":"Toy Ornithopter"},{"floor":26,"key":"reliquary:FerryPass"},{"floor":30,"key":"Anchor"}],"event_choices":[{"damage_healed":0,"gold_gain":0,"player_choice":"Lose Max HP","damage_taken":0,"relics_obtained":["Golden Idol"],"max_hp_gain":0,"max_hp_loss":6,"event_name":"Golden Idol","floor":10,"gold_loss":0},{"damage_healed":17,"gold_gain":0,"player_choice":"Healed","damage_taken":0,"max_hp_gain":0,"max_hp_loss":0,"event_name":"The Cleric","floor":11,"gold_loss":35},{"cards_removed":["HollowMod:QuickDashStart"],"damage_healed":0,"gold_gain":0,"player_choice":"Elegance","damage_taken":0,"max_hp_gain":0,"max_hp_loss":0,"event_name":"Back to Basics","floor":20,"gold_loss":0},{"damage_healed":0,"gold_gain":0,"player_choice":"Trade","damage_taken":0,"relics_obtained":["CultistMask"],"max_hp_gain":0,"max_hp_loss":0,"event_name":"FaceTrader","floor":22,"gold_loss":0},{"damage_healed":0,"gold_gain":0,"player_choice":"Opened","damage_taken":0,"relics_obtained":["reliquary:Stiletto"],"max_hp_gain":0,"max_hp_loss":0,"event_name":"The Mausoleum","floor":25,"gold_loss":0,"cards_obtained":["Writhe"]}],"is_beta":false,"boss_relics":[{"not_picked":["reliquary:WritOfMandamus","Astrolabe"],"picked":"Ectoplasm"}],"items_purged_floors":[14],"is_endless":false,"potions_floor_spawned":[1,3,8,13,18,29,30],"killed_by":"Automaton","ascension_level":0}}