{"host":"f3chan41r3z23lol","time":1612943646,"event":{"mods":["BaseMod","Hermit","Minty Spire (QoL Compilation)","StSLib","The Poker Player"],"gold_per_floor":[112,130,130,80,255,255,30,30,76,89,89,89,89,100,100,195,245,258,271,186,86,86,86,97,131,131,131,131,131,150,165,165,262,262,281,281,241,341,42,42,54,54,54,65,65,77,87,101,101,101,101,101],"floor_reached":50,"language":"KOR","playtime":1671,"items_purged":["Doubt","PokerPlayerMod:Diamond2"],"score":473,"play_id":"054cb513-5952-4780-8e6a-a2ab11d47577","local_time":"20210210165406","is_ascension_mode":true,"metric_token":350,"campfire_choices":[{"data":"PokerPlayerMod:Diamond1","floor":6.0,"key":"SMITH"},{"data":"PokerPlayerMod:Club1","floor":8.0,"key":"SMITH"},{"data":"PokerPlayerMod:Club2","floor":13.0,"key":"SMITH"},{"data":"PokerPlayerMod:Spade2","floor":15.0,"key":"SMITH"},{"data":"PokerPlayerMod:Club3","floor":23.0,"key":"SMITH"},{"data":"PokerPlayerMod:Diamond2","floor":27.0,"key":"SMITH"},{"data":"PokerPlayerMod:Promotion","floor":32,"key":"SMITH"},{"data":"PokerPlayerMod:Club3","floor":40,"key":"SMITH"},{"data":"PokerPlayerMod:Spade3","floor":45,"key":"SMITH"},{"data":"PokerPlayerMod:Diamond3","floor":49,"key":"SMITH"}],"circlet_count":0,"master_deck":["PokerPlayerMod:Diamond3","PokerPlayerMod:Diamond4","PokerPlayerMod:Diamond4","PokerPlayerMod:Diamond5","PokerPlayerMod:Spade3","PokerPlayerMod:Spade4","PokerPlayerMod:Spade5","PokerPlayerMod:Club4","PokerPlayerMod:Heart4","PokerPlayerMod:TrumpStrike","PokerPlayerMod:BadJoker","PokerPlayerMod:Mulligan","PokerPlayerMod:Club5","PokerPlayerMod:Club4","PokerPlayerMod:Club4","PokerPlayerMod:Club6","PokerPlayerMod:Promotion+1","PokerPlayerMod:Raise","PokerPlayerMod:Spade7","PokerPlayerMod:Heart4","PokerPlayerMod:Trickery+1"],"relics":["PokerPlayerMod:DeckCase","PokerPlayerMod:FairLicense","Juzu Bracelet","Tiny House","Bronze Scales","MealTicket","Sundial","PokerPlayerMod:AceCard","Toy Ornithopter","Regal Pillow","Letter Opener"],"acts_visited":["Exordium","TheCity","TheBeyond"],"potions_floor_usage":[50],"damage_taken":[{"damage":11.0,"enemies":"Jaw Worm","floor":1.0,"turns":2.0},{"damage":0.0,"enemies":"2 Louse","floor":2.0,"turns":2.0},{"damage":0.0,"enemies":"Small Slimes","floor":10.0,"turns":2.0},{"damage":0.0,"enemies":"3 Louse","floor":14.0,"turns":1.0},{"damage":26.0,"enemies":"The Guardian","floor":16.0,"turns":7.0},{"damage":10.0,"enemies":"Spheric Guardian","floor":18.0,"turns":3.0},{"damage":3.0,"enemies":"Chosen","floor":19.0,"turns":4.0},{"damage":20.0,"enemies":"Centurion and Healer","floor":24.0,"turns":4.0},{"damage":29.0,"enemies":"Slavers","floor":25.0,"turns":3.0},{"damage":0,"enemies":"Chosen and Byrds","floor":30,"turns":4},{"damage":0,"enemies":"3 Cultists","floor":31,"turns":3},{"damage":47,"enemies":"Automaton","floor":33,"turns":8},{"damage":0,"enemies":"3 Shapes","floor":35,"turns":2},{"damage":2,"enemies":"Orb Walker","floor":41,"turns":3},{"damage":16,"enemies":"Sphere and 2 Shapes","floor":44,"turns":3},{"damage":2,"enemies":"Maw","floor":46,"turns":6},{"damage":21,"enemies":"Transient","floor":47,"turns":5},{"damage":11,"enemies":"Sphere and 2 Shapes","floor":48,"turns":3},{"damage":59,"enemies":"Time Eater","floor":50,"turns":10}],"seed_played":"416371773961100290","potions_obtained":[{"floor":0.0,"key":"GamblersBrew"},{"floor":0.0,"key":"Weak Potion"},{"floor":0.0,"key":"Ancient Potion"},{"floor":19.0,"key":"FairyPotion"},{"floor":30,"key":"SpeedPotion"}],"is_trial":false,"path_per_floor":["M","M","?","?","?","R","$","R","T","M","?","?","R","M","R","B",null,"M","M","?","$","?","R","M","E","T","R","?","?","M","M","R","B",null,"M","?","?","?","$","R","M","?","T","M","R","M","M","M","R","B"],"character_chosen":"THE_POKER_PLAYER","items_purchased":["PokerPlayerMod:FairLicense","Toy Ornithopter","Regal Pillow"],"campfire_rested":0,"item_purchase_floors":[7,39,39],"current_hp_per_floor":[41,45,50,50,50,50,50,50,50,52,52,52,52,52,52,35,62,52,55,55,55,44,44,27,26,26,26,26,26,34,42,42,5,67,67,67,67,67,67,67,65,64,64,48,48,61,40,29,29,0,0,0],"gold":101,"neow_bonus":"THREE_SMALL_POTIONS","is_daily":false,"chose_seed":false,"campfire_upgraded":10,"win_rate":0.0,"timestamp":1612943646,"path_taken":["M","M","?","?","?","R","$","R","T","M","?","?","R","M","R","BOSS","M","M","?","$","?","R","M","E","T","R","?","?","M","M","R","BOSS","M","?","?","?","$","R","M","?","T","M","R","M","M","M","R","BOSS"],"items_purchased_type":["Relic","Relic","Relic"],"build_version":"2020-12-22","purchased_purges":2,"victory":false,"max_hp_per_floor":[52,52,57,57,57,57,57,57,57,57,57,57,57,57,57,57,62,62,62,62,62,67,67,67,67,67,67,67,67,67,67,67,67,67,67,67,67,67,67,67,67,64,64,64,64,64,64,64,64,64,64,64],"card_choices":[{"not_picked":["PokerPlayerMod:Fold","PokerPlayerMod:Diamond1","PokerPlayerMod:DiamondStrike"],"picked":"SKIP","floor":1.0},{"not_picked":["PokerPlayerMod:Spade1","PokerPlayerMod:Spade4","PokerPlayerMod:Manipulation"],"picked":"SKIP","floor":2.0},{"not_picked":["PokerPlayerMod:Spade1","PokerPlayerMod:Club2"],"picked":"PokerPlayerMod:Club5","floor":10.0},{"not_picked":["PokerPlayerMod:Diamond8","PokerPlayerMod:Trickery"],"picked":"PokerPlayerMod:Club3","floor":14.0},{"not_picked":["PokerPlayerMod:Club7","PokerPlayerMod:Duplicate"],"picked":"PokerPlayerMod:RoyalStrike","floor":16.0},{"not_picked":["PokerPlayerMod:Harden","PokerPlayerMod:DiamondStrike"],"picked":"PokerPlayerMod:Club4","floor":17.0},{"not_picked":["PokerPlayerMod:Diamond2","PokerPlayerMod:DartThrow","PokerPlayerMod:SpadeStrike+1"],"picked":"SKIP","floor":18.0},{"not_picked":["PokerPlayerMod:Club3","PokerPlayerMod:Heart1","PokerPlayerMod:Spade3"],"picked":"SKIP","floor":19.0},{"not_picked":["PokerPlayerMod:Configure","PokerPlayerMod:Club4","PokerPlayerMod:Diamond2"],"picked":"SKIP","floor":24.0},{"not_picked":["PokerPlayerMod:Club4","PokerPlayerMod:DiamondStrike"],"picked":"PokerPlayerMod:Club6","floor":25.0},{"not_picked":["PokerPlayerMod:Diamond1","PokerPlayerMod:Spade5","PokerPlayerMod:DartThrow"],"picked":"SKIP","floor":30},{"not_picked":["PokerPlayerMod:MagicTrick","PokerPlayerMod:HotShotCut","PokerPlayerMod:FlyingCard"],"picked":"SKIP","floor":31},{"not_picked":["PokerPlayerMod:Diamond7","PokerPlayerMod:RoyalStrike"],"picked":"PokerPlayerMod:Spade7","floor":33},{"not_picked":["PokerPlayerMod:DartThrow+1","PokerPlayerMod:Spade1"],"picked":"PokerPlayerMod:Heart4","floor":35},{"not_picked":["PokerPlayerMod:DamnStraight","PokerPlayerMod:Club1","PokerPlayerMod:Overdeal+1"],"picked":"SKIP","floor":41},{"not_picked":["PokerPlayerMod:Configure","PokerPlayerMod:HiddenCard+1"],"picked":"PokerPlayerMod:Trickery+1","floor":44},{"not_picked":["PokerPlayerMod:Duplicate","PokerPlayerMod:Diamond1","PokerPlayerMod:Diamond5"],"picked":"SKIP","floor":46},{"not_picked":["PokerPlayerMod:Heart2","PokerPlayerMod:ClubShade","PokerPlayerMod:PoorCopy"],"picked":"SKIP","floor":47},{"not_picked":["PokerPlayerMod:DiamondStrike","PokerPlayerMod:Heart2","PokerPlayerMod:ClubShade+1"],"picked":"SKIP","floor":48}],"player_experience":247890,"relics_obtained":[{"floor":9.0,"key":"Juzu Bracelet"},{"floor":25.0,"key":"MealTicket"},{"floor":26.0,"key":"Sundial"},{"floor":43,"key":"Letter Opener"}],"event_choices":[{"damage_healed":0.0,"max_hp_gain":5.0,"max_hp_loss":0.0,"gold_gain":0.0,"event_name":"Big Fish","player_choice":"Donut","floor":3.0,"gold_loss":0.0,"damage_taken":0.0},{"cards_removed":["PokerPlayerMod:Spade1"],"damage_healed":0.0,"max_hp_gain":0.0,"max_hp_loss":0.0,"gold_gain":0.0,"event_name":"The Cleric","player_choice":"Card Removal","floor":4.0,"gold_loss":50.0,"damage_taken":0.0},{"damage_healed":0.0,"max_hp_gain":0.0,"max_hp_loss":0.0,"gold_gain":175.0,"event_name":"Liars Game","player_choice":"AGREE","floor":5.0,"gold_loss":0.0,"damage_taken":0.0,"cards_obtained":["Doubt"]},{"cards_removed":["PokerPlayerMod:Club2"],"damage_healed":0.0,"max_hp_gain":0.0,"max_hp_loss":0.0,"gold_gain":0.0,"event_name":"Wheel of Change","player_choice":"Card Removal","floor":11.0,"gold_loss":0.0,"damage_taken":0.0},{"damage_healed":0.0,"max_hp_gain":0.0,"max_hp_loss":0.0,"gold_gain":0.0,"event_name":"Living Wall","player_choice":"Grow","floor":12.0,"gold_loss":0.0,"damage_taken":0.0,"cards_upgraded":["PokerPlayerMod:Heart3"]},{"damage_healed":0.0,"max_hp_gain":0.0,"max_hp_loss":0.0,"gold_gain":0.0,"event_name":"Addict","player_choice":"Obtained Relic","floor":20.0,"gold_loss":85.0,"damage_taken":0.0,"relics_obtained":["Bronze Scales"]},{"damage_healed":0.0,"max_hp_gain":5.0,"max_hp_loss":0.0,"gold_gain":0.0,"event_name":"Forgotten Altar","player_choice":"Shed Blood","floor":22.0,"gold_loss":0.0,"damage_taken":16.0},{"damage_healed":0,"gold_gain":0,"player_choice":"2 cards matched","damage_taken":0,"max_hp_gain":0,"max_hp_loss":0,"event_name":"Match and Keep!","floor":28,"gold_loss":0,"cards_obtained":["PokerPlayerMod:Promotion","PokerPlayerMod:Raise"]},{"cards_removed":["PokerPlayerMod:RoyalStrike"],"damage_healed":0,"gold_gain":0,"player_choice":"Elegance","damage_taken":0,"max_hp_gain":0,"max_hp_loss":0,"event_name":"PokerPlayerMod:BackToBasicsPoker","floor":29,"gold_loss":0},{"damage_healed":0,"gold_gain":0,"player_choice":"Ignored","damage_taken":0,"max_hp_gain":0,"max_hp_loss":0,"event_name":"Tomb of Lord Red Mask","floor":36,"gold_loss":0},{"damage_healed":0,"gold_gain":0,"player_choice":"Upgrade","damage_taken":0,"max_hp_gain":0,"max_hp_loss":0,"event_name":"Designer","floor":37,"gold_loss":40,"cards_upgraded":["PokerPlayerMod:Heart3"]},{"damage_healed":0,"gold_gain":100,"player_choice":"Pray","damage_taken":0,"max_hp_gain":0,"max_hp_loss":0,"event_name":"Golden Shrine","floor":38,"gold_loss":0},{"damage_healed":0,"gold_gain":0,"player_choice":"Max HP","damage_taken":0,"max_hp_gain":0,"max_hp_loss":3,"event_name":"Winding Halls","floor":42,"gold_loss":0}],"is_beta":false,"boss_relics":[{"not_picked":["Cursed Key","Ectoplasm"],"picked":"Tiny House"},{"not_picked":["Fusion Hammer","Astrolabe"],"picked":"PokerPlayerMod:AceCard"}],"items_purged_floors":[7,21],"is_endless":false,"potions_floor_spawned":[1,2,18,19,30,46,47],"killed_by":"Time Eater","ascension_level":1}}