{"host":"8d3fefv2347kqkpz","time":1612919557,"event":{"mods":["AchievementEnabler","Act Like it!","BaseMod","Better Vampires","Colored Map","Colored Powertips","Downfall","GifTheSpireLib","Highlight Path","Minty Spire (QoL Compilation)","Quick Restart","Rare Cards Sparkle","Relic Stats","Replay The Spire","Spicy Shops","StSLib","Waifu the Spire"],"gold_per_floor":[99,110,110,128,140,140,140,315,225,345,355,355,347,347,374,374,374,374],"floor_reached":16,"language":"ZHS","playtime":605,"items_purged":["Doubt"],"score":90,"play_id":"b7a5ccb2-ed1e-48f0-aad4-3252f8e71177","local_time":"20210210091237","is_ascension_mode":false,"campfire_choices":[{"data":"hexamod:VolcanoVisage","floor":1,"key":"SMITH"},{"data":"hexamod:ExtraCrispy","floor":6,"key":"SMITH"},{"floor":12,"key":"REST"}],"circlet_count":0,"master_deck":["hexamod:Strike","hexamod:Strike","hexamod:Strike","hexamod:Strike","hexamod:Defend","hexamod:Defend","hexamod:Defend","hexamod:Defend","hexamod:Sear","hexamod:Float","hexamod:VolcanoVisage+1","hexamod:Rewind","hexamod:ExtraCrispy+1","hexamod:FifthSeal","hexamod:ThirdSeal","hexamod:FirstSeal","hexamod:SecondSeal","hexamod:FourthSeal","hexamod:SixthSeal"],"relics":["hexamod:SpiritBrand","Matryoshka","InkBottle","Bottled Tornado"],"acts_visited":["Exordium"],"potions_floor_usage":[15],"damage_taken":[{"damage":3,"enemies":"Jaw Worm","floor":2,"turns":4},{"damage":5,"enemies":"Small Slimes","floor":4,"turns":5},{"damage":0,"enemies":"2 Louse","floor":5,"turns":3},{"damage":0,"enemies":"downfall:FleeingMerchant","floor":9,"turns":4},{"damage":1,"enemies":"Large Slime","floor":11,"turns":7},{"damage":24,"enemies":"3 Louse","floor":15,"turns":5},{"damage":39,"enemies":"IC_STATUS_ARCHETYPE","floor":16,"turns":4}],"seed_played":"4844847589179817201","potions_obtained":[{"floor":5,"key":"LiquidBronze"},{"floor":10,"key":"Explosive Potion"},{"floor":15,"key":"Ancient Potion"}],"is_trial":false,"path_per_floor":["R_BF","M","?","M","M","R","T","?","$","?","M","R","?","T","M","B"],"character_chosen":"THE_SPIRIT","items_purchased":[],"campfire_rested":1,"item_purchase_floors":[],"current_hp_per_floor":[63,60,60,55,55,55,55,55,55,40,39,57,50,50,33,0,0,0],"gold":374,"neow_bonus":"THREE_RARE_CARDS","is_daily":false,"chose_seed":false,"campfire_upgraded":2,"win_rate":0.0,"timestamp":1612919557,"path_taken":["R_BF","M","?","M","M","R","T","?","$","?","M","R","?","?","M","BOSS"],"items_purchased_type":[],"build_version":"2020-12-22","purchased_purges":1,"victory":false,"max_hp_per_floor":[63,63,63,63,63,63,63,63,63,63,63,63,63,63,63,63,63,63],"relic_stats":{"counters":[7,32],"obtain_stats":[{"Matryoshka":7,"Bottled Tornado":14,"hexamod:SpiritBrand":0,"InkBottle":10},{"Matryoshka":3,"Bottled Tornado":5,"hexamod:SpiritBrand":0,"InkBottle":4},{"Matryoshka":12,"Bottled Tornado":23,"hexamod:SpiritBrand":0,"InkBottle":16}],"InkBottle":[4]},"card_choices":[{"not_picked":["hexamod:TurnItUp","hexamod:SearingWound"],"picked":"hexamod:VolcanoVisage","floor":0},{"not_picked":["hexamod:BacktrackSmack","hexamod:ThermalTransfer","hexamod:Firestarter"],"picked":"SKIP","floor":2},{"not_picked":["hexamod:ThermalTransfer","hexamod:InspiringFlames"],"picked":"hexamod:Rewind","floor":4},{"not_picked":["hexamod:StepThrough","hexamod:FourthSeal"],"picked":"hexamod:ExtraCrispy","floor":5},{"not_picked":["hexamod:ThermalTransfer","hexamod:FirstSeal"],"picked":"hexamod:FifthSeal","floor":9},{"not_picked":["hexamod:FirstSeal","hexamod:SecondSeal"],"picked":"hexamod:ThirdSeal","floor":11},{"not_picked":["hexamod:ThermalTransfer","hexamod:InspiringFlames","hexamod:FastForward"],"picked":"SKIP","floor":11},{"not_picked":["hexamod:FirstSeal","hexamod:FourthSeal"],"picked":"hexamod:SixthSeal","floor":15},{"not_picked":["hexamod:ShieldOfDarkness","hexamod:HauntingEcho","hexamod:SpectralAdrenaline"],"picked":"SKIP","floor":15},{"not_picked":["hexamod:ShieldOfDarkness","hexamod:HauntingEcho","hexamod:SpectralAdrenaline"],"picked":"SKIP","floor":15}],"player_experience":335156,"relics_obtained":[{"floor":7,"key":"Matryoshka"},{"floor":10,"key":"InkBottle"},{"floor":14,"key":"Bottled Tornado"}],"event_choices":[],"is_beta":false,"boss_relics":[],"items_purged_floors":[9],"is_endless":false,"potions_floor_spawned":[5,15],"killed_by":"IC_STATUS_ARCHETYPE","ascension_level":0}}