{"host":"g907ck67u7c3hrs6","time":1612940874,"event":{"mods":["BaseMod","Colored Map","DeckTracker","Highlight Path","Keyboard Shortcuts","Minty Spire (QoL Compilation)","Permanent Neow","Say the Spire","SuperFastMode"],"gold_per_floor":[114,127,127,143,143,143,186,186,186],"floor_reached":8,"language":"KOR","playtime":196,"items_purged":[],"score":56,"play_id":"c6afef54-a833-4b07-a5a7-27fd8171b4f9","local_time":"20210210160754","daily_mods":["Heirloom","Flight"],"is_ascension_mode":false,"campfire_choices":[{"data":"Corruption","floor":6,"key":"SMITH"}],"circlet_count":0,"master_deck":["Strike_R","Strike_R","Strike_R","Strike_R","Defend_R","Defend_R","Defend_R","Defend_R","Bash","Twin Strike","Second Wind","Corruption+1","Infernal Blade"],"relics":["Burning Blood","Mango","Golden Idol","CaptainsWheel"],"acts_visited":["Exordium"],"potions_floor_usage":[],"damage_taken":[{"damage":3,"enemies":"2 Louse","floor":1,"turns":5},{"damage":6,"enemies":"Jaw Worm","floor":2,"turns":3},{"damage":0,"enemies":"Small Slimes","floor":4,"turns":3},{"damage":48,"enemies":"3 Sentries","floor":7,"turns":10},{"damage":30,"enemies":"Lagavulin","floor":8,"turns":7}],"seed_played":"-5517045797858516949","potions_obtained":[{"floor":2,"key":"Swift Potion"}],"is_trial":true,"path_per_floor":["M","M","?","M","?","R","E","E"],"character_chosen":"IRONCLAD","items_purchased":[],"campfire_rested":0,"item_purchase_floors":[],"current_hp_per_floor":[94,94,71,77,70,70,28,0,0],"gold":186,"neow_bonus":"","is_daily":false,"chose_seed":false,"campfire_upgraded":1,"win_rate":0.0,"timestamp":1612940874,"path_taken":["M","M","?","M","?","R","E","E"],"items_purchased_type":[],"build_version":"2020-12-22","purchased_purges":0,"victory":false,"max_hp_per_floor":[94,94,94,94,94,94,94,94,94],"card_choices":[{"not_picked":["Armaments","Havoc"],"picked":"Twin Strike","floor":1},{"not_picked":["Battle Trance","Cleave"],"picked":"Second Wind","floor":2},{"not_picked":["Body Slam","Anger"],"picked":"Corruption","floor":4},{"not_picked":["Havoc","Dropkick"],"picked":"Infernal Blade","floor":7}],"player_experience":277093,"relics_obtained":[{"floor":7,"key":"CaptainsWheel"}],"event_choices":[{"damage_healed":0,"gold_gain":0,"player_choice":"Take Damage","damage_taken":23,"relics_obtained":["Golden Idol"],"max_hp_gain":0,"max_hp_loss":0,"event_name":"Golden Idol","floor":3,"gold_loss":0},{"cards_removed":["Strike_R"],"damage_healed":0,"gold_gain":0,"player_choice":"Card Removal","damage_taken":7,"max_hp_gain":0,"max_hp_loss":0,"event_name":"Golden Wing","floor":5,"gold_loss":0}],"is_beta":false,"boss_relics":[],"items_purged_floors":[],"is_endless":false,"potions_floor_spawned":[2],"killed_by":"Lagavulin","ascension_level":0}}