{"host":"gaqyve1328ta0etl","time":1612949158,"event":{"mods":["BaseMod","Colored Map","Colored Powertips","Duelist Mod","Googly Eyes","Hero for Fun","Minty Spire (QoL Compilation)","Shop Mod","StSLib","SuperFastMode","The Hierophant","The Runesmith"],"gold_per_floor":[112,37,50,61,72,101,113,75,87,99,111,23,23,43,43,43,43],"floor_reached":16,"language":"ENG","playtime":279,"items_purged":["Strike_R","Strike_R"],"score":160,"play_id":"5fa69fae-f579-4958-9289-771de2160392","local_time":"20210210012558","is_ascension_mode":true,"campfire_choices":[{"floor":7,"key":"REST"},{"floor":15,"key":"REST"}],"circlet_count":0,"master_deck":["AscendersBane","Strike_R","Defend_R","Defend_R","Defend_R","Defend_R","Bash","Pommel Strike","Pommel Strike","Cleave","Reckless Charge","Dropkick","Shrug It Off"],"relics":["Burning Blood","NeowsBlessing","MawBank","Blood Vial","White Beast Statue"],"acts_visited":["Exordium"],"potions_floor_usage":[5,6],"damage_taken":[{"damage":0,"enemies":"Small Slimes","floor":1,"turns":1},{"damage":0,"enemies":"2 Louse","floor":3,"turns":1},{"damage":0,"enemies":"Jaw Worm","floor":4,"turns":1},{"damage":11,"enemies":"Looter","floor":5,"turns":2},{"damage":41,"enemies":"Lagavulin","floor":6,"turns":6},{"damage":13,"enemies":"Exordium Thugs","floor":14,"turns":3},{"damage":86,"enemies":"Slime Boss","floor":16,"turns":15}],"seed_played":"5703480907759479622","potions_obtained":[{"floor":4,"key":"SteroidPotion"},{"floor":5,"key":"SpeedPotion"},{"floor":14,"key":"GamblersBrew"}],"is_trial":false,"path_per_floor":["M","$","M","M","M","E","R","?","T","?","?","$","T","M","R","B"],"character_chosen":"IRONCLAD","items_purchased":[],"campfire_rested":2,"item_purchase_floors":[],"current_hp_per_floor":[78,78,80,80,75,40,64,64,64,69,62,62,62,57,82,0,0],"gold":43,"neow_bonus":"THREE_ENEMY_KILL","is_daily":false,"chose_seed":false,"campfire_upgraded":0,"win_rate":0.0,"timestamp":1612949158,"path_taken":["M","$","M","M","M","E","R","?","T","?","?","?","?","M","R","BOSS"],"items_purchased_type":[],"build_version":"2020-12-22","purchased_purges":2,"victory":false,"max_hp_per_floor":[80,80,80,80,80,80,80,80,80,85,85,85,85,85,85,85,85],"card_choices":[{"not_picked":["Warcry","Blood for Blood"],"picked":"Pommel Strike","floor":1},{"not_picked":["Entrench","Clash"],"picked":"Pommel Strike","floor":3},{"not_picked":["Clothesline","Seeing Red"],"picked":"Cleave","floor":4},{"not_picked":["Rupture","Sentinel"],"picked":"Reckless Charge","floor":5},{"not_picked":["Iron Wave","Metallicize"],"picked":"Dropkick","floor":6},{"not_picked":["Anger","Double Tap"],"picked":"Shrug It Off","floor":14}],"player_experience":2110588,"relics_obtained":[{"floor":6,"key":"MawBank"},{"floor":9,"key":"Blood Vial"},{"floor":13,"key":"White Beast Statue"}],"event_choices":[{"cards_removed":["Strike_R"],"damage_healed":0,"gold_gain":0,"player_choice":"Card Removal","damage_taken":0,"max_hp_gain":0,"max_hp_loss":0,"event_name":"The Cleric","floor":8,"gold_loss":50},{"damage_healed":0,"gold_gain":0,"player_choice":"Donut","damage_taken":0,"max_hp_gain":5,"max_hp_loss":0,"event_name":"Big Fish","floor":10,"gold_loss":0},{"cards_removed":["Strike_R"],"damage_healed":0,"gold_gain":0,"player_choice":"Card Removal","damage_taken":7,"max_hp_gain":0,"max_hp_loss":0,"event_name":"Golden Wing","floor":11,"gold_loss":0}],"is_beta":false,"boss_relics":[],"items_purged_floors":[2,12],"is_endless":false,"potions_floor_spawned":[4,5,14],"killed_by":"Slime Boss","ascension_level":12}}