{"host":"y6zg4wwu39otf01a","time":1612932709,"event":{"mods":["Act Like it!","Aspiration","BaseMod","Better Altar","Better Match","Better Note","Better Sensory Stone","Better Skull","Better Third Choice","Challenge The Spire","Colored Map","Colored Powertips","Conspire","GifTheSpireLib","Glutton Mod","Halation","Hermit","Highlight Path","Hubris","Infinite Spire","Mimic Mod","Minty Spire (QoL Compilation)","Quick Restart","Random Character Button","Rare Cards Sparkle","Replay The Spire","Retaliation","Spicy Shops","Spire Arcade","StSLib","Stuff the Spire","The Blue Laboratory","The Jungle"],"gold_per_floor":[117,128,54,54,54,54,85,85,120,150,150,181,181,200,200,297,297,314,229,265,265,300,300,315,10,10,10,37,37,37,64,64,161,161,173,173,173,173,29,29,29,62,97,108,49,62,92,0,0,0,0,0,0,30,30],"floor_reached":56,"language":"ENG","playtime":3669,"items_purged":[],"score":1116,"play_id":"7ee693bc-8a0e-4e8c-b043-2e9bf5e651f3","local_time":"20210209225149","is_ascension_mode":true,"campfire_choices":[{"data":"Zap","floor":8,"key":"SMITH"},{"floor":15,"key":"REST"},{"data":"ReplayTheSpireMod:Reroute Power","floor":23,"key":"SMITH"},{"data":"Thunder Strike","floor":30,"key":"SMITH"},{"floor":32,"key":"REST"},{"floor":40,"key":"RECALL"},{"floor":49,"key":"REST"},{"data":"Redo","floor":52,"key":"SMITH"}],"circlet_count":0,"master_deck":["Strike_B","Strike_B","Strike_B","Strike_B","Defend_B","Defend_B","Defend_B","Defend_B","Zap+1","Dualcast+1","ReplayGash","Steam","infinitespire:Gouge","Thunder Strike+1","ReplayTheSpireMod:Reroute Power+1","Gash","Gash","Go for the Eyes","All For One","StuffTheSpire:ShieldGenerator","StuffTheSpire:Plugnplay+1","StuffTheSpire:Ambrosia+1","Core Surge","Reprogram","Machine Learning","FTL","hubris:Fate","StuffTheSpire:BrainWave","BootSequence","Loop","Redo+1","Normality"],"relics":["Cracked Core","NeowsBlessing","infinitespire:ShieldingShard","aspiration:ChemicalBlood","aspiration:ArtOfWarUpgrade","Bronze Scales","infinitespire:BottledMercury","hubris:Backtick","aspiration:EnhancedActuators","StuffTheSpire:OldFever","infinitespire:CheckeredPen","Lizard Tail","Question Card","Nunchaku","hubris:SoftwareUpdate","SacredBark","halation:Convergence","Centennial Puzzle","Runic Capacitor","halation:SelfBoilingWater","Red Mask","Replay:Mystery Machine"],"acts_visited":["Exordium","TheCity","TheBeyond","TheEnding"],"potions_floor_usage":[9,12,16,18,20,28,28,28,33,33,42,42,43,47,50,50,50,54,55,55,55,55,55],"damage_taken":[{"damage":0,"enemies":"Cultist","floor":1,"turns":1},{"damage":0,"enemies":"2 Louse","floor":2,"turns":1},{"damage":0,"enemies":"3 Sentries","floor":7,"turns":1},{"damage":0,"enemies":"Jaw Worm","floor":9,"turns":4},{"damage":4,"enemies":"Gremlin Nob","floor":10,"turns":4},{"damage":26,"enemies":"Lagavulin","floor":12,"turns":6},{"damage":0,"enemies":"Jaw Worm","floor":14,"turns":1},{"damage":41,"enemies":"Fading Forest","floor":16,"turns":11},{"damage":8,"enemies":"2 Thieves","floor":18,"turns":3},{"damage":0,"enemies":"Shell Parasite","floor":20,"turns":4},{"damage":0,"enemies":"Shell Parasite","floor":22,"turns":3},{"damage":0,"enemies":"Shell Parasite","floor":24,"turns":2},{"damage":8,"enemies":"Book of Stabbing","floor":28,"turns":3},{"damage":8,"enemies":"Gremlin Leader","floor":31,"turns":4},{"damage":18,"enemies":"Champ","floor":33,"turns":6},{"damage":13,"enemies":"3 Shapes","floor":35,"turns":4},{"damage":0,"enemies":"Giant Head","floor":42,"turns":5},{"damage":0,"enemies":"3 Darklings","floor":43,"turns":4},{"damage":41,"enemies":"3 Darklings","floor":44,"turns":4},{"damage":0,"enemies":"Maw","floor":46,"turns":4},{"damage":0,"enemies":"R_Hoarder","floor":47,"turns":3},{"damage":32,"enemies":"Time Eater","floor":50,"turns":4},{"damage":15,"enemies":"Shield and Spear","floor":54,"turns":5},{"damage":129,"enemies":"The Heart","floor":55,"turns":7}],"seed_played":"-7784178081656922855","potions_obtained":[{"floor":2,"key":"blueLaboratory:PlasmaFuel"},{"floor":10,"key":"blueLaboratory:TrueEctoplasm"},{"floor":14,"key":"SteroidPotion"},{"floor":18,"key":"blueLaboratory:FrostheartPotion"},{"floor":24,"key":"FocusPotion"},{"floor":28,"key":"blueLaboratory:ConsumingVoid"},{"floor":31,"key":"Swift Potion"},{"floor":42,"key":"blueLaboratory:ImpenetrablePotion"},{"floor":44,"key":"blueLaboratory:BiasPotion"},{"floor":46,"key":"SpeedPotion"},{"floor":54,"key":"blueLaboratory:ForbiddenFruitJuice"}],"is_trial":false,"path_per_floor":["M","M","$","?","?","T","E","R","MIM","E","R","E","R","M","R","B",null,"M","?","MIM","?","MIM","R","M","$","T","?","E","?","R","E","R","B",null,"M","AVR","?","?","$","R","?","E","MIM","M","$","M","E","?","R","B",null,"R","$","E","B",null],"character_chosen":"DEFECT","items_purchased":["StuffTheSpire:HeavyRock","Lizard Tail","BootSequence","Loop","Runic Capacitor"],"campfire_rested":3,"item_purchase_floors":[3,25,39,39,45],"current_hp_per_floor":[75,75,75,75,57,57,57,57,57,53,53,27,27,27,49,18,75,67,67,67,67,67,67,67,67,67,51,44,44,44,38,61,45,80,69,69,69,69,69,69,69,71,73,34,34,36,38,38,63,33,86,86,86,73,13],"gold":30,"neow_bonus":"THREE_ENEMY_KILL","is_daily":false,"chose_seed":false,"campfire_upgraded":4,"win_rate":0.0,"timestamp":1612932709,"path_taken":["M","M","$","?","?","?","E","R","MIM","E","R","E","R","M","R","BOSS","M","?","?","?","?","R","M","?","T","?","E","?","R","E","R","BOSS","M","AVR","?","?","?","R","?","E","MIM","?","$","M","E","?","R","BOSS","R","$","E","BOSS"],"items_purchased_type":["Relic","Relic","Card","Card","Relic"],"build_version":"2020-12-22","purchased_purges":0,"victory":true,"max_hp_per_floor":[75,75,75,75,75,75,75,75,75,75,75,75,75,75,75,75,75,75,75,75,75,75,75,75,75,75,75,76,76,76,78,78,80,80,82,82,74,74,74,74,74,76,78,80,80,82,84,84,84,86,86,86,86,88,85],"card_choices":[{"not_picked":["Defragment","Go for the Eyes"],"picked":"ReplayGash","floor":1},{"not_picked":["StuffTheSpire:NuclearReactor","Go for the Eyes"],"picked":"Steam","floor":2},{"not_picked":["infinitespire:FinalStrike","infinitespire:Punishment"],"picked":"infinitespire:Gouge","floor":5},{"not_picked":["Leap","Self Repair"],"picked":"Thunder Strike","floor":7},{"not_picked":["Turbo","Self Repair"],"picked":"ReplayTheSpireMod:Reroute Power","floor":9},{"not_picked":["StuffTheSpire:Plugnplay","StuffTheSpire:LoadUp"],"picked":"Gash","floor":10},{"not_picked":["Barrage","Coolheaded"],"picked":"Gash","floor":12},{"not_picked":["Time Bomb","Coolheaded"],"picked":"Go for the Eyes","floor":14},{"not_picked":["Thunder Strike","Mirror Shield"],"picked":"All For One","floor":16},{"not_picked":["Hologram","White Noise"],"picked":"StuffTheSpire:ShieldGenerator","floor":18},{"not_picked":["BasicCrystalCard","Sweeping Beam+1"],"picked":"StuffTheSpire:Plugnplay+1","floor":20},{"not_picked":["Glacier+1","BasicCrystalCard+1","Rebound"],"picked":"SKIP","floor":24},{"not_picked":["Beam Cell","StuffTheSpire:SnapShoot","Compile Driver"],"picked":"Core Surge","floor":28},{"not_picked":["Streamline","Hologram","Barrage"],"picked":"Reprogram","floor":31},{"not_picked":["Reboot","Amplify","Hyperbeam"],"picked":"Machine Learning","floor":33},{"not_picked":["Ball Lightning","Leap","conspire:SharedLibrary"],"picked":"FTL","floor":35},{"not_picked":["StuffTheSpire:CleanHardDrive+1","Rebound+1","Chaos+1","Cold Snap"],"picked":"SKIP","floor":42},{"not_picked":["Gash","Go for the Eyes","Leap+1"],"picked":"Redo","floor":43},{"not_picked":["Steam+1","Redo+1","Cold Snap","Loop+1"],"picked":"SKIP","floor":44},{"not_picked":["Recycle+1","Compile Driver+1","StuffTheSpire:Plugnplay","Tempest"],"picked":"SKIP","floor":46},{"not_picked":["Auto Shields+1","aspiration:Polymerization+1","Leap+1","Streamline"],"picked":"SKIP","floor":47},{"not_picked":["Go for the Eyes+1","StuffTheSpire:LoadUp","Compile Driver","StuffTheSpire:NuclearReactor"],"picked":"SKIP","floor":54}],"player_experience":782446,"relics_obtained":[{"floor":6,"key":"infinitespire:ShieldingShard"},{"floor":7,"key":"aspiration:ChemicalBlood"},{"floor":9,"key":"Art of War"},{"floor":10,"key":"Bronze Scales"},{"floor":12,"key":"infinitespire:BottledMercury"},{"floor":22,"key":"infinitespire:CheckeredPen"},{"floor":26,"key":"Question Card"},{"floor":28,"key":"Nunchaku"},{"floor":31,"key":"hubris:SoftwareUpdate"},{"floor":42,"key":"Centennial Puzzle"},{"floor":47,"key":"halation:SelfBoilingWater"},{"floor":54,"key":"Replay:Mystery Machine"}],"event_choices":[{"damage_healed":0,"gold_gain":0,"player_choice":"Obtained Relic","damage_taken":0,"relics_obtained":["StuffTheSpire:OldFever"],"max_hp_gain":0,"max_hp_loss":0,"event_name":"Addict","floor":19,"gold_loss":85},{"damage_healed":0,"gold_gain":0,"player_choice":"Adaptability","damage_taken":0,"max_hp_gain":0,"max_hp_loss":0,"event_name":"betterThird:BetterWriting","floor":21,"gold_loss":0},{"damage_healed":0,"gold_gain":0,"player_choice":"Upgraded","damage_taken":0,"max_hp_gain":0,"max_hp_loss":0,"event_name":"Upgrade Shrine","floor":41,"gold_loss":0,"cards_upgraded":["Dualcast"]},{"damage_healed":0,"gold_gain":0,"player_choice":"Paid","damage_taken":0,"relics_obtained":["Red Mask"],"max_hp_gain":0,"max_hp_loss":0,"event_name":"Tomb of Lord Red Mask","floor":48,"gold_loss":92}],"is_beta":false,"boss_relics":[{"not_picked":["hubris:Stopwatch","hubris:TerracottaHorce"],"picked":"hubris:Backtick"},{"not_picked":["Abe\u0027s Treasure","Philosopher\u0027s Stone"],"picked":"SacredBark"}],"items_purged_floors":[],"is_endless":false,"potions_floor_spawned":[2,10,14,24,28,31,42,44,46,54],"ascension_level":1}}