{"host":"6azrrw3tf7wb0f4b","time":1612959492,"event":{"mods":["BaseMod","DeckTracker","Minty Spire (QoL Compilation)","SuperFastMode"],"gold_per_floor":[109,120,130,130,156,156,168,168,168,188,204,220,220,236,236,236,236],"floor_reached":16,"language":"KOR","playtime":221,"items_purged":[],"score":173,"play_id":"93d3e12a-e059-4c59-9541-2598df21098f","local_time":"20210210211812","is_ascension_mode":true,"campfire_choices":[{"data":"Defragment","floor":6,"key":"SMITH"},{"data":"Rainbow","floor":8,"key":"SMITH"},{"floor":13,"key":"REST"},{"data":"Darkness","floor":15,"key":"SMITH"}],"circlet_count":0,"master_deck":["AscendersBane","Strike_B","Strike_B","Strike_B","Defend_B","Defend_B","Defend_B","Defend_B","Zap","Dualcast","Rainbow+1","Defragment+1","Genetic Algorithm","Melter","Cold Snap","Darkness+1","Coolheaded","Hello World","Reinforced Body"],"relics":["Cracked Core","Vajra","Emotion Chip"],"acts_visited":["Exordium"],"potions_floor_usage":[11],"damage_taken":[{"damage":0,"enemies":"Cultist","floor":1,"turns":4},{"damage":7,"enemies":"Jaw Worm","floor":2,"turns":3},{"damage":10,"enemies":"2 Louse","floor":3,"turns":3},{"damage":11,"enemies":"Red Slaver","floor":7,"turns":4},{"damage":6,"enemies":"2 Fungi Beasts","floor":10,"turns":3},{"damage":9,"enemies":"3 Louse","floor":11,"turns":2},{"damage":6,"enemies":"Blue Slaver","floor":12,"turns":3},{"damage":7,"enemies":"2 Fungi Beasts","floor":14,"turns":5},{"damage":22,"enemies":"The Guardian","floor":16,"turns":2}],"seed_played":"-3632130309172778188","potions_obtained":[{"floor":1,"key":"FearPotion"},{"floor":3,"key":"Strength Potion"},{"floor":10,"key":"PowerPotion"},{"floor":12,"key":"LiquidMemories"}],"is_trial":false,"path_per_floor":["M","M","M","?","T","R","M","R","T","M","M","M","R","M","R","B"],"character_chosen":"DEFECT","items_purchased":[],"campfire_rested":1,"item_purchase_floors":[],"current_hp_per_floor":[64,57,47,40,40,40,29,29,29,23,14,8,27,20,20,0,0],"gold":236,"neow_bonus":"THREE_RARE_CARDS","is_daily":false,"chose_seed":false,"campfire_upgraded":3,"win_rate":0.0,"timestamp":1612959492,"path_taken":["M","M","?","?","?","R","M","R","T","M","M","?","R","M","R","BOSS"],"items_purchased_type":[],"build_version":"2020-12-22","purchased_purges":0,"victory":false,"max_hp_per_floor":[64,64,64,64,64,64,64,64,64,64,64,64,64,64,64,64,64],"card_choices":[{"not_picked":["Biased Cognition","Creative AI"],"picked":"Rainbow","floor":0},{"not_picked":["Sweeping Beam","Redo"],"picked":"Defragment","floor":1},{"not_picked":["Leap","Turbo"],"picked":"Genetic Algorithm","floor":2},{"not_picked":["Gash","Streamline"],"picked":"Melter","floor":3},{"not_picked":["Static Discharge","Ball Lightning"],"picked":"Cold Snap","floor":7},{"not_picked":["Streamline","All For One"],"picked":"Darkness","floor":10},{"not_picked":["Gash","Leap"],"picked":"Coolheaded","floor":11},{"not_picked":["Recycle","Blizzard"],"picked":"Hello World","floor":12},{"not_picked":["Steam Power","Stack"],"picked":"Reinforced Body","floor":14}],"player_experience":768819,"relics_obtained":[{"floor":5,"key":"Vajra"},{"floor":9,"key":"Emotion Chip"}],"event_choices":[{"cards_removed":["Strike_B"],"damage_healed":0,"gold_gain":0,"player_choice":"Card Removal","damage_taken":7,"max_hp_gain":0,"max_hp_loss":0,"event_name":"Golden Wing","floor":4,"gold_loss":0}],"is_beta":false,"boss_relics":[],"items_purged_floors":[],"is_endless":false,"potions_floor_spawned":[1,3,10,12],"killed_by":"The Guardian","ascension_level":16}}