{"host":"yfdtuf6ojcxn06xg","time":1612942705,"event":{"mods":["2.2 Compatiblity","AchievementEnabler","BaseMod","Colored Map","Colored Powertips","Curses Come First","Hermit","JesterMod","Jorbs\u0027s Wanderer Trilogy","Minty Spire (QoL Compilation)","Quick Restart","Rare Cards Sparkle","Relic Stats","Replay The Spire","StSLib","The Cursed","The Disciple","The Hierophant","The Jungle","The Marked","The Necromancer","The Servant 0.9.4"],"gold_per_floor":[116,66,66,241,257,297,297,297,343,366,366,401,426,426,426],"floor_reached":14,"language":"ENG","playtime":277,"items_purged":[],"score":135,"play_id":"60047c9f-3384-46fe-8a28-c8c49284f9b3","local_time":"20210210023825","is_ascension_mode":true,"campfire_choices":[{"data":"Zap","floor":8,"key":"SMITH"},{"data":"ReplayTheSpireMod:Calculation Training","floor":11,"key":"SMITH"}],"circlet_count":0,"master_deck":["Strike_B","Strike_B","Strike_B","Defend_B","Defend_B","Defend_B","Defend_B","Zap+1","Dualcast","Go for the Eyes","Doubt","ReplayTheSpireMod:Calculation Training+1"],"relics":["Cracked Core","NeowsBlessing","Golden Idol","BranchBurnRelic","Omamori","Replay:Wax Seal"],"acts_visited":["Exordium"],"potions_floor_usage":[14],"damage_taken":[{"damage":0,"enemies":"2 Louse","floor":1,"turns":1},{"damage":0,"enemies":"Jaw Worm","floor":5,"turns":1},{"damage":0,"enemies":"3 Sentries","floor":6,"turns":1},{"damage":0,"enemies":"Small Slimes","floor":10,"turns":3},{"damage":25,"enemies":"Lagavulin","floor":12,"turns":7},{"damage":4,"enemies":"Red Slaver","floor":13,"turns":3},{"damage":47,"enemies":"Gremlin Nob","floor":14,"turns":4}],"seed_played":"-6217593017051316903","potions_obtained":[{"floor":6,"key":"Ancient Potion"},{"floor":10,"key":"FearPotion"}],"is_trial":false,"path_per_floor":["M","?","?","?","M","E","?","R","T","M","R","E","M","E"],"character_chosen":"DEFECT","items_purchased":[],"campfire_rested":0,"item_purchase_floors":[],"current_hp_per_floor":[75,75,69,69,69,69,69,69,69,69,69,47,43,0,0],"gold":426,"neow_bonus":"THREE_ENEMY_KILL","is_daily":false,"chose_seed":false,"campfire_upgraded":2,"win_rate":0.0,"timestamp":1612942705,"path_taken":["M","?","?","?","?","E","?","R","T","M","R","E","M","E"],"items_purchased_type":[],"build_version":"2020-12-22","purchased_purges":0,"victory":false,"max_hp_per_floor":[75,75,69,69,69,69,69,69,69,69,69,69,69,69,69],"relic_stats":{"counters":[7,20],"Golden Idol":28,"obtain_stats":[{"BranchBurnRelic":8,"NeowsBlessing":0,"Golden Idol":3,"Dead Branch":6,"Omamori":9,"Replay:Wax Seal":12,"Cracked Core":0},{"BranchBurnRelic":3,"NeowsBlessing":0,"Golden Idol":1,"Dead Branch":3,"Omamori":3,"Replay:Wax Seal":5,"Cracked Core":0},{"BranchBurnRelic":3,"NeowsBlessing":0,"Golden Idol":1,"Dead Branch":3,"Omamori":3,"Replay:Wax Seal":13,"Cracked Core":0}]},"card_choices":[{"not_picked":["Conserve Battery","Blizzard"],"picked":"Go for the Eyes","floor":1},{"not_picked":["Undo","White Noise"],"picked":"ReplayTheSpireMod:Calculation Training","floor":5},{"not_picked":["Conserve Battery","Time Bomb","Hologram"],"picked":"SKIP","floor":6},{"not_picked":["Turbo","BasicCrystalCard","ReplayTheSpireMod:Repulse"],"picked":"SKIP","floor":10},{"not_picked":["Fusion","Undo","Darkness"],"picked":"SKIP","floor":12},{"not_picked":["BasicCrystalCard","Time Bomb","Glacier"],"picked":"SKIP","floor":13}],"player_experience":255249,"relics_obtained":[{"floor":6,"key":"Dead Branch"},{"floor":9,"key":"Omamori"},{"floor":12,"key":"Replay:Wax Seal"}],"event_choices":[{"cards_removed":["Strike_B"],"damage_healed":0,"gold_gain":0,"player_choice":"Card Removal","damage_taken":0,"max_hp_gain":0,"max_hp_loss":0,"event_name":"The Cleric","floor":2,"gold_loss":50},{"damage_healed":0,"gold_gain":0,"player_choice":"Lose Max HP","damage_taken":0,"relics_obtained":["Golden Idol"],"max_hp_gain":0,"max_hp_loss":6,"event_name":"Golden Idol","floor":3,"gold_loss":0},{"damage_healed":0,"gold_gain":175,"player_choice":"AGREE","damage_taken":0,"max_hp_gain":0,"max_hp_loss":0,"event_name":"Liars Game","floor":4,"gold_loss":0,"cards_obtained":["Doubt"]},{"damage_healed":0,"gold_gain":0,"player_choice":"Bought 0 Potions","damage_taken":0,"max_hp_gain":0,"max_hp_loss":0,"event_name":"The Woman in Blue","floor":7,"gold_loss":0}],"is_beta":false,"boss_relics":[],"items_purged_floors":[],"is_endless":false,"potions_floor_spawned":[6,10],"killed_by":"Gremlin Nob","ascension_level":2}}