{"host":"wbn3xdfsa5pc2kse","time":1612977288,"event":{"mods":["AchievementEnabler","BaseMod","Bestiary","Colored Map","Colored Powertips","Curses Come First","Highlight Path","Minty Spire (QoL Compilation)","Permanent Neow","Rare Cards Sparkle","Relic Stats","StSLib"],"gold_per_floor":[111,111,129,148,73,73,98,98,124,154,172,172,42,96,96,173,173,184,34,50,62,75,75,75,75],"floor_reached":24,"language":"ZHT","playtime":873,"items_purged":["Strike_G","Strike_G"],"score":371,"play_id":"6202c2c9-488a-462c-982d-47f11d5652f7","local_time":"20210211011448","is_ascension_mode":true,"campfire_choices":[{"data":"Calculated Gamble","floor":6.0,"key":"SMITH"},{"data":"Underhanded Strike","floor":8.0,"key":"SMITH"},{"data":"Eviscerate","floor":12.0,"key":"SMITH"},{"data":"Neutralize","floor":15.0,"key":"SMITH"},{"floor":23,"key":"REST"}],"circlet_count":0,"master_deck":["AscendersBane","Strike_G","Defend_G","Defend_G","Defend_G","Defend_G","Defend_G","Survivor","Neutralize+1","Infinite Blades","Calculated Gamble+1","Underhanded Strike","Underhanded Strike+1","Eviscerate+1","Acrobatics","Prepared","Venomology","Reflex","PiercingWail","Well Laid Plans","Blur"],"relics":["Ring of the Snake","Mango","Pen Nib","Anchor","StoneCalendar","HoveringKite"],"acts_visited":["Exordium","TheCity"],"potions_floor_usage":[16,20,21,22,24],"damage_taken":[{"damage":2.0,"enemies":"Cultist","floor":1.0,"turns":4.0},{"damage":0.0,"enemies":"2 Louse","floor":3.0,"turns":3.0},{"damage":0.0,"enemies":"Jaw Worm","floor":4.0,"turns":6.0},{"damage":31.0,"enemies":"Lagavulin","floor":7.0,"turns":10.0},{"damage":12.0,"enemies":"Gremlin Nob","floor":10.0,"turns":4.0},{"damage":1.0,"enemies":"3 Louse","floor":11.0,"turns":5.0},{"damage":5,"enemies":"The Guardian","floor":16,"turns":10},{"damage":46,"enemies":"Spheric Guardian","floor":18,"turns":6},{"damage":0,"enemies":"2 Thieves","floor":20,"turns":3},{"damage":0,"enemies":"Snecko","floor":21,"turns":3},{"damage":7,"enemies":"Chosen and Byrds","floor":22,"turns":5},{"damage":21,"enemies":"Sentry and Sphere","floor":24,"turns":5}],"seed_played":"8712474315307748127","potions_obtained":[{"floor":1.0,"key":"Swift Potion"},{"floor":4.0,"key":"Energy Potion"},{"floor":10.0,"key":"DuplicationPotion"},{"floor":18,"key":"EssenceOfSteel"}],"is_trial":false,"path_per_floor":["M","?","M","M","?","R","E","R","T","E","M","R","$","?","R","B",null,"M","$","M","M","M","R","M"],"character_chosen":"THE_SILENT","items_purchased":["Prepared","PiercingWail"],"campfire_rested":1,"item_purchase_floors":[13,19],"current_hp_per_floor":[56,56,56,56,56,56,25,25,25,13,12,12,12,12,12,7,62,16,16,16,16,9,33,12,12],"gold":75,"neow_bonus":"ONE_RARE_RELIC","is_daily":false,"chose_seed":false,"campfire_upgraded":4,"win_rate":0.0,"timestamp":1612977288,"path_taken":["M","?","M","?","?","R","E","R","T","E","M","R","$","?","R","BOSS","M","$","M","M","M","R","M"],"items_purchased_type":["Card","Card"],"build_version":"2020-12-22","purchased_purges":2,"victory":false,"max_hp_per_floor":[80,80,80,80,80,80,80,80,80,80,80,80,80,80,80,80,80,80,80,80,80,80,80,80,80],"relic_stats":{"counters":[12,64],"HoveringKite":[18],"StoneCalendar":[52],"Pen Nib":[7],"obtain_stats":[{"Anchor":9,"HoveringKite":17,"Mango":0,"StoneCalendar":10,"Pen Nib":7,"Ring of the Snake":0},{"Anchor":4,"HoveringKite":7,"Mango":0,"StoneCalendar":5,"Pen Nib":4,"Ring of the Snake":0},{"Anchor":23,"HoveringKite":42,"Mango":0,"StoneCalendar":27,"Pen Nib":23,"Ring of the Snake":0}],"Ring of the Snake":[24]},"card_choices":[{"not_picked":["Acrobatics","Reflex"],"picked":"Infinite Blades","floor":1.0},{"not_picked":["Flying Knee","Dodge and Roll"],"picked":"Calculated Gamble","floor":3.0},{"not_picked":["Sucker Punch","PiercingWail"],"picked":"Underhanded Strike","floor":4.0},{"not_picked":["Phantasmal Killer","Acrobatics"],"picked":"Underhanded Strike","floor":7.0},{"not_picked":["Catalyst","Poisoned Stab"],"picked":"Eviscerate","floor":10.0},{"not_picked":["Choke","Backstab"],"picked":"Acrobatics","floor":11.0},{"not_picked":["Bullet Time","Glass Knife"],"picked":"Venomology","floor":16},{"not_picked":["Dagger Spray+1","Slice"],"picked":"Reflex","floor":18},{"not_picked":["Dagger Spray","Deflect"],"picked":"Well Laid Plans","floor":20},{"not_picked":["Blade Dance+1","Dodge and Roll","Deflect"],"picked":"SKIP","floor":21},{"not_picked":["Underhanded Strike","Dodge and Roll"],"picked":"Blur","floor":22}],"player_experience":806747,"relics_obtained":[{"floor":7.0,"key":"Pen Nib"},{"floor":9.0,"key":"Anchor"},{"floor":10.0,"key":"StoneCalendar"}],"event_choices":[{"cards_removed":["Strike_G"],"damage_healed":0.0,"max_hp_gain":0.0,"max_hp_loss":0.0,"gold_gain":0.0,"event_name":"Purifier","player_choice":"Purged","floor":2.0,"gold_loss":0.0,"damage_taken":0.0},{"cards_removed":["Strike_G"],"damage_healed":0.0,"max_hp_gain":0.0,"max_hp_loss":0.0,"gold_gain":0.0,"event_name":"The Cleric","player_choice":"Card Removal","floor":5.0,"gold_loss":75.0,"damage_taken":0.0},{"damage_healed":0.0,"max_hp_gain":0.0,"max_hp_loss":0.0,"gold_gain":54.0,"event_name":"Golden Wing","player_choice":"Gained Gold","floor":14.0,"gold_loss":0.0,"damage_taken":0.0}],"is_beta":false,"boss_relics":[{"not_picked":["SacredBark","Ectoplasm"],"picked":"HoveringKite"}],"items_purged_floors":[13,19],"is_endless":false,"potions_floor_spawned":[1,4,10,18,21],"killed_by":"Sentry and Sphere","ascension_level":16}}