{"host":"tq99ucv8ezzqzioe","time":1612929974,"event":{"mods":["BaseMod","Colored Map","Downfall","Highlight Path","Minty Spire (QoL Compilation)","StSLib"],"gold_per_floor":[112,41,60,26,38,64,64,74,74,90,125,136,136,136,136,237,237,252,252,252,12,18,18,18,18],"floor_reached":24,"language":"ENG","playtime":1319,"items_purged":[],"score":288,"play_id":"dccf0325-5a21-4b40-9880-c60697d0684c","local_time":"20210209230614","is_ascension_mode":true,"campfire_choices":[{"floor":7,"key":"REST"},{"data":"Zap","floor":15,"key":"SMITH"},{"floor":23,"key":"RECALL"}],"circlet_count":0,"master_deck":["Strike_B","Strike_B","Strike_B","Defend_B","Defend_B","Defend_B","Defend_B","Zap+1","Dualcast","Conserve Battery","Loop","Cold Snap","Capacitor","Scrape","Fission","Conserve Battery","Sweeping Beam","Hello World","Leap","Creative AI","Aggregate+1","Leap"],"relics":["Cracked Core","NeowsBlessing","sneckomod:BlankCard","Pantograph","Bottled Tornado","SacredBark","Bottled Lightning"],"acts_visited":["Exordium","TheCity"],"potions_floor_usage":[11,11,24,24],"damage_taken":[{"damage":0,"enemies":"Cultist","floor":1,"turns":1},{"damage":0,"enemies":"2 Louse","floor":3,"turns":1},{"damage":0,"enemies":"Small Slimes","floor":5,"turns":1},{"damage":51,"enemies":"Lagavulin","floor":6,"turns":8},{"damage":2,"enemies":"Exordium Thugs","floor":8,"turns":5},{"damage":12,"enemies":"Blue Slaver","floor":10,"turns":4},{"damage":9,"enemies":"3 Sentries","floor":11,"turns":6},{"damage":0,"enemies":"Looter","floor":12,"turns":3},{"damage":42,"enemies":"Slime Boss","floor":16,"turns":10},{"damage":31,"enemies":"Spheric Guardian","floor":18,"turns":8},{"damage":33,"enemies":"2 Thieves","floor":22,"turns":5},{"damage":74,"enemies":"Slavers","floor":24,"turns":4}],"seed_played":"-7967490190084125362","potions_obtained":[{"floor":1,"key":"FairyPotion"},{"floor":8,"key":"Strength Potion"},{"floor":10,"key":"Strength Potion"},{"floor":12,"key":"PotionOfCapacity"},{"floor":16,"key":"LiquidBronze"},{"floor":22,"key":"Regen Potion"}],"is_trial":false,"path_per_floor":["M","$","M","$","M","E","R","M","T","M","E","M","?","?","R","B",null,"M","?","?","$","M","R","E"],"character_chosen":"DEFECT","items_purchased":["Loop","Capacitor","Bottled Lightning"],"campfire_rested":1,"item_purchase_floors":[2,4,21],"current_hp_per_floor":[68,68,68,68,68,17,39,37,37,25,16,16,21,14,14,24,66,35,61,61,61,28,28,0,0],"gold":18,"neow_bonus":"THREE_ENEMY_KILL","is_daily":false,"chose_seed":false,"campfire_upgraded":1,"win_rate":0.0,"timestamp":1612929974,"path_taken":["M","$","?","?","M","E","R","M","T","M","E","M","?","?","R","BOSS","M","?","?","$","M","R","E"],"items_purchased_type":["Card","Card","Relic"],"build_version":"2020-12-22","purchased_purges":0,"victory":false,"max_hp_per_floor":[75,75,75,75,75,75,75,75,75,75,75,75,80,80,80,80,80,80,80,80,80,80,80,80,80],"card_choices":[{"not_picked":["Self Repair","Streamline"],"picked":"Conserve Battery","floor":1},{"not_picked":["Gash","Stack"],"picked":"Cold Snap","floor":3},{"not_picked":["Hologram","Redo"],"picked":"Scrape","floor":5},{"not_picked":["Conserve Battery","Sweeping Beam"],"picked":"Fission","floor":6},{"not_picked":["Rebound","Compile Driver"],"picked":"Conserve Battery","floor":8},{"not_picked":["Steam","Turbo"],"picked":"Sweeping Beam","floor":10},{"not_picked":["Capacitor","Recycle"],"picked":"Hello World","floor":11},{"not_picked":["Compile Driver","Coolheaded"],"picked":"Leap","floor":12},{"not_picked":["Thunder Strike","Buffer"],"picked":"Creative AI","floor":16},{"not_picked":["Steam","Rebound"],"picked":"Aggregate+1","floor":18},{"not_picked":["Doom and Gloom","BootSequence"],"picked":"Leap","floor":22}],"player_experience":956896,"relics_obtained":[{"floor":6,"key":"sneckomod:BlankCard"},{"floor":9,"key":"Pantograph"},{"floor":11,"key":"Bottled Tornado"}],"event_choices":[{"damage_healed":0,"gold_gain":0,"player_choice":"Donut","damage_taken":0,"max_hp_gain":5,"max_hp_loss":0,"event_name":"Big Fish","floor":13,"gold_loss":0},{"cards_removed":["Strike_B"],"damage_healed":0,"gold_gain":0,"player_choice":"Card Removal","damage_taken":7,"max_hp_gain":0,"max_hp_loss":0,"event_name":"Golden Wing","floor":14,"gold_loss":0},{"damage_healed":26,"gold_gain":0,"player_choice":"Heal","damage_taken":0,"max_hp_gain":0,"max_hp_loss":0,"event_name":"The Library","floor":19,"gold_loss":0},{"damage_healed":0,"gold_gain":0,"player_choice":"Ignored","damage_taken":0,"max_hp_gain":0,"max_hp_loss":0,"event_name":"Ghosts","floor":20,"gold_loss":0}],"is_beta":false,"boss_relics":[{"not_picked":["Runic Dome","bronze:MakeshiftBattery"],"picked":"SacredBark"}],"items_purged_floors":[],"is_endless":false,"potions_floor_spawned":[1,8,10,12,16,22],"killed_by":"Slavers","ascension_level":8}}