{"host":"1v3mnj67s3trvm6y","time":1612953852,"event":{"mods":["BaseMod","Challenge The Spire","Downfall","Minty Spire (QoL Compilation)","StSLib"],"gold_per_floor":[199,199,219,229,249,259,283,36,67,67,86,103,3,34,44,146,146,46,56,56,67,77,37,83,96,125,137,184,196,222,234,266,383,395,407,430,109,135,167,179,191,217,214,126,150,188,200,200,219,219,219,247,44,44,44,44],"floor_reached":57,"language":"ENG","playtime":6136,"items_purged":["Pride"],"score":1185,"play_id":"2c4ba406-9c14-4b3a-9807-9b03d0fb9e06","local_time":"20210210194412","is_ascension_mode":false,"campfire_choices":[{"data":"bronze:Replicate","floor":1,"key":"SMITH"},{"floor":10,"key":"REST"},{"floor":13,"key":"REST"},{"data":"bronze:Format","floor":18,"key":"SMITH"},{"data":"bronze:TinkerersToolbox","floor":27,"key":"SMITH"},{"floor":29,"key":"REST"},{"data":"bronze:Library","floor":35,"key":"SMITH"},{"floor":40,"key":"RECALL"},{"data":"bronze:CloningBeam","floor":44,"key":"SMITH"},{"data":"bronze:Library","floor":54,"key":"SMITH"}],"circlet_count":0,"master_deck":["bronze:Strike+1","bronze:Strike+1","bronze:Strike+1","bronze:Strike+1","bronze:Defend+1","bronze:Defend+1","bronze:Defend+1","bronze:Defend+1","bronze:Replicate+1","bronze:Goto+1","bronze:Separator+1","bronze:CloningBeam+1","bronze:Boost+1","bronze:MaxOutput+1","bronze:MaxOutput+1","bronze:ItsAFeature+1","bronze:GetLatest+1","bronze:Refactor+1","bronze:Format+1","bronze:ChosenStrike+1","bronze:RecursiveStrike+1","bronze:Shell+1","bronze:Return+1","bronze:Turbo+1","bronze:BugBarrage+1","bronze:Frontload+1","downfall:Icky","bronze:TinkerersToolbox+1","bronze:FollowUp+1","bronze:Invalidate+1","bronze:ItsAFeature+1","bronze:Library+1","bronze:Constructor+1","bronze:ClassDefault+1","bronze:Repair+1","downfall:Malfunctioning","bronze:Refactor+1","bronze:Turbo+1","bronze:Boost+1","bronze:Safeguard+1","bronze:Terminator+1","bronze:NullPointer+1","bronze:Library+1"],"relics":["bronze:BronzeCore","Membership Card","MealTicket","Toy Ornithopter","Bag of Preparation","Cursed Key","Smiling Mask","MawBank","Lantern","bronze:ProtectiveGoggles","Black Star","Thread and Needle","Blue Candle","Du-Vu Doll","Centennial Puzzle","hexamod:BolsterEngine","hexamod:CandleOfCauterizing","HandDrill"],"acts_visited":["Exordium","TheCity","TheBeyond","TheEnding"],"potions_floor_usage":[14,22,26,36,43,56],"damage_taken":[{"damage":2,"enemies":"Small Slimes","floor":3,"turns":5},{"damage":3,"enemies":"Cultist","floor":4,"turns":5},{"damage":0,"enemies":"2 Louse","floor":5,"turns":3},{"damage":7,"enemies":"Blue Slaver","floor":6,"turns":3},{"damage":0,"enemies":"downfall:FleeingMerchant","floor":8,"turns":4},{"damage":27,"enemies":"3 Sentries","floor":9,"turns":9},{"damage":5,"enemies":"Large Slime","floor":11,"turns":9},{"damage":0,"enemies":"Exordium Wildlife","floor":12,"turns":2},{"damage":16,"enemies":"Gremlin Nob","floor":14,"turns":4},{"damage":7,"enemies":"Exordium Thugs","floor":15,"turns":5},{"damage":10,"enemies":"SI_SHIV_ARCHETYPE","floor":16,"turns":9},{"damage":3,"enemies":"Chosen","floor":19,"turns":6},{"damage":3,"enemies":"Snecko","floor":21,"turns":5},{"damage":6,"enemies":"Snake Plant","floor":22,"turns":4},{"damage":0,"enemies":"downfall:FleeingMerchant","floor":23,"turns":4},{"damage":0,"enemies":"Centurion and Healer","floor":25,"turns":7},{"damage":11,"enemies":"Slavers","floor":26,"turns":6},{"damage":27,"enemies":"Gremlin Leader","floor":28,"turns":8},{"damage":3,"enemies":"Shelled Parasite and Fungi","floor":30,"turns":5},{"damage":1,"enemies":"Chosen and Byrds","floor":32,"turns":5},{"damage":26,"enemies":"DF_ARCHETYPE_CLAW","floor":33,"turns":9},{"damage":0,"enemies":"3 Darklings","floor":36,"turns":6},{"damage":0,"enemies":"3 Shapes","floor":38,"turns":4},{"damage":47,"enemies":"Jaw Worm Horde","floor":39,"turns":6},{"damage":0,"enemies":"Maw","floor":42,"turns":9},{"damage":0,"enemies":"downfall:FleeingMerchant","floor":43,"turns":4},{"damage":14,"enemies":"3 Darklings","floor":45,"turns":4},{"damage":0,"enemies":"downfall:FleeingMerchant","floor":46,"turns":1},{"damage":14,"enemies":"Sphere and 2 Shapes","floor":47,"turns":8},{"damage":4,"enemies":"Jaw Worm Horde","floor":49,"turns":3},{"damage":39,"enemies":"IC_BLOCK_ARCHETYPE","floor":50,"turns":10},{"damage":18,"enemies":"downfall:CharBossMerchant","floor":52,"turns":9},{"damage":6,"enemies":"downfall:NeowBoss","floor":55,"turns":11},{"damage":69,"enemies":"downfall:NeowBossFinal","floor":56,"turns":11}],"seed_played":"4077791143199743101","potions_obtained":[{"floor":3,"key":"SkillPotion"},{"floor":5,"key":"AttackPotion"},{"floor":14,"key":"SteroidPotion"},{"floor":21,"key":"FearPotion"},{"floor":26,"key":"SpeedPotion"},{"floor":28,"key":"champ:CounterPotion"},{"floor":32,"key":"bronze:FreeFunctionsPotion"},{"floor":33,"key":"LiquidMemories"},{"floor":42,"key":"Strength Potion"},{"floor":47,"key":"sneckomod:MuddlingPotion"}],"is_trial":false,"path_per_floor":["R","?","M","M","M","M","T","$","E","R","M","M","R","E","M","B",null,"R","M","?","M","M","$","T","M","E","R","E","R","M","?","M","B",null,"R","M","?","M","M","R","T","M","$","R","M","$","M","?","M","B",null,"E","$","R","B","B",null],"character_chosen":"THE_AUTOMATON","items_purchased":["Membership Card","MealTicket","bronze:Frontload","Blue Candle","Du-Vu Doll","hexamod:CandleOfCauterizing","HandDrill"],"campfire_rested":3,"item_purchase_floors":[8,8,23,46,46,53,53],"current_hp_per_floor":[70,70,68,65,65,58,58,58,31,52,47,47,80,64,57,47,80,80,77,77,74,73,80,80,80,69,69,42,66,63,63,62,36,80,80,80,90,90,43,43,43,50,77,77,76,90,76,76,76,41,80,63,78,78,80,21],"gold":44,"neow_bonus":"HUNDRED_GOLD","is_daily":false,"chose_seed":false,"campfire_upgraded":6,"win_rate":0.0,"timestamp":1612953852,"path_taken":["R","?","M","M","M","M","T","?","E","R","M","M","R","E","M","BOSS","R","M","?","M","M","$","T","M","E","R","E","R","M","?","M","BOSS","R","M","?","M","M","R","T","M","$","R","M","$","M","?","M","BOSS","E","$","R","BOSS","BOSS"],"items_purchased_type":["Relic","Relic","Card","Relic","Relic","Relic","Relic"],"build_version":"2020-12-22","purchased_purges":1,"victory":true,"max_hp_per_floor":[70,70,70,70,70,70,70,70,70,70,70,70,80,80,80,80,80,80,80,80,80,80,80,80,80,80,80,80,80,80,80,80,80,80,80,80,90,90,90,90,90,90,90,90,90,90,90,80,80,80,80,80,80,80,80,80],"card_choices":[{"not_picked":["bronze:ChildClass","bronze:Overload"],"picked":"bronze:Separator","floor":3},{"not_picked":["bronze:Backtrace","bronze:BugBarrage"],"picked":"bronze:CloningBeam","floor":4},{"not_picked":["bronze:FineTuning","bronze:Overload"],"picked":"bronze:Boost","floor":5},{"not_picked":["bronze:OilSpill","bronze:ForLoop"],"picked":"bronze:MaxOutput","floor":6},{"not_picked":["bronze:Invalidate","bronze:Iterate"],"picked":"bronze:MaxOutput","floor":8},{"not_picked":["bronze:MaxOutput","bronze:BugBarrage"],"picked":"bronze:ItsAFeature","floor":9},{"not_picked":["bronze:CutThrough","bronze:BugBarrage"],"picked":"bronze:GetLatest","floor":11},{"not_picked":["bronze:FineTuning","bronze:CloningBeam"],"picked":"bronze:Refactor","floor":12},{"not_picked":["bronze:DarkDash","bronze:Refactor"],"picked":"bronze:Format","floor":14},{"not_picked":["bronze:Invalidate","bronze:Optimize"],"picked":"bronze:ChosenStrike","floor":15},{"not_picked":["bronze:AlphaBuild","bronze:Virus"],"picked":"bronze:RecursiveStrike","floor":16},{"not_picked":["bronze:Turbo","bronze:Overheat"],"picked":"bronze:Shell","floor":19},{"not_picked":["bronze:Deprecate","bronze:Invalidate"],"picked":"bronze:Return","floor":21},{"not_picked":["bronze:ItsAFeature","bronze:Frontload"],"picked":"bronze:Turbo+1","floor":22},{"not_picked":["bronze:Invalidate","bronze:Virus"],"picked":"bronze:BugBarrage+1","floor":23},{"not_picked":["bronze:Shield","bronze:InfiniteBeams+1","bronze:BitShift+1"],"picked":"SKIP","floor":25},{"not_picked":["bronze:FineTuning","bronze:Iterate"],"picked":"bronze:TinkerersToolbox","floor":26},{"not_picked":["bronze:DelayedGuard+1","bronze:TinkerersToolbox"],"picked":"bronze:FollowUp+1","floor":28},{"not_picked":["bronze:BugBarrage","bronze:BitShift"],"picked":"bronze:Invalidate","floor":30},{"not_picked":["bronze:Turbo","bronze:FollowUp"],"picked":"bronze:ItsAFeature","floor":32},{"not_picked":["bronze:HyperBeam","bronze:BurnOut"],"picked":"bronze:Library","floor":33},{"not_picked":["bronze:GetLatest","bronze:Deprecate"],"picked":"bronze:Constructor","floor":36},{"not_picked":["bronze:Boost","bronze:Shield"],"picked":"bronze:ClassDefault","floor":38},{"not_picked":["bronze:DigitalCarnage+1","bronze:BuggyMess"],"picked":"bronze:Repair","floor":39},{"not_picked":["bronze:Backtrace","bronze:BuggyMess"],"picked":"bronze:Refactor+1","floor":42},{"not_picked":["bronze:Iterate","bronze:FollowUp+1"],"picked":"bronze:Turbo+1","floor":43},{"not_picked":["bronze:ChildClass","bronze:BronzeOrb+1"],"picked":"bronze:Boost+1","floor":45},{"not_picked":["bronze:ClassDefault+1","bronze:Turbo+1"],"picked":"bronze:Safeguard","floor":46},{"not_picked":["bronze:ClassDefault+1","bronze:Invalidate+1"],"picked":"bronze:Terminator+1","floor":47},{"not_picked":["bronze:ChildClass","bronze:DelayedGuard"],"picked":"bronze:NullPointer+1","floor":49},{"not_picked":["bronze:WildBeam+1","bronze:ChosenStrike+1"],"picked":"bronze:Library","floor":52}],"player_experience":1775085,"relics_obtained":[{"floor":9,"key":"Toy Ornithopter"},{"floor":14,"key":"Bag of Preparation"},{"floor":24,"key":"Smiling Mask"},{"floor":26,"key":"MawBank"},{"floor":28,"key":"Lantern"},{"floor":41,"key":"Thread and Needle"},{"floor":52,"key":"Centennial Puzzle"},{"floor":52,"key":"hexamod:BolsterEngine"}],"event_choices":[{"damage_healed":0,"gold_gain":0,"player_choice":"Ignored","damage_taken":0,"max_hp_gain":0,"max_hp_loss":0,"event_name":"NoteForYourself","floor":2,"gold_loss":0},{"damage_healed":0,"gold_gain":0,"player_choice":"Stole Relic","damage_taken":0,"relics_obtained":["bronze:ProtectiveGoggles"],"max_hp_gain":0,"max_hp_loss":0,"event_name":"Addict","floor":31,"gold_loss":0,"cards_obtained":["Pride"]}],"is_beta":false,"boss_relics":[{"not_picked":["Tiny House","Empty Cage"],"picked":"Cursed Key"},{"not_picked":["Snecko Eye","Runic Pyramid"],"picked":"Black Star"}],"items_purged_floors":[46],"is_endless":false,"potions_floor_spawned":[3,5,6,14,21,26,28,32,33,42,47,49],"ascension_level":0}}