{"host":"684z1xpuwaoqmmh1","time":1612970601,"event":{"mods":["A Magickal Journey","BaseMod","Downfall","Hermit","Jorbs\u0027s Wanderer Trilogy","Marisa????????","Minty Spire (QoL Compilation)","Robot Space Explorer","Shade Mod","StSLib","The Bug Knight","The Dragon Tamer","The Elementalist","The Hayseed","The Hierophant","The Marked","The Mystic","The Runesmith","The Saiyan","The Senshi","The Spell Scribe","The Vixen","TheBandit","TheFirefly"],"gold_per_floor":[113,113,113,2,2,32,32,42,42,42,42,56,56,87,87,87,87],"floor_reached":16,"language":"ENG","playtime":693,"items_purged":["Regret"],"score":190,"play_id":"c26e1b87-6c54-4460-a691-acdb54948578","local_time":"20210210172321","is_ascension_mode":true,"campfire_choices":[{"data":"Runesmith:CraftObretio","floor":7,"key":"SMITH"},{"data":"Runesmith:Fortify","floor":10,"key":"SMITH"},{"data":"Runesmith:Accelerate","floor":15,"key":"SMITH"}],"circlet_count":0,"master_deck":["Runesmith:Strike_RS","Runesmith:Strike_RS","Runesmith:Strike_RS","Runesmith:Defend_RS","Runesmith:Defend_RS","Runesmith:Defend_RS","Runesmith:Defend_RS","Runesmith:CraftFirestone+1","Runesmith:Fortify+1","Runesmith:CraftProtectio","Runesmith:CraftObretio+1","Runesmith:GoWithTheFlow","Runesmith:EarthShield","Runesmith:Accelerate+1","Runesmith:CraftMedicinae"],"relics":["Runesmith:BrokenRuby","NeowsBlessing","bronze:DecasWashers","PreservedInsect","Runesmith:Nanobots","Turnip"],"acts_visited":["Exordium"],"potions_floor_usage":[],"damage_taken":[{"damage":0.0,"enemies":"Cultist","floor":1.0,"turns":1.0},{"damage":0,"enemies":"3 Sentries","floor":6,"turns":1},{"damage":0,"enemies":"Small Slimes","floor":8,"turns":1},{"damage":0,"enemies":"Jaw Worm","floor":12,"turns":3},{"damage":6,"enemies":"Gremlin Nob","floor":14,"turns":5},{"damage":50,"enemies":"Hexaghost","floor":16,"turns":17}],"seed_played":"-3249525674554681770","potions_obtained":[{"floor":6,"key":"ColorlessPotion"}],"is_trial":false,"path_per_floor":["M","?","?","$","?","E","R","M","T","R","$","M","T","E","R","B"],"character_chosen":"RUNESMITH_CLASS","items_purchased":["Runesmith:CraftObretio"],"campfire_rested":0,"item_purchase_floors":[4],"current_hp_per_floor":[63,63,63,63,56,56,56,56,56,56,56,56,56,50,50,0,0],"gold":87,"neow_bonus":"THREE_ENEMY_KILL","is_daily":false,"chose_seed":false,"campfire_upgraded":3,"win_rate":0.0,"timestamp":1612970601,"path_taken":["M","?","?","$","?","E","R","M","T","R","?","M","?","E","R","BOSS"],"items_purchased_type":["Card"],"build_version":"2020-12-22","purchased_purges":1,"victory":false,"max_hp_per_floor":[70,70,70,70,70,70,70,70,70,70,70,70,70,70,70,70,70],"card_choices":[{"not_picked":["Runesmith:MakeshiftArmor","Runesmith:BackupBattery"],"picked":"Runesmith:CraftProtectio","floor":1},{"not_picked":["Runesmith:RuneHurl","Runesmith:ChargedHammer"],"picked":"Runesmith:GoWithTheFlow","floor":6},{"not_picked":["Runesmith:CraftMagma","Runesmith:CraftProtectio"],"picked":"Runesmith:EarthShield","floor":8},{"not_picked":["Runesmith:DoubleUp","Runesmith:Repurpose"],"picked":"Runesmith:Accelerate","floor":12},{"not_picked":["Runesmith:Retool","Runesmith:Grindstone"],"picked":"Runesmith:CraftMedicinae","floor":14}],"player_experience":3241533,"relics_obtained":[{"floor":6,"key":"PreservedInsect"},{"floor":13,"key":"Runesmith:Nanobots"},{"floor":14,"key":"Turnip"}],"event_choices":[{"damage_healed":0,"gold_gain":0,"player_choice":"Box","damage_taken":0,"relics_obtained":["bronze:DecasWashers"],"max_hp_gain":0,"max_hp_loss":0,"event_name":"Big Fish","floor":2,"gold_loss":0,"cards_obtained":["Regret"]},{"damage_healed":0,"gold_gain":0,"player_choice":"Grow","damage_taken":0,"max_hp_gain":0,"max_hp_loss":0,"event_name":"Living Wall","floor":3,"gold_loss":0,"cards_upgraded":["Runesmith:CraftFirestone"]},{"cards_removed":["Runesmith:Strike_RS"],"damage_healed":0,"gold_gain":0,"player_choice":"Card Removal","damage_taken":7,"max_hp_gain":0,"max_hp_loss":0,"event_name":"Golden Wing","floor":5,"gold_loss":0}],"is_beta":false,"boss_relics":[],"items_purged_floors":[4],"is_endless":false,"potions_floor_spawned":[6],"killed_by":"Hexaghost","ascension_level":9}}