{"host":"5h6e4l6hpn0p5lap","time":1612919764,"event":{"mods":["AchievementEnabler","BaseMod","Better Altar","Better Match","Better Sensory Stone","Better Skull","Better Third Choice","Colored Map","Filter the Spire","Minty Spire (QoL Compilation)","StSLib"],"gold_per_floor":[118,136,149,149,169,169,195,195,195,195,212,225,76,94,94,189,189,202,202,220,3,16,16,47,60,85,85,35,49,60,60,60],"floor_reached":31,"language":"ENG","playtime":1072,"items_purged":["Pain"],"score":378,"play_id":"a92cf40a-45b1-47d9-933e-5b77e5d38eea","local_time":"20210209201604","is_ascension_mode":true,"campfire_choices":[{"data":"Cloak And Dagger","floor":6,"key":"SMITH"},{"floor":10,"key":"REST"},{"floor":15,"key":"REST"},{"floor":23,"key":"REST"},{"floor":27,"key":"REST"}],"circlet_count":0,"master_deck":["Strike_G","Strike_G","Strike_G","Strike_G","Strike_G","Defend_G","Defend_G","Defend_G","Defend_G","Defend_G","Survivor","Neutralize","Backflip","Cloak And Dagger+1","Accuracy","Noxious Fumes","Finisher","Backflip","Corpse Explosion","Poisoned Stab","Bane","Envenom+1","Noxious Fumes+1","Terror+1","Sadistic Nature+1","Blade Dance","Noxious Fumes+1","Concentrate+1","Dagger Spray+1","Deadly Poison+1","Acrobatics"],"relics":["Sozu","Bag of Marbles","Frozen Egg 2","WarpedTongs","Darkstone Periapt","Runic Pyramid","Toy Ornithopter","Dream Catcher"],"acts_visited":["Exordium","TheCity"],"potions_floor_usage":[],"damage_taken":[{"damage":3,"enemies":"Jaw Worm","floor":1,"turns":5},{"damage":0,"enemies":"Small Slimes","floor":2,"turns":3},{"damage":0,"enemies":"Cultist","floor":3,"turns":4},{"damage":3,"enemies":"Red Slaver","floor":5,"turns":5},{"damage":25,"enemies":"Gremlin Nob","floor":7,"turns":5},{"damage":5,"enemies":"Exordium Wildlife","floor":11,"turns":5},{"damage":0,"enemies":"Exordium Thugs","floor":12,"turns":3},{"damage":0,"enemies":"Lots of Slimes","floor":14,"turns":3},{"damage":22,"enemies":"Hexaghost","floor":16,"turns":8},{"damage":0,"enemies":"Chosen","floor":18,"turns":4},{"damage":19,"enemies":"2 Thieves","floor":20,"turns":5},{"damage":10,"enemies":"Sentry and Sphere","floor":22,"turns":3},{"damage":20,"enemies":"Book of Stabbing","floor":24,"turns":4},{"damage":23,"enemies":"Centurion and Healer","floor":25,"turns":4},{"damage":14,"enemies":"Snecko","floor":29,"turns":4},{"damage":3,"enemies":"Snake Plant","floor":30,"turns":3},{"damage":22,"enemies":"Shelled Parasite and Fungi","floor":31,"turns":3}],"seed_played":"-7470063730805871225","potions_obtained":[],"is_trial":false,"path_per_floor":["M","M","M","?","M","R","E","?","T","R","M","M","$","M","R","B",null,"M","?","M","$","M","R","E","M","T","R","?","M","M","M"],"character_chosen":"THE_SILENT","items_purchased":["Poisoned Stab","Bane","Sadistic Nature+1","Blade Dance"],"campfire_rested":4,"item_purchase_floors":[13,13,21,21],"current_hp_per_floor":[60,60,60,57,54,54,29,29,29,50,45,45,45,45,66,44,64,64,64,45,45,35,56,36,13,13,34,34,20,17,0,0],"gold":60,"neow_bonus":"BOSS_RELIC","is_daily":false,"chose_seed":false,"campfire_upgraded":1,"win_rate":0.0,"timestamp":1612919764,"path_taken":["M","M","M","?","M","R","E","?","T","R","M","?","$","M","R","BOSS","M","?","M","$","M","R","E","M","T","R","?","?","?","M"],"items_purchased_type":["Card","Card","Card","Card"],"build_version":"2020-12-22","purchased_purges":1,"victory":false,"max_hp_per_floor":[70,70,70,70,70,70,70,70,70,70,70,70,70,70,70,70,70,70,70,70,70,70,70,70,70,70,70,70,70,70,70,70],"card_choices":[{"not_picked":["Setup","Underhanded Strike"],"picked":"Backflip","floor":1},{"not_picked":["Concentrate","Acrobatics"],"picked":"Cloak And Dagger","floor":2},{"not_picked":["Bane","PiercingWail"],"picked":"Accuracy","floor":3},{"not_picked":["Prepared","Acrobatics"],"picked":"Noxious Fumes","floor":5},{"not_picked":["Dodge and Roll","Backstab"],"picked":"Finisher","floor":7},{"not_picked":["Flying Knee","Crippling Poison"],"picked":"Backflip","floor":11},{"not_picked":["Heel Hook","Poisoned Stab"],"picked":"Corpse Explosion","floor":12},{"not_picked":["Dodge and Roll","Endless Agony","Outmaneuver"],"picked":"SKIP","floor":14},{"not_picked":["Wraith Form v2+1","A Thousand Cuts+1"],"picked":"Envenom+1","floor":16},{"not_picked":["Dagger Throw","Finisher"],"picked":"Noxious Fumes+1","floor":18},{"not_picked":["Finisher+1","Well Laid Plans+1"],"picked":"Terror+1","floor":20},{"not_picked":["Flying Knee","Predator"],"picked":"Noxious Fumes+1","floor":22},{"not_picked":["Dodge and Roll","Quick Slash"],"picked":"Concentrate+1","floor":24},{"not_picked":["Poisoned Stab","Eviscerate","Underhanded Strike"],"picked":"SKIP","floor":25},{"not_picked":["Slice","Dash"],"picked":"Dagger Spray+1","floor":27},{"not_picked":["Underhanded Strike+1","Noxious Fumes+1"],"picked":"Deadly Poison+1","floor":29},{"not_picked":["Riddle With Holes","Deflect"],"picked":"Acrobatics","floor":30}],"player_experience":1090468,"relics_obtained":[{"floor":7,"key":"Frozen Egg 2"},{"floor":9,"key":"Darkstone Periapt"},{"floor":24,"key":"Toy Ornithopter"},{"floor":26,"key":"Dream Catcher"}],"event_choices":[{"damage_healed":0,"gold_gain":0,"player_choice":"Relic ","damage_taken":3,"max_hp_gain":0,"max_hp_loss":0,"event_name":"betterThird:BetterScrap","floor":4,"gold_loss":0,"cards_obtained":["Power Through"]},{"damage_healed":0,"gold_gain":0,"player_choice":"Rummage","damage_taken":0,"relics_obtained":["WarpedTongs"],"max_hp_gain":0,"max_hp_loss":0,"event_name":"Accursed Blacksmith","floor":8,"gold_loss":0,"cards_obtained":["Pain"]},{"damage_healed":0,"gold_gain":0,"player_choice":"Ignored","damage_taken":0,"max_hp_gain":0,"max_hp_loss":0,"event_name":"Vampires","floor":19,"gold_loss":0},{"damage_healed":0,"gold_gain":0,"player_choice":"Bet on Owner","damage_taken":0,"max_hp_gain":0,"max_hp_loss":0,"event_name":"The Joust","floor":28,"gold_loss":50}],"is_beta":false,"boss_relics":[{"not_picked":["HoveringKite","Busted Crown"],"picked":"Runic Pyramid"}],"items_purged_floors":[13],"is_endless":false,"potions_floor_spawned":[1,7,12,16,18,22],"killed_by":"Shelled Parasite and Fungi","ascension_level":9}}