{"host":"soyfmymeou4emntr","time":1612986168,"event":{"mods":["BaseMod","Minty Spire (QoL Compilation)","Permanent Neow","Relic Sorter","Relic Stats","StSLib"],"gold_per_floor":[19,19,38,38,38,38,77,95,141,174,174,192,192,207,207,297,297,318,318,334,7,31,62,62,103,174,214,38,38,51,67,67,156,156,174,238,269,287,305,305,340,29,55,96,96,111,18,18,18,18,18,18,18,18,51,51],"floor_reached":57,"language":"ENG","playtime":8023,"items_purged":["Strike_R","Strike_R","Strike_R"],"score":2706,"play_id":"bd9fe296-5e4e-4e5b-89cc-6265106d9ca2","local_time":"20210210124248","is_ascension_mode":true,"campfire_choices":[{"data":"Pommel Strike","floor":6.0,"key":"SMITH"},{"data":"True Grit","floor":11.0,"key":"SMITH"},{"data":"Dual Wield","floor":13.0,"key":"SMITH"},{"data":"Blood for Blood","floor":15.0,"key":"SMITH"},{"floor":24.0,"key":"REST"},{"data":"Impervious","floor":29.0,"key":"SMITH"},{"data":"Inflame","floor":32.0,"key":"SMITH"},{"data":"1","floor":40.0,"key":"LIFT"},{"floor":45.0,"key":"RECALL"},{"data":"Feel No Pain","floor":49.0,"key":"SMITH"},{"data":"2","floor":53.0,"key":"LIFT"}],"circlet_count":0,"master_deck":["AscendersBane","Strike_R","Defend_R","Defend_R","Defend_R","Defend_R","Bash","Feed+1","True Grit+1","Pommel Strike+1","Blood for Blood+1","Dual Wield+1","Fiend Fire","Reaper","Inflame+1","True Grit","Fire Breathing","Combust","Body Slam+1","Impervious+1","Sword Boomerang","Reaper","Sever Soul+1","Sword Boomerang+1","Double Tap","Warcry+1","Feel No Pain+1","Pummel","Dark Embrace","Madness","Madness","Feel No Pain"],"relics":["Burning Blood","Golden Idol","PreservedInsect","Ancient Tea Set","Strawberry","Runic Pyramid","Happy Flower","Anchor","CaptainsWheel","Shuriken","Smiling Mask","Mark of Pain","Girya","Magic Flower","Bottled Flame","Vajra","Potion Belt","Paper Frog"],"acts_visited":["Exordium","TheCity","TheBeyond","TheEnding"],"potions_floor_usage":[56,56,56],"damage_taken":[{"damage":14.0,"enemies":"Jaw Worm","floor":1.0,"turns":6.0},{"damage":11.0,"enemies":"Small Slimes","floor":3.0,"turns":6.0},{"damage":60.0,"enemies":"Lagavulin","floor":7.0,"turns":7.0},{"damage":7.0,"enemies":"Cultist","floor":8.0,"turns":4.0},{"damage":32.0,"enemies":"Gremlin Nob","floor":10.0,"turns":4.0},{"damage":8.0,"enemies":"Large Slime","floor":12.0,"turns":6.0},{"damage":15.0,"enemies":"Exordium Thugs","floor":14.0,"turns":7.0},{"damage":51.0,"enemies":"The Guardian","floor":16.0,"turns":11.0},{"damage":26.0,"enemies":"3 Byrds","floor":18.0,"turns":7.0},{"damage":0.0,"enemies":"Chosen","floor":20.0,"turns":3.0},{"damage":45.0,"enemies":"3 Cultists","floor":22.0,"turns":5.0},{"damage":42.0,"enemies":"Slavers","floor":23.0,"turns":4.0},{"damage":21.0,"enemies":"Book of Stabbing","floor":25.0,"turns":3.0},{"damage":8.0,"enemies":"Gremlin Leader","floor":27.0,"turns":4.0},{"damage":26.0,"enemies":"Shelled Parasite and Fungi","floor":30.0,"turns":6.0},{"damage":4.0,"enemies":"Snake Plant","floor":31.0,"turns":5.0},{"damage":66.0,"enemies":"Automaton","floor":33.0,"turns":10.0},{"damage":5.0,"enemies":"Orb Walker","floor":35.0,"turns":4.0},{"damage":39.0,"enemies":"2 Orb Walkers","floor":36.0,"turns":4.0},{"damage":49.0,"enemies":"Mind Bloom Boss Battle","floor":37.0,"turns":7.0},{"damage":1.0,"enemies":"3 Shapes","floor":38.0,"turns":3.0},{"damage":81.0,"enemies":"Writhing Mass","floor":39.0,"turns":7.0},{"damage":107.0,"enemies":"Giant Head","floor":41.0,"turns":7.0},{"damage":81.0,"enemies":"Reptomancer","floor":44.0,"turns":8.0},{"damage":54.0,"enemies":"4 Shapes","floor":46.0,"turns":6.0},{"damage":93.0,"enemies":"Donu and Deca","floor":50.0,"turns":9.0},{"damage":183.0,"enemies":"Awakened One","floor":51.0,"turns":12.0},{"damage":159.0,"enemies":"Shield and Spear","floor":55.0,"turns":8.0},{"damage":218,"enemies":"The Heart","floor":56,"turns":11}],"seed_played":"-1956538439342582334","potions_obtained":[{"floor":3.0,"key":"FairyPotion"},{"floor":7.0,"key":"BloodPotion"},{"floor":12.0,"key":"Dexterity Potion"},{"floor":18.0,"key":"FearPotion"},{"floor":23.0,"key":"Fire Potion"},{"floor":30.0,"key":"Fruit Juice"},{"floor":31.0,"key":"EssenceOfSteel"},{"floor":35.0,"key":"CultistPotion"},{"floor":37.0,"key":"ColorlessPotion"},{"floor":44.0,"key":"BlessingOfTheForge"}],"is_trial":false,"path_per_floor":["M","?","M","$","?","R","E","M","T","E","R","M","R","M","R","B",null,"M","?","M","$","M","E","R","E","T","E","$","R","M","M","R","B",null,"M","?","?","M","M","R","E","$","T","E","R","M","$","?","R","B","B",null,"R","$","E","B",null],"character_chosen":"IRONCLAD","items_purchased":["Happy Flower","Fire Breathing","Impervious","Feel No Pain","Vajra","BloodPotion","Dark Embrace"],"campfire_rested":1,"item_purchase_floors":[21,21,28,42,42,42,47],"current_hp_per_floor":[63,63,61,61,61,61,11,14,14,37,37,39,39,34,34,8,75,61,61,67,67,44,28,60,51,51,61,61,61,53,62,62,37,94,104,117,99,130,114,114,91,91,91,134,134,138,138,113,113,142,31,120,120,120,42,10],"gold":51,"neow_bonus":"THREE_RARE_CARDS","is_daily":false,"chose_seed":false,"campfire_upgraded":7,"win_rate":0.0,"timestamp":1612986168,"path_taken":["M","?","M","$","?","R","E","?","T","E","R","M","R","M","R","BOSS","M","?","M","?","?","E","R","E","T","E","?","R","M","M","R","BOSS","M","?","?","M","M","R","E","$","T","E","R","M","$","?","R","BOSS","BOSS","R","$","E","BOSS"],"items_purchased_type":["Relic","Card","Card","Card","Relic","Potion","Card"],"build_version":"2020-12-22","purchased_purges":3,"victory":true,"max_hp_per_floor":[78,71,74,74,74,74,78,82,82,89,89,93,93,97,97,97,97,101,101,101,101,105,109,109,109,109,109,109,109,113,113,113,113,113,113,117,126,130,130,130,130,130,130,134,134,138,138,138,138,142,150,150,150,150,150,150],"relic_stats":{"Happy Flower":[41],"counters":[29,184],"Golden Idol":220,"Shuriken":[30],"Magic Flower":[249],"PreservedInsect":420,"Smiling Mask":125,"obtain_stats":[{"Potion Belt":44,"Girya":36,"Happy Flower":21,"Golden Idol":2,"Magic Flower":37,"Vajra":42,"PreservedInsect":7,"Ancient Tea Set":9,"Smiling Mask":27,"Burning Blood":0,"Anchor":23,"CaptainsWheel":25,"Bottled Flame":41,"Shuriken":26,"Strawberry":10,"Mark of Pain":34,"Runic Pyramid":17,"Paper Frog":55},{"Potion Belt":24,"Girya":19,"Happy Flower":10,"Golden Idol":1,"Magic Flower":20,"Vajra":23,"PreservedInsect":3,"Ancient Tea Set":4,"Smiling Mask":14,"Burning Blood":0,"Anchor":12,"CaptainsWheel":13,"Bottled Flame":23,"Shuriken":13,"Strawberry":5,"Mark of Pain":17,"Runic Pyramid":8,"Paper Frog":28},{"Potion Belt":138,"Girya":106,"Happy Flower":61,"Golden Idol":6,"Magic Flower":113,"Vajra":130,"PreservedInsect":19,"Ancient Tea Set":23,"Smiling Mask":77,"Burning Blood":0,"Anchor":70,"CaptainsWheel":73,"Bottled Flame":130,"Shuriken":73,"Strawberry":27,"Mark of Pain":98,"Runic Pyramid":51,"Paper Frog":173}],"Burning Blood":170},"card_choices":[{"not_picked":["Corruption","Double Tap"],"picked":"Feed","floor":0.0},{"not_picked":["Shrug It Off","Twin Strike"],"picked":"True Grit","floor":1.0},{"not_picked":["Iron Wave","Clash"],"picked":"Pommel Strike","floor":3.0},{"not_picked":["Pummel","Warcry"],"picked":"Blood for Blood","floor":7.0},{"not_picked":["Pommel Strike","Iron Wave"],"picked":"Dual Wield","floor":8.0},{"not_picked":["Uppercut","True Grit"],"picked":"Fiend Fire","floor":10.0},{"not_picked":["Intimidate","Infernal Blade","Wild Strike"],"picked":"SKIP","floor":12.0},{"not_picked":["Second Wind","Heavy Blade","Iron Wave"],"picked":"SKIP","floor":14.0},{"not_picked":["Juggernaut","Immolate"],"picked":"Reaper","floor":16.0},{"not_picked":["Shrug It Off","Dual Wield"],"picked":"Inflame","floor":18.0},{"not_picked":["Ghostly Armor","Clash"],"picked":"True Grit","floor":20.0},{"not_picked":["Pommel Strike","Iron Wave","Rupture"],"picked":"SKIP","floor":22.0},{"not_picked":["Cleave","Rage","Headbutt"],"picked":"SKIP","floor":23.0},{"not_picked":["Twin Strike","Clash"],"picked":"Combust","floor":25.0},{"not_picked":["Flex","Shrug It Off"],"picked":"Body Slam+1","floor":27.0},{"not_picked":["Wild Strike","Shrug It Off"],"picked":"Sword Boomerang","floor":30.0},{"not_picked":["Sword Boomerang","Anger","Headbutt"],"picked":"SKIP","floor":31.0},{"not_picked":["Brutality","Berserk"],"picked":"Reaper","floor":33.0},{"not_picked":["Twin Strike","Fire Breathing"],"picked":"Sever Soul+1","floor":35.0},{"not_picked":["Clothesline","Iron Wave+1"],"picked":"Sword Boomerang+1","floor":37.0},{"not_picked":["Shrug It Off+1","Wild Strike+1"],"picked":"Double Tap","floor":38.0},{"not_picked":["Clash","Pommel Strike","Intimidate"],"picked":"SKIP","floor":39.0},{"not_picked":["Pommel Strike","Ghostly Armor+1"],"picked":"Warcry+1","floor":41.0},{"not_picked":["Flex","Anger+1"],"picked":"Pummel","floor":44.0},{"not_picked":["Rampage","Sword Boomerang","Clothesline"],"picked":"SKIP","floor":46.0},{"not_picked":["Cleave","Intimidate"],"picked":"Feel No Pain","floor":55.0}],"player_experience":3192521,"relics_obtained":[{"floor":7.0,"key":"PreservedInsect"},{"floor":9.0,"key":"Ancient Tea Set"},{"floor":10.0,"key":"Strawberry"},{"floor":23.0,"key":"Anchor"},{"floor":25.0,"key":"CaptainsWheel"},{"floor":26.0,"key":"Shuriken"},{"floor":27.0,"key":"Smiling Mask"},{"floor":36.0,"key":"Girya"},{"floor":37.0,"key":"Magic Flower"},{"floor":41.0,"key":"Bottled Flame"},{"floor":44.0,"key":"Potion Belt"},{"floor":55.0,"key":"Paper Frog"}],"event_choices":[{"damage_healed":0.0,"max_hp_gain":0.0,"max_hp_loss":7.0,"gold_gain":0.0,"event_name":"Golden Idol","player_choice":"Lose Max HP","floor":2.0,"gold_loss":0.0,"damage_taken":0.0,"relics_obtained":["Golden Idol"]},{"damage_healed":0.0,"max_hp_gain":0.0,"max_hp_loss":0.0,"gold_gain":0.0,"event_name":"Upgrade Shrine","player_choice":"Upgraded","floor":5.0,"gold_loss":0.0,"damage_taken":0.0,"cards_upgraded":["Feed"]},{"cards_removed":["Strike_R"],"damage_healed":0.0,"max_hp_gain":0.0,"max_hp_loss":0.0,"gold_gain":0.0,"event_name":"Purifier","player_choice":"Purged","floor":19.0,"gold_loss":0.0,"damage_taken":0.0},{"damage_healed":0.0,"max_hp_gain":0.0,"max_hp_loss":0.0,"gold_gain":0.0,"event_name":"Mysterious Sphere","player_choice":"Fight","floor":36.0,"gold_loss":0.0,"damage_taken":0.0},{"damage_healed":0.0,"max_hp_gain":0.0,"max_hp_loss":0.0,"gold_gain":0.0,"event_name":"MindBloom","player_choice":"Fight","floor":37.0,"gold_loss":0.0,"damage_taken":0.0},{"damage_healed":0.0,"max_hp_gain":0.0,"max_hp_loss":0.0,"gold_gain":0.0,"event_name":"Winding Halls","player_choice":"Embrace Madness","floor":48.0,"gold_loss":0.0,"damage_taken":25.0,"cards_obtained":["Madness","Madness"]}],"is_beta":false,"boss_relics":[{"not_picked":["Cursed Key","Calling Bell"],"picked":"Runic Pyramid"},{"not_picked":["Busted Crown","SlaversCollar"],"picked":"Mark of Pain"}],"items_purged_floors":[21,42,47],"is_endless":false,"potions_floor_spawned":[3,7,8,12,18,23,30,31,35,37,39,44],"ascension_level":20}}