{"host":"8d3fefv2347kqkpz","time":1612917890,"event":{"mods":["AchievementEnabler","Act Like it!","BaseMod","Better Vampires","Colored Map","Colored Powertips","Downfall","GifTheSpireLib","Highlight Path","Minty Spire (QoL Compilation)","Quick Restart","Rare Cards Sparkle","Relic Stats","Replay The Spire","Spicy Shops","StSLib","Waifu the Spire"],"gold_per_floor":[99,112,112,128,145,145,171,171,183,183,194,209,220,236,248,344,344,344,364,379,390,405,432,432,458,469,469,482,482,382,393,408,507,507,507,76,94,94,94,109,109,126,142,152,164,164,164,183,200,200],"floor_reached":51,"language":"ZHS","playtime":2992,"items_purged":["Slimebound:AcidTongue+1","Slimebound:SplitBruiser"],"score":770,"play_id":"cd998aac-0954-4547-8022-814aeae99f52","local_time":"20210210084450","is_ascension_mode":false,"campfire_choices":[{"data":"Slimebound:Split","floor":1.0,"key":"SMITH"},{"data":"Slimebound:LevelUp","floor":6.0,"key":"SMITH"},{"data":"Slimebound:Teamwork","floor":10.0,"key":"SMITH"},{"data":"Slimebound:SplitLeeching","floor":18.0,"key":"SMITH"},{"data":"Slimebound:GrowthPunch","floor":27.0,"key":"SMITH"},{"data":"Slimebound:AcidTongue","floor":30.0,"key":"SMITH"},{"data":"Slimebound:Defend_Slimebound","floor":35.0,"key":"SMITH"},{"data":"Enlightenment","floor":47,"key":"SMITH"}],"circlet_count":0,"master_deck":["Slimebound:Strike_Slimebound","Slimebound:Defend_Slimebound+1","Slimebound:Split+1","Slimebound:LevelUp+1","Slimebound:Teamwork+1","Slimebound:SplitLeeching+1","Slimebound:Prepare+1","Slimebound:GoopSpray+1","Slimebound:GrowthPunch+1","Enlightenment+1","Slimebound:GrowthPunch"],"relics":["Slimebound:AbsorbEndCombat","Regal Pillow","Replay:Drink Me","Pear","Pocketwatch","ReplayTheSpireMod:TigerMarble","downfall:HeartBlessingGreen","SacredBark","Slimebound:MaxSlimesRelic","Frozen Egg 2"],"acts_visited":["Exordium","TheCity","TheBeyond"],"potions_floor_usage":[49,50],"damage_taken":[{"damage":1.0,"enemies":"Jaw Worm","floor":2.0,"turns":5.0},{"damage":0.0,"enemies":"Cultist","floor":4.0,"turns":4.0},{"damage":6.0,"enemies":"2 Louse","floor":5.0,"turns":3.0},{"damage":8.0,"enemies":"2 Fungi Beasts","floor":9.0,"turns":4.0},{"damage":14.0,"enemies":"Lots of Slimes","floor":11.0,"turns":4.0},{"damage":2.0,"enemies":"Blue Slaver","floor":12.0,"turns":5.0},{"damage":12.0,"enemies":"3 Louse","floor":13.0,"turns":3.0},{"damage":1.0,"enemies":"Gremlin Gang","floor":14.0,"turns":3.0},{"damage":7.0,"enemies":"Large Slime","floor":15.0,"turns":6.0},{"damage":0.0,"enemies":"SI_SHIV_ARCHETYPE","floor":16.0,"turns":16.0},{"damage":0.0,"enemies":"Chosen","floor":19.0,"turns":6.0},{"damage":0.0,"enemies":"Snake Plant","floor":20.0,"turns":6.0},{"damage":0.0,"enemies":"Centurion and Healer","floor":21.0,"turns":7.0},{"damage":0.0,"enemies":"Sentry and Sphere","floor":22.0,"turns":8.0},{"damage":13.0,"enemies":"Slavers","floor":23.0,"turns":9.0},{"damage":0.0,"enemies":"Replay:Snechameleon","floor":25.0,"turns":8.0},{"damage":0.0,"enemies":"Snecko","floor":26.0,"turns":7.0},{"damage":0.0,"enemies":"Snake Plant","floor":28.0,"turns":6.0},{"damage":1.0,"enemies":"Centurion and Healer","floor":31.0,"turns":9.0},{"damage":0.0,"enemies":"Cultist and Chosen","floor":32.0,"turns":7.0},{"damage":4.0,"enemies":"IC_MUSHROOM_ARCHETYPE","floor":33.0,"turns":11.0},{"damage":0.0,"enemies":"downfall:FleeingMerchant","floor":36.0,"turns":4.0},{"damage":0.0,"enemies":"3 Shapes","floor":37.0,"turns":4.0},{"damage":0.0,"enemies":"Orb Walker","floor":40.0,"turns":5.0},{"damage":3.0,"enemies":"4 Shapes","floor":42.0,"turns":5.0},{"damage":0.0,"enemies":"Jaw Worm Horde","floor":43.0,"turns":7.0},{"damage":0.0,"enemies":"Transient","floor":44.0,"turns":5.0},{"damage":0.0,"enemies":"Spire Growth","floor":45.0,"turns":7.0},{"damage":0,"enemies":"Maw","floor":48,"turns":9},{"damage":1,"enemies":"Sphere and 2 Shapes","floor":49,"turns":6},{"damage":18,"enemies":"DF_ARCHETYPE_ORBS","floor":50,"turns":14}],"seed_played":"-7523504831296272387","potions_obtained":[{"floor":12.0,"key":"Block Potion"},{"floor":14.0,"key":"Fire Potion"},{"floor":20.0,"key":"SteroidPotion"},{"floor":22.0,"key":"LiquidMemories"},{"floor":31.0,"key":"Dexterity Potion"},{"floor":37.0,"key":"Fire Potion"},{"floor":42.0,"key":"Death Potion"},{"floor":45.0,"key":"Regen Potion"},{"floor":49,"key":"DistilledChaos"}],"is_trial":false,"path_per_floor":["R","M","?","M","M","R","T","?","M","R","M","M","M","M","M","B",null,"R","M","M","M","M","E","T","E","M","R","M","?","R","M","M","B",null,"R","$","M","?","?","M","T","M","M","M","M","?","R","M","M","B",null],"character_chosen":"SLIMEBOUND","items_purchased":["Slimebound:MaxSlimesRelic"],"campfire_rested":0,"item_purchase_floors":[36],"current_hp_per_floor":[71,71,71,71,69,69,69,69,61,61,47,47,35,34,27,35,54,54,54,54,54,54,53,53,57,59,59,64,64,64,64,64,61,64,64,64,64,64,64,64,64,64,64,64,64,64,64,64,64,52],"gold":200,"neow_bonus":"TEN_PERCENT_HP_BONUS","is_daily":false,"chose_seed":false,"campfire_upgraded":8,"win_rate":0.0,"timestamp":1612917890,"path_taken":["R","M","?","M","?","R","T","?","M","R","M","M","M","M","M","BOSS","R","M","M","M","M","E","T","E","M","R","M","?","R","M","M","BOSS","R","$","M","?","?","M","T","M","M","M","M","?","R","?","M","BOSS"],"items_purchased_type":["Relic"],"build_version":"2020-12-22","purchased_purges":2,"victory":true,"max_hp_per_floor":[71,71,71,71,71,71,71,71,71,71,71,71,71,71,71,71,54,54,54,54,54,54,64,64,64,64,64,64,64,64,64,64,64,64,64,64,64,64,64,64,64,64,64,64,64,64,64,64,64,64],"relic_stats":{"Regal Pillow":0,"counters":[31,195],"obtain_stats":[{"Regal Pillow":7,"Pear":23,"Slimebound:MaxSlimesRelic":36,"SacredBark":34,"downfall:HeartBlessingGreen":30,"Slimebound:AbsorbEndCombat":0,"ReplayTheSpireMod:TigerMarble":25,"Frozen Egg 2":41,"Replay:Drink Me":17,"Pocketwatch":24},{"Regal Pillow":3,"Pear":15,"Slimebound:MaxSlimesRelic":22,"SacredBark":21,"downfall:HeartBlessingGreen":18,"Slimebound:AbsorbEndCombat":0,"ReplayTheSpireMod:TigerMarble":16,"Frozen Egg 2":24,"Replay:Drink Me":10,"Pocketwatch":15},{"Regal Pillow":12,"Pear":85,"Slimebound:MaxSlimesRelic":135,"SacredBark":131,"downfall:HeartBlessingGreen":104,"Slimebound:AbsorbEndCombat":0,"ReplayTheSpireMod:TigerMarble":93,"Frozen Egg 2":142,"Replay:Drink Me":50,"Pocketwatch":85}],"Pocketwatch":[76]},"card_choices":[{"not_picked":["Slimebound:FlameTackle","Slimebound:SamplingLick","Slimebound:Grow"],"picked":"SKIP","floor":2.0},{"not_picked":["Slimebound:SlimeSpikes","Slimebound:SlimeTap"],"picked":"Slimebound:LevelUp","floor":4.0},{"not_picked":["Slimebound:Schlurp","Slimebound:AcidTongue","Slimebound:RejuvenatingLick"],"picked":"SKIP","floor":5.0},{"not_picked":["Slimebound:Schlurp","Slimebound:LivingWall","Slimebound:OneTwoCombo"],"picked":"SKIP","floor":9.0},{"not_picked":["Slimebound:SplitBruiser","Slimebound:ViciousTackle","Slimebound:Schlurp"],"picked":"SKIP","floor":11.0},{"not_picked":["Slimebound:FlameTackle","Slimebound:ForwardTackle","Slimebound:SplitBruiser"],"picked":"SKIP","floor":12.0},{"not_picked":["Slimebound:ForwardTackle","Slimebound:ComboTackle","Slimebound:SplitBruiser"],"picked":"SKIP","floor":13.0},{"not_picked":["Slimebound:BestDefense","Slimebound:FinishingTackle"],"picked":"Slimebound:SplitLeeching","floor":14.0},{"not_picked":["Slimebound:FlameTackle","Slimebound:SplitBruiser","Slimebound:AcidTongue"],"picked":"SKIP","floor":15.0},{"not_picked":["Slimebound:LevelUp","Slimebound:ItLooksTasty"],"picked":"Slimebound:Prepare+1","floor":19.0},{"not_picked":["Slimebound:LeadByExample+1","Slimebound:RejuvenatingLick"],"picked":"Slimebound:GoopSpray+1","floor":20.0},{"not_picked":["Slimebound:Schlurp","Slimebound:HauntingLick","Slimebound:SplitMire+1"],"picked":"SKIP","floor":21.0},{"not_picked":["Slimebound:SplitAcid","Slimebound:FinishingTackle","Slimebound:SlimeSpikes"],"picked":"SKIP","floor":22.0},{"not_picked":["Slimebound:SplitLeeching","Slimebound:SplitMire","Slimebound:LivingWall"],"picked":"SKIP","floor":23.0},{"not_picked":["Slimebound:GoopTackle","Slimebound:SplitBruiser+1","Slimebound:SlimeTap+1"],"picked":"SKIP","floor":25.0},{"not_picked":["Slimebound:LeechEnergy","Slimebound:SlimeSpikes"],"picked":"Slimebound:GrowthPunch","floor":26.0},{"not_picked":["Slimebound:RejuvenatingLick","Slimebound:DuplicatedForm","Slimebound:ComboTackle"],"picked":"SKIP","floor":28.0},{"not_picked":["Slimebound:FinishingTackle+1","Slimebound:LeechingTouch","Slimebound:PressTheAttack+1"],"picked":"SKIP","floor":31.0},{"not_picked":["Slimebound:Replication","Slimebound:Prepare","Slimebound:FlameTackle+1"],"picked":"SKIP","floor":32.0},{"not_picked":["Slimebound:RejuvenatingLick+1","Slimebound:SamplingLick","Slimebound:HauntingLick"],"picked":"SKIP","floor":36.0},{"not_picked":["Slimebound:GoopTackle+1","Slimebound:LivingWall","Slimebound:SlimeBrawl"],"picked":"SKIP","floor":37.0},{"not_picked":["Slimebound:TongueLash+1","Slimebound:GoopSpray+1","Slimebound:AcidTongue+1"],"picked":"SKIP","floor":40.0},{"not_picked":["Slimebound:SplitLeeching","Slimebound:ComboTackle","Slimebound:MegaLick"],"picked":"SKIP","floor":42.0},{"not_picked":["Slimebound:RollThrough+1","Slimebound:GoopTackle","Slimebound:PressTheAttack"],"picked":"SKIP","floor":43.0},{"not_picked":["Slimebound:ServeAndProtect+1","Slimebound:RejuvenatingLick+1","Slimebound:DivideAndConquer"],"picked":"SKIP","floor":44.0},{"not_picked":["Slimebound:TongueLash+1","Slimebound:GoopTackle+1","Slimebound:SplitAcid"],"picked":"SKIP","floor":45.0},{"not_picked":["Slimebound:SlimeSlap","Slimebound:ComboTackle","Slimebound:Nibble"],"picked":"SKIP","floor":48},{"not_picked":["Slimebound:GoopSpray","Slimebound:Schlurp+1"],"picked":"Slimebound:GrowthPunch","floor":49}],"player_experience":332164,"relics_obtained":[{"floor":7.0,"key":"Regal Pillow"},{"floor":23.0,"key":"Pear"},{"floor":24.0,"key":"Pocketwatch"},{"floor":25.0,"key":"ReplayTheSpireMod:TigerMarble"},{"floor":41.0,"key":"Frozen Egg 2"}],"event_choices":[{"cards_removed":["Slimebound:Tackle"],"damage_healed":0.0,"max_hp_gain":0.0,"max_hp_loss":0.0,"gold_gain":0.0,"event_name":"Bonfire Elementals","player_choice":"Offered Basic","floor":3.0,"gold_loss":0.0,"damage_taken":0.0},{"damage_healed":0.0,"max_hp_gain":0.0,"max_hp_loss":0.0,"gold_gain":0.0,"cards_transformed":["Slimebound:CorrosiveSpit"],"event_name":"Living Wall","player_choice":"Change","floor":8.0,"gold_loss":0.0,"damage_taken":0.0,"cards_obtained":["Slimebound:Teamwork"]},{"damage_healed":0.0,"max_hp_gain":0.0,"max_hp_loss":0.0,"gold_gain":0.0,"cards_transformed":["Slimebound:Defend_Slimebound","Slimebound:Strike_Slimebound"],"event_name":"Drug Dealer","player_choice":"Became Test Subject","floor":29.0,"gold_loss":0.0,"damage_taken":0.0,"cards_obtained":["Slimebound:AcidTongue","Slimebound:SplitBruiser"]},{"damage_healed":0.0,"max_hp_gain":0.0,"max_hp_loss":0.0,"gold_gain":0.0,"event_name":"Mysterious Sphere","player_choice":"Ignored","floor":39.0,"gold_loss":0.0,"damage_taken":0.0}],"is_beta":false,"boss_relics":[{"not_picked":["Replay:Ancient Bell","Philosopher\u0027s Stone"],"picked":"Replay:Drink Me"},{"not_picked":["Slimebound:TarBlob","Honey Jar"],"picked":"SacredBark"}],"items_purged_floors":[36,36],"is_endless":false,"potions_floor_spawned":[2,12,14,20,22,25,31,33,37,42,45,49],"ascension_level":0}}