{"host":"xivxriq6evn7ck0f","time":1612957745,"event":{"mods":["AchievementEnabler","BaseMod","Infinite Spire","Minty Spire (QoL Compilation)","StSLib"],"gold_per_floor":[114,114,130,205,205,232,244,256,268,299,337,349,380,404,416,548,560,592,589,615,627,554,566,590,602,614,626,638,650,650],"floor_reached":29,"language":"ENG","playtime":1721,"items_purged":[],"score":322,"play_id":"ed1fdf14-4a76-4cab-97dc-26e2146a6556","local_time":"20210210124905","is_ascension_mode":true,"campfire_choices":[{"floor":12,"key":"REST"},{"data":"Warcry","floor":15,"key":"SMITH"},{"floor":23,"key":"REST"},{"data":"infinitespire:OneForAll","floor":28,"key":"SMITH"}],"circlet_count":0,"master_deck":["Strike_R","Strike_R","Strike_R","Strike_R","Defend_R","Defend_R","Defend_R","Defend_R","Bash","Flex","Shrug It Off","Pommel Strike","Entrench","Regret","infinitespire:OneForAll+1","Warcry+1","Metallicize","Exhume","Warcry","Fire Breathing","Metallicize","infinitespire:Collect","Barricade"],"relics":["Cursed Key","MawBank","infinitespire:EmpoweringShard","Meat on the Bone","Omamori","infinitespire:Burning Sword","Happy Flower","Pear","infinitespire:Bottled Soul"],"acts_visited":["Exordium","TheCity"],"potions_floor_usage":[16,16,16,16,16,16,29],"damage_taken":[{"damage":0,"enemies":"Cultist","floor":1,"turns":3},{"damage":0,"enemies":"Small Slimes","floor":3,"turns":4},{"damage":22,"enemies":"3 Sentries","floor":6,"turns":8},{"damage":9,"enemies":"Jaw Worm","floor":10,"turns":2},{"damage":32,"enemies":"Gremlin Nob","floor":11,"turns":4},{"damage":0,"enemies":"3 Louse","floor":13,"turns":2},{"damage":4,"enemies":"Blue Slaver","floor":14,"turns":4},{"damage":11,"enemies":"The Guardian","floor":16,"turns":17},{"damage":15,"enemies":"3 Byrds","floor":18,"turns":5},{"damage":16,"enemies":"2 Thieves","floor":19,"turns":4},{"damage":38,"enemies":"3 Cultists","floor":20,"turns":6},{"damage":23,"enemies":"Snake Plant","floor":24,"turns":2},{"damage":38,"enemies":"Chosen and Byrds","floor":29,"turns":4}],"seed_played":"357966341760091195","potions_obtained":[{"floor":1,"key":"Explosive Potion"},{"floor":3,"key":"EntropicBrew"},{"floor":6,"key":"Swift Potion"},{"floor":14,"key":"ColorlessPotion"},{"floor":20,"key":"FearPotion"}],"is_trial":false,"path_per_floor":["M","?","M","?","?","E","$","?","T","M","E","R","M","M","R","B",null,"M","M","M","?","?","R","M","?","T","AVR","R","M"],"character_chosen":"IRONCLAD","items_purchased":[],"campfire_rested":2,"item_purchase_floors":[],"current_hp_per_floor":[80,80,80,69,74,52,52,52,52,43,23,48,48,44,44,45,85,70,54,28,7,7,32,21,21,31,31,31,0,0],"gold":650,"neow_bonus":"BOSS_RELIC","is_daily":false,"chose_seed":false,"campfire_upgraded":2,"win_rate":0.0,"timestamp":1612957745,"path_taken":["M","?","M","?","?","E","?","?","T","M","E","R","?","M","R","BOSS","M","M","M","?","?","R","M","?","T","AVR","R","M"],"items_purchased_type":[],"build_version":"2020-12-22","purchased_purges":0,"victory":false,"max_hp_per_floor":[80,80,80,80,85,85,85,85,85,85,85,85,85,85,85,85,85,85,85,85,85,85,85,85,85,95,95,95,95,95],"card_choices":[{"not_picked":["Thunderclap","Shockwave"],"picked":"Flex","floor":1},{"not_picked":["Disarm","Twin Strike"],"picked":"Pommel Strike","floor":3},{"not_picked":["Rupture","True Grit"],"picked":"Entrench","floor":6},{"not_picked":["Juggernaut","Second Wind"],"picked":"infinitespire:OneForAll","floor":10},{"not_picked":["True Grit","Pummel"],"picked":"Warcry","floor":11},{"not_picked":["Reckless Charge","Intimidate","Cleave"],"picked":"SKIP","floor":13},{"not_picked":["Clash","Havoc"],"picked":"Metallicize","floor":14},{"not_picked":["Berserk","Fiend Fire"],"picked":"Exhume","floor":16},{"not_picked":["Twin Strike+1","Searing Blow"],"picked":"Warcry","floor":18},{"not_picked":["Warcry","Sword Boomerang"],"picked":"Fire Breathing","floor":19},{"not_picked":["Flex","Combust+1"],"picked":"Metallicize","floor":20},{"not_picked":["infinitespire:Fortify","infinitespire:FinalStrike"],"picked":"infinitespire:Collect","floor":21},{"not_picked":["Shrug It Off","Shockwave"],"picked":"Barricade","floor":24}],"player_experience":177499,"relics_obtained":[{"floor":6,"key":"MawBank"},{"floor":9,"key":"Meat on the Bone"},{"floor":11,"key":"Omamori"},{"floor":26,"key":"Pear"}],"event_choices":[{"damage_healed":0,"gold_gain":0,"cards_transformed":["Strike_R"],"player_choice":"Change","damage_taken":0,"max_hp_gain":0,"max_hp_loss":0,"event_name":"Living Wall","floor":2,"gold_loss":0,"cards_obtained":["Shrug It Off"]},{"damage_healed":0,"gold_gain":75,"player_choice":"Gather Gold","damage_taken":11,"max_hp_gain":0,"max_hp_loss":0,"event_name":"World of Goop","floor":4,"gold_loss":0},{"damage_healed":0,"gold_gain":0,"player_choice":"Donut","damage_taken":0,"max_hp_gain":5,"max_hp_loss":0,"event_name":"Big Fish","floor":5,"gold_loss":0},{"damage_healed":0,"gold_gain":0,"player_choice":"Searched \u00272\u0027 times","damage_taken":0,"relics_obtained":["infinitespire:EmpoweringShard"],"max_hp_gain":0,"max_hp_loss":0,"event_name":"Dead Adventurer","floor":8,"gold_loss":0},{"damage_healed":0,"gold_gain":0,"player_choice":"Obtained Relic","damage_taken":0,"relics_obtained":["Happy Flower"],"max_hp_gain":0,"max_hp_loss":0,"event_name":"Addict","floor":22,"gold_loss":85},{"damage_healed":0,"gold_gain":0,"player_choice":"Ignored","damage_taken":0,"max_hp_gain":0,"max_hp_loss":0,"event_name":"Ghosts","floor":25,"gold_loss":0}],"is_beta":false,"boss_relics":[{"not_picked":["infinitespire:Cupcake","Ectoplasm"],"picked":"infinitespire:Burning Sword"}],"items_purged_floors":[],"is_endless":false,"potions_floor_spawned":[1,3,6,14,20],"killed_by":"Chosen and Byrds","ascension_level":1}}