{"host":"m9osufisr3agwk96","time":1612937548,"event":{"mods":["AchievementEnabler","Aspiration","BaseMod","Colored Map","Colored Powertips","Downfall","Friendly Minions","Hermit","Highlight Path","Hubris","Minty Spire (QoL Compilation)","Rare Cards Sparkle","Reliquary","Replay The Spire","Shop Mod","StSLib"],"gold_per_floor":[115,125,125,135,135,160,160,160,186,29,29,44,44,44,44,62,62,166,166,177,177,177],"floor_reached":21,"language":"ENG","playtime":599,"items_purged":[],"score":177,"play_id":"60f1daef-4316-45e1-9a47-22607d068c88","local_time":"20210209221228","is_ascension_mode":false,"campfire_choices":[{"data":"hermit:Covet","floor":8,"key":"SMITH"},{"floor":17,"key":"RECALL"}],"circlet_count":0,"master_deck":["hermit:Strike_Hermit","hermit:Strike_Hermit","hermit:Strike_Hermit","hermit:Strike_Hermit","hermit:Defend_Hermit","hermit:Defend_Hermit","hermit:Defend_Hermit","hermit:Defend_Hermit","hermit:Snapshot","hermit:Covet+1","hermit:Shortfuse","hermit:CalledShot","hermit:HighCaliber+1","Parasite","Pot Of Greed","Pot Of Greed","hermit:Shortfuse+1","hermit:Horror","hermit:Purgatory+1","hermit:TakeCover"],"relics":["hermit:Momento","NeowsBlessing","Molten Egg 2","reliquary:TuningFork","Replay:Rubber Ducky","Grinning Jar","hubris:Towel","Black Star"],"acts_visited":["Exordium","TheCity"],"potions_floor_usage":[18,20],"damage_taken":[{"damage":0,"enemies":"Cultist","floor":1,"turns":1},{"damage":0,"enemies":"2 Louse","floor":2,"turns":1},{"damage":0,"enemies":"Small Slimes","floor":4,"turns":1},{"damage":25,"enemies":"Gremlin Nob","floor":6,"turns":4},{"damage":0,"enemies":"2 Fungi Beasts","floor":12,"turns":2},{"damage":11,"enemies":"Red Slaver","floor":16,"turns":3},{"damage":50,"enemies":"Slime Boss","floor":18,"turns":13},{"damage":51,"enemies":"3 Byrds","floor":20,"turns":3},{"damage":24,"enemies":"Spheric Guardian","floor":21,"turns":4}],"seed_played":"6004584866747708725","potions_obtained":[{"floor":12,"key":"Milkshake"},{"floor":18,"key":"Fire Potion"}],"is_trial":false,"path_per_floor":["M","M","?","M","?","E","?","R","T","$","?","M","PTL","PTL","?","M","R_BF","B",null,"M","M"],"character_chosen":"HERMIT","items_purchased":["Grinning Jar"],"campfire_rested":0,"item_purchase_floors":[10],"current_hp_per_floor":[75,75,75,75,75,50,68,68,68,68,68,68,68,68,75,64,64,14,75,24,0,0],"gold":177,"neow_bonus":"THREE_ENEMY_KILL","is_daily":false,"chose_seed":false,"campfire_upgraded":1,"win_rate":0.0,"timestamp":1612937548,"path_taken":["M","M","?","M","?","E","?","R","T","$","?","M","PTL","PTL","?","?","R_BF","BOSS","M","M"],"items_purchased_type":["Relic"],"build_version":"2020-12-22","purchased_purges":0,"victory":false,"max_hp_per_floor":[75,75,75,75,75,75,75,75,75,75,75,75,75,75,75,75,75,75,75,75,75,75],"card_choices":[{"not_picked":["hermit:CalledShot","hermit:Manifest"],"picked":"hermit:Shortfuse","floor":1},{"not_picked":["hermit:Ricochet","hermit:Vantage"],"picked":"hermit:CalledShot","floor":2},{"not_picked":["hermit:Virtue","hermit:Coalescence"],"picked":"hermit:HighCaliber+1","floor":4},{"not_picked":["hermit:Feint","hermit:Coalescence"],"picked":"hermit:Spite+1","floor":6},{"not_picked":["hermit:Grudge+1","hermit:LowProfile"],"picked":"hermit:Shortfuse+1","floor":12},{"not_picked":["hermit:TakeAim","hermit:SprayPray+1"],"picked":"hermit:Horror","floor":16},{"not_picked":["hermit:EternalForm","hermit:FatalDesire"],"picked":"hermit:Purgatory+1","floor":18},{"not_picked":["hermit:Roulette+1","hermit:Maintenance"],"picked":"hermit:TakeCover","floor":20}],"player_experience":439659,"relics_obtained":[{"floor":6,"key":"reliquary:TuningFork"},{"floor":9,"key":"Replay:Rubber Ducky"}],"event_choices":[{"cards_removed":["Injury"],"damage_healed":0,"gold_gain":0,"player_choice":"Forget","damage_taken":0,"max_hp_gain":0,"max_hp_loss":0,"event_name":"Living Wall","floor":5,"gold_loss":0},{"damage_healed":18,"gold_gain":0,"player_choice":"Healed and dodged fight","damage_taken":0,"max_hp_gain":0,"max_hp_loss":0,"event_name":"Mushrooms","floor":7,"gold_loss":0,"cards_obtained":["Parasite"]},{"cards_removed":["hermit:Spite"],"damage_healed":7,"gold_gain":0,"player_choice":"Offered Uncommon","damage_taken":0,"max_hp_gain":0,"max_hp_loss":0,"event_name":"Bonfire Elementals","floor":15,"gold_loss":0}],"is_beta":false,"boss_relics":[{"not_picked":["Philosopher\u0027s Stone","Replay:Wanted Poster"],"picked":"Black Star"}],"items_purged_floors":[],"is_endless":false,"potions_floor_spawned":[12,18],"killed_by":"Spheric Guardian","ascension_level":0}}