{"host":"epc8efk9vrywpcsw","time":1612975035,"event":{"mods":["BaseMod","Minty Spire (QoL Compilation)","Relic Stats","StSLib"],"gold_per_floor":[115,115,115,265,288,328,200,200,226,247,247,285,360,380,380,380,380],"floor_reached":16,"language":"ENG","playtime":213,"items_purged":["Doubt"],"score":246,"play_id":"949b2346-8045-4668-88a1-abf87da14785","local_time":"20210210173715","is_ascension_mode":true,"campfire_choices":[{"data":"Barrage","floor":11,"key":"SMITH"},{"data":"Zap","floor":15,"key":"SMITH"}],"circlet_count":0,"master_deck":["AscendersBane","Strike_B","Strike_B","Strike_B","Strike_B","Defend_B","Defend_B","Defend_B","Defend_B","Zap+1","Dualcast","Compile Driver","Barrage","Capacitor","Barrage+1","Regret","Ball Lightning","Leap","Barrage"],"relics":["Cracked Core","NeowsBlessing","Golden Idol","Blue Candle","InkBottle","Potion Belt","Torii"],"acts_visited":["Exordium"],"potions_floor_usage":[],"damage_taken":[{"damage":0.0,"enemies":"Jaw Worm","floor":1.0,"turns":1.0},{"damage":0.0,"enemies":"Small Slimes","floor":5.0,"turns":1.0},{"damage":0,"enemies":"3 Sentries","floor":6,"turns":1},{"damage":2,"enemies":"2 Louse","floor":10,"turns":3},{"damage":20,"enemies":"Gremlin Nob","floor":12,"turns":3},{"damage":17,"enemies":"Exordium Wildlife","floor":14,"turns":3},{"damage":1,"enemies":"Slime Boss","floor":16,"turns":3}],"seed_played":"6513522342893052060","potions_obtained":[{"floor":1.0,"key":"Fruit Juice"},{"floor":10,"key":"CultistPotion"},{"floor":14,"key":"SteroidPotion"}],"is_trial":false,"path_per_floor":["M","?","?","?","M","E","$","?","T","M","R","E","?","M","R","B"],"character_chosen":"DEFECT","items_purchased":["Barrage"],"campfire_rested":0,"item_purchase_floors":[7],"current_hp_per_floor":[64,64,69,69,69,69,69,69,69,67,67,47,36,19,19,18,18],"gold":380,"neow_bonus":"THREE_ENEMY_KILL","is_daily":false,"chose_seed":false,"campfire_upgraded":2,"win_rate":0.0,"timestamp":1612975035,"path_taken":["M","?","?","?","?","E","$","?","T","M","R","E","?","M","R","BOSS"],"items_purchased_type":["Card"],"build_version":"2020-12-22","purchased_purges":1,"victory":false,"max_hp_per_floor":[71,71,69,69,69,69,69,69,69,69,69,69,69,69,69,69,69],"relic_stats":{"Torii":2,"counters":[7,15],"Golden Idol":29,"Blue Candle":[5],"obtain_stats":[{"Potion Belt":9,"NeowsBlessing":0,"Torii":12,"Golden Idol":3,"Blue Candle":6,"Cracked Core":0,"InkBottle":8},{"Potion Belt":3,"NeowsBlessing":0,"Torii":5,"Golden Idol":1,"Blue Candle":3,"Cracked Core":0,"InkBottle":3},{"Potion Belt":3,"NeowsBlessing":0,"Torii":9,"Golden Idol":1,"Blue Candle":3,"Cracked Core":0,"InkBottle":3}],"InkBottle":[3]},"card_choices":[{"not_picked":["Reinforced Body","Barrage"],"picked":"Compile Driver","floor":1.0},{"not_picked":["Compile Driver","Leap"],"picked":"Barrage","floor":5.0},{"not_picked":["Leap","Hologram"],"picked":"Capacitor","floor":6},{"not_picked":["Defragment","Rip and Tear"],"picked":"Ball Lightning","floor":10},{"not_picked":["Hologram","Steam Power"],"picked":"Leap","floor":12},{"not_picked":["Capacitor","Compile Driver"],"picked":"Barrage","floor":14}],"player_experience":515567,"relics_obtained":[{"floor":6,"key":"Blue Candle"},{"floor":9,"key":"Potion Belt"},{"floor":12,"key":"Torii"}],"event_choices":[{"damage_healed":0.0,"max_hp_gain":0.0,"max_hp_loss":0.0,"gold_gain":0.0,"event_name":"The Cleric","player_choice":"Leave","floor":2.0,"gold_loss":0.0,"damage_taken":0.0},{"damage_healed":0.0,"max_hp_gain":0.0,"max_hp_loss":7.0,"gold_gain":0.0,"event_name":"Golden Idol","player_choice":"Lose Max HP","floor":3.0,"gold_loss":0.0,"damage_taken":0.0,"relics_obtained":["Golden Idol"]},{"damage_healed":0.0,"max_hp_gain":0.0,"max_hp_loss":0.0,"gold_gain":150.0,"event_name":"Liars Game","player_choice":"AGREE","floor":4.0,"gold_loss":0.0,"damage_taken":0.0,"cards_obtained":["Doubt"]},{"damage_healed":0,"gold_gain":0,"player_choice":"Box","damage_taken":0,"relics_obtained":["InkBottle"],"max_hp_gain":0,"max_hp_loss":0,"event_name":"Big Fish","floor":8,"gold_loss":0,"cards_obtained":["Regret"]},{"damage_healed":0,"gold_gain":75,"player_choice":"Gather Gold","damage_taken":11,"max_hp_gain":0,"max_hp_loss":0,"event_name":"World of Goop","floor":13,"gold_loss":0}],"is_beta":false,"boss_relics":[],"items_purged_floors":[7],"is_endless":false,"potions_floor_spawned":[1,10,14],"killed_by":"Slime Boss","ascension_level":17}}