{"host":"nb3r5a3er9rrnn3n","time":1612917913,"event":{"mods":["BaseMod","Colored Map","Downfall","Minty Spire (QoL Compilation)","Relic Stats","Spire Arcade","StSLib"],"gold_per_floor":[99,112,126,143,143,143,222,236,236,42,68,87,87,87,87],"floor_reached":13,"language":"ENG","playtime":717,"items_purged":[],"score":128,"play_id":"daca2a1c-337f-47d9-9aac-a33fb5088f2f","local_time":"20210210114513","is_ascension_mode":true,"campfire_choices":[{"data":"The Bomb","floor":1,"key":"SMITH"},{"data":"sneckomod:SoulDraw","floor":6,"key":"SMITH"},{"data":"sneckomod:SoulDraw","floor":9,"key":"SMITH"}],"circlet_count":0,"master_deck":["AscendersBane","sneckomod:Strike","sneckomod:Strike","sneckomod:Strike+1","sneckomod:Defend","sneckomod:Defend","sneckomod:Defend","sneckomod:TailWhip+1","sneckomod:SnekBite","sneckomod:Unknown","sneckomod:Unknown+1","The Bomb+1","sneckomod:SoulRoll","sneckomod:Rotation","sneckomod:SoulDraw+1","downfall:Malfunctioning","sneckomod:SoulDraw+1","sneckomod:TrashToTreasure","expansioncontent:QuickStudy","sneckomod:UnknownWeak","sneckomod:SoulExchange"],"relics":["sneckomod:SneckoSoul","Torii"],"acts_visited":["Exordium"],"potions_floor_usage":[8,13],"damage_taken":[{"damage":1,"enemies":"Cultist","floor":2,"turns":3},{"damage":0,"enemies":"Jaw Worm","floor":3,"turns":4},{"damage":9,"enemies":"2 Louse","floor":4,"turns":2},{"damage":29,"enemies":"Gremlin Gang","floor":8,"turns":5},{"damage":0,"enemies":"downfall:FleeingMerchant","floor":10,"turns":4},{"damage":12,"enemies":"Gremlin Nob","floor":11,"turns":3},{"damage":0,"enemies":"3 Louse","floor":12,"turns":2},{"damage":41,"enemies":"3 Sentries","floor":13,"turns":4}],"seed_played":"-6707057816933258407","potions_obtained":[{"floor":3,"key":"Block Potion"},{"floor":4,"key":"Fruit Juice"}],"is_trial":false,"path_per_floor":["R","M","M","M","?","R","T","M","R","$","E","M","E"],"character_chosen":"THE_SNECKO","items_purchased":["expansioncontent:QuickStudy"],"campfire_rested":0,"item_purchase_floors":[10],"current_hp_per_floor":[81,80,80,71,71,71,71,42,42,42,30,30,0,0,0],"gold":87,"neow_bonus":"RANDOM_COLORLESS_2","is_daily":false,"chose_seed":false,"campfire_upgraded":3,"win_rate":0.0,"timestamp":1612917913,"path_taken":["R","M","M","?","?","R","T","M","R","?","E","M","E"],"items_purchased_type":["Card"],"build_version":"2020-12-22","purchased_purges":0,"victory":false,"max_hp_per_floor":[81,81,81,81,81,81,81,81,81,81,81,81,86,86,86],"relic_stats":{"Torii":4,"counters":[8,27],"obtain_stats":[{"Torii":11,"sneckomod:SneckoSoul":0},{"Torii":6,"sneckomod:SneckoSoul":0},{"Torii":21,"sneckomod:SneckoSoul":0}]},"card_choices":[{"not_picked":["Transmutation","Violence"],"picked":"The Bomb","floor":0},{"not_picked":["sneckomod:UnknownCommonAttack","sneckomod:Unknown1Cost"],"picked":"sneckomod:SoulRoll","floor":2},{"not_picked":["sneckomod:SlitherStrike","sneckomod:RainOfDice"],"picked":"sneckomod:Rotation","floor":3},{"not_picked":["sneckomod:UnknownDraw","sneckomod:Nope"],"picked":"sneckomod:SoulDraw","floor":4},{"not_picked":["sneckomod:UnknownVulnerable","sneckomod:UnknownDraw"],"picked":"sneckomod:SoulDraw","floor":8},{"not_picked":["sneckomod:UnknownDraw","sneckomod:SlitherStrike"],"picked":"sneckomod:TrashToTreasure","floor":10},{"not_picked":["sneckomod:UnknownCommonAttack","sneckomod:UnknownCommonSkill"],"picked":"sneckomod:UnknownWeak","floor":11},{"not_picked":["sneckomod:UnendingSupply","sneckomod:DiceCrush"],"picked":"sneckomod:SoulExchange","floor":12}],"player_experience":1974643,"relics_obtained":[{"floor":11,"key":"Torii"}],"event_choices":[],"is_beta":false,"boss_relics":[],"items_purged_floors":[],"is_endless":false,"potions_floor_spawned":[3,4],"killed_by":"3 Sentries","ascension_level":10}}