{"host":"p1xsuo25udtrkbq2","time":1612945570,"event":{"mods":["BaseMod","Colored Map","Googly Eyes","Highlight Path","Minty Spire (QoL Compilation)","Quick Restart","Rare Cards Sparkle","Relic Stats","Slay the Relics Exporter","StSLib","everything is the same but u backflip on backflip"],"gold_per_floor":[11,11,25,25,41,75,75,100,100,100,52,87,87,106,106,206,206,219,9,23,23,50,83,83,109,132,167,167,182,200,170,170,269,269,285,305,316,15,26,55,68,94,142,173,173,193,243,465,465,465,465,465,131,166,166],"floor_reached":56,"language":"ENG","playtime":7162,"items_purged":["Strike_B","Strike_B","Strike_B"],"score":1959,"play_id":"809e2dda-34e6-41fb-bb98-ae051225a541","local_time":"20210210032610","is_ascension_mode":true,"campfire_choices":[{"data":"Sunder","floor":7.0,"key":"SMITH"},{"data":"Coolheaded","floor":10.0,"key":"SMITH"},{"floor":13.0,"key":"REST"},{"data":"Undo","floor":15.0,"key":"SMITH"},{"floor":28.0,"key":"REST"},{"data":"Multi-Cast","floor":32.0,"key":"SMITH"},{"data":"Turbo","floor":45.0,"key":"SMITH"},{"floor":49.0,"key":"RECALL"},{"data":"Reinforced Body","floor":52.0,"key":"SMITH"}],"circlet_count":0,"master_deck":["AscendersBane","Defend_B","Defend_B","Defend_B","Defend_B","Zap","Dualcast","Gash","Rip and Tear","Go for the Eyes","Sunder+1","Coolheaded+1","Capacitor+1","Ball Lightning+1","Cold Snap+1","Undo+1","Core Surge","Hologram+1","Defragment+1","Doom and Gloom","Genetic Algorithm","Beam Cell+1","Multi-Cast+1","Steam+1","Self Repair+1","Biased Cognition+1","Defragment+1","Capacitor+1","Turbo+1","Compile Driver+1","Reinforced Body+1","Loop+1","Defragment+1","Parasite","Core Surge","Coolheaded+1","Defragment+1","Stack"],"relics":["FrozenCore","Mango","Frozen Egg 2","Symbiotic Virus","Bottled Tornado","Torii","Membership Card","Red Mask","Incense Burner","Bottled Lightning","Regal Pillow","Matryoshka","Coffee Dripper","Whetstone","Singing Bowl","Lantern","Sundial","Oddly Smooth Stone","Pen Nib","Girya","ClockworkSouvenir","InkBottle","Bag of Preparation"],"acts_visited":["Exordium","TheCity","TheBeyond","TheEnding"],"potions_floor_usage":[54,55],"damage_taken":[{"damage":0.0,"enemies":"Small Slimes","floor":1.0,"turns":2.0},{"damage":2.0,"enemies":"Jaw Worm","floor":3.0,"turns":3.0},{"damage":0.0,"enemies":"Cultist","floor":5.0,"turns":3.0},{"damage":10.0,"enemies":"Gremlin Nob","floor":6.0,"turns":3.0},{"damage":19.0,"enemies":"Lagavulin","floor":8.0,"turns":6.0},{"damage":29.0,"enemies":"3 Sentries","floor":12.0,"turns":6.0},{"damage":11.0,"enemies":"Looter","floor":14.0,"turns":2.0},{"damage":13.0,"enemies":"Hexaghost","floor":16.0,"turns":9.0},{"damage":9.0,"enemies":"Shell Parasite","floor":18.0,"turns":6.0},{"damage":0.0,"enemies":"Spheric Guardian","floor":20.0,"turns":4.0},{"damage":3.0,"enemies":"Masked Bandits","floor":22.0,"turns":5.0},{"damage":13.0,"enemies":"Book of Stabbing","floor":23.0,"turns":7.0},{"damage":13.0,"enemies":"Gremlin Leader","floor":25.0,"turns":6.0},{"damage":3.0,"enemies":"Book of Stabbing","floor":27.0,"turns":7.0},{"damage":0.0,"enemies":"Shelled Parasite and Fungi","floor":29.0,"turns":8.0},{"damage":1.0,"enemies":"Centurion and Healer","floor":30.0,"turns":9.0},{"damage":11.0,"enemies":"Champ","floor":33.0,"turns":13.0},{"damage":3.0,"enemies":"Orb Walker","floor":35.0,"turns":5.0},{"damage":3.0,"enemies":"3 Shapes","floor":36.0,"turns":6.0},{"damage":23.0,"enemies":"Writhing Mass","floor":37.0,"turns":10.0},{"damage":3.0,"enemies":"Sphere and 2 Shapes","floor":39.0,"turns":9.0},{"damage":0.0,"enemies":"Giant Head","floor":40.0,"turns":8.0},{"damage":12.0,"enemies":"4 Shapes","floor":41.0,"turns":8.0},{"damage":11.0,"enemies":"Nemesis","floor":42.0,"turns":7.0},{"damage":7.0,"enemies":"Reptomancer","floor":44.0,"turns":9.0},{"damage":1.0,"enemies":"Writhing Mass","floor":46.0,"turns":7.0},{"damage":6.0,"enemies":"Mind Bloom Boss Battle","floor":47.0,"turns":6.0},{"damage":7.0,"enemies":"Time Eater","floor":50.0,"turns":17.0},{"damage":6,"enemies":"Shield and Spear","floor":54,"turns":11},{"damage":20,"enemies":"The Heart","floor":55,"turns":12}],"seed_played":"-9074953901596038757","potions_obtained":[{"floor":1.0,"key":"Ancient Potion"},{"floor":3.0,"key":"FearPotion"},{"floor":4.0,"key":"EntropicBrew"},{"floor":16.0,"key":"AttackPotion"},{"floor":23.0,"key":"Explosive Potion"},{"floor":25.0,"key":"BlessingOfTheForge"},{"floor":29.0,"key":"FearPotion"},{"floor":31.0,"key":"EssenceOfSteel"},{"floor":36.0,"key":"Dexterity Potion"},{"floor":44.0,"key":"Ancient Potion"},{"floor":46.0,"key":"FocusPotion"},{"floor":54,"key":"FearPotion"}],"is_trial":false,"path_per_floor":["M","?","M","?","M","E","R","E","T","R","$","E","R","M","R","B",null,"M","$","M","?","?","E","?","E","T","E","R","M","M","?","R","B",null,"M","M","M","$","M","E","M","E","T","E","R","M","?","?","R","B",null,"R","$","E","B",null],"character_chosen":"DEFECT","items_purchased":["Ball Lightning","Membership Card","Fire Potion","Whetstone","Singing Bowl","SpeedPotion","SpeedPotion","ClockworkSouvenir","InkBottle","Defragment+1","Stack"],"campfire_rested":2,"item_purchase_floors":[11,19,19,38,38,38,38,53,53,53,53],"current_hp_per_floor":[82,82,80,80,80,70,70,51,51,51,51,37,63,52,52,39,77,68,68,68,68,65,52,35,22,22,19,62,62,71,71,71,70,88,85,92,79,79,88,96,94,93,93,96,96,96,96,96,96,96,96,96,96,98,88],"gold":166,"neow_bonus":"ONE_RARE_RELIC","is_daily":false,"chose_seed":false,"campfire_upgraded":6,"win_rate":0.0,"timestamp":1612945570,"path_taken":["M","?","M","?","M","E","R","E","T","R","$","E","R","?","R","BOSS","M","$","M","?","?","E","?","E","T","E","R","?","M","?","R","BOSS","M","M","?","$","M","E","M","E","T","E","R","M","?","?","R","BOSS","R","$","E","BOSS"],"items_purchased_type":["Card","Relic","Potion","Relic","Relic","Potion","Potion","Relic","Relic","Card","Card"],"build_version":"2020-12-22","purchased_purges":3,"victory":true,"max_hp_per_floor":[89,89,89,89,89,89,89,89,89,89,89,89,89,89,89,89,89,89,89,89,89,89,89,94,94,94,94,94,94,94,94,94,94,94,94,94,94,94,96,96,96,96,96,96,96,96,96,96,96,96,96,96,96,98,98],"relic_stats":{"Regal Pillow":15,"Torii":49,"Singing Bowl":4,"counters":[30,213],"Sundial":[4],"Pen Nib":[5],"Bag of Preparation":[2],"Whetstone":["Cold Snap","Ball Lightning"],"obtain_stats":[{"Girya":47,"Regal Pillow":26,"Lantern":40,"Torii":12,"Singing Bowl":38,"Oddly Smooth Stone":43,"Mango":0,"Pen Nib":44,"Incense Burner":23,"Bag of Preparation":54,"Whetstone":38,"Frozen Egg 2":6,"Bottled Tornado":9,"FrozenCore":17,"ClockworkSouvenir":53,"Matryoshka":27,"Sundial":42,"Red Mask":22,"Coffee Dripper":34,"Membership Card":19,"Bottled Lightning":25,"Cracked Core":0,"Symbiotic Virus":8,"InkBottle":53},{"Girya":27,"Regal Pillow":13,"Lantern":22,"Torii":6,"Singing Bowl":20,"Oddly Smooth Stone":24,"Mango":0,"Pen Nib":25,"Incense Burner":12,"Bag of Preparation":29,"Whetstone":20,"Frozen Egg 2":4,"Bottled Tornado":5,"FrozenCore":8,"ClockworkSouvenir":28,"Matryoshka":14,"Sundial":24,"Red Mask":11,"Coffee Dripper":17,"Membership Card":9,"Bottled Lightning":13,"Cracked Core":0,"Symbiotic Virus":5,"InkBottle":28},{"Girya":174,"Regal Pillow":62,"Lantern":137,"Torii":23,"Singing Bowl":120,"Oddly Smooth Stone":152,"Mango":0,"Pen Nib":161,"Incense Burner":56,"Bag of Preparation":201,"Whetstone":120,"Frozen Egg 2":11,"Bottled Tornado":17,"FrozenCore":34,"ClockworkSouvenir":191,"Matryoshka":69,"Sundial":152,"Red Mask":49,"Coffee Dripper":99,"Membership Card":40,"Bottled Lightning":62,"Cracked Core":0,"Symbiotic Virus":17,"InkBottle":191}],"InkBottle":[7],"FrozenCore":[87]},"card_choices":[{"not_picked":["Scrape","Recycle"],"picked":"Gash","floor":1.0},{"not_picked":["Redo","Skim"],"picked":"Go for the Eyes","floor":3.0},{"not_picked":["Recycle","Stack"],"picked":"Sunder","floor":5.0},{"not_picked":["Reprogram","Reboot"],"picked":"Coolheaded","floor":6.0},{"not_picked":["Skim","Turbo"],"picked":"Capacitor+1","floor":8.0},{"not_picked":["Stack","Sweeping Beam"],"picked":"Cold Snap","floor":12.0},{"not_picked":["Hello World+1","Rebound"],"picked":"Undo","floor":14.0},{"not_picked":["All For One","Hyperbeam"],"picked":"Core Surge","floor":16.0},{"not_picked":["Scrape","Hello World+1"],"picked":"Hologram+1","floor":18.0},{"not_picked":["Rebound+1","Compile Driver"],"picked":"Defragment+1","floor":20.0},{"not_picked":["Compile Driver","Hologram"],"picked":"Genetic Algorithm","floor":22.0},{"not_picked":["Cold Snap","Barrage"],"picked":"Beam Cell+1","floor":23.0},{"not_picked":["Reprogram","Conserve Battery"],"picked":"Multi-Cast","floor":25.0},{"not_picked":["Streamline","Force Field"],"picked":"Steam+1","floor":27.0},{"not_picked":["Ball Lightning","Compile Driver"],"picked":"Self Repair+1","floor":29.0},{"not_picked":["Sweeping Beam","Rebound+1","Doom and Gloom"],"picked":"SKIP","floor":30.0},{"not_picked":["Machine Learning+1","Core Surge"],"picked":"Biased Cognition+1","floor":33.0},{"not_picked":["Go for the Eyes","Streamline"],"picked":"Defragment+1","floor":35.0},{"not_picked":["Stack","Double Energy+1"],"picked":"Capacitor+1","floor":36.0},{"not_picked":["Force Field","Redo"],"picked":"Turbo","floor":37.0},{"not_picked":["Cold Snap","Auto Shields+1","Steam+1"],"picked":"Singing Bowl","floor":39.0},{"not_picked":["Ball Lightning+1","Sunder"],"picked":"Compile Driver+1","floor":40.0},{"not_picked":["Cold Snap+1","Steam+1"],"picked":"Reinforced Body","floor":41.0},{"not_picked":["Capacitor+1","Steam Power"],"picked":"Loop+1","floor":42.0},{"not_picked":["Stack+1","Skim"],"picked":"Defragment+1","floor":44.0},{"not_picked":["Rebound","Compile Driver"],"picked":"Core Surge","floor":46.0},{"not_picked":["Stack+1","Go for the Eyes"],"picked":"Coolheaded+1","floor":47.0},{"not_picked":["Go for the Eyes","Core Surge","Barrage+1"],"picked":"Singing Bowl","floor":54}],"player_experience":1049300,"relics_obtained":[{"floor":6.0,"key":"Frozen Egg 2"},{"floor":8.0,"key":"Symbiotic Virus"},{"floor":9.0,"key":"Bottled Tornado"},{"floor":12.0,"key":"Torii"},{"floor":22.0,"key":"Red Mask"},{"floor":23.0,"key":"Incense Burner"},{"floor":25.0,"key":"Bottled Lightning"},{"floor":26.0,"key":"Regal Pillow"},{"floor":27.0,"key":"Matryoshka"},{"floor":40.0,"key":"Lantern"},{"floor":42.0,"key":"Sundial"},{"floor":43.0,"key":"Oddly Smooth Stone"},{"floor":44.0,"key":"Pen Nib"},{"floor":47.0,"key":"Girya"},{"floor":54,"key":"Bag of Preparation"}],"event_choices":[{"damage_healed":0.0,"max_hp_gain":0.0,"max_hp_loss":0.0,"gold_gain":0.0,"cards_transformed":["Strike_B"],"event_name":"Living Wall","player_choice":"Change","floor":2.0,"gold_loss":0.0,"damage_taken":0.0,"cards_obtained":["Rip and Tear"]},{"damage_healed":0.0,"max_hp_gain":0.0,"max_hp_loss":0.0,"gold_gain":0.0,"event_name":"Lab","player_choice":"Got Potions","floor":4.0,"gold_loss":0.0,"damage_taken":0.0},{"damage_healed":0.0,"max_hp_gain":0.0,"max_hp_loss":0.0,"gold_gain":0.0,"event_name":"The Library","player_choice":"Read","floor":21.0,"gold_loss":0.0,"damage_taken":0.0,"cards_obtained":["Doom and Gloom"]},{"damage_healed":0.0,"max_hp_gain":0.0,"max_hp_loss":0.0,"gold_gain":0.0,"event_name":"Masked Bandits","player_choice":"Fought Bandits","floor":22.0,"gold_loss":0.0,"damage_taken":0.0},{"damage_healed":0.0,"max_hp_gain":5.0,"max_hp_loss":0.0,"gold_gain":0.0,"event_name":"Forgotten Altar","player_choice":"Shed Blood","floor":24.0,"gold_loss":0.0,"damage_taken":22.0},{"damage_healed":0.0,"max_hp_gain":0.0,"max_hp_loss":0.0,"gold_gain":0.0,"event_name":"The Woman in Blue","player_choice":"Bought 2 Potions","floor":31.0,"gold_loss":0.0,"damage_taken":0.0},{"damage_healed":0.0,"max_hp_gain":0.0,"max_hp_loss":0.0,"gold_gain":0.0,"event_name":"MindBloom","player_choice":"Fight","floor":47.0,"gold_loss":0.0,"damage_taken":0.0},{"damage_healed":0.0,"max_hp_gain":0.0,"max_hp_loss":0.0,"gold_gain":222.0,"event_name":"Tomb of Lord Red Mask","player_choice":"Wore Mask","floor":48.0,"gold_loss":0.0,"damage_taken":0.0}],"is_beta":false,"boss_relics":[{"not_picked":["Fusion Hammer","Sozu"],"picked":"FrozenCore"},{"not_picked":["Philosopher\u0027s Stone","Cursed Key"],"picked":"Coffee Dripper"}],"items_purged_floors":[19,38,53],"is_endless":false,"potions_floor_spawned":[1,3,16,23,25,29,36,42,44,46,47,54],"ascension_level":11}}