{"host":"1c17lcvl7acx821p","time":1612952964,"event":{"mods":["AchievementEnabler","BaseMod","Bestiary","Colored Map","Minty Spire (QoL Compilation)","Quick Restart","Relic Sorter","StSLib","ojb\u0027s Better Paths Mod","ojb\u0027s Info Mod"],"gold_per_floor":[111,111,126,126,145,145,162,162,162,189,201,221,296,261,261,333,333,353,372,125,143,103,103,116,116,116,150,36,36,36,36,36,110,110,127,127,41,58,70,97,107,107,107,107,0,18,18,18,18,18,18,18,18,18,18,18],"floor_reached":55,"language":"ENG","playtime":2439,"items_purged":["Strike_B","Strike_B"],"score":1734,"play_id":"c618ccc9-481d-4e46-b829-3acd70777d55","local_time":"20210210122924","is_ascension_mode":true,"campfire_choices":[{"data":"Static Discharge","floor":6.0,"key":"SMITH"},{"data":"Sunder","floor":8.0,"key":"SMITH"},{"floor":15.0,"key":"REST"},{"data":"Fission","floor":23.0,"key":"SMITH"},{"floor":25.0,"key":"REST"},{"floor":29.0,"key":"REST"},{"floor":32.0,"key":"REST"},{"floor":42.0,"key":"REST"},{"data":"Buffer","floor":44.0,"key":"SMITH"},{"floor":49.0,"key":"RECALL"},{"data":"Capacitor","floor":53,"key":"SMITH"}],"circlet_count":0,"master_deck":["AscendersBane","Defend_B","Defend_B","Defend_B+1","Zap+1","Dualcast+1","Rebound","Static Discharge+1","BootSequence","Sunder+1","Creative AI","Melter","Coolheaded","Buffer","Leap+1","Turbo","Fission+1","Coolheaded","Biased Cognition","Capacitor+1","Static Discharge+1","Meteor Strike","All For One+1","White Noise+1","Buffer+1","Echo Form"],"relics":["Cracked Core","NeowsBlessing","Ginger","FossilizedHelix","Snecko Eye","The Courier","Bottled Flame","Astrolabe","PreservedInsect","Red Mask"],"acts_visited":["Exordium","TheCity","TheBeyond","TheEnding"],"potions_floor_usage":[],"damage_taken":[{"damage":0.0,"enemies":"2 Louse","floor":1.0,"turns":1.0},{"damage":0.0,"enemies":"Cultist","floor":3.0,"turns":1.0},{"damage":0.0,"enemies":"Jaw Worm","floor":5.0,"turns":1.0},{"damage":0.0,"enemies":"Red Slaver","floor":7.0,"turns":4.0},{"damage":12.0,"enemies":"3 Sentries","floor":10.0,"turns":5.0},{"damage":0.0,"enemies":"3 Louse","floor":11.0,"turns":2.0},{"damage":5.0,"enemies":"Gremlin Gang","floor":12.0,"turns":4.0},{"damage":38.0,"enemies":"Hexaghost","floor":16.0,"turns":7.0},{"damage":5.0,"enemies":"3 Byrds","floor":18.0,"turns":4.0},{"damage":11.0,"enemies":"2 Thieves","floor":19.0,"turns":4.0},{"damage":34.0,"enemies":"3 Cultists","floor":21.0,"turns":4.0},{"damage":0.0,"enemies":"Sentry and Sphere","floor":24.0,"turns":6.0},{"damage":30.0,"enemies":"Slavers","floor":27.0,"turns":6.0},{"damage":0.0,"enemies":"Shelled Parasite and Fungi","floor":31.0,"turns":2.0},{"damage":23.0,"enemies":"Collector","floor":33.0,"turns":9.0},{"damage":0.0,"enemies":"3 Shapes","floor":35.0,"turns":6.0},{"damage":0.0,"enemies":"3 Darklings","floor":38.0,"turns":4.0},{"damage":0.0,"enemies":"4 Shapes","floor":39.0,"turns":7.0},{"damage":53.0,"enemies":"Giant Head","floor":40.0,"turns":8.0},{"damage":12.0,"enemies":"Jaw Worm Horde","floor":41.0,"turns":4.0},{"damage":0.0,"enemies":"Writhing Mass","floor":46.0,"turns":7.0},{"damage":26.0,"enemies":"Time Eater","floor":50.0,"turns":6.0},{"damage":22,"enemies":"Donu and Deca","floor":51,"turns":9},{"damage":32,"enemies":"Shield and Spear","floor":55,"turns":3}],"seed_played":"8258418580284903919","potions_obtained":[{"floor":5.0,"key":"DuplicationPotion"},{"floor":10.0,"key":"Block Potion"},{"floor":18.0,"key":"Fruit Juice"},{"floor":22.0,"key":"SmokeBomb"},{"floor":22.0,"key":"CultistPotion"},{"floor":24.0,"key":"DuplicationPotion"},{"floor":40.0,"key":"GamblersBrew"},{"floor":41.0,"key":"EssenceOfDarkness"}],"is_trial":false,"path_per_floor":["M","?","M","?","M","R","M","R","T","E","M","M","?","?","R","B",null,"M","M","$","M","?","R","M","R","T","E","$","R","?","M","R","B",null,"M","?","$","M","M","E","M","R","T","R","?","M","?","$","R","B","B",null,"R","$","E"],"character_chosen":"DEFECT","items_purchased":["Fission","Capacitor","EntropicBrew"],"campfire_rested":5,"item_purchase_floors":[20,28,37],"current_hp_per_floor":[64,64,64,43,43,43,43,43,43,31,31,26,15,32,53,15,57,52,41,41,7,12,12,12,34,34,4,4,26,26,26,48,25,63,63,68,68,68,68,15,3,25,25,25,25,25,62,62,62,36,14,50,50,50,18,18],"gold":18,"neow_bonus":"THREE_ENEMY_KILL","is_daily":false,"chose_seed":false,"campfire_upgraded":5,"win_rate":0.0,"timestamp":1612952964,"path_taken":["M","?","?","?","M","R","M","R","T","E","M","M","?","?","R","BOSS","M","M","$","M","?","R","?","R","T","E","$","R","?","M","R","BOSS","M","?","$","M","M","E","?","R","T","R","?","M","?","?","R","BOSS","BOSS","R","$","E"],"items_purchased_type":["Card","Card","Potion"],"build_version":"2020-12-22","purchased_purges":2,"victory":false,"max_hp_per_floor":[71,71,71,71,71,71,71,71,71,71,71,71,71,71,71,71,71,71,71,71,71,76,76,76,76,76,76,76,76,76,76,76,76,76,76,76,76,76,76,76,76,76,76,76,76,76,62,62,62,62,62,62,62,62,62,62],"card_choices":[{"not_picked":["Go for the Eyes","Blizzard"],"picked":"Rebound","floor":1.0},{"not_picked":["Fusion","Redo"],"picked":"Static Discharge","floor":3.0},{"not_picked":["Rebound","Redo"],"picked":"BootSequence","floor":5.0},{"not_picked":["Coolheaded","Conserve Battery"],"picked":"Sunder","floor":7.0},{"not_picked":["Compile Driver","BootSequence"],"picked":"Creative AI","floor":10.0},{"not_picked":["Streamline","Consume"],"picked":"Melter","floor":11.0},{"not_picked":["Aggregate","Beam Cell"],"picked":"Coolheaded","floor":12.0},{"not_picked":["Core Surge","Creative AI"],"picked":"Buffer","floor":16.0},{"not_picked":["Stack","Lockon"],"picked":"Leap+1","floor":18.0},{"not_picked":["Rebound","Stack"],"picked":"Turbo","floor":19.0},{"not_picked":["Compile Driver","Turbo","Gash"],"picked":"SKIP","floor":21.0},{"not_picked":["Genetic Algorithm","Compile Driver"],"picked":"Coolheaded","floor":24.0},{"not_picked":["Redo","Tempest"],"picked":"Biased Cognition","floor":27.0},{"not_picked":["Electrodynamics","Amplify"],"picked":"Meteor Strike","floor":33.0},{"not_picked":["Double Energy","Scrape","Compile Driver"],"picked":"SKIP","floor":35.0},{"not_picked":["Beam Cell","Sunder+1","Barrage"],"picked":"SKIP","floor":38.0},{"not_picked":["Compile Driver","Chaos"],"picked":"Buffer","floor":39.0},{"not_picked":["Turbo","Double Energy","Ball Lightning"],"picked":"SKIP","floor":40.0},{"not_picked":["Rip and Tear","Beam Cell+1","Steam"],"picked":"SKIP","floor":41.0},{"not_picked":["Chill","Gash+1"],"picked":"Echo Form","floor":46.0}],"player_experience":311018,"relics_obtained":[{"floor":9.0,"key":"Ginger"},{"floor":10.0,"key":"FossilizedHelix"},{"floor":26.0,"key":"The Courier"},{"floor":27.0,"key":"Bottled Flame"},{"floor":40.0,"key":"PreservedInsect"}],"event_choices":[{"damage_healed":0.0,"max_hp_gain":0.0,"max_hp_loss":0.0,"gold_gain":0.0,"event_name":"Upgrade Shrine","player_choice":"Upgraded","floor":2.0,"gold_loss":0.0,"damage_taken":0.0,"cards_upgraded":["Zap"]},{"damage_healed":0.0,"max_hp_gain":0.0,"max_hp_loss":0.0,"gold_gain":0.0,"event_name":"Shining Light","player_choice":"Entered Light","floor":4.0,"gold_loss":0.0,"damage_taken":21.0,"cards_upgraded":["Defend_B","Dualcast"]},{"damage_healed":0.0,"max_hp_gain":0.0,"max_hp_loss":0.0,"gold_gain":75.0,"event_name":"World of Goop","player_choice":"Gather Gold","floor":13.0,"gold_loss":0.0,"damage_taken":11.0},{"damage_healed":17.0,"max_hp_gain":0.0,"max_hp_loss":0.0,"gold_gain":0.0,"event_name":"The Cleric","player_choice":"Healed","floor":14.0,"gold_loss":35.0,"damage_taken":0.0},{"damage_healed":0.0,"max_hp_gain":0.0,"max_hp_loss":0.0,"gold_gain":0.0,"event_name":"The Woman in Blue","player_choice":"Bought 3 Potions","floor":22.0,"gold_loss":0.0,"damage_taken":0.0},{"damage_healed":0.0,"max_hp_gain":0.0,"max_hp_loss":0.0,"gold_gain":0.0,"event_name":"Duplicator","player_choice":"Copied","floor":30.0,"gold_loss":0.0,"damage_taken":0.0,"cards_obtained":["Static Discharge"]},{"cards_removed":["Redo"],"damage_healed":5.0,"max_hp_gain":0.0,"max_hp_loss":0.0,"gold_gain":0.0,"event_name":"Bonfire Elementals","player_choice":"Offered Common","floor":36.0,"gold_loss":0.0,"damage_taken":0.0},{"cards_removed":["Redo"],"damage_healed":5.0,"max_hp_gain":0.0,"max_hp_loss":0.0,"gold_gain":0.0,"event_name":"Bonfire Elementals","player_choice":"Offered Special","floor":36.0,"gold_loss":0.0,"damage_taken":0.0},{"damage_healed":0.0,"max_hp_gain":0.0,"max_hp_loss":0.0,"gold_gain":0.0,"event_name":"Tomb of Lord Red Mask","player_choice":"Paid","floor":45.0,"gold_loss":107.0,"damage_taken":0.0,"relics_obtained":["Red Mask"]},{"damage_healed":62.0,"max_hp_gain":0.0,"max_hp_loss":14.0,"gold_gain":0.0,"event_name":"The Moai Head","player_choice":"Heal","floor":47.0,"gold_loss":0.0,"damage_taken":0.0}],"is_beta":false,"boss_relics":[{"not_picked":["Busted Crown","Coffee Dripper"],"picked":"Snecko Eye"},{"not_picked":["Empty Cage","Runic Pyramid"],"picked":"Astrolabe"}],"items_purged_floors":[20,28],"is_endless":false,"potions_floor_spawned":[5,10,11,12,18,24,31,40,41],"killed_by":"Shield and Spear","ascension_level":20}}