{"host":"xwgrz7y3g1a3iikb","time":1612989062,"event":{"mods":["BaseMod","Bestiary","Minty Spire (QoL Compilation)","Permanent Neow","Quick Restart","Relic Stats","StSLib","ojb\u0027s Info Mod"],"gold_per_floor":[117,128,128,147,159,189,1,35,89,124,199,225,243,254,254,325,325,342,342,70,70,70,70,98,111,111,111,48,80,95,127,127,198,198,211,263,273,298,298,338,367,367,448,448,477,492,302,312,312,312,312,312,312,2,41,41],"floor_reached":57,"language":"ENG","playtime":2536,"items_purged":["Pain","Poisoned Stab"],"score":3046,"play_id":"97914147-b6c9-431a-95a2-ee7c5f4dd485","local_time":"20210210123102","is_ascension_mode":true,"campfire_choices":[{"data":"After Image","floor":15,"key":"SMITH"},{"data":"Phantasmal Killer","floor":23,"key":"SMITH"},{"data":"Terror","floor":27,"key":"SMITH"},{"data":"Footwork","floor":32,"key":"SMITH"},{"floor":42,"key":"RECALL"},{"data":"After Image","floor":44,"key":"SMITH"},{"data":"Envenom","floor":49,"key":"SMITH"},{"data":"Malaise","floor":53,"key":"SMITH"}],"circlet_count":0,"master_deck":["AscendersBane","Defend_G","Defend_G","Defend_G","Defend_G","Defend_G","Survivor","Neutralize","Backstab","Dagger Spray","Terror+1","Sucker Punch","Dash","After Image+1","Blade Dance","Phantasmal Killer+1","Bite","Bite","Bite","Bite","Bite","Endless Agony+1","Footwork+1","Backflip","Malaise+1","After Image+1","Blade Dance+1","Backflip","Escape Plan+1","Envenom+1","Outmaneuver+1","Acrobatics","Backflip","Adrenaline"],"relics":["Black Star","WarpedTongs","Dream Catcher","The Courier","Lee\u0027s Waffle","Art of War","Anchor","Akabeko","Gremlin Horn","Mercury Hourglass","Turnip","Bottled Flame","WristBlade","ClockworkSouvenir","Bag of Preparation","Tiny Chest","PreservedInsect","Ninja Scroll","Centennial Puzzle","Potion Belt","Pantograph","Blood Vial","Philosopher\u0027s Stone","Mango","StoneCalendar","Du-Vu Doll","CeramicFish","Kunai","Oddly Smooth Stone","Blue Candle","Bottled Tornado","White Beast Statue","Torii"],"acts_visited":["Exordium","TheCity","TheBeyond","TheEnding"],"potions_floor_usage":[6,8,33,33,45,50,56,56,56,56],"damage_taken":[{"damage":8,"enemies":"Small Slimes","floor":1,"turns":8},{"damage":1,"enemies":"Cultist","floor":2,"turns":4},{"damage":0,"enemies":"2 Louse","floor":4,"turns":2},{"damage":1,"enemies":"2 Fungi Beasts","floor":5,"turns":3},{"damage":29,"enemies":"3 Sentries","floor":6,"turns":7},{"damage":7,"enemies":"Gremlin Nob","floor":8,"turns":4},{"damage":2,"enemies":"3 Sentries","floor":10,"turns":7},{"damage":0,"enemies":"Gremlin Nob","floor":12,"turns":2},{"damage":0,"enemies":"Looter","floor":13,"turns":2},{"damage":0,"enemies":"Blue Slaver","floor":14,"turns":2},{"damage":22,"enemies":"The Guardian","floor":16,"turns":11},{"damage":2,"enemies":"2 Thieves","floor":18,"turns":3},{"damage":22,"enemies":"Book of Stabbing","floor":24,"turns":5},{"damage":0,"enemies":"Shell Parasite","floor":25,"turns":2},{"damage":0,"enemies":"Slavers","floor":29,"turns":2},{"damage":0,"enemies":"Centurion and Healer","floor":30,"turns":4},{"damage":0,"enemies":"Book of Stabbing","floor":31,"turns":3},{"damage":46,"enemies":"Automaton","floor":33,"turns":9},{"damage":0,"enemies":"Orb Walker","floor":35,"turns":3},{"damage":9,"enemies":"2 Orb Walkers","floor":36,"turns":4},{"damage":0,"enemies":"3 Darklings","floor":37,"turns":1},{"damage":1,"enemies":"Mind Bloom Boss Battle","floor":38,"turns":5},{"damage":9,"enemies":"Nemesis","floor":40,"turns":3},{"damage":0,"enemies":"Jaw Worm Horde","floor":41,"turns":2},{"damage":0,"enemies":"Giant Head","floor":45,"turns":4},{"damage":7,"enemies":"Transient","floor":46,"turns":6},{"damage":0,"enemies":"Writhing Mass","floor":48,"turns":5},{"damage":52,"enemies":"Time Eater","floor":50,"turns":12},{"damage":40,"enemies":"Awakened One","floor":51,"turns":16},{"damage":18,"enemies":"Shield and Spear","floor":55,"turns":5},{"damage":14,"enemies":"The Heart","floor":56,"turns":10}],"seed_played":"-1992290378833524485","potions_obtained":[{"floor":1,"key":"GhostInAJar"},{"floor":2,"key":"Fire Potion"},{"floor":8,"key":"Energy Potion"},{"floor":12,"key":"PowerPotion"},{"floor":25,"key":"GamblersBrew"},{"floor":30,"key":"FearPotion"},{"floor":31,"key":"SpeedPotion"},{"floor":33,"key":"EssenceOfSteel"},{"floor":35,"key":"DuplicationPotion"},{"floor":36,"key":"Regen Potion"},{"floor":46,"key":"SkillPotion"}],"is_trial":false,"path_per_floor":["M","M","?","M","M","E","$","E","T","E","?","E","M","M","R","B",null,"M","?","$","?","?","R","E","M","T","R","$","E","M","E","R","B",null,"M","?","M","?","T","E","M","R","T","R","E","M","$","M","R","B","B",null,"R","$","E","B",null],"character_chosen":"THE_SILENT","items_purchased":["Lee\u0027s Waffle","ClockworkSouvenir","Bag of Preparation","Footwork","DuplicationPotion","SteroidPotion","Bottled Tornado","Backflip","SkillPotion"],"campfire_rested":0,"item_purchase_floors":[7,20,20,28,47,47,54,54,54],"current_hp_per_floor":[51,50,50,50,49,20,73,66,66,64,53,53,53,53,53,31,63,61,51,51,51,51,51,33,38,38,38,38,43,51,51,51,11,41,48,58,63,65,65,56,60,60,60,60,65,65,65,65,65,26,53,62,62,62,56,65],"gold":41,"neow_bonus":"BOSS_RELIC","is_daily":false,"chose_seed":false,"campfire_upgraded":7,"win_rate":0.0,"timestamp":1612989062,"path_taken":["M","M","?","M","?","E","$","E","T","E","?","E","M","M","R","BOSS","M","?","$","?","?","R","E","M","T","R","?","E","M","E","R","BOSS","M","?","M","?","?","E","?","R","T","R","E","?","$","M","R","BOSS","BOSS","R","$","E","BOSS"],"items_purchased_type":["Relic","Relic","Relic","Card","Potion","Potion","Relic","Card","Potion"],"build_version":"2020-12-22","purchased_purges":2,"victory":true,"max_hp_per_floor":[66,66,66,66,66,66,73,73,73,73,73,73,73,73,73,73,73,73,51,51,51,51,51,51,51,51,51,51,51,51,51,51,51,51,51,65,65,65,65,65,65,65,65,65,65,65,65,65,65,65,65,65,65,65,65,65],"relic_stats":{"Lee\u0027s Waffle":53,"Gremlin Horn":[15,15],"Torii":23,"counters":[31,155],"CeramicFish":36,"Blue Candle":[0],"StoneCalendar":[127],"PreservedInsect":341,"Bag of Preparation":[38],"WarpedTongs":[143],"Mercury Hourglass":[379],"Blood Vial":18,"Dream Catcher":0,"Centennial Puzzle":[28],"Pantograph":32,"Tiny Chest":1,"Turnip":[10],"Black Star":10,"Art of War":[8],"Kunai":[55],"obtain_stats":[{"Gremlin Horn":10,"Torii":55,"CeramicFish":40,"Mango":36,"StoneCalendar":38,"Bag of Preparation":20,"Bottled Tornado":54,"ClockworkSouvenir":20,"Blood Vial":31,"Dream Catcher":6,"Centennial Puzzle":29,"WristBlade":17,"Ninja Scroll":26,"Pantograph":31,"Tiny Chest":24,"Philosopher\u0027s Stone":34,"Kunai":40,"Ring of the Snake":0,"Potion Belt":29,"Lee\u0027s Waffle":7,"Blue Candle":45,"Oddly Smooth Stone":45,"The Courier":6,"PreservedInsect":24,"Akabeko":9,"White Beast Statue":55,"WarpedTongs":3,"Mercury Hourglass":10,"Du-Vu Doll":39,"Anchor":8,"Bottled Flame":12,"Turnip":12,"Black Star":0,"Art of War":8},{"Gremlin Horn":7,"Torii":30,"CeramicFish":23,"Mango":20,"StoneCalendar":22,"Bag of Preparation":12,"Bottled Tornado":29,"ClockworkSouvenir":12,"Blood Vial":17,"Dream Catcher":5,"Centennial Puzzle":15,"WristBlade":11,"Ninja Scroll":14,"Pantograph":17,"Tiny Chest":13,"Philosopher\u0027s Stone":18,"Kunai":23,"Ring of the Snake":0,"Potion Belt":15,"Lee\u0027s Waffle":5,"Blue Candle":25,"Oddly Smooth Stone":25,"The Courier":5,"PreservedInsect":13,"Akabeko":6,"White Beast Statue":30,"WarpedTongs":2,"Mercury Hourglass":7,"Du-Vu Doll":22,"Anchor":6,"Bottled Flame":8,"Turnip":8,"Black Star":0,"Art of War":6},{"Gremlin Horn":35,"Torii":145,"CeramicFish":95,"Mango":86,"StoneCalendar":92,"Bag of Preparation":55,"Bottled Tornado":140,"ClockworkSouvenir":55,"Blood Vial":71,"Dream Catcher":24,"Centennial Puzzle":64,"WristBlade":52,"Ninja Scroll":62,"Pantograph":71,"Tiny Chest":60,"Philosopher\u0027s Stone":80,"Kunai":95,"Ring of the Snake":0,"Potion Belt":64,"Lee\u0027s Waffle":24,"Blue Candle":101,"Oddly Smooth Stone":101,"The Courier":24,"PreservedInsect":60,"Akabeko":28,"White Beast Statue":145,"WarpedTongs":12,"Mercury Hourglass":35,"Du-Vu Doll":92,"Anchor":28,"Bottled Flame":37,"Turnip":37,"Black Star":0,"Art of War":28}]},"card_choices":[{"not_picked":["Catalyst","Reflex"],"picked":"Backstab","floor":1},{"not_picked":["Underhanded Strike","Tactician"],"picked":"Poisoned Stab","floor":2},{"not_picked":["Dagger Throw","Outmaneuver"],"picked":"Dagger Spray","floor":4},{"not_picked":["Noxious Fumes","Choke"],"picked":"Terror","floor":5},{"not_picked":["Well Laid Plans","Backflip"],"picked":"Sucker Punch","floor":6},{"not_picked":["Quick Slash","Underhanded Strike"],"picked":"Dash","floor":8},{"not_picked":["Concentrate","Calculated Gamble"],"picked":"After Image","floor":10},{"not_picked":["Dodge and Roll","Escape Plan"],"picked":"Blade Dance","floor":12},{"not_picked":["Dagger Spray","Accuracy","Heel Hook"],"picked":"SKIP","floor":13},{"not_picked":["Accuracy","Dodge and Roll","Dagger Spray"],"picked":"SKIP","floor":14},{"not_picked":["Die Die Die","A Thousand Cuts"],"picked":"Phantasmal Killer","floor":16},{"not_picked":["Cloak And Dagger","Outmaneuver","Dagger Spray"],"picked":"SKIP","floor":18},{"not_picked":["Masterful Stab","Cloak And Dagger"],"picked":"Endless Agony+1","floor":24},{"not_picked":["Sucker Punch","Quick Slash","Heel Hook"],"picked":"SKIP","floor":25},{"not_picked":["Choke","Deadly Poison","Flechettes"],"picked":"SKIP","floor":29},{"not_picked":["Expertise","Slice"],"picked":"Backflip","floor":30},{"not_picked":["Deadly Poison","Flying Knee"],"picked":"Malaise","floor":31},{"not_picked":["Envenom","Tools of the Trade"],"picked":"After Image","floor":33},{"not_picked":["Escape Plan","Slice"],"picked":"Blade Dance+1","floor":35},{"not_picked":["Skewer","Outmaneuver"],"picked":"Backflip","floor":36},{"not_picked":["Outmaneuver","Dodge and Roll"],"picked":"Escape Plan+1","floor":37},{"not_picked":["Blade Dance","Quick Slash"],"picked":"Envenom","floor":38},{"not_picked":["Crippling Poison","Eviscerate"],"picked":"Outmaneuver+1","floor":40},{"not_picked":["Concentrate","Caltrops"],"picked":"Acrobatics","floor":41},{"not_picked":["Well Laid Plans","Night Terror","Deadly Poison"],"picked":"SKIP","floor":45},{"not_picked":["Sucker Punch","Slice","Deadly Poison"],"picked":"SKIP","floor":46},{"not_picked":["Sucker Punch","Slice","Deadly Poison"],"picked":"SKIP","floor":46},{"not_picked":["Deflect","Bane","Dodge and Roll"],"picked":"SKIP","floor":48},{"not_picked":["Finisher+1","Prepared"],"picked":"Adrenaline","floor":55}],"player_experience":339921,"relics_obtained":[{"floor":6,"key":"Dream Catcher"},{"floor":6,"key":"The Courier"},{"floor":8,"key":"Art of War"},{"floor":8,"key":"Anchor"},{"floor":9,"key":"Akabeko"},{"floor":10,"key":"Gremlin Horn"},{"floor":10,"key":"Mercury Hourglass"},{"floor":12,"key":"Turnip"},{"floor":12,"key":"Bottled Flame"},{"floor":24,"key":"Tiny Chest"},{"floor":24,"key":"PreservedInsect"},{"floor":26,"key":"Ninja Scroll"},{"floor":29,"key":"Centennial Puzzle"},{"floor":29,"key":"Potion Belt"},{"floor":31,"key":"Pantograph"},{"floor":31,"key":"Blood Vial"},{"floor":36,"key":"Mango"},{"floor":38,"key":"StoneCalendar"},{"floor":39,"key":"Du-Vu Doll"},{"floor":40,"key":"CeramicFish"},{"floor":40,"key":"Kunai"},{"floor":45,"key":"Oddly Smooth Stone"},{"floor":45,"key":"Blue Candle"},{"floor":55,"key":"White Beast Statue"},{"floor":55,"key":"Torii"}],"event_choices":[{"damage_healed":0,"gold_gain":0,"player_choice":"Rummage","damage_taken":0,"relics_obtained":["WarpedTongs"],"max_hp_gain":0,"max_hp_loss":0,"event_name":"Accursed Blacksmith","floor":3,"gold_loss":0,"cards_obtained":["Pain"]},{"damage_healed":0,"gold_gain":75,"player_choice":"Gather Gold","damage_taken":11,"max_hp_gain":0,"max_hp_loss":0,"event_name":"World of Goop","floor":11,"gold_loss":0},{"damage_healed":0,"gold_gain":0,"player_choice":"Became a vampire","damage_taken":0,"max_hp_gain":0,"max_hp_loss":22,"event_name":"Vampires","floor":19,"gold_loss":0,"cards_obtained":["Bite","Bite","Bite","Bite","Bite"]},{"damage_healed":0,"gold_gain":0,"player_choice":"Ignored","damage_taken":0,"max_hp_gain":0,"max_hp_loss":0,"event_name":"The Mausoleum","floor":22,"gold_loss":0},{"damage_healed":0,"gold_gain":0,"player_choice":"Fight","damage_taken":0,"max_hp_gain":0,"max_hp_loss":0,"event_name":"Mysterious Sphere","floor":36,"gold_loss":0},{"damage_healed":0,"gold_gain":0,"player_choice":"Fight","damage_taken":0,"max_hp_gain":0,"max_hp_loss":0,"event_name":"MindBloom","floor":38,"gold_loss":0}],"is_beta":false,"boss_relics":[{"not_picked":["Ectoplasm","Runic Dome"],"picked":"WristBlade"},{"not_picked":["HoveringKite","Pandora\u0027s Box"],"picked":"Philosopher\u0027s Stone"}],"items_purged_floors":[7,47],"is_endless":false,"potions_floor_spawned":[1,2,5,8,12,25,30,31,33,35,36,38,40,46],"ascension_level":20}}