{"host":"15sbyzswzncjigmz","time":1612995259,"event":{"mods":["AchievementEnabler","BaseMod","Bestiary","Block Reminder","Colored Map","Colored Powertips","DeckTracker","Minty Spire (QoL Compilation)","Relic Stats","StSLib","Weighted Paths"],"gold_per_floor":[119,194,194,206,206,206,206],"floor_reached":6,"language":"ENG","playtime":450,"items_purged":[],"score":37,"play_id":"2dea869d-43a1-478d-926d-ede0b5f76453","local_time":"20210210161419","is_ascension_mode":true,"campfire_choices":[],"circlet_count":0,"master_deck":["Strike_G","Strike_G","Strike_G","Strike_G","Strike_G","Defend_G","Defend_G","Defend_G","Defend_G","Defend_G","Survivor","Neutralize","Accuracy","Accuracy"],"relics":["Black Star","Pear","Frozen Egg 2"],"acts_visited":["Exordium"],"potions_floor_usage":[],"damage_taken":[{"damage":0,"enemies":"2 Louse","floor":1,"turns":3},{"damage":5,"enemies":"Jaw Worm","floor":4,"turns":7},{"damage":49,"enemies":"Lagavulin","floor":6,"turns":9}],"seed_played":"-8873554852554904331","potions_obtained":[],"is_trial":false,"path_per_floor":["M","?","T","M","?","E"],"character_chosen":"THE_SILENT","items_purchased":[],"campfire_rested":0,"item_purchase_floors":[],"current_hp_per_floor":[70,59,69,64,46,0,0],"gold":206,"neow_bonus":"BOSS_RELIC","is_daily":false,"chose_seed":false,"campfire_upgraded":0,"win_rate":0.0,"timestamp":1612995259,"path_taken":["M","?","?","M","?","E"],"items_purchased_type":[],"build_version":"2020-12-22","purchased_purges":0,"victory":false,"max_hp_per_floor":[70,70,80,80,80,80,80],"relic_stats":{"counters":[3,19],"Black Star":0,"obtain_stats":[{"Pear":3,"Black Star":0,"Frozen Egg 2":5,"Ring of the Snake":0},{"Pear":1,"Black Star":0,"Frozen Egg 2":2,"Ring of the Snake":0},{"Pear":3,"Black Star":0,"Frozen Egg 2":10,"Ring of the Snake":0}]},"card_choices":[{"not_picked":["Backflip","Cloak And Dagger"],"picked":"Accuracy","floor":1},{"not_picked":["Deadly Poison","Slice"],"picked":"Accuracy","floor":4}],"player_experience":160789,"relics_obtained":[{"floor":3,"key":"Pear"}],"event_choices":[{"damage_healed":0,"gold_gain":75,"player_choice":"Gather Gold","damage_taken":11,"max_hp_gain":0,"max_hp_loss":0,"event_name":"World of Goop","floor":2,"gold_loss":0},{"damage_healed":0,"gold_gain":0,"player_choice":"Success","damage_taken":18,"relics_obtained":["Frozen Egg 2"],"max_hp_gain":0,"max_hp_loss":0,"event_name":"Scrap Ooze","floor":5,"gold_loss":0}],"is_beta":false,"boss_relics":[],"items_purged_floors":[],"is_endless":false,"potions_floor_spawned":[],"killed_by":"Lagavulin","ascension_level":2}}