{"host":"qxeepl7ydvsgmfdb","time":1612971652,"event":{"mods":["AchievementEnabler","BaseMod","Colored Powertips","Minty Spire (QoL Compilation)","Quick Restart","slay the spire mod where everything is the same but ironclad has a cowboy hat"],"gold_per_floor":[115,115,115,131,131,158,158,233,233,151,171,171,200,216,216,314,314,327,347,190,220,220,220,220],"floor_reached":23,"language":"ENG","playtime":695,"items_purged":[],"score":355,"play_id":"4565611a-7bdf-4b01-904d-5d862c7900b9","local_time":"20210210104052","is_ascension_mode":true,"campfire_choices":[{"data":"All Out Attack","floor":7,"key":"SMITH"},{"floor":12,"key":"REST"},{"floor":15,"key":"REST"}],"circlet_count":0,"master_deck":["AscendersBane","Strike_G","Strike_G","Defend_G","Defend_G","Defend_G","Defend_G","Defend_G","Survivor","Neutralize","Deadly Poison","All Out Attack+1","Slice","Finisher+1","Dagger Spray+1","Poisoned Stab+1","Poisoned Stab+1","Die Die Die+1","Deadly Poison","Noxious Fumes","Backflip"],"relics":["Ring of the Snake","NeowsBlessing","Omamori","Vajra","Molten Egg 2","StoneCalendar","Empty Cage","Blood Vial","Red Mask"],"acts_visited":["Exordium","TheCity"],"potions_floor_usage":[13,16,21,21],"damage_taken":[{"damage":0,"enemies":"Jaw Worm","floor":1,"turns":1},{"damage":0,"enemies":"2 Louse","floor":4,"turns":2},{"damage":0,"enemies":"Lagavulin","floor":6,"turns":1},{"damage":0,"enemies":"Cultist","floor":11,"turns":3},{"damage":12,"enemies":"Gremlin Nob","floor":13,"turns":3},{"damage":4,"enemies":"Exordium Wildlife","floor":14,"turns":3},{"damage":44,"enemies":"Hexaghost","floor":16,"turns":7},{"damage":17,"enemies":"2 Thieves","floor":18,"turns":2},{"damage":2,"enemies":"Chosen","floor":19,"turns":4},{"damage":0,"enemies":"Masked Bandits","floor":21,"turns":2},{"damage":43,"enemies":"Book of Stabbing","floor":23,"turns":4}],"seed_played":"7739415997605699766","potions_obtained":[{"floor":1,"key":"DuplicationPotion"},{"floor":11,"key":"DistilledChaos"},{"floor":16,"key":"Energy Potion"},{"floor":18,"key":"Swift Potion"}],"is_trial":false,"path_per_floor":["M","?","?","M","$","E","R","?","T","$","M","R","E","M","R","B",null,"M","M","$","?","$","E"],"character_chosen":"THE_SILENT","items_purchased":["Finisher+1","Dagger Spray+1","Blood Vial"],"campfire_rested":2,"item_purchase_floors":[10,10,20],"current_hp_per_floor":[63,56,49,49,49,49,49,38,38,38,38,59,47,43,64,20,58,41,39,39,41,41,0,0],"gold":220,"neow_bonus":"THREE_ENEMY_KILL","is_daily":false,"chose_seed":false,"campfire_upgraded":1,"win_rate":0.0,"timestamp":1612971652,"path_taken":["M","?","?","M","$","E","R","?","T","?","?","R","E","M","R","BOSS","M","M","$","?","$","E"],"items_purchased_type":["Card","Card","Relic"],"build_version":"2020-12-22","purchased_purges":0,"victory":false,"max_hp_per_floor":[70,70,70,70,70,70,70,70,70,70,70,70,70,70,70,70,70,70,70,70,70,70,70,70],"card_choices":[{"not_picked":["Sucker Punch","Backflip"],"picked":"Deadly Poison","floor":1},{"not_picked":["Prepared","Dagger Throw"],"picked":"All Out Attack","floor":4},{"not_picked":["Calculated Gamble","Backflip"],"picked":"Slice","floor":6},{"not_picked":["Crippling Poison","Deadly Poison"],"picked":"Poisoned Stab+1","floor":11},{"not_picked":["Night Terror","Deadly Poison"],"picked":"Poisoned Stab+1","floor":13},{"not_picked":["Flying Knee+1","Backflip","Well Laid Plans"],"picked":"SKIP","floor":14},{"not_picked":["After Image","Phantasmal Killer"],"picked":"Die Die Die+1","floor":16},{"not_picked":["Underhanded Strike+1","Sucker Punch+1"],"picked":"Deadly Poison","floor":18},{"not_picked":["Outmaneuver","Crippling Poison"],"picked":"Noxious Fumes","floor":19},{"not_picked":["Tactician","All Out Attack+1"],"picked":"Backflip","floor":21}],"player_experience":152586,"relics_obtained":[{"floor":6,"key":"Vajra"},{"floor":9,"key":"Molten Egg 2"},{"floor":13,"key":"StoneCalendar"},{"floor":21,"key":"Red Mask"}],"event_choices":[{"cards_removed":["Strike_G"],"damage_healed":0,"gold_gain":0,"player_choice":"Card Removal","damage_taken":7,"max_hp_gain":0,"max_hp_loss":0,"event_name":"Golden Wing","floor":2,"gold_loss":0},{"damage_healed":0,"gold_gain":0,"player_choice":"Success","damage_taken":7,"relics_obtained":["Omamori"],"max_hp_gain":0,"max_hp_loss":0,"event_name":"Scrap Ooze","floor":3,"gold_loss":0},{"damage_healed":0,"gold_gain":75,"player_choice":"Gather Gold","damage_taken":11,"max_hp_gain":0,"max_hp_loss":0,"event_name":"World of Goop","floor":8,"gold_loss":0},{"damage_healed":0,"gold_gain":0,"player_choice":"Fought Bandits","damage_taken":0,"max_hp_gain":0,"max_hp_loss":0,"event_name":"Masked Bandits","floor":21,"gold_loss":0}],"is_beta":false,"boss_relics":[{"not_picked":["Pandora\u0027s Box","Astrolabe"],"picked":"Empty Cage"}],"items_purged_floors":[],"is_endless":false,"potions_floor_spawned":[1,11,16,18],"killed_by":"Book of Stabbing","ascension_level":12}}