{"host":"1dyxbb4twitcdhlj","time":1612972884,"event":{"mods":["BaseMod","Bestiary","Minty Spire (QoL Compilation)","StSLib"],"gold_per_floor":[115,115,128,128,139,171,171,206,233,249,275,32,51,62,62,160,160,176,194,207,207,26,26,56,76,76,108,108,33,33,63,63,159,159,171,171,184,184,84,114,130,130,157,257,132,159,179,211,211,211],"floor_reached":51,"language":"ENG","playtime":6119,"items_purged":["WindmillStrike","Strike_P","Defend_P"],"score":1066,"play_id":"1bc89b09-8e98-4e1b-87a7-78d29cf5c9be","local_time":"20210210110124","is_ascension_mode":true,"campfire_choices":[{"floor":7.0,"key":"REST"},{"data":"Worship","floor":15.0,"key":"SMITH"},{"data":"Apotheosis","floor":23.0,"key":"SMITH"},{"data":"1","floor":28.0,"key":"LIFT"},{"data":"2","floor":30.0,"key":"LIFT"},{"data":"3","floor":32.0,"key":"LIFT"},{"data":"Eruption","floor":42.0,"key":"SMITH"},{"floor":49,"key":"REST"}],"circlet_count":0,"master_deck":["Strike_P","Strike_P","Defend_P","Defend_P+1","Defend_P","Eruption+1","Vigilance","Adaptation+1","SashWhip","Pray","Pray","Worship+1","Evaluate","Ragnarok","Halt","WreathOfFlame+1","Collect","Apotheosis+1","SignatureMove+1","Worship","Prostrate","Ragnarok","Crescendo","Trip","ClearTheMind","Evaluate","Swivel"],"relics":["PureWater","Pocketwatch","Omamori","PreservedInsect","Nunchaku","MealTicket","Meat on the Bone","Sozu","Girya","Yang","Strawberry","Eternal Feather","Philosopher\u0027s Stone","Pen Nib","Bag of Marbles","Orichalcum","StoneCalendar","Incense Burner"],"acts_visited":["Exordium","TheCity","TheBeyond"],"potions_floor_usage":[50,50,50],"damage_taken":[{"damage":0.0,"enemies":"Small Slimes","floor":1.0,"turns":2.0},{"damage":7.0,"enemies":"Jaw Worm","floor":3.0,"turns":2.0},{"damage":0.0,"enemies":"Cultist","floor":5.0,"turns":2.0},{"damage":13.0,"enemies":"3 Sentries","floor":6.0,"turns":6.0},{"damage":0.0,"enemies":"Gremlin Nob","floor":8.0,"turns":2.0},{"damage":22.0,"enemies":"Exordium Wildlife","floor":10.0,"turns":4.0},{"damage":0.0,"enemies":"Lagavulin","floor":11.0,"turns":3.0},{"damage":18.0,"enemies":"3 Louse","floor":13.0,"turns":3.0},{"damage":0.0,"enemies":"Exordium Thugs","floor":14.0,"turns":5.0},{"damage":0.0,"enemies":"Slime Boss","floor":16.0,"turns":5.0},{"damage":0.0,"enemies":"Chosen","floor":18.0,"turns":4.0},{"damage":36.0,"enemies":"2 Thieves","floor":19.0,"turns":5.0},{"damage":4.0,"enemies":"Snecko","floor":20.0,"turns":3.0},{"damage":47.0,"enemies":"Gremlin Leader","floor":24.0,"turns":4.0},{"damage":0.0,"enemies":"Sentry and Sphere","floor":25.0,"turns":4.0},{"damage":19.0,"enemies":"Book of Stabbing","floor":27.0,"turns":4.0},{"damage":19.0,"enemies":"Gremlin Leader","floor":31.0,"turns":4.0},{"damage":8.0,"enemies":"Champ","floor":33.0,"turns":5.0},{"damage":16.0,"enemies":"3 Shapes","floor":35.0,"turns":3.0},{"damage":34.0,"enemies":"3 Darklings","floor":37.0,"turns":4.0},{"damage":5.0,"enemies":"Giant Head","floor":40.0,"turns":3.0},{"damage":19.0,"enemies":"Writhing Mass","floor":41.0,"turns":3.0},{"damage":23,"enemies":"Reptomancer","floor":46,"turns":3},{"damage":3,"enemies":"Jaw Worm Horde","floor":47,"turns":2},{"damage":32,"enemies":"Nemesis","floor":48,"turns":5},{"damage":18,"enemies":"Awakened One","floor":50,"turns":6}],"seed_played":"8913191236935955656","potions_obtained":[{"floor":3.0,"key":"Fire Potion"},{"floor":5.0,"key":"AttackPotion"},{"floor":13.0,"key":"Block Potion"},{"floor":14.0,"key":"EssenceOfSteel"},{"floor":16.0,"key":"Dexterity Potion"}],"is_trial":false,"path_per_floor":["M","?","M","?","M","E","R","E","T","M","E","$","M","M","R","B",null,"M","M","M","?","$","R","E","M","T","E","R","$","R","E","R","B",null,"M","?","M","T","$","E","M","R","T","?","$","E","M","E","R","B",null],"character_chosen":"WATCHER","items_purchased":["Meat on the Bone","Apotheosis"],"campfire_rested":2,"item_purchase_floors":[12,22],"current_hp_per_floor":[51,37,30,23,23,10,31,31,31,9,9,24,18,30,30,42,72,72,48,44,44,59,59,24,36,36,36,36,51,51,44,56,48,79,63,53,31,31,46,41,34,49,49,49,64,41,50,30,68,50],"gold":211,"neow_bonus":"ONE_RARE_RELIC","is_daily":false,"chose_seed":false,"campfire_upgraded":3,"win_rate":0.0,"timestamp":1612972884,"path_taken":["M","?","M","?","M","E","R","E","T","M","E","$","M","?","R","BOSS","M","M","?","?","$","R","E","M","T","E","R","$","R","E","R","BOSS","M","?","M","?","$","E","M","R","T","?","$","E","?","E","R","BOSS"],"items_purchased_type":["Relic","Card"],"build_version":"2020-12-22","purchased_purges":3,"victory":true,"max_hp_per_floor":[72,72,72,72,72,72,72,72,72,72,72,72,72,72,72,72,72,72,72,72,72,72,72,72,72,72,79,79,79,79,79,79,79,79,79,79,79,79,79,79,79,79,79,79,79,79,79,79,79,79],"card_choices":[{"not_picked":["FlurryOfBlows","WindmillStrike"],"picked":"Adaptation","floor":1.0},{"not_picked":["WaveOfTheHand","FlyingSleeves"],"picked":"SashWhip","floor":3.0},{"not_picked":["CutThroughFate","Vengeance"],"picked":"Pray","floor":5.0},{"not_picked":["FlyingSleeves","JustLucky"],"picked":"WindmillStrike","floor":6.0},{"not_picked":["Ragnarok","ThirdEye"],"picked":"Pray","floor":8.0},{"not_picked":["Consecrate","JustLucky","EmptyMind"],"picked":"SKIP","floor":10.0},{"not_picked":["Fasting2","InnerPeace","FlyingSleeves"],"picked":"SKIP","floor":11.0},{"not_picked":["FlyingSleeves","Halt"],"picked":"Worship","floor":13.0},{"not_picked":["BowlingBash","Crescendo"],"picked":"Evaluate","floor":14.0},{"not_picked":["Blasphemy","Vault"],"picked":"Ragnarok","floor":16.0},{"not_picked":["BowlingBash","Perseverance"],"picked":"Halt","floor":18.0},{"not_picked":["SashWhip","WindmillStrike"],"picked":"WreathOfFlame+1","floor":19.0},{"not_picked":["WaveOfTheHand","LikeWater"],"picked":"Collect","floor":20.0},{"not_picked":["EmptyBody","Weave","Wireheading"],"picked":"SKIP","floor":24.0},{"not_picked":["Pray","Consecrate"],"picked":"SignatureMove+1","floor":25.0},{"not_picked":["Conclude","Nirvana"],"picked":"Worship","floor":27.0},{"not_picked":["Wish","CarveReality"],"picked":"Prostrate","floor":31.0},{"not_picked":["Alpha","Judgement"],"picked":"Ragnarok","floor":33.0},{"not_picked":["ReachHeaven+1","CrushJoints"],"picked":"Crescendo","floor":35.0},{"not_picked":["The Bomb","Chrysalis"],"picked":"Trip","floor":36.0},{"not_picked":["Sanctity+1","Swivel"],"picked":"ClearTheMind","floor":37.0},{"not_picked":["EmptyBody","Indignation"],"picked":"Evaluate","floor":40.0},{"not_picked":["CrushJoints","BowlingBash","Alpha"],"picked":"SKIP","floor":41.0},{"not_picked":["FearNoEvil","ConjureBlade","MentalFortress+1"],"picked":"SKIP","floor":46},{"not_picked":["Sanctity","CarveReality","FearNoEvil+1"],"picked":"SKIP","floor":47},{"not_picked":["JustLucky+1","SashWhip+1"],"picked":"Swivel","floor":48}],"player_experience":587183,"relics_obtained":[{"floor":6.0,"key":"Omamori"},{"floor":8.0,"key":"PreservedInsect"},{"floor":9.0,"key":"Nunchaku"},{"floor":11.0,"key":"MealTicket"},{"floor":24.0,"key":"Girya"},{"floor":26.0,"key":"Yang"},{"floor":27.0,"key":"Strawberry"},{"floor":31.0,"key":"Eternal Feather"},{"floor":38.0,"key":"Pen Nib"},{"floor":40.0,"key":"Bag of Marbles"},{"floor":43.0,"key":"Orichalcum"},{"floor":46,"key":"StoneCalendar"},{"floor":48,"key":"Incense Burner"}],"event_choices":[{"damage_healed":0.0,"max_hp_gain":0.0,"max_hp_loss":0.0,"gold_gain":0.0,"event_name":"Shining Light","player_choice":"Entered Light","floor":2.0,"gold_loss":0.0,"damage_taken":14.0,"cards_upgraded":["Adaptation","Defend_P"]},{"cards_removed":["Strike_P"],"damage_healed":0.0,"max_hp_gain":0.0,"max_hp_loss":0.0,"gold_gain":0.0,"event_name":"Golden Wing","player_choice":"Card Removal","floor":4.0,"gold_loss":0.0,"damage_taken":7.0},{"damage_healed":0.0,"max_hp_gain":0.0,"max_hp_loss":0.0,"gold_gain":0.0,"event_name":"Vampires","player_choice":"Ignored","floor":21.0,"gold_loss":0.0,"damage_taken":0.0},{"damage_healed":0.0,"max_hp_gain":0.0,"max_hp_loss":0.0,"gold_gain":0.0,"event_name":"SensoryStone","player_choice":"Memory 3","floor":36.0,"gold_loss":0.0,"damage_taken":10.0},{"damage_healed":0.0,"max_hp_gain":0.0,"max_hp_loss":0.0,"gold_gain":100.0,"event_name":"Golden Shrine","player_choice":"Pray","floor":44.0,"gold_loss":0.0,"damage_taken":0.0}],"is_beta":false,"boss_relics":[{"not_picked":["Velvet Choker","Tiny House"],"picked":"Sozu"},{"not_picked":["SlaversCollar","Pandora\u0027s Box"],"picked":"Philosopher\u0027s Stone"}],"items_purged_floors":[29,39,45],"is_endless":false,"potions_floor_spawned":[3,5,13,14,16,18,24,25,27,31,40,41,46,48],"ascension_level":4}}