{"host":"oehe2dxjvdgux73m","time":1612973146,"event":{"mods":["AchievementEnabler","BaseMod","Colored Map","Colored Powertips","DeckTracker","Keyboard Shortcuts","Minty Spire (QoL Compilation)","Permanent Neow","Quick Restart","StSLib","SuperFastMode"],"gold_per_floor":[109,128,138,151,165,165,194,194,194,224,243,261,261,261,261,354,354,377,72,72,91,91,91,106,306,306,316,316,341,341,357,357,357,357],"floor_reached":33,"language":"KOR","playtime":1058,"items_purged":["Defend_G"],"score":558,"play_id":"13d0e3dd-786f-4074-b511-2478e971aafa","local_time":"20210211010546","is_ascension_mode":true,"campfire_choices":[{"data":"A Thousand Cuts","floor":6.0,"key":"SMITH"},{"floor":8.0,"key":"REST"},{"floor":15.0,"key":"REST"},{"data":"After Image","floor":23.0,"key":"SMITH"},{"data":"Skewer","floor":28,"key":"SMITH"},{"data":"Cloak And Dagger","floor":30,"key":"SMITH"},{"data":"Neutralize","floor":32,"key":"SMITH"}],"circlet_count":0,"master_deck":["AscendersBane","Strike_G","Strike_G","Strike_G","Strike_G","Strike_G","Defend_G","Defend_G","Defend_G","Defend_G","Survivor","Neutralize+1","A Thousand Cuts+1","Well Laid Plans","Die Die Die","Poisoned Stab","Eviscerate","Tactician","Backstab","Dodge and Roll","Flying Knee","Backflip","Acrobatics","Footwork","Footwork+1","Blur+1","After Image+1","Cloak And Dagger+1","Skewer+1","Underhanded Strike"],"relics":["Ring of the Snake","Happy Flower","Shuriken","Regal Pillow","Bloody Idol","Coffee Dripper","Orrery","Bottled Tornado","Incense Burner"],"acts_visited":["Exordium","TheCity"],"potions_floor_usage":[24,24,24,27,29,29],"damage_taken":[{"damage":0.0,"enemies":"Cultist","floor":1.0,"turns":4.0},{"damage":9.0,"enemies":"2 Louse","floor":2.0,"turns":4.0},{"damage":2.0,"enemies":"Small Slimes","floor":3.0,"turns":5.0},{"damage":3.0,"enemies":"Blue Slaver","floor":4.0,"turns":8.0},{"damage":4.0,"enemies":"Looter","floor":5.0,"turns":4.0},{"damage":34.0,"enemies":"Gremlin Nob","floor":7.0,"turns":4.0},{"damage":17.0,"enemies":"3 Sentries","floor":10.0,"turns":5.0},{"damage":0.0,"enemies":"Exordium Thugs","floor":11.0,"turns":3.0},{"damage":0.0,"enemies":"Large Slime","floor":12.0,"turns":4.0},{"damage":31.0,"enemies":"Slime Boss","floor":16.0,"turns":8.0},{"damage":4.0,"enemies":"3 Byrds","floor":18.0,"turns":3.0},{"damage":7.0,"enemies":"Shell Parasite","floor":21.0,"turns":5.0},{"damage":6,"enemies":"Snake Plant","floor":24,"turns":3},{"damage":0,"enemies":"Centurion and Healer","floor":27,"turns":6},{"damage":33,"enemies":"Book of Stabbing","floor":29,"turns":6},{"damage":9,"enemies":"Snecko","floor":31,"turns":4},{"damage":28,"enemies":"Automaton","floor":33,"turns":6}],"seed_played":"-4567417555190128014","potions_obtained":[{"floor":2.0,"key":"DistilledChaos"},{"floor":3.0,"key":"Energy Potion"},{"floor":11.0,"key":"CunningPotion"},{"floor":16.0,"key":"BlessingOfTheForge"},{"floor":18.0,"key":"EntropicBrew"},{"floor":24,"key":"Fruit Juice"},{"floor":27,"key":"LiquidBronze"}],"is_trial":false,"path_per_floor":["M","M","M","M","M","R","E","R","T","E","M","M","?","?","R","B",null,"M","$","?","M","?","R","M","?","T","M","R","E","R","M","R","B"],"character_chosen":"THE_SILENT","items_purchased":["Orrery","SteroidPotion"],"campfire_rested":2,"item_purchase_floors":[19,19],"current_hp_per_floor":[59,50,48,45,41,41,7,26,26,9,9,9,9,9,42,11,48,44,44,44,42,42,42,41,46,46,56,56,28,28,24,24,0,0],"gold":357,"neow_bonus":"ONE_RANDOM_RARE_CARD","is_daily":false,"chose_seed":false,"campfire_upgraded":5,"win_rate":0.0,"timestamp":1612973146,"path_taken":["M","M","M","?","M","R","E","R","T","E","M","M","?","?","R","BOSS","M","$","?","M","?","R","?","?","T","M","R","E","R","M","R","BOSS"],"items_purchased_type":["Relic","Potion"],"build_version":"2020-12-22","purchased_purges":1,"victory":false,"max_hp_per_floor":[66,66,66,66,66,66,66,66,66,66,66,66,60,60,60,60,60,60,60,60,60,60,60,60,60,60,65,65,65,65,65,65,65,65],"card_choices":[{"not_picked":["PiercingWail","Cloak And Dagger"],"picked":"Well Laid Plans","floor":1.0},{"not_picked":["Setup","Slice","Bane"],"picked":"SKIP","floor":2.0},{"not_picked":["Cloak And Dagger","Slice"],"picked":"Die Die Die","floor":3.0},{"not_picked":["Accuracy","Deflect"],"picked":"Poisoned Stab","floor":4.0},{"not_picked":["Cloak And Dagger","Reflex"],"picked":"Eviscerate","floor":5.0},{"not_picked":["Caltrops","Slice"],"picked":"Tactician","floor":7.0},{"not_picked":["Footwork","Distraction"],"picked":"Backstab","floor":10.0},{"not_picked":["Poisoned Stab","Riddle With Holes"],"picked":"Dodge and Roll","floor":11.0},{"not_picked":["Slice","Poisoned Stab"],"picked":"Flying Knee","floor":12.0},{"not_picked":["Skewer","Sucker Punch+1"],"picked":"Backflip","floor":18.0},{"not_picked":["Leg Sweep+1","Deadly Poison"],"picked":"Acrobatics","floor":19.0},{"not_picked":["Cloak And Dagger","Quick Slash"],"picked":"Footwork","floor":19.0},{"not_picked":["Bullet Time","Concentrate"],"picked":"Footwork+1","floor":19.0},{"not_picked":["Choke","Underhanded Strike"],"picked":"Blur+1","floor":19.0},{"not_picked":["Setup","Sucker Punch","Caltrops"],"picked":"SKIP","floor":21.0},{"not_picked":["Deadly Poison","Catalyst"],"picked":"Cloak And Dagger","floor":24},{"not_picked":["Eviscerate","All Out Attack"],"picked":"Skewer","floor":27},{"not_picked":["Glass Knife","Quick Slash","Phantasmal Killer"],"picked":"SKIP","floor":29},{"not_picked":["Caltrops+1","Slice"],"picked":"Underhanded Strike","floor":31}],"player_experience":457102,"relics_obtained":[{"floor":7.0,"key":"Happy Flower"},{"floor":9.0,"key":"Shuriken"},{"floor":10.0,"key":"Regal Pillow"},{"floor":26,"key":"Bottled Tornado"},{"floor":29,"key":"Incense Burner"}],"event_choices":[{"damage_healed":0.0,"max_hp_gain":0.0,"max_hp_loss":6.0,"gold_gain":0.0,"event_name":"Golden Idol","player_choice":"Lose Max HP","floor":13.0,"gold_loss":0.0,"damage_taken":0.0,"relics_obtained":["Golden Idol"]},{"damage_healed":0.0,"max_hp_gain":0.0,"max_hp_loss":0.0,"gold_gain":0.0,"event_name":"Shining Light","player_choice":"Ignored","floor":14.0,"gold_loss":0.0,"damage_taken":0.0},{"damage_healed":0.0,"max_hp_gain":0.0,"max_hp_loss":0.0,"gold_gain":0.0,"event_name":"Forgotten Altar","player_choice":"Gave Idol","floor":20.0,"relics_lost":["Golden Idol"],"gold_loss":0.0,"damage_taken":0.0,"relics_obtained":["Bloody Idol"]},{"damage_healed":0.0,"max_hp_gain":0.0,"max_hp_loss":0.0,"gold_gain":0.0,"event_name":"Match and Keep!","player_choice":"1 cards matched","floor":22.0,"gold_loss":0.0,"damage_taken":0.0,"cards_obtained":["After Image"]},{"damage_healed":0,"gold_gain":250,"player_choice":"Bet on Owner","damage_taken":0,"max_hp_gain":0,"max_hp_loss":0,"event_name":"The Joust","floor":25,"gold_loss":50}],"is_beta":false,"boss_relics":[{"not_picked":["Busted Crown","Snecko Eye"],"picked":"Coffee Dripper"}],"items_purged_floors":[19],"is_endless":false,"potions_floor_spawned":[2,3,4,11,16,18,24,27],"killed_by":"Automaton","ascension_level":20}}