{"host":"xp27heuvanyklt0b","time":1612970958,"event":{"mods":["100% Spire Juice","BaseMod","Lobotomy","Minty Spire (QoL Compilation)","StSLib"],"gold_per_floor":[111,129,149,166,163,163,179,179,227,247,276,276,122,149,149,248,248,238,252,252,252,103,103,103,103,149,149,159,159,172,172,172],"floor_reached":31,"language":"KOR","playtime":2013,"items_purged":["NothingThere"],"score":299,"play_id":"a635f881-baf4-4989-973b-7fcb159d03cc","local_time":"20210211002918","is_ascension_mode":false,"campfire_choices":[],"circlet_count":0,"master_deck":["SpecialBullet","SpecialBullet","DisciplinaryCode","SecurityCode","InformationCode","Horn","Freischutz","TheSmile","ShyLook","Penitence","PunishingBird","SwordSharpenedByTears","Wellcheers","Logging","Mercenary","GoldRush+1","Heaven","FieryBird","TodaysExpression","OSAHOGD","FourthMatchFlame","CentralCode","Rudolta","ParadiseLost","Gaze","MHz","RapturousDream+1","Mimicry","Bloodbath","Beak","VoidDream","TheSmile","MeatLantern","TodaysExpression+1"],"relics":["CogitoBucket","Omamori","RabbitCall","HellTrain","Anchor","PreservedInsect","Lee\u0027s Waffle","Kunai","Cursed Key","BackwardClock"],"acts_visited":["Exordium","TheCity"],"potions_floor_usage":[16,18,31,31],"damage_taken":[{"damage":6,"enemies":"Cultist","floor":1,"turns":3},{"damage":0,"enemies":"Small Slimes","floor":2,"turns":2},{"damage":11,"enemies":"Jaw Worm","floor":3,"turns":2},{"damage":18,"enemies":"Blue Slaver","floor":4,"turns":3},{"damage":7,"enemies":"3 Louse","floor":5,"turns":2},{"damage":42,"enemies":"Exordium Wildlife","floor":7,"turns":4},{"damage":0,"enemies":"Exordium Thugs","floor":10,"turns":3},{"damage":14,"enemies":"Lagavulin","floor":11,"turns":5},{"damage":15,"enemies":"Gremlin Nob","floor":14,"turns":3},{"damage":60,"enemies":"Hexaghost","floor":16,"turns":7},{"damage":70,"enemies":"2 Thieves","floor":18,"turns":15},{"damage":0,"enemies":"Spheric Guardian","floor":19,"turns":2},{"damage":2,"enemies":"Chosen and Byrds","floor":28,"turns":4},{"damage":59,"enemies":"Cultist and Chosen","floor":29,"turns":5},{"damage":1,"enemies":"Centurion and Healer","floor":30,"turns":4},{"damage":75,"enemies":"Snake Plant","floor":31,"turns":4}],"seed_played":"4728938728852263115","potions_obtained":[{"floor":3,"key":"SkillPotion"},{"floor":5,"key":"ColorlessPotion"},{"floor":10,"key":"Regen Potion"},{"floor":14,"key":"Regen Potion"},{"floor":16,"key":"Swift Potion"},{"floor":29,"key":"FearPotion"}],"is_trial":false,"path_per_floor":["M","M","M","M","M","R","M","R","T","M","E","?","$","E","R","B",null,"M","M","?","?","$","R","?","R","T","R","M","M","M","M"],"character_chosen":"Angela","items_purchased":["Lee\u0027s Waffle","Mimicry"],"campfire_rested":0,"item_purchase_floors":[13,22],"current_hp_per_floor":[70,70,67,57,58,58,24,24,24,35,29,29,77,70,70,32,77,47,58,58,58,58,58,58,58,58,58,74,41,57,0,0],"gold":172,"neow_bonus":"RANDOM_COMMON_RELIC","is_daily":false,"chose_seed":false,"campfire_upgraded":0,"win_rate":0.0,"timestamp":1612970958,"path_taken":["M","M","M","M","M","R","M","R","T","?","E","?","$","E","R","BOSS","M","M","?","?","$","R","?","R","T","R","M","?","M","M"],"items_purchased_type":["Relic","Card"],"build_version":"2020-12-22","purchased_purges":1,"victory":false,"max_hp_per_floor":[70,70,70,70,70,70,70,70,70,70,70,70,77,77,77,77,77,77,77,77,77,77,77,77,77,77,77,81,85,89,89,89],"card_choices":[{"not_picked":["CherryBlossom"],"picked":"Horn","floor":1},{"not_picked":["OldLady","BeautyBeast"],"picked":"Freischutz","floor":2},{"not_picked":["Soda"],"picked":"TheSmile","floor":2},{"not_picked":["Murderer","Woodsman"],"picked":"ShyLook","floor":3},{"not_picked":["Soda"],"picked":"Penitence","floor":3},{"not_picked":["Murderer","SnowQueen"],"picked":"PunishingBird","floor":4},{"not_picked":["SolemnVow"],"picked":"SwordSharpenedByTears","floor":4},{"not_picked":["BigBadWolf","Scorched"],"picked":"Wellcheers","floor":5},{"not_picked":["RapturousDream"],"picked":"Logging","floor":5},{"not_picked":["MeatLantern","CrumblingArmor"],"picked":"Mercenary","floor":7},{"not_picked":["Beak"],"picked":"GoldRush","floor":7},{"not_picked":["Penitence"],"picked":"Heaven","floor":10},{"not_picked":["FairyFestival","SpiderBud"],"picked":"FieryBird","floor":11},{"not_picked":["RedEyes"],"picked":"TodaysExpression","floor":11},{"not_picked":["VoidDream","SpiderBud"],"picked":"OSAHOGD","floor":14},{"not_picked":["Spore"],"picked":"FourthMatchFlame","floor":14},{"not_picked":["SpiderBud","HappyTeddy"],"picked":"Rudolta","floor":16},{"not_picked":["TheSmile"],"picked":"ParadiseLost","floor":16},{"not_picked":["WristCuter"],"picked":"Gaze","floor":18},{"not_picked":["LongBird","Scorched"],"picked":"MHz","floor":18},{"not_picked":["OldLady","QueenBee"],"picked":"NothingThere","floor":19},{"not_picked":["Lantern"],"picked":"RapturousDream+1","floor":19},{"not_picked":["Scorched","BlackSwan"],"picked":"Bloodbath","floor":28},{"not_picked":["BloodyDesire"],"picked":"Beak","floor":28},{"not_picked":["HeroicMonk","Murderer"],"picked":"VoidDream","floor":29},{"not_picked":["Lantern"],"picked":"TheSmile","floor":29},{"not_picked":["Variant","UniverseFragment"],"picked":"MeatLantern","floor":30},{"not_picked":["CherryBlossom"],"picked":"TodaysExpression+1","floor":30}],"player_experience":205830,"relics_obtained":[{"floor":9,"key":"Anchor"},{"floor":11,"key":"PreservedInsect"},{"floor":14,"key":"Kunai"}],"event_choices":[{"damage_healed":0,"gold_gain":0,"player_choice":"Grow","damage_taken":0,"max_hp_gain":0,"max_hp_loss":0,"event_name":"Living Wall","floor":12,"gold_loss":0,"cards_upgraded":["GoldRush"]},{"damage_healed":0,"gold_gain":0,"player_choice":"Ignored","damage_taken":0,"max_hp_gain":0,"max_hp_loss":0,"event_name":"Vampires","floor":20,"gold_loss":0},{"damage_healed":0,"gold_gain":0,"player_choice":"Ignored","damage_taken":0,"max_hp_gain":0,"max_hp_loss":0,"event_name":"Ghosts","floor":21,"gold_loss":0},{"damage_healed":0,"gold_gain":0,"player_choice":"Ignored","damage_taken":0,"max_hp_gain":0,"max_hp_loss":0,"event_name":"Beggar","floor":24,"gold_loss":0}],"is_beta":false,"boss_relics":[{"not_picked":["Astrolabe","Ectoplasm"],"picked":"Cursed Key"}],"items_purged_floors":[22],"is_endless":false,"potions_floor_spawned":[3,5,10,14,16,29],"killed_by":"Snake Plant","ascension_level":0}}