{"host":"7qdnj56gqvs5vt6s","time":1612945278,"event":{"mods":["BaseMod","Colored Map","Hermit","Hubris","Lobotomy","Minty Spire (QoL Compilation)","Replay The Spire","StSLib"],"gold_per_floor":[111,35,35,210,264,293,308,19,19,19,36,36,56,68,68,170,170,190,207,207,207,222,250,270,285,285,305,319,193,153,164,164,164,164],"floor_reached":33,"language":"ENG","playtime":1758,"items_purged":["Replay:AllIn"],"score":296,"play_id":"0b1d51dc-688b-4e85-b83b-a3b161bc0e98","local_time":"20210210002118","is_ascension_mode":false,"campfire_choices":[{"data":"hermit:RoundhouseKick","floor":12,"key":"SMITH"},{"floor":15,"key":"REST"},{"floor":32,"key":"REST"}],"circlet_count":0,"master_deck":["hermit:Strike_Hermit","hermit:Strike_Hermit","hermit:Strike_Hermit","hermit:Strike_Hermit","hermit:Defend_Hermit+1","hermit:Defend_Hermit","hermit:Defend_Hermit","hermit:Defend_Hermit","hermit:Snapshot","hermit:Covet","hermit:RoundhouseKick+1","hermit:FlashPowder","hermit:Headshot","hermit:Dive","Hallucinations","Doubt","hermit:Quickdraw","Apotheosis+1","hermit:PistolWhip","hermit:Glare","Crescendo+1","Evaluate","hermit:HighCaliber","hermit:EternalForm+1","FollowUp","hermit:Roulette+1","RitualDagger","Pain","hermit:Headshot+1","hermit:CalledShot","hermit:FromBeyond+1","hermit:WideOpen","hermit:HighCaliber","hermit:Snipe+1","hermit:BodyArmor+1","hermit:CursedWeapon"],"relics":["hermit:Momento","hubris:DisguiseKit","Toy Ornithopter","Eternal Feather","Golden Egg","Sozu","WarpedTongs","Centennial Puzzle","Letter Opener"],"acts_visited":["Exordium","TheCity"],"potions_floor_usage":[16,22,23],"damage_taken":[{"damage":0,"enemies":"Cultist","floor":1,"turns":4},{"damage":29,"enemies":"Lagavulin","floor":6,"turns":9},{"damage":0,"enemies":"Jaw Worm","floor":7,"turns":2},{"damage":0,"enemies":"Small Slimes","floor":11,"turns":2},{"damage":4,"enemies":"Looter","floor":13,"turns":4},{"damage":0,"enemies":"3 Louse","floor":14,"turns":1},{"damage":20,"enemies":"Fading Forest","floor":16,"turns":11},{"damage":0,"enemies":"Chosen","floor":18,"turns":3},{"damage":12,"enemies":"3 Byrds","floor":19,"turns":4},{"damage":0,"enemies":"Centurion and Healer","floor":22,"turns":5},{"damage":6,"enemies":"Gremlin Leader","floor":23,"turns":5},{"damage":19,"enemies":"Shelled Parasite and Fungi","floor":24,"turns":5},{"damage":8,"enemies":"Snake Plant","floor":25,"turns":3},{"damage":19,"enemies":"Centurion and Healer","floor":27,"turns":4},{"damage":5,"enemies":"Chosen and Byrds","floor":28,"turns":3},{"damage":10,"enemies":"Snake Plant","floor":31,"turns":2},{"damage":106,"enemies":"hubris:MusketHawk","floor":33,"turns":6}],"seed_played":"7421181111785164720","potions_obtained":[{"floor":7,"key":"DistilledChaos"},{"floor":11,"key":"FearPotion"},{"floor":14,"key":"Fruit Juice"}],"is_trial":false,"path_per_floor":["M","$","?","?","T","E","M","$","T","?","M","R","M","M","R","B",null,"M","M","?","?","M","E","M","M","T","M","M","$","?","M","R","B"],"character_chosen":"HERMIT","items_purchased":["hermit:Headshot","hermit:Dive","Apotheosis","hermit:PistolWhip","hermit:Glare","hermit:BodyArmor"],"campfire_rested":2,"item_purchase_floors":[2,2,8,8,8,29],"current_hp_per_floor":[75,75,75,75,75,46,46,46,46,46,46,58,54,54,75,60,80,80,68,62,62,67,66,47,39,39,20,15,15,15,5,50,0,0],"gold":164,"neow_bonus":"ONE_RANDOM_RARE_CARD","is_daily":false,"chose_seed":false,"campfire_upgraded":1,"win_rate":0.0,"timestamp":1612945278,"path_taken":["M","?","?","?","?","E","M","$","T","?","?","R","M","M","R","BOSS","M","M","?","?","M","E","?","M","T","M","M","$","?","M","R","BOSS"],"items_purchased_type":["Card","Card","Card","Card","Card","Card"],"build_version":"2020-12-22","purchased_purges":1,"victory":false,"max_hp_per_floor":[75,75,75,75,75,75,75,75,75,75,75,75,75,75,75,80,80,80,80,80,80,80,80,80,80,80,80,80,80,80,80,80,80,80],"card_choices":[{"not_picked":["hermit:LowProfile","hermit:FullyLoaded"],"picked":"hermit:FlashPowder","floor":1},{"not_picked":["hermit:Feint","hermit:LuckOfTheDraw","Prostrate"],"picked":"hermit:Quickdraw","floor":6},{"not_picked":["hermit:LoneWolf","hermit:Malice","hermit:Roulette"],"picked":"Replay:AllIn","floor":7},{"not_picked":["hermit:DeadMansHand","hermit:Misfire","hermit:Manifest"],"picked":"Crescendo","floor":11},{"not_picked":["hermit:TakeCover","hermit:Roulette","hermit:TakeAim"],"picked":"Evaluate","floor":13},{"not_picked":["hermit:Desperado","hermit:Spite","PathToVictory"],"picked":"hermit:HighCaliber","floor":14},{"not_picked":["hermit:Gambit","hermit:HighNoon","Vault"],"picked":"hermit:EternalForm","floor":16},{"not_picked":["hermit:Cheat","hermit:Misfire","hermit:Glare"],"picked":"FollowUp","floor":18},{"not_picked":["hermit:Ricochet","hermit:Feint","TalkToTheHand"],"picked":"hermit:Roulette+1","floor":19},{"not_picked":["hermit:Snipe+1","hermit:TrackingShot","Evaluate"],"picked":"hermit:Headshot+1","floor":22},{"not_picked":["hermit:Coalescence","hermit:LowProfile","Crescendo"],"picked":"hermit:CalledShot","floor":23},{"not_picked":["hermit:Maintenance","hermit:Showdown","FlurryOfBlows"],"picked":"hermit:FromBeyond","floor":24},{"not_picked":["hermit:SprayPray","hermit:CalledShot","ThirdEye"],"picked":"hermit:WideOpen","floor":25},{"not_picked":["hermit:Roulette","hermit:LuckOfTheDraw","CutThroughFate"],"picked":"hermit:HighCaliber","floor":27},{"not_picked":["hermit:Vantage+1","hermit:ItchyTrigger","SignatureMove"],"picked":"hermit:Snipe+1","floor":28},{"not_picked":["hermit:TrackingShot","hermit:HoleUp","Replay:ManipulateFuture"],"picked":"hermit:CursedWeapon","floor":31}],"player_experience":52344,"relics_obtained":[{"floor":5,"key":"Toy Ornithopter"},{"floor":6,"key":"Eternal Feather"},{"floor":9,"key":"Golden Egg"},{"floor":23,"key":"Centennial Puzzle"},{"floor":26,"key":"Letter Opener"}],"event_choices":[{"damage_healed":0,"gold_gain":175,"player_choice":"AGREE","damage_taken":0,"max_hp_gain":0,"max_hp_loss":0,"event_name":"Liars Game","floor":4,"gold_loss":0,"cards_obtained":["Doubt"]},{"damage_healed":0,"gold_gain":0,"player_choice":"Grow","damage_taken":0,"max_hp_gain":0,"max_hp_loss":0,"event_name":"Living Wall","floor":10,"gold_loss":0,"cards_upgraded":["Apotheosis"]},{"damage_healed":0,"gold_gain":0,"player_choice":"Joined the Cult","damage_taken":6,"max_hp_gain":0,"max_hp_loss":0,"event_name":"Nest","floor":20,"gold_loss":0,"cards_obtained":["RitualDagger"]},{"damage_healed":0,"gold_gain":0,"player_choice":"Rummage","damage_taken":0,"relics_obtained":["WarpedTongs"],"max_hp_gain":0,"max_hp_loss":0,"event_name":"Accursed Blacksmith","floor":21,"gold_loss":0,"cards_obtained":["Pain"]},{"damage_healed":0,"gold_gain":0,"player_choice":"Upgraded Two","damage_taken":0,"max_hp_gain":0,"max_hp_loss":0,"event_name":"Designer","floor":30,"gold_loss":40,"cards_upgraded":["Crescendo","hermit:Defend_Hermit"]}],"is_beta":false,"boss_relics":[{"not_picked":["Ring of Chaos","Coffee Dripper"],"picked":"Sozu"}],"items_purged_floors":[29],"is_endless":false,"potions_floor_spawned":[7,11,14,19,23,27,28],"killed_by":"hubris:MusketHawk","ascension_level":0}}