{"host":"2hlhnd4tei6r1t0s","time":1612932414,"event":{"mods":["100% Spire Juice","ATMod(阿瑾Mod)","Act Like it!","Arknights","Aspiration","Astrologer","Bard","BaseMod","Bossed Relics","Chen","Conspire","Downfall","Energized Spire","Evolution","Gensokyo","Gremlin Mod","GungeonMod","Hallownest","Hermit","HololiveMod","HumanHunterMod(怪物杀人mod)","Jedi Mod","Jorbs\u0027s Wanderer Trilogy","KinomotoSakuraMod(木之本樱)","Koishi","Luminous","Mari Mod (Legacy)","Mari\u0027s V1 Patch","Marisa（F雨　魔理沙）","Minty Spire (QoL Compilation)","MostiFishMod","Pale of the Ancients","Potionbrewer","Prisma Mod","Quick Restart","Reimu（博丽灵梦）","Reliquary","Replay The Spire","Robot Space Explorer","RumiaBox-露米娅的神秘盒子","StSLib","TestMod","The Administrix","The Alterego","The Animator","The Blackbeard","The Construct","The Cursed","The Forsaken","The Gatherer","The Hayseed","The Jungle","The Mystic","The Runesmith","The Saiyan","The Senshi","The Servant 0.9.4","The Showman","TheHeartMod","TheWitcher","Uncapped","WarShipGirlsR/战舰少女R mod","Yakumo Yukari mod","Yuyuko","[GremlinLeader]The Maniac","[IsaacMod]以撒尖塔","noobMod","【功能Mod】混沌之环修复补丁","【功能Mod】聪明的最终Boss","【遗物卡牌】REMEMod","残留之物","篝火指南"],"gold_per_floor":[1000000,1000082,1000099,1000114,1000114,999184,999216,998711,998736,998765,998008,998023,998023,998035,998035,998146,998146,998165,998190,998214,998237,998257,997646,997691,995942,995968,995965,995121,995066,994453,994491,993730,993830,993839,993783,993019,993019,993069,992264,0,0],"floor_reached":40,"language":"ZHS","playtime":4576,"items_purged":["construct:DefenseMode","construct:Defend_Gold","construct:Defend_Gold","construct:ScrapCannon","construct:Impenetrable","construct:Versatility","construct:SyphonStrike","construct:Missile","construct:SweepLaser","construct:GoldenBullet+1","construct:FlakBarrage"],"score":769,"play_id":"edf55535-dc1f-405e-a5c9-9c4e3a9ffc0b","local_time":"20210210124653","is_ascension_mode":true,"campfire_choices":[],"circlet_count":0,"master_deck":["construct:ShiftStrike","construct:AttackMode","AT_KingSlayer","construct:HyperBeam","construct:Enhance","construct:FlakBarrage","construct:Chainstrike","construct:Chainstrike","construct:Enhance","construct:SiegeForm+1","construct:ClusterMines+1","construct:ShiftStrike+2","construct:Electrocute+1","construct:ShiftStrike","theJungle:Gourd","theJungle:Gourd","theJungle:Gourd","theJungle:Gourd","theJungle:Gourd","MostiFishMod:ButterFly","DemoMod:Invincible+1","MostiFishMod:StoryBook+1","construct:Backfire","construct:OmegaCannon+1","construct:Backfire","construct:Chainstrike","construct:GatlingGun+1","construct:Enhance+1","construct:Chainstrike","construct:OmegaCannon","testmod-Collector"],"relics":["construct:Cogwheel","EVO:Axolotl","ice","testmod-TestBox","DaveBox","REME_ComplimentaryCards","HushsDoor","AT_ATBox","GnawedLeaf","testmod-GoldenSoul","ShadowXiaoBlade","NeowsBlessing","SynthV:TestCard","DemoMod:Relodestone","PreservedInsect","Habit","DemoMod:GnawedKey","reliquary:PorcupineQuills","Vajra","Smiling Mask","DemoMod:MeatBun","DemoMod:Metronome","DemoMod:Orange","BrkXgEgg","Ginger","GodSword1","CeramicFish","FeatherPendant","testmod-IndustrialRevolution","Toolbox","construct:MegaBattery","MetatronsCube","SharpPlug","potionbrewer:BottledElixir","RuthlessExorcism:ReiMu","aspiration:AnachronicSnailShell","reliquary:Boomerang","BFFS","Sling","reliquary:Aerogel","PlaceholderMod:SoulofChaos","aspiration:Lifesprig","reliquary:HotPoker","Chemical X","Replay:Bottled Flurry","SlaversCollar","GodSword5","reliquary:QuartzCube","Ying","testmod-BouquetWithThorns","DemoMod:GlassGuonStoneRelic","Strange Spoon","Omamori","Replay:Multitool"],"acts_visited":["Exordium","Exordium","TheBeyond"],"potions_floor_usage":[],"damage_taken":[{"damage":0,"enemies":"Jaw Worm","floor":1,"turns":1},{"damage":0,"enemies":"Cultist","floor":3,"turns":1},{"damage":0,"enemies":"2 Louse","floor":4,"turns":1},{"damage":14,"enemies":"Lagavulin","floor":7,"turns":4},{"damage":32,"enemies":"Gremlin Nob","floor":10,"turns":9},{"damage":121,"enemies":"Gremlin Gang","floor":12,"turns":11},{"damage":15,"enemies":"Exordium Wildlife","floor":14,"turns":4},{"damage":30,"enemies":"The Guardian","floor":16,"turns":6},{"damage":0,"enemies":"theJungle:MUSHROOMGANG","floor":18,"turns":1},{"damage":37,"enemies":"theJungle:Flameango_and_Byrd","floor":19,"turns":6},{"damage":60,"enemies":"Snake Plant","floor":20,"turns":4},{"damage":65,"enemies":"theJungle:2_Snecko_Cultists","floor":21,"turns":10},{"damage":11,"enemies":"theJungle:Snecko_Cultist_And_Trap","floor":22,"turns":4},{"damage":0,"enemies":"theJungle:Lyon","floor":27,"turns":2},{"damage":16,"enemies":"Snake Plant","floor":29,"turns":4},{"damage":2,"enemies":"theJungle:2_Phrogs","floor":31,"turns":2},{"damage":0,"enemies":"theJungle:FunGuy","floor":33,"turns":1},{"damage":27,"enemies":"3 Darklings","floor":35,"turns":7},{"damage":14,"enemies":"2 Orb Walkers","floor":38,"turns":2},{"damage":52592,"enemies":"Giant Head","floor":40,"turns":1}],"seed_played":"7134158448309945173","potions_obtained":[{"floor":1,"key":"Energy Potion"},{"floor":4,"key":"Adrenaline Potion"},{"floor":12,"key":"DemoMod:LeadSkinPotion"},{"floor":21,"key":"Ancient Potion"}],"is_trial":false,"path_per_floor":["M","?","M","M","?","R","E","R","T","E","$","M","?","M","R","B",null,"M","M","M","M","M","R","?","$","T","M","R","M","$","E","R","B",null,"M","$","?","?","$","E"],"character_chosen":"THE_CONSTRUCT_MOD","items_purchased":["DemoMod:Relodestone","PreservedInsect","Habit","DemoMod:GnawedKey","Bomb","construct:FlakBarrage","Vajra","Smiling Mask","DemoMod:MeatBun","BrkXgEgg","Ginger","GodSword1","testmod-IndustrialRevolution","Toolbox","construct:MegaBattery","MetatronsCube","SharpPlug","MostiFishMod:ButterFly","potionbrewer:BottledElixir","DemoMod:Invincible+1","construct:GoldenBullet+1","MostiFishMod:StoryBook+1","aspiration:AnachronicSnailShell","reliquary:Boomerang","BFFS","construct:Backfire","Sling","reliquary:Aerogel","PlaceholderMod:SoulofChaos","reliquary:HotPoker","Chemical X","construct:Chainstrike","Replay:Bottled Flurry","construct:GatlingGun","GodSword5","reliquary:QuartzCube","Ying","construct:Chainstrike","Strange Spoon","Omamori","Replay:Multitool","construct:OmegaCannon","testmod-Collector"],"campfire_rested":0,"item_purchase_floors":[6,6,6,6,6,6,8,8,8,11,11,11,23,23,23,25,25,25,25,25,25,28,28,28,28,28,30,30,30,32,32,32,32,34,36,36,36,36,39,39,39,39,39],"current_hp_per_floor":[21,6,6,6,6,6,7,21,21,39,39,1080,1073,1085,1085,2782,3340,3340,3782,4638,5642,5881,5881,5881,5881,5881,5881,5881,6428,6428,6428,6428,6428,6419,7489,7489,7492,7503,7503,0,0],"gold":0,"neow_bonus":"THREE_ENEMY_KILL","is_daily":false,"chose_seed":false,"campfire_upgraded":0,"win_rate":0.0,"timestamp":1612932413,"path_taken":["M","?","?","M","?","R","E","R","T","E","$","?","?","M","R","BOSS","M","M","M","M","M","R","?","$","T","M","R","M","$","E","R","BOSS","M","$","?","?","$","E"],"items_purchased_type":["Relic","Relic","Relic","Relic","Card","Card","Relic","Relic","Relic","Relic","Relic","Relic","Relic","Relic","Relic","Relic","Relic","Card","Relic","Card","Card","Card","Relic","Relic","Relic","Card","Relic","Relic","Relic","Relic","Relic","Card","Relic","Card","Relic","Relic","Relic","Card","Relic","Relic","Relic","Card","Card"],"build_version":"2020-12-22","purchased_purges":11,"victory":false,"max_hp_per_floor":[21,21,21,21,21,21,22,22,22,39,39,1080,1080,1095,1095,3340,3340,3340,3782,4638,5686,5881,5881,5881,5881,5881,5881,5881,6428,6428,6428,6428,6428,6419,7498,7498,7501,7666,7666,7666,7666],"card_choices":[{"not_picked":["construct:Disrupt","construct:Boost"],"picked":"construct:Missile","floor":1},{"not_picked":["construct:SyphonStrike","construct:ShiftGuard","construct:Backfire","construct:Disrupt"],"picked":"construct:Enhance","floor":3},{"not_picked":["construct:SuppressiveFire","construct:ShieldGenerator","construct:FocusedBeam","construct:ScrapCannon","construct:Autoturret"],"picked":"SKIP","floor":4},{"not_picked":["construct:ForceCore","construct:Accumulate","construct:VentSteam","construct:SpinDrive"],"picked":"construct:Chainstrike","floor":7},{"not_picked":["construct:Disrupt","construct:UnbalancingBlast","construct:Enhance","construct:Anticipate"],"picked":"construct:Chainstrike","floor":10},{"not_picked":["construct:LaserCore","construct:OmegaCannon","construct:ModeShift","construct:SaveState"],"picked":"construct:Enhance","floor":12},{"not_picked":["construct:Reinforce","construct:Autoturret","construct:VentSteam","construct:OmegaCannon","construct:Accumulate"],"picked":"SKIP","floor":14},{"not_picked":["construct:BatteryCore+1","construct:GatlingGun+1","construct:HyperBeam+1","construct:ClockworkEgg+1"],"picked":"construct:SiegeForm+1","floor":16},{"not_picked":["construct:Analyze","construct:ElectricArmor","construct:Missile","construct:HeavyBolt"],"picked":"construct:ClusterMines+1","floor":18},{"not_picked":["construct:Autoturret","construct:VentSteam","construct:ElectricArmor","construct:Reinforce+1"],"picked":"construct:ShiftStrike","floor":19},{"not_picked":["construct:Antimatter+1","construct:Backup+1","construct:FierceBash","construct:Boost+1"],"picked":"construct:Electrocute+1","floor":20},{"not_picked":["construct:Autoturret+1","construct:SaveState","construct:Boost+1","construct:Tumble"],"picked":"construct:ShiftStrike","floor":21},{"not_picked":["construct:SyphonStrike+1","construct:Synchronize","construct:Disrupt","construct:FlameCore+1","construct:ModeShift+1"],"picked":"SKIP","floor":22},{"not_picked":["construct:Anticipate","construct:Backup+1","construct:Reinforce+1","construct:Analyze","construct:Impenetrable"],"picked":"SKIP","floor":27},{"not_picked":["construct:Boost","construct:ShiftGuard","construct:Forcefield","construct:Bunker+1"],"picked":"construct:OmegaCannon+1","floor":29},{"not_picked":["construct:Chainstrike+1","construct:Bunker+1","construct:SaveState","construct:ReactiveShield+1"],"picked":"construct:Backfire","floor":31},{"not_picked":["construct:Hazardproof+1","construct:ForceCore+1","construct:FocusedBeam+1","construct:Accumulate"],"picked":"construct:Enhance+1","floor":35}],"player_experience":189527,"relics_obtained":[{"floor":1,"key":"SynthV:TestCard"},{"floor":7,"key":"reliquary:PorcupineQuills"},{"floor":9,"key":"DemoMod:Metronome"},{"floor":10,"key":"DemoMod:Orange"},{"floor":26,"key":"RuthlessExorcism:ReiMu"},{"floor":31,"key":"aspiration:Lifesprig"},{"floor":38,"key":"testmod-BouquetWithThorns"}],"event_choices":[{"damage_healed":0,"gold_gain":0,"player_choice":"1 cards matched","damage_taken":0,"max_hp_gain":0,"max_hp_loss":0,"event_name":"Match and Keep!","floor":5,"gold_loss":0,"cards_obtained":["construct:Impenetrable"]},{"damage_healed":0,"gold_gain":0,"player_choice":"Success","damage_taken":7,"relics_obtained":["CeramicFish"],"max_hp_gain":0,"max_hp_loss":0,"event_name":"Scrap Ooze","floor":13,"gold_loss":0},{"damage_healed":0,"gold_gain":0,"player_choice":"Got Potions","damage_taken":0,"max_hp_gain":0,"max_hp_loss":0,"event_name":"Lab","floor":15,"gold_loss":0},{"damage_healed":0,"gold_gain":0,"player_choice":"Ignored","damage_taken":0,"max_hp_gain":0,"max_hp_loss":0,"event_name":"Tomb of Lord Red Mask","floor":37,"gold_loss":0},{"damage_healed":0,"gold_gain":0,"player_choice":"Fight","damage_taken":0,"max_hp_gain":0,"max_hp_loss":0,"event_name":"Mysterious Sphere","floor":38,"gold_loss":0}],"is_beta":false,"boss_relics":[{"not_picked":["Fusion Hammer","Replay:Bronze Core"],"picked":"FeatherPendant"},{"not_picked":[]},{"not_picked":["ReplayTheSpireMod:DimensionalGlitch","Runesmith:UraniumAnvil"],"picked":"SlaversCollar"},{"not_picked":[]}],"items_purged_floors":[6,8,11,23,25,28,30,32,34,36,39],"is_endless":false,"potions_floor_spawned":[1,4,12,14,16,20,21,29,38],"killed_by":"Giant Head","ascension_level":4}}