{"host":"fxrgx7wt2cpkbhka","time":1612964783,"event":{"mods":["AchievementEnabler","BaseMod","Colored Powertips","Dark Map","Minty Spire (QoL Compilation)","Permanent Neow","Quick Restart","Slay-I","StSLib","Waifu the Spire"],"gold_per_floor":[111,128,145,110,110,110,126,157,182,182,357,357,368,149,149,149,149],"floor_reached":16,"language":"ENG","playtime":572,"items_purged":[],"score":170,"play_id":"57c39fe4-ef55-45ac-b71c-35b37cb31ae4","local_time":"20210210054623","is_ascension_mode":true,"campfire_choices":[{"data":"Capacitor","floor":6,"key":"SMITH"},{"floor":10,"key":"REST"},{"data":"Dualcast","floor":12,"key":"SMITH"},{"data":"Defragment","floor":15,"key":"SMITH"}],"circlet_count":0,"master_deck":["AscendersBane","Strike_B","Strike_B","Strike_B","Strike_B","Defend_B","Defend_B","Defend_B","Defend_B","Zap","Dualcast+1","Fission+1","Compile Driver","Leap","Capacitor+1","Coolheaded+1","Rainbow+1","Doubt","Compile Driver","Defragment+1"],"relics":["Cracked Core","Anchor","War Paint"],"acts_visited":["Exordium"],"potions_floor_usage":[8,16],"damage_taken":[{"damage":6,"enemies":"Cultist","floor":1,"turns":4},{"damage":8,"enemies":"2 Louse","floor":2,"turns":3},{"damage":7,"enemies":"Jaw Worm","floor":3,"turns":3},{"damage":14,"enemies":"Exordium Wildlife","floor":7,"turns":5},{"damage":22,"enemies":"Lagavulin","floor":8,"turns":11},{"damage":1,"enemies":"3 Louse","floor":13,"turns":3},{"damage":29,"enemies":"Hexaghost","floor":16,"turns":9}],"seed_played":"-94188701656742060","potions_obtained":[{"floor":7,"key":"DistilledChaos"},{"floor":13,"key":"Fire Potion"}],"is_trial":false,"path_per_floor":["M","M","M","$","?","R","M","E","T","R","?","R","M","$","R","B"],"character_chosen":"DEFECT","items_purchased":["Capacitor","Defragment","War Paint"],"campfire_rested":1,"item_purchase_floors":[4,14,14],"current_hp_per_floor":[58,50,43,43,43,43,29,7,7,28,28,28,27,27,27,0,0],"gold":149,"neow_bonus":"ONE_RANDOM_RARE_CARD","is_daily":false,"chose_seed":false,"campfire_upgraded":3,"win_rate":0.0,"timestamp":1612964783,"path_taken":["M","?","M","$","?","R","?","E","T","R","?","R","M","?","R","BOSS"],"items_purchased_type":["Card","Card","Relic"],"build_version":"2020-12-22","purchased_purges":0,"victory":false,"max_hp_per_floor":[71,71,71,71,71,71,71,71,71,71,71,71,71,71,71,71,71],"card_choices":[{"not_picked":["Turbo","Streamline"],"picked":"Compile Driver","floor":1},{"not_picked":["Hologram","Consume"],"picked":"Leap","floor":2},{"not_picked":["Double Energy","Coolheaded","Rebound"],"picked":"SKIP","floor":3},{"not_picked":["Turbo","Barrage"],"picked":"Coolheaded","floor":7},{"not_picked":["Redo","Fission"],"picked":"Rainbow","floor":8},{"not_picked":["Force Field","Loop"],"picked":"Compile Driver","floor":13}],"player_experience":760953,"relics_obtained":[{"floor":8,"key":"Anchor"}],"event_choices":[{"damage_healed":0,"gold_gain":0,"player_choice":"Upgraded","damage_taken":0,"max_hp_gain":0,"max_hp_loss":0,"event_name":"Upgrade Shrine","floor":5,"gold_loss":0,"cards_upgraded":["Fission"]},{"damage_healed":0,"gold_gain":175,"player_choice":"AGREE","damage_taken":0,"max_hp_gain":0,"max_hp_loss":0,"event_name":"Liars Game","floor":11,"gold_loss":0,"cards_obtained":["Doubt"]}],"is_beta":false,"boss_relics":[],"items_purged_floors":[],"is_endless":false,"potions_floor_spawned":[7,13],"killed_by":"Hexaghost","ascension_level":14}}