{"host":"ThePatvocate","time":1612923024,"event":{"mods":["2.2 Compatiblity","AchievementEnabler","BaseMod","Better Match","Better Note","Better Sensory Stone","Better Third Choice","Block Reminder","Colored Map","Colored Powertips","Emptier Cage","Highlight Path","Minty Spire (QoL Compilation)","Permanent Neow","Quick Restart","Rare Cards Sparkle","StSLib"],"gold_per_floor":[112,126,51,65,83,83,116,116,116,130,150,161,191,191,191,268,268,282,297,269,269,169,169,169],"floor_reached":23,"language":"ENG","playtime":1679,"items_purged":["Normality","Writhe"],"score":406,"play_id":"517dbcdf-d684-41f6-85a4-04b112efee61","local_time":"20210209181024","is_ascension_mode":true,"campfire_choices":[{"data":"Flame Barrier","floor":6.0,"key":"SMITH"},{"data":"Pommel Strike","floor":8.0,"key":"SMITH"},{"data":"Fire Breathing","floor":15.0,"key":"SMITH"}],"circlet_count":0,"master_deck":["AscendersBane","Strike_R","Strike_R","Strike_R","Strike_R","Strike_R","Defend_R","Defend_R","Defend_R","Defend_R","Bash","Headbutt","Clothesline","Flame Barrier+1","Fire Breathing+1","Pommel Strike+1","Infernal Blade+1","Shrug It Off+1","Barricade","Iron Wave","Disarm+1","Shrug It Off+1"],"relics":["Burning Blood","Thread and Needle","Matryoshka","Toxic Egg 2","Magic Flower","Gambling Chip","Velvet Choker","Bag of Preparation"],"acts_visited":["Exordium","TheCity"],"potions_floor_usage":[23,23],"damage_taken":[{"damage":1.0,"enemies":"Small Slimes","floor":1.0,"turns":5.0},{"damage":1.0,"enemies":"2 Louse","floor":2.0,"turns":4.0},{"damage":0.0,"enemies":"Jaw Worm","floor":4.0,"turns":5.0},{"damage":19.0,"enemies":"Large Slime","floor":5.0,"turns":7.0},{"damage":35.0,"enemies":"Gremlin Nob","floor":7.0,"turns":6.0},{"damage":5.0,"enemies":"Exordium Wildlife","floor":10.0,"turns":6.0},{"damage":26.0,"enemies":"Exordium Thugs","floor":11.0,"turns":6.0},{"damage":12.0,"enemies":"2 Fungi Beasts","floor":12.0,"turns":3.0},{"damage":24.0,"enemies":"Lagavulin","floor":13.0,"turns":9.0},{"damage":25.0,"enemies":"Hexaghost","floor":16.0,"turns":10.0},{"damage":17,"enemies":"Shell Parasite","floor":18,"turns":5},{"damage":3,"enemies":"Spheric Guardian","floor":19,"turns":4},{"damage":53,"enemies":"Gremlin Leader","floor":23,"turns":11}],"seed_played":"-6867855518870852921","potions_obtained":[{"floor":1.0,"key":"Regen Potion"},{"floor":5.0,"key":"Fire Potion"},{"floor":16.0,"key":"BlessingOfTheForge"},{"floor":19,"key":"HeartOfIron"}],"is_trial":false,"path_per_floor":["M","M","$","M","M","R","E","R","T","M","M","M","E","?","R","B",null,"M","M","$","?","$","E"],"character_chosen":"IRONCLAD","items_purchased":["Shrug It Off+1"],"campfire_rested":0,"item_purchase_floors":[20],"current_hp_per_floor":[73,75,75,75,62,62,33,33,33,37,20,17,26,26,26,10,59,51,57,57,57,57,4,4],"gold":169,"neow_bonus":"ONE_RARE_RELIC","is_daily":false,"chose_seed":false,"campfire_upgraded":3,"win_rate":0.0,"timestamp":1612923024,"path_taken":["M","M","$","M","M","R","E","R","T","M","M","M","E","?","R","BOSS","M","M","$","?","$","E"],"items_purchased_type":["Card"],"build_version":"2020-12-18","purchased_purges":2,"victory":false,"max_hp_per_floor":[75,75,75,75,75,75,75,75,75,75,75,75,75,75,75,75,75,75,75,75,75,75,75,75],"card_choices":[{"not_picked":["Havoc","Clash"],"picked":"Headbutt","floor":1.0},{"not_picked":["Dark Embrace","Seeing Red"],"picked":"Clothesline","floor":2.0},{"not_picked":["Headbutt","Blood for Blood","Flame Barrier"],"picked":"SKIP","floor":4.0},{"not_picked":["Headbutt","Blood for Blood"],"picked":"Flame Barrier","floor":4.0},{"not_picked":["True Grit","Corruption"],"picked":"Fire Breathing","floor":5.0},{"not_picked":["Perfected Strike","Twin Strike"],"picked":"Pommel Strike","floor":7.0},{"not_picked":["Warcry+1","Heavy Blade"],"picked":"Infernal Blade+1","floor":10.0},{"not_picked":["Cleave","Wild Strike"],"picked":"Shrug It Off+1","floor":11.0},{"not_picked":["Dark Embrace","Seeing Red+1","Twin Strike"],"picked":"SKIP","floor":12.0},{"not_picked":["Dark Embrace","Seeing Red+1","Twin Strike"],"picked":"SKIP","floor":12.0},{"not_picked":["Pommel Strike","Bloodletting+1","Body Slam"],"picked":"SKIP","floor":13.0},{"not_picked":["Exhume+1","Demon Form"],"picked":"Barricade","floor":16.0},{"not_picked":["Rage+1","Cleave"],"picked":"Iron Wave","floor":18},{"not_picked":["Cleave","Perfected Strike"],"picked":"Disarm+1","floor":19}],"player_experience":1050819,"relics_obtained":[{"floor":7.0,"key":"Matryoshka"},{"floor":9.0,"key":"Toxic Egg 2"},{"floor":9.0,"key":"Magic Flower"},{"floor":13.0,"key":"Gambling Chip"}],"event_choices":[{"damage_healed":0.0,"max_hp_gain":0.0,"max_hp_loss":0.0,"gold_gain":0.0,"event_name":"betterThird:BetterSerpent","player_choice":"Ignored","floor":14.0,"gold_loss":0.0,"damage_taken":191.0},{"damage_healed":0,"gold_gain":0,"player_choice":"Opened","damage_taken":0,"relics_obtained":["Bag of Preparation"],"max_hp_gain":0,"max_hp_loss":0,"event_name":"The Mausoleum","floor":21,"gold_loss":0,"cards_obtained":["Writhe"]}],"is_beta":true,"boss_relics":[{"not_picked":["Black Blood","Runic Pyramid"],"picked":"Velvet Choker"}],"items_purged_floors":[3,22],"is_endless":false,"potions_floor_spawned":[1,5,7,10,12,16,19],"killed_by":"Gremlin Leader","ascension_level":20}}