{"host":"pq8o62wp0h1hflf3","time":1612985154,"event":{"mods":["BaseMod","Colored Map","Minty Spire (QoL Compilation)","Relic Stats","ojb\u0027s Info Mod"],"gold_per_floor":[113,188,204,49,49,77,87,87,165,165,199,210,210,227,227,301,301,221,221,241,241,241,241,276,276,299,299,13,26,26,38,38,115,115,128,138,157,169,194,194,194],"floor_reached":40,"language":"ENG","playtime":3167,"items_purged":["Shame"],"score":878,"play_id":"819fd865-d53a-4214-b856-7710c5b1429f","local_time":"20210210142554","is_ascension_mode":true,"campfire_choices":[{"data":"Catalyst","floor":8.0,"key":"SMITH"},{"floor":10.0,"key":"REST"},{"data":"Noxious Fumes","floor":15.0,"key":"SMITH"},{"floor":23,"key":"REST"},{"floor":25,"key":"REST"},{"data":"Ghostly","floor":32,"key":"SMITH"}],"circlet_count":0,"master_deck":["AscendersBane","Strike_G+1","Strike_G+1","Strike_G+1","Strike_G+1","Defend_G+1","Defend_G+1","Defend_G+1","Defend_G+1","Defend_G+1","Survivor","Neutralize","Sucker Punch","Dagger Throw","Deflect","Noxious Fumes+1","Bane","PiercingWail","Catalyst+1","Deadly Poison","Adrenaline","Outmaneuver+1","Ghostly+1","Ghostly","Ghostly","Necronomicurse","Leg Sweep","Backflip","Reflex","Corpse Explosion","Prepared","Footwork","Tactician","Acrobatics"],"relics":["Ring of the Snake","Bag of Marbles","Paper Crane","Art of War","Ninja Scroll","HoveringKite","Necronomicon","Pen Nib","Eternal Feather","Lee\u0027s Waffle","Runic Pyramid","Pocketwatch"],"acts_visited":["Exordium","TheCity","TheBeyond"],"potions_floor_usage":[18,33,39,40],"damage_taken":[{"damage":1.0,"enemies":"2 Louse","floor":1.0,"turns":3.0},{"damage":4.0,"enemies":"Jaw Worm","floor":3.0,"turns":4.0},{"damage":19.0,"enemies":"Lagavulin","floor":6.0,"turns":7.0},{"damage":0.0,"enemies":"Cultist","floor":7.0,"turns":3.0},{"damage":15.0,"enemies":"3 Sentries","floor":11.0,"turns":6.0},{"damage":17.0,"enemies":"Exordium Thugs","floor":12.0,"turns":6.0},{"damage":3.0,"enemies":"Red Slaver","floor":14.0,"turns":4.0},{"damage":3.0,"enemies":"Hexaghost","floor":16.0,"turns":8.0},{"damage":0,"enemies":"2 Thieves","floor":18,"turns":4},{"damage":0,"enemies":"Chosen","floor":20,"turns":4},{"damage":10,"enemies":"Gremlin Leader","floor":24,"turns":6},{"damage":0,"enemies":"Sentry and Sphere","floor":29,"turns":7},{"damage":25,"enemies":"Cultist and Chosen","floor":31,"turns":6},{"damage":16,"enemies":"Champ","floor":33,"turns":8},{"damage":0,"enemies":"Orb Walker","floor":35,"turns":4},{"damage":1,"enemies":"3 Shapes","floor":36,"turns":6},{"damage":2,"enemies":"Sphere and 2 Shapes","floor":37,"turns":8},{"damage":8,"enemies":"4 Shapes","floor":38,"turns":4},{"damage":1,"enemies":"Mind Bloom Boss Battle","floor":39,"turns":7},{"damage":25,"enemies":"Giant Head","floor":40,"turns":9}],"seed_played":"-7374520976019137700","potions_obtained":[{"floor":1.0,"key":"DistilledChaos"},{"floor":3.0,"key":"CultistPotion"},{"floor":11.0,"key":"Dexterity Potion"},{"floor":12.0,"key":"Block Potion"},{"floor":29,"key":"DuplicationPotion"},{"floor":31,"key":"SneckoOil"},{"floor":37,"key":"Strength Potion"}],"is_trial":false,"path_per_floor":["M","?","M","$","?","E","M","R","T","R","E","M","T","M","R","B",null,"M","?","M","?","?","R","E","R","T","?","$","M","?","M","R","B",null,"M","M","M","M","?","E"],"character_chosen":"THE_SILENT","items_purchased":["Noxious Fumes","Bane","PiercingWail","Lee\u0027s Waffle","Backflip"],"campfire_rested":3,"item_purchase_floors":[4,4,4,28,28],"current_hp_per_floor":[58,47,43,43,43,24,24,24,24,43,28,11,11,8,8,5,51,51,33,33,33,12,21,11,20,20,20,40,40,40,15,30,14,34,34,33,31,23,22,0,0],"gold":194,"neow_bonus":"TRANSFORM_CARD","is_daily":false,"chose_seed":false,"campfire_upgraded":3,"win_rate":0.0,"timestamp":1612985154,"path_taken":["M","?","M","$","?","E","M","R","T","R","E","?","?","?","R","BOSS","BOSS","M","?","M","?","?","R","E","R","T","?","$","M","?","M","R","BOSS","M","M","M","M","?","E"],"items_purchased_type":["Card","Card","Card","Relic","Card"],"build_version":"2020-12-22","purchased_purges":1,"victory":false,"max_hp_per_floor":[66,66,66,66,66,66,66,66,66,66,66,66,66,66,66,66,66,66,33,33,33,33,33,33,33,33,33,40,40,40,40,40,40,40,40,40,40,40,40,40,40],"relic_stats":{"Lee\u0027s Waffle":20,"counters":[20,114],"HoveringKite":[19],"Eternal Feather":15,"Pen Nib":[8],"Art of War":[26],"Necronomicon":[0],"obtain_stats":[{"Lee\u0027s Waffle":28,"Ninja Scroll":13,"HoveringKite":17,"Eternal Feather":27,"Pen Nib":24,"Bag of Marbles":6,"Art of War":11,"Necronomicon":22,"Paper Crane":9,"Ring of the Snake":0,"Runic Pyramid":34,"Pocketwatch":39},{"Lee\u0027s Waffle":11,"Ninja Scroll":6,"HoveringKite":8,"Eternal Feather":11,"Pen Nib":11,"Bag of Marbles":3,"Art of War":5,"Necronomicon":10,"Paper Crane":4,"Ring of the Snake":0,"Runic Pyramid":14,"Pocketwatch":19},{"Lee\u0027s Waffle":55,"Ninja Scroll":29,"HoveringKite":41,"Eternal Feather":55,"Pen Nib":55,"Bag of Marbles":14,"Art of War":23,"Necronomicon":49,"Paper Crane":17,"Ring of the Snake":0,"Runic Pyramid":76,"Pocketwatch":105}],"Ring of the Snake":[40],"Pocketwatch":[0]},"card_choices":[{"not_picked":["Accuracy","Outmaneuver"],"picked":"Dagger Throw","floor":1.0},{"not_picked":["Underhanded Strike","Bane"],"picked":"Deflect","floor":3.0},{"not_picked":["Slice","Bane","Acrobatics"],"picked":"SKIP","floor":6.0},{"not_picked":["Slice","Bane","Acrobatics"],"picked":"SKIP","floor":6.0},{"not_picked":["Slice","Bane","Acrobatics"],"picked":"SKIP","floor":6.0},{"not_picked":["Poisoned Stab","Underhanded Strike","Backstab"],"picked":"SKIP","floor":7.0},{"not_picked":["All Out Attack","Dagger Throw","Sucker Punch"],"picked":"SKIP","floor":11.0},{"not_picked":["Riddle With Holes","Masterful Stab"],"picked":"Deadly Poison","floor":12.0},{"not_picked":["Endless Agony","Distraction","Bane"],"picked":"SKIP","floor":14.0},{"not_picked":["A Thousand Cuts","Night Terror"],"picked":"Adrenaline","floor":16},{"not_picked":["Endless Agony","Predator"],"picked":"Outmaneuver+1","floor":18},{"not_picked":["Poisoned Stab","Expertise","Blur"],"picked":"SKIP","floor":20},{"not_picked":["Backstab","Expertise"],"picked":"Leg Sweep","floor":24},{"not_picked":["Dodge and Roll","Backstab"],"picked":"Reflex","floor":29},{"not_picked":["Cloak And Dagger","Flying Knee","Infinite Blades"],"picked":"SKIP","floor":31},{"not_picked":["Adrenaline","Die Die Die"],"picked":"Corpse Explosion","floor":33},{"not_picked":["Terror+1","Cloak And Dagger+1","Quick Slash"],"picked":"SKIP","floor":35},{"not_picked":["Heel Hook","Expertise"],"picked":"Prepared","floor":36},{"not_picked":["Terror","Slice+1"],"picked":"Footwork","floor":37},{"not_picked":["Poisoned Stab","Bane"],"picked":"Tactician","floor":38},{"not_picked":["Grand Finale","Outmaneuver+1"],"picked":"Acrobatics","floor":39}],"player_experience":1186467,"relics_obtained":[{"floor":6.0,"key":"Bag of Marbles"},{"floor":9.0,"key":"Paper Crane"},{"floor":11.0,"key":"Art of War"},{"floor":13.0,"key":"Ninja Scroll"},{"floor":22,"key":"Necronomicon"},{"floor":24,"key":"Pen Nib"},{"floor":39,"key":"Pocketwatch"}],"event_choices":[{"damage_healed":0.0,"max_hp_gain":0.0,"max_hp_loss":0.0,"gold_gain":75.0,"event_name":"World of Goop","player_choice":"Gather Gold","floor":2.0,"gold_loss":0.0,"damage_taken":11.0},{"damage_healed":0.0,"max_hp_gain":0.0,"max_hp_loss":0.0,"gold_gain":0.0,"event_name":"Match and Keep!","player_choice":"1 cards matched","floor":5.0,"gold_loss":0.0,"damage_taken":0.0,"cards_obtained":["Catalyst"]},{"damage_healed":0,"gold_gain":0,"player_choice":"Became a Ghost","damage_taken":0,"max_hp_gain":0,"max_hp_loss":33,"event_name":"Ghosts","floor":19,"gold_loss":0,"cards_obtained":["Ghostly","Ghostly","Ghostly"]},{"damage_healed":0,"gold_gain":0,"player_choice":"Simplicity","damage_taken":0,"max_hp_gain":0,"max_hp_loss":0,"event_name":"Back to Basics","floor":21,"gold_loss":0,"cards_upgraded":["Strike_G","Strike_G","Strike_G","Strike_G","Defend_G","Defend_G","Defend_G","Defend_G","Defend_G"]},{"damage_healed":0,"gold_gain":0,"player_choice":"Obtained Book","damage_taken":21,"max_hp_gain":0,"max_hp_loss":0,"event_name":"Cursed Tome","floor":22,"gold_loss":0},{"damage_healed":0,"gold_gain":0,"player_choice":"Stole Relic","damage_taken":0,"relics_obtained":["Eternal Feather"],"max_hp_gain":0,"max_hp_loss":0,"event_name":"Addict","floor":27,"gold_loss":0,"cards_obtained":["Shame"]},{"damage_healed":0,"gold_gain":0,"player_choice":"Ignored","damage_taken":0,"max_hp_gain":0,"max_hp_loss":0,"event_name":"The Mausoleum","floor":30,"gold_loss":0},{"damage_healed":0,"gold_gain":0,"player_choice":"Fight","damage_taken":0,"max_hp_gain":0,"max_hp_loss":0,"event_name":"MindBloom","floor":39,"gold_loss":0}],"is_beta":false,"boss_relics":[{"not_picked":["Coffee Dripper","WristBlade"],"picked":"HoveringKite"},{"not_picked":["Philosopher\u0027s Stone","Snecko Eye"],"picked":"Runic Pyramid"}],"items_purged_floors":[28],"is_endless":false,"potions_floor_spawned":[1,3,11,12,29,31,37],"killed_by":"Giant Head","ascension_level":20}}