{"host":"1zjc08c6hob33401","time":1612994720,"event":{"mods":["AchievementEnabler","Act Like it!","Aspiration","BaseMod","Downfall","Elementarium","Energized Spire","Evolution","Friendly Minions","Gensokyo","GifTheSpireLib","Hubris","Infinite Spire","Jedi Mod","Menagerie","Minty Spire (QoL Compilation)","Pale of the Ancients","Quick Restart","Reliquary","Replay The Spire","Retaliation","Shop Mod","Spicy Shops","Spire Arcade","StS++","StSLib","Stuff the Spire","The Blue Laboratory","Wandering Minibosses","??????REMEMod"],"gold_per_floor":[111,128,128,29,29,29,60,60,86,86,97,97,115,126,126,205,205,216,236,136,246,258,258,376,376,448,448,448,482,482,496,496,667,667,686,81,81,131,91,91,121,121,148,125,141,175,175,225,225,225,225],"floor_reached":50,"language":"RUS","playtime":4110,"items_purged":["Defend_B","Menagerie:CrumblingSanctuary","Defend_B","Strike_B"],"score":1191,"play_id":"5ed885a2-5177-4bfd-a756-7dd588acf82e","local_time":"20210211000520","is_ascension_mode":true,"campfire_choices":[{"data":"Replay:Bag of Tricks","floor":6.0,"key":"SMITH"},{"data":"Gash","floor":8.0,"key":"SMITH"},{"data":"StuffTheSpire:Coldhearted","floor":12.0,"key":"SMITH"},{"data":"Double Energy","floor":15.0,"key":"SMITH"},{"data":"Double Energy","floor":23.0,"key":"SMITH"},{"data":"Tempest","floor":25.0,"key":"SMITH"},{"data":"Zap","floor":27.0,"key":"SMITH"},{"floor":30.0,"key":"REST"},{"data":"Auto Shields","floor":32.0,"key":"SMITH"},{"data":"Biased Cognition","floor":40.0,"key":"SMITH"},{"data":"Gash","floor":42.0,"key":"SMITH"},{"floor":49,"key":"REST"}],"circlet_count":0,"master_deck":["AscendersBane","jedi:BurstLightning","Strike_B","Strike_B","Defend_B","Zap+1","Dualcast","Replay:Bag of Tricks+1","Panacea","Leap","Tempest+1","Gash+1","Self Repair","StuffTheSpire:Coldhearted+1","StuffTheSpire:Plugnplay","Double Energy+1","jedi:bruteforce","Genetic Algorithm","Auto Shields+1","jedi:blockon+1","Double Energy+1","BasicCrystalCard+1","Biased Cognition+1","Ball Lightning+1","Gash+1","Coolheaded+1","Lockon+1","StuffTheSpire:Vigor"],"relics":["FrozenCore","EVO:Axolotl","REME_ComplimentaryCards","hubris:Icosahedron","hubris:Zylophone","infinitespire:Cupcake","infinitespire:Broken Mirror","infinitespire:Satchel","reliquary:PrincelyHelmet","StuffTheSpire:OldFever","Replay:Antivirus Software","StSpp:SailingBoat","aspiration:HiddenCompartment","aspiration:EnhancedActuators","reliquary:HotPoker"],"acts_visited":["Menagerie:Menagerie","Gensokyo:Gensokyoer","TheBeyond"],"potions_floor_usage":[44,50],"damage_taken":[{"damage":3.0,"enemies":"Menagerie:WhisperingWraith","floor":1.0,"turns":4.0},{"damage":6.0,"enemies":"Menagerie:StygianBoar","floor":2.0,"turns":3.0},{"damage":12.0,"enemies":"Menagerie:Hydra","floor":7.0,"turns":4.0},{"damage":3.0,"enemies":"Menagerie:2_RABBITS","floor":11.0,"turns":3.0},{"damage":2.0,"enemies":"Menagerie:Hexasnake","floor":13.0,"turns":3.0},{"damage":5.0,"enemies":"Menagerie:MENAGERIE_WILDLIFE","floor":14.0,"turns":3.0},{"damage":55.0,"enemies":"Menagerie:AVATARS","floor":16.0,"turns":5.0},{"damage":6.0,"enemies":"Gensokyo:CosmicMonolith","floor":18.0,"turns":2.0},{"damage":19.0,"enemies":"Gensokyo:3_Dogs","floor":19.0,"turns":4.0},{"damage":37.0,"enemies":"Gensokyo:Wraith","floor":21.0,"turns":5.0},{"damage":26.0,"enemies":"Gensokyo:Slime_Group","floor":22.0,"turns":4.0},{"damage":9.0,"enemies":"Gensokyo:Monolith_and_Dog","floor":24.0,"turns":7.0},{"damage":30.0,"enemies":"Gensokyo:Koishi","floor":29.0,"turns":5.0},{"damage":0.0,"enemies":"Gensokyo:Wraith","floor":31.0,"turns":4.0},{"damage":0.0,"enemies":"Gensokyo:Eiki","floor":33.0,"turns":3.0},{"damage":0.0,"enemies":"3 Shapes","floor":35.0,"turns":4.0},{"damage":0.0,"enemies":"3 Darklings","floor":39.0,"turns":2.0},{"damage":1.0,"enemies":"Giant Head","floor":41.0,"turns":4.0},{"damage":11,"enemies":"Reptomancer","floor":44,"turns":4},{"damage":29,"enemies":"Maw","floor":45,"turns":5},{"damage":20,"enemies":"Giant Head","floor":46,"turns":5},{"damage":52,"enemies":"Awakened One","floor":50,"turns":3}],"seed_played":"133095408672410198","potions_obtained":[{"floor":1.0,"key":"DDmod:CleansePotion"},{"floor":7.0,"key":"blueLaboratory:SystemWipe"},{"floor":16.0,"key":"Energy Potion"},{"floor":21.0,"key":"Weak Potion"},{"floor":22.0,"key":"Guardian:BlockOnCardUsePotion"},{"floor":39.0,"key":"hexamod:SoulburnPotion"},{"floor":41.0,"key":"DDmod:CleansePotion"},{"floor":46,"key":"blueLaboratory:TeslaPotion"}],"is_trial":false,"path_per_floor":["M","M","?","$","?","R","E","R","T","$","M","R","M","M","R","B",null,"M","M","$","M","M","R","M","R","T","R","AVR","E","R","M","R","B",null,"M","$","?","?","M","R","E","R","T","E","M","E","?","?","R","B"],"character_chosen":"DEFECT","items_purchased":["Gash","StuffTheSpire:OldFever","Replay:Antivirus Software"],"campfire_rested":2,"item_purchase_floors":[4,36,36],"current_hp_per_floor":[61,55,55,55,55,55,43,43,43,43,68,68,71,66,66,18,58,52,59,59,29,45,45,43,43,43,43,43,20,41,48,48,48,65,71,71,71,71,71,71,70,70,70,66,44,24,24,24,45,0,0],"gold":225,"neow_bonus":"RANDOM_COLORLESS","is_daily":false,"chose_seed":false,"campfire_upgraded":10,"win_rate":0.0,"timestamp":1612994720,"path_taken":["M","M","?","$","?","R","E","R","T","?","M","R","?","M","R","BOSS","M","M","$","M","M","R","M","R","T","R","AVR","E","R","M","R","BOSS","M","$","?","?","M","R","E","R","T","E","?","E","?","?","R","BOSS"],"items_purchased_type":["Card","Relic","Relic"],"build_version":"2020-12-22","purchased_purges":4,"victory":false,"max_hp_per_floor":[71,71,71,71,71,71,71,71,71,71,71,71,71,71,71,71,71,71,71,71,71,71,71,71,71,71,71,71,71,71,71,71,71,71,71,71,71,71,71,71,71,71,71,71,71,71,71,71,71,71,71],"card_choices":[{"not_picked":["StSpp:Panic","ReplayTheSpireMod:Uncanny Aura"],"picked":"Panacea","floor":0.0},{"not_picked":["Reinforced Body","Streamline"],"picked":"Leap","floor":1.0},{"not_picked":["StuffTheSpire:SnapShoot","Hologram"],"picked":"Tempest","floor":2.0},{"not_picked":["StuffTheSpire:LoadUp","Ball Lightning"],"picked":"Self Repair","floor":7.0},{"not_picked":["Coolheaded","Sunder"],"picked":"StuffTheSpire:Coldhearted","floor":11.0},{"not_picked":["Force Field","REME_Whirling"],"picked":"StuffTheSpire:Plugnplay","floor":13.0},{"not_picked":["Chaos","Panic Button"],"picked":"Double Energy","floor":14.0},{"not_picked":["StSpp:Converter","Machine Learning"],"picked":"jedi:bruteforce","floor":16.0},{"not_picked":["Barrage","Turbo"],"picked":"Genetic Algorithm","floor":18.0},{"not_picked":["Streamline","Recycle"],"picked":"Auto Shields","floor":19.0},{"not_picked":["jedi:BurstFrost","StuffTheSpire:GlassShard"],"picked":"jedi:blockon+1","floor":21.0},{"not_picked":["Streamline","Time Bomb"],"picked":"Double Energy","floor":22.0},{"not_picked":["Redo","Barrage","Hologram"],"picked":"SKIP","floor":24.0},{"not_picked":["Leap","Reinforced Body","StuffTheSpire:NuclearReactor"],"picked":"SKIP","floor":29.0},{"not_picked":["jedi:readyaimfire","Doom and Gloom"],"picked":"BasicCrystalCard+1","floor":31.0},{"not_picked":["jedi:gatheringstorm","Multi-Cast"],"picked":"Biased Cognition","floor":33.0},{"not_picked":["Leap","Hologram","jedi:BurstFrost"],"picked":"SKIP","floor":35.0},{"not_picked":["jedi:reiji","StuffTheSpire:Plugnplay"],"picked":"Ball Lightning+1","floor":39.0},{"not_picked":["Beam Cell","Compile Driver"],"picked":"Gash","floor":41.0},{"not_picked":["Skim","Steam","Rebound"],"picked":"SKIP","floor":44},{"not_picked":["Ball Lightning","jedi:BurstLightning"],"picked":"Coolheaded+1","floor":45},{"not_picked":["ReplayTheSpireMod:Repulse","REME_Compress"],"picked":"Lockon+1","floor":46},{"not_picked":["StuffTheSpire:Ambrosia","StuffTheSpire:BrainWave"],"picked":"StuffTheSpire:Vigor","floor":47}],"player_experience":750767,"relics_obtained":[{"floor":7.0,"key":"hubris:Zylophone"},{"floor":9.0,"key":"StuffTheSpire:Barrel"},{"floor":26.0,"key":"infinitespire:Broken Mirror"},{"floor":29.0,"key":"reliquary:PrincelyHelmet"},{"floor":41.0,"key":"StSpp:SailingBoat"},{"floor":43.0,"key":"aspiration:HiddenCompartment"},{"floor":44,"key":"aspiration:EnhancedActuators"},{"floor":46,"key":"reliquary:HotPoker"}],"event_choices":[{"damage_healed":0.0,"max_hp_gain":0.0,"max_hp_loss":0.0,"gold_gain":0.0,"cards_transformed":["Defend_B"],"event_name":"Menagerie:MagesHand","player_choice":"Grasp","floor":3.0,"gold_loss":0.0,"damage_taken":0.0,"cards_obtained":["Menagerie:CrumblingSanctuary"]},{"damage_healed":0.0,"max_hp_gain":0.0,"max_hp_loss":0.0,"gold_gain":50.0,"event_name":"Golden Shrine","player_choice":"Pray","floor":38.0,"gold_loss":0.0,"damage_taken":0.0},{"damage_healed":0,"gold_gain":50,"player_choice":"Pray","damage_taken":0,"max_hp_gain":0,"max_hp_loss":0,"event_name":"Golden Shrine","floor":48,"gold_loss":0}],"is_beta":false,"boss_relics":[{"not_picked":["hubris:Backtick","Empty Cage"],"picked":"infinitespire:Cupcake"},{"not_picked":["SacredBark","Calling Bell"],"picked":"FrozenCore"}],"items_purged_floors":[4,20,36,36],"is_endless":false,"potions_floor_spawned":[1,7,16,21,22,39,41,46],"killed_by":"Awakened One","ascension_level":20}}