{"host":"52lujqhsyicpcskq","time":1612980242,"event":{"mods":["BaseMod","Colored Map","Minty Spire (QoL Compilation)","Permanent Neow","StSLib","SuperFastMode","everything is the same but u backflip on backflip"],"gold_per_floor":[15,26,36,47,147,147,157,171,171,197,197,213,213,242,242,321,321,332,345,26,38,38,65,65,92,92,111,129,163,163,163,163,163,163],"floor_reached":33,"language":"KOR","playtime":1750,"items_purged":[],"score":535,"play_id":"ac4ff243-ae06-44e5-ad44-9346b0539fe6","local_time":"20210211030402","is_ascension_mode":true,"campfire_choices":[{"data":"Neutralize","floor":6,"key":"SMITH"},{"floor":11,"key":"REST"},{"data":"Cloak And Dagger","floor":13,"key":"SMITH"},{"data":"Endless Agony","floor":15,"key":"SMITH"},{"data":"Adrenaline","floor":24,"key":"SMITH"},{"floor":30,"key":"REST"},{"floor":32,"key":"REST"}],"circlet_count":0,"master_deck":["AscendersBane","Strike_G","Strike_G","Strike_G","Strike_G","Defend_G","Defend_G","Defend_G","Defend_G","Defend_G","Survivor","Neutralize+1","Panache","Dash","Footwork","Endless Agony+1","Calculated Gamble","Predator","Backstab","Escape Plan","Cloak And Dagger+1","Unload","Adrenaline+1","Blade Dance","Venomology","Footwork","Backflip+1","Outmaneuver","PiercingWail","Blade Dance","Finisher+1","Storm of Steel"],"relics":["Ring of the Snake","Question Card","Orichalcum","Singing Bowl","HoveringKite","Paper Crane","Pear","Bag of Preparation","Blue Candle","Ninja Scroll"],"acts_visited":["TheCity"],"potions_floor_usage":[7,14,16,21,23,23,27,29,29,33,33],"damage_taken":[{"damage":0,"enemies":"Cultist","floor":1,"turns":5},{"damage":0,"enemies":"Small Slimes","floor":2,"turns":4},{"damage":2,"enemies":"Jaw Worm","floor":3,"turns":4},{"damage":1,"enemies":"Blue Slaver","floor":4,"turns":4},{"damage":3,"enemies":"Gremlin Gang","floor":7,"turns":5},{"damage":3,"enemies":"Large Slime","floor":8,"turns":8},{"damage":24,"enemies":"Lagavulin","floor":10,"turns":7},{"damage":6,"enemies":"Looter","floor":12,"turns":3},{"damage":8,"enemies":"Gremlin Nob","floor":14,"turns":4},{"damage":6,"enemies":"Hexaghost","floor":16,"turns":12},{"damage":5,"enemies":"2 Thieves","floor":18,"turns":3},{"damage":5,"enemies":"Shell Parasite","floor":19,"turns":5},{"damage":25,"enemies":"Centurion and Healer","floor":21,"turns":6},{"damage":14,"enemies":"Slavers","floor":23,"turns":5},{"damage":8,"enemies":"Chosen and Byrds","floor":27,"turns":8},{"damage":31,"enemies":"Sentry and Sphere","floor":28,"turns":4},{"damage":0,"enemies":"Book of Stabbing","floor":29,"turns":5},{"damage":61,"enemies":"Collector","floor":33,"turns":8}],"seed_played":"615115388686879942","potions_obtained":[{"floor":1,"key":"Poison Potion"},{"floor":2,"key":"EssenceOfSteel"},{"floor":12,"key":"Energy Potion"},{"floor":14,"key":"Regen Potion"},{"floor":23,"key":"Weak Potion"}],"is_trial":false,"path_per_floor":["M","M","M","M","?","R","M","M","T","E","R","M","R","E","R","B",null,"M","M","$","M","?","E","R","T","T","M","M","E","R","?","R","B"],"character_chosen":"THE_SILENT","items_purchased":["Paper Crane","Footwork"],"campfire_rested":3,"item_purchase_floors":[20,20],"current_hp_per_floor":[63,63,61,60,60,60,57,54,54,30,51,45,45,37,37,31,60,55,50,50,40,40,50,50,50,50,42,11,11,35,35,59,0,0],"gold":163,"neow_bonus":"RANDOM_COLORLESS_2","is_daily":false,"chose_seed":false,"campfire_upgraded":4,"win_rate":0.0,"timestamp":1612980242,"path_taken":["M","M","M","?","?","R","M","M","T","E","R","M","R","E","R","BOSS","M","M","$","M","?","E","R","?","T","M","M","E","R","?","R","BOSS"],"items_purchased_type":["Relic","Card"],"build_version":"2020-12-22","purchased_purges":0,"victory":false,"max_hp_per_floor":[70,70,70,70,70,70,70,70,70,70,70,70,70,70,70,70,70,70,70,70,70,70,80,80,80,80,80,80,80,80,80,80,80,80],"card_choices":[{"not_picked":["Violence","Metamorphosis"],"picked":"Panache","floor":0},{"not_picked":["All Out Attack","Flying Knee"],"picked":"Dash","floor":1},{"not_picked":["Sucker Punch","Crippling Poison"],"picked":"Footwork","floor":2},{"not_picked":["Deflect","Quick Slash"],"picked":"Endless Agony","floor":3},{"not_picked":["Masterful Stab","Prepared"],"picked":"Calculated Gamble","floor":4},{"not_picked":["Sucker Punch","Riddle With Holes"],"picked":"Predator","floor":7},{"not_picked":["Skewer","Cloak And Dagger"],"picked":"Backstab","floor":8},{"not_picked":["Distraction","Sucker Punch","Deflect"],"picked":"Escape Plan","floor":10},{"not_picked":["Dagger Spray","Finisher","Endless Agony"],"picked":"Cloak And Dagger","floor":12},{"not_picked":["Calculated Gamble","Predator","Underhanded Strike"],"picked":"Unload","floor":14},{"not_picked":["Corpse Explosion","Wraith Form v2","Doppelganger"],"picked":"Adrenaline","floor":16},{"not_picked":["Cloak And Dagger","Dagger Throw","Leg Sweep"],"picked":"Blade Dance","floor":18},{"not_picked":["Deadly Poison","Caltrops","Calculated Gamble"],"picked":"Venomology","floor":19},{"not_picked":["Cloak And Dagger","Masterful Stab","Skewer"],"picked":"Backflip+1","floor":21},{"not_picked":["Poisoned Stab","Choke","Deadly Poison"],"picked":"Outmaneuver","floor":23},{"not_picked":["Leg Sweep","Infinite Blades","Catalyst"],"picked":"PiercingWail","floor":27},{"not_picked":["Slice","Prepared","Expertise"],"picked":"Blade Dance","floor":28},{"not_picked":["Infinite Blades","Expertise","Unload"],"picked":"Finisher+1","floor":29}],"player_experience":776383,"relics_obtained":[{"floor":9,"key":"Question Card"},{"floor":10,"key":"Orichalcum"},{"floor":14,"key":"Singing Bowl"},{"floor":23,"key":"Pear"},{"floor":25,"key":"Bag of Preparation"},{"floor":26,"key":"Blue Candle"},{"floor":29,"key":"Ninja Scroll"}],"event_choices":[{"damage_healed":0,"gold_gain":100,"player_choice":"Pray","damage_taken":0,"max_hp_gain":0,"max_hp_loss":0,"event_name":"Golden Shrine","floor":5,"gold_loss":0},{"damage_healed":0,"gold_gain":0,"cards_transformed":["Strike_G"],"player_choice":"Transformed","damage_taken":0,"max_hp_gain":0,"max_hp_loss":0,"event_name":"Transmorgrifier","floor":31,"gold_loss":0,"cards_obtained":["Storm of Steel"]}],"is_beta":false,"boss_relics":[{"not_picked":["Sozu","Runic Dome"],"picked":"HoveringKite"}],"items_purged_floors":[],"is_endless":false,"potions_floor_spawned":[1,2,12,14,23],"killed_by":"Collector","ascension_level":13}}