{"host":"815dqs41i1y8uxms","time":1612984982,"event":{"mods":["A Penny For Your Troubles","Act Like it!","BaseMod","Elementarium","GungeonMod","Minty Spire (QoL Compilation)","Rare Cards Sparkle","Shop Mod","Spire Arcade","StSLib"],"gold_per_floor":[144,319,319,319,23,113,113,203,228,273,318,318,408,408,408,708,708,708,25,25,25],"floor_reached":20,"language":"ENG","playtime":1112,"items_purged":[],"score":236,"play_id":"c326074e-da9c-4f66-890e-e6d7b9fff216","local_time":"20210210202302","daily_mods":["SealedDeck","Purple Cards","Midas"],"is_ascension_mode":false,"campfire_choices":[{"floor":7,"key":"REST"},{"floor":15,"key":"REST"},{"floor":18,"key":"REST"}],"circlet_count":0,"master_deck":["Terror","PathToVictory","Evaluate","Cloak And Dagger","Dagger Throw","Acrobatics","Underhanded Strike","Deflect","Slice","Caltrops","Sanctity","Establishment","DeusExMachina","WindmillStrike","ThirdEye","Dagger Throw","Backflip","Devotion","WindmillStrike","WheelKick","Blade Dance","Thinking Ahead","Impatience"],"relics":["Ring of the Snake","CultistMask","MerchantsRug","Snake Skull","Vajra","Centennial Puzzle","PreservedInsect","Eternal Feather","WristBlade","Membership Card","Sundial","Question Card"],"acts_visited":["TheEnding"],"potions_floor_usage":[16,20,20],"damage_taken":[{"damage":1,"enemies":"Jaw Worm","floor":1,"turns":3},{"damage":5,"enemies":"Gremlin Nob","floor":6,"turns":3},{"damage":8,"enemies":"Lagavulin","floor":8,"turns":4},{"damage":0,"enemies":"Small Slimes","floor":10,"turns":2},{"damage":0,"enemies":"Cultist","floor":11,"turns":2},{"damage":12,"enemies":"3 Sentries","floor":13,"turns":7},{"damage":0,"enemies":"Slime Boss","floor":16,"turns":6},{"damage":79,"enemies":"Shield and Spear","floor":20,"turns":5}],"seed_played":"-5810517303651203205","potions_obtained":[{"floor":1,"key":"Fire Potion"},{"floor":8,"key":"DuplicationPotion"},{"floor":16,"key":"FearPotion"}],"is_trial":false,"path_per_floor":["M","?","?","?","$","E","R","E","T","M","M","?","E","?","R","B",null,"R","$","E"],"character_chosen":"THE_SILENT","items_purchased":["MerchantsRug","Establishment","Membership Card","WindmillStrike","Sundial","WheelKick","Blade Dance","Thinking Ahead","Impatience","Block Potion","DuplicationPotion","Question Card","Dexterity Potion"],"campfire_rested":3,"item_purchase_floors":[5,5,19,19,19,19,19,19,19,19,19,19,19],"current_hp_per_floor":[69,69,62,62,62,57,70,62,62,62,62,62,50,43,70,70,70,70,70,0,0],"gold":25,"neow_bonus":"","is_daily":true,"chose_seed":false,"campfire_upgraded":0,"win_rate":0.0,"timestamp":1612984982,"path_taken":["M","?","?","?","$","E","R","E","T","?","M","?","E","?","R","BOSS","R","$","E"],"items_purchased_type":["Relic","Card","Relic","Card","Relic","Card","Card","Card","Card","Potion","Potion","Relic","Potion"],"build_version":"2020-12-22","purchased_purges":0,"victory":false,"max_hp_per_floor":[70,70,70,70,70,70,70,70,70,70,70,70,70,70,70,70,70,70,70,70,70],"card_choices":[{"not_picked":["Consecrate","Backstab"],"picked":"Sanctity","floor":1},{"not_picked":["CarveReality","Perseverance"],"picked":"DeusExMachina","floor":6},{"not_picked":["Meditate","Sucker Punch"],"picked":"WindmillStrike","floor":8},{"not_picked":["Cloak And Dagger","Deflect"],"picked":"ThirdEye","floor":10},{"not_picked":["Deflect","JustLucky"],"picked":"Dagger Throw","floor":11},{"not_picked":["EmptyMind","Crescendo"],"picked":"Backflip","floor":13},{"not_picked":["Wraith Form v2","Corpse Explosion"],"picked":"Devotion","floor":16}],"player_experience":3768107,"relics_obtained":[{"floor":6,"key":"Snake Skull"},{"floor":8,"key":"Vajra"},{"floor":9,"key":"Centennial Puzzle"},{"floor":13,"key":"PreservedInsect"}],"event_choices":[{"damage_healed":0,"gold_gain":175,"player_choice":"AGREE","damage_taken":0,"max_hp_gain":0,"max_hp_loss":0,"event_name":"Liars Game","floor":2,"gold_loss":0,"cards_obtained":["Doubt"]},{"cards_removed":["Doubt"],"damage_healed":0,"gold_gain":0,"player_choice":"Card Removal","damage_taken":7,"max_hp_gain":0,"max_hp_loss":0,"event_name":"Golden Wing","floor":3,"gold_loss":0},{"damage_healed":0,"gold_gain":0,"player_choice":"Trade","damage_taken":0,"relics_obtained":["CultistMask"],"max_hp_gain":0,"max_hp_loss":0,"event_name":"FaceTrader","floor":4,"gold_loss":0},{"damage_healed":0,"gold_gain":0,"player_choice":"Leave","damage_taken":0,"max_hp_gain":0,"max_hp_loss":0,"event_name":"The Cleric","floor":12,"gold_loss":0},{"damage_healed":0,"gold_gain":0,"player_choice":"Success","damage_taken":7,"relics_obtained":["Eternal Feather"],"max_hp_gain":0,"max_hp_loss":0,"event_name":"Scrap Ooze","floor":14,"gold_loss":0}],"is_beta":false,"boss_relics":[{"not_picked":["Ring of the Serpent","Philosopher\u0027s Stone"],"picked":"WristBlade"}],"items_purged_floors":[],"is_endless":false,"potions_floor_spawned":[1,8,16],"killed_by":"Shield and Spear","ascension_level":0}}