{"host":"78ng8b0jg92p48rp","time":1612973987,"event":{"mods":["Aspiration","BaseMod","Minty Spire (QoL Compilation)","Quick Restart","Replay The Spire","StSLib"],"gold_per_floor":[119,129,129,129,139,174,189,189,189],"floor_reached":8,"language":"ZHS","playtime":456,"items_purged":[],"score":58,"play_id":"e7ce856d-c8fa-483a-b092-b45a7f87c246","local_time":"20210211001947","is_ascension_mode":false,"campfire_choices":[],"circlet_count":0,"master_deck":["Strike_R","Strike_R","Strike_R","Strike_R","Defend_R","Defend_R","Defend_R","Defend_R","Bash","Twin Strike","ReplayTheSpireMod:Strike From Hell","Dual Wield","Injury","Pommel Strike+1","Spot Weakness"],"relics":["Burning Blood","Molten Egg 2","Bag of Marbles"],"acts_visited":["Exordium"],"potions_floor_usage":[4,7,8],"damage_taken":[{"damage":3,"enemies":"Jaw Worm","floor":1,"turns":4},{"damage":2,"enemies":"Small Slimes","floor":2,"turns":3},{"damage":1,"enemies":"Cultist","floor":5,"turns":3},{"damage":67,"enemies":"Lagavulin","floor":6,"turns":8},{"damage":15,"enemies":"Exordium Thugs","floor":7,"turns":6},{"damage":18,"enemies":"3 Sentries","floor":8,"turns":5}],"seed_played":"-1015910472683526543","potions_obtained":[{"floor":2,"key":"ElixirPotion"},{"floor":4,"key":"Fruit Juice"},{"floor":4,"key":"Elixir"},{"floor":4,"key":"Block Potion"},{"floor":5,"key":"BlessingOfTheForge"},{"floor":7,"key":"ElixirPotion"}],"is_trial":false,"path_per_floor":["M","M","?","?","M","E","M","E"],"character_chosen":"IRONCLAD","items_purchased":[],"campfire_rested":0,"item_purchase_floors":[],"current_hp_per_floor":[80,80,80,85,85,24,15,0,0],"gold":189,"neow_bonus":"TRANSFORM_CARD","is_daily":false,"chose_seed":false,"campfire_upgraded":0,"win_rate":0.0,"timestamp":1612973987,"path_taken":["M","M","?","?","M","E","M","E"],"items_purchased_type":[],"build_version":"2020-12-22","purchased_purges":0,"victory":false,"max_hp_per_floor":[80,80,80,85,85,85,85,85,85],"card_choices":[{"not_picked":["True Grit","Wild Strike"],"picked":"ReplayTheSpireMod:Strike From Hell","floor":1},{"not_picked":["Sword Boomerang","Fire Breathing"],"picked":"Dual Wield","floor":2},{"not_picked":["ReplayTheSpireMod:Muscle Training","Clash+1","Anger+1"],"picked":"SKIP","floor":5},{"not_picked":["ReplayTheSpireMod:Strike From Hell+1","Battle Trance"],"picked":"Pommel Strike+1","floor":6},{"not_picked":["Anger+1","Inflame"],"picked":"Spot Weakness","floor":7}],"player_experience":83522,"relics_obtained":[{"floor":6,"key":"Bag of Marbles"}],"event_choices":[{"damage_healed":0,"gold_gain":0,"player_choice":"Got Potions","damage_taken":0,"max_hp_gain":0,"max_hp_loss":0,"event_name":"Lab","floor":4,"gold_loss":0}],"is_beta":false,"boss_relics":[],"items_purged_floors":[],"is_endless":false,"potions_floor_spawned":[2,5,7],"killed_by":"3 Sentries","ascension_level":0}}