{"host":"j00kb0hny0pcox9b","time":1612945045,"event":{"mods":["AchievementEnabler","BaseMod","Colored Map","Minty Spire (QoL Compilation)","StSLib"],"gold_per_floor":[119,138,138,155,171,201,45,45,69,69,82,32,7,19,19,124,124,135,135,146,156,156,156],"floor_reached":22,"language":"ENG","playtime":898,"items_purged":["Strike_R"],"score":188,"play_id":"d875e01c-c8ed-4514-a4a6-f738a0910df6","local_time":"20210210011725","is_ascension_mode":false,"campfire_choices":[{"data":"Pommel Strike","floor":8,"key":"SMITH"},{"data":"Wild Strike","floor":10,"key":"SMITH"},{"data":"Armaments","floor":15,"key":"SMITH"}],"circlet_count":0,"master_deck":["Strike_R","Strike_R","Strike_R","Strike_R","Defend_R","Defend_R","Defend_R","Bash","Pommel Strike+1","Shockwave","Headbutt","Cleave","Wild Strike+1","Spot Weakness","Armaments+1","Pommel Strike","Inflame","Immolate","Ghostly Armor","RitualDagger","Shrug It Off","Metallicize"],"relics":["Burning Blood","NeowsBlessing","Juzu Bracelet","Oddly Smooth Stone","SacredBark"],"acts_visited":["Exordium","TheCity"],"potions_floor_usage":[11,16],"damage_taken":[{"damage":0,"enemies":"Small Slimes","floor":1,"turns":1},{"damage":0,"enemies":"Cultist","floor":2,"turns":1},{"damage":0,"enemies":"2 Louse","floor":4,"turns":1},{"damage":4,"enemies":"Exordium Wildlife","floor":5,"turns":3},{"damage":31,"enemies":"3 Sentries","floor":6,"turns":7},{"damage":6,"enemies":"2 Fungi Beasts","floor":11,"turns":3},{"damage":9,"enemies":"Blue Slaver","floor":14,"turns":3},{"damage":52,"enemies":"The Guardian","floor":16,"turns":11},{"damage":33,"enemies":"Shell Parasite","floor":18,"turns":6},{"damage":20,"enemies":"3 Byrds","floor":20,"turns":6},{"damage":12,"enemies":"Snecko","floor":21,"turns":7},{"damage":32,"enemies":"Snake Plant","floor":22,"turns":3}],"seed_played":"5587698147052249839","potions_obtained":[{"floor":5,"key":"Weak Potion"},{"floor":6,"key":"AttackPotion"},{"floor":14,"key":"ElixirPotion"},{"floor":18,"key":"Ancient Potion"},{"floor":21,"key":"LiquidBronze"}],"is_trial":false,"path_per_floor":["M","M","?","M","M","E","$","R","T","R","M","?","$","M","R","B",null,"M","?","M","M","M"],"character_chosen":"IRONCLAD","items_purchased":["Spot Weakness","Pommel Strike"],"campfire_rested":0,"item_purchase_floors":[7,13],"current_hp_per_floor":[80,80,85,85,85,60,60,60,60,60,60,60,60,57,57,11,85,58,52,38,32,0,0],"gold":156,"neow_bonus":"THREE_ENEMY_KILL","is_daily":false,"chose_seed":false,"campfire_upgraded":3,"win_rate":0.0,"timestamp":1612945045,"path_taken":["M","M","?","M","M","E","$","R","T","R","M","?","$","M","R","BOSS","M","?","M","M","M"],"items_purchased_type":["Card","Card"],"build_version":"2020-12-22","purchased_purges":1,"victory":false,"max_hp_per_floor":[80,80,85,85,85,85,85,85,85,85,85,85,85,85,85,85,85,85,85,85,85,85,85],"card_choices":[{"not_picked":["Twin Strike","Perfected Strike"],"picked":"Pommel Strike","floor":1},{"not_picked":["Body Slam","Sword Boomerang"],"picked":"Shockwave","floor":2},{"not_picked":["Rage","Disarm"],"picked":"Headbutt","floor":4},{"not_picked":["Havoc","Feel No Pain"],"picked":"Cleave","floor":5},{"not_picked":["Cleave","Seeing Red"],"picked":"Wild Strike","floor":6},{"not_picked":["Sword Boomerang","Havoc"],"picked":"Armaments","floor":11},{"not_picked":["Infernal Blade","Sentinel"],"picked":"Inflame","floor":14},{"not_picked":["Barricade","Exhume"],"picked":"Immolate","floor":16},{"not_picked":["Warcry","Cleave"],"picked":"Ghostly Armor","floor":18},{"not_picked":["Combust","Infernal Blade"],"picked":"Shrug It Off","floor":20},{"not_picked":["Headbutt","Clash"],"picked":"Metallicize","floor":21}],"player_experience":283774,"relics_obtained":[{"floor":6,"key":"Juzu Bracelet"},{"floor":9,"key":"Oddly Smooth Stone"}],"event_choices":[{"damage_healed":0,"gold_gain":0,"player_choice":"Donut","damage_taken":0,"max_hp_gain":5,"max_hp_loss":0,"event_name":"Big Fish","floor":3,"gold_loss":0},{"cards_removed":["Defend_R"],"damage_healed":0,"gold_gain":0,"player_choice":"Card Removal","damage_taken":0,"max_hp_gain":0,"max_hp_loss":0,"event_name":"The Cleric","floor":12,"gold_loss":50},{"damage_healed":0,"gold_gain":0,"player_choice":"Joined the Cult","damage_taken":6,"max_hp_gain":0,"max_hp_loss":0,"event_name":"Nest","floor":19,"gold_loss":0,"cards_obtained":["RitualDagger"]}],"is_beta":false,"boss_relics":[{"not_picked":["Ectoplasm","Pandora\u0027s Box"],"picked":"SacredBark"}],"items_purged_floors":[7],"is_endless":false,"potions_floor_spawned":[5,6,14,18,21],"killed_by":"Snake Plant","ascension_level":0}}