{"host":"9xq257ad8931sio9","time":1612969269,"event":{"mods":["BaseMod","Better Third Choice","BetterRewards","Card Forge","Custom Start","Minty Spire (QoL Compilation)","StSLib","SuperFastMode","Uncapped"],"gold_per_floor":[119,119,119,119,133,133,165,165,165,199,6,21,41,61,61,160,160,173,23,23,43,60,60,60],"floor_reached":23,"language":"ENG","playtime":1486,"items_purged":[],"score":251,"play_id":"e62e21c8-9e49-4b2c-bf18-4af1708954d0","local_time":"20210210070109","is_ascension_mode":false,"campfire_choices":[{"floor":6,"key":"REST"},{"floor":15,"key":"REST"}],"circlet_count":0,"master_deck":["Strike_B+1","Strike_B+1","Defend_B+1","Defend_B+1","Defend_B+1","Defend_B+1","Zap+1","Dualcast+1","Static Discharge+1","Sweeping Beam+1","Conserve Battery+1","Tempest+1","Aggregate+1","All For One+1","Barrage+1","Go for the Eyes+1","Go for the Eyes+1","Go for the Eyes+1","Multi-Cast+1","Double Energy+1","Capacitor+1","Double Energy+1","Skim+1","Redo+1","Gash+1","Capacitor+1","Skim+1","Zap+1"],"relics":["Cracked Core","Hammer of Thor","Seething Fire","Anvil of the Gods","Vajra","Ancient Tea Set","Sundial","InkBottle","Inserter"],"acts_visited":["Exordium","TheCity"],"potions_floor_usage":[16,21,22],"damage_taken":[{"damage":1,"enemies":"Jaw Worm","floor":1,"turns":4},{"damage":0,"enemies":"2 Louse","floor":5,"turns":2},{"damage":12,"enemies":"Lagavulin","floor":7,"turns":4},{"damage":11,"enemies":"3 Sentries","floor":10,"turns":3},{"damage":0,"enemies":"Cultist","floor":12,"turns":2},{"damage":0,"enemies":"3 Louse","floor":13,"turns":1},{"damage":5,"enemies":"Lots of Slimes","floor":14,"turns":3},{"damage":0,"enemies":"Slime Boss","floor":16,"turns":5},{"damage":0,"enemies":"Chosen","floor":18,"turns":3},{"damage":20,"enemies":"2 Thieves","floor":21,"turns":3},{"damage":11,"enemies":"Snecko","floor":22,"turns":5},{"damage":57,"enemies":"Slavers","floor":23,"turns":3}],"seed_played":"370657683583976486","potions_obtained":[{"floor":1,"key":"BlessingOfTheForge"},{"floor":10,"key":"Weak Potion"},{"floor":13,"key":"FocusPotion"},{"floor":18,"key":"SkillPotion"}],"is_trial":false,"path_per_floor":["M","?","?","?","M","R","E","?","T","E","$","M","M","M","R","B",null,"M","$","?","M","M","E"],"character_chosen":"DEFECT","items_purchased":["All For One","Barrage","Capacitor","Double Energy"],"campfire_rested":2,"item_purchase_floors":[11,11,19,19],"current_hp_per_floor":[81,81,81,78,78,82,70,70,70,59,59,59,59,54,78,78,82,82,82,82,62,51,0,0],"gold":60,"neow_bonus":"TEN_PERCENT_HP_BONUS","is_daily":false,"chose_seed":false,"campfire_upgraded":0,"win_rate":0.0,"timestamp":1612969269,"path_taken":["M","?","?","?","M","R","E","?","T","E","$","M","?","M","R","BOSS","M","$","?","M","?","E"],"items_purchased_type":["Card","Card","Card","Card"],"build_version":"2020-12-22","purchased_purges":0,"victory":false,"max_hp_per_floor":[82,82,82,82,82,82,82,82,82,82,82,82,82,82,82,82,82,82,82,82,82,82,82,82],"card_choices":[{"not_picked":["Rip and Tear","Coolheaded"],"picked":"Static Discharge","floor":1},{"not_picked":["Genetic Algorithm","Leap"],"picked":"Conserve Battery","floor":5},{"not_picked":["Ball Lightning","Streamline"],"picked":"Tempest","floor":7},{"not_picked":["Coolheaded","Leap"],"picked":"Aggregate","floor":10},{"not_picked":["Tempest","Consume"],"picked":"Go for the Eyes","floor":12},{"not_picked":["Rainbow","Ball Lightning"],"picked":"Go for the Eyes","floor":13},{"not_picked":["Auto Shields","Leap"],"picked":"Go for the Eyes","floor":14},{"not_picked":["Thunder Strike","Biased Cognition"],"picked":"Multi-Cast","floor":16},{"not_picked":["Genetic Algorithm","Heatsinks"],"picked":"Double Energy+1","floor":18},{"not_picked":["Leap","Steam"],"picked":"Redo+1","floor":21},{"not_picked":["Melter","Streamline"],"picked":"Gash+1","floor":22}],"player_experience":8592,"relics_obtained":[{"floor":7,"key":"Ancient Tea Set"},{"floor":9,"key":"Sundial"},{"floor":10,"key":"InkBottle"}],"event_choices":[{"damage_healed":0,"gold_gain":0,"cards_transformed":["Strike_B"],"player_choice":"Change","damage_taken":0,"max_hp_gain":0,"max_hp_loss":0,"event_name":"Living Wall","floor":2,"gold_loss":0,"cards_obtained":["Sweeping Beam"]},{"damage_healed":81,"gold_gain":0,"player_choice":"Leave","damage_taken":0,"max_hp_gain":0,"max_hp_loss":82,"event_name":"betterThird:BetterShining","floor":3,"gold_loss":0},{"damage_healed":0,"gold_gain":0,"player_choice":"Relic ","damage_taken":3,"max_hp_gain":0,"max_hp_loss":0,"event_name":"betterThird:BetterScrap","floor":4,"gold_loss":0,"cards_obtained":["Barricade"]},{"damage_healed":0,"gold_gain":0,"player_choice":"Upgraded","damage_taken":0,"max_hp_gain":0,"max_hp_loss":0,"event_name":"Upgrade Shrine","floor":8,"gold_loss":0,"cards_upgraded":["Tempest"]},{"damage_healed":0,"gold_gain":0,"cards_transformed":["Strike_B"],"player_choice":"Transformed","damage_taken":0,"max_hp_gain":0,"max_hp_loss":0,"event_name":"Transmorgrifier","floor":20,"gold_loss":0,"cards_obtained":["Skim"]}],"is_beta":false,"boss_relics":[{"not_picked":["Empty Cage","Tiny House"],"picked":"Inserter"}],"items_purged_floors":[],"is_endless":false,"potions_floor_spawned":[1,10,13,18],"killed_by":"Slavers","ascension_level":0}}