{"host":"6pgtslebjnyv5xmi","time":1612932958,"event":{"mods":["AchievementEnabler","BaseMod","Colored Map","Minty Spire (QoL Compilation)","Rare Cards Sparkle","StSLib","SuperFastMode","The Cursed","everything is the same but u backflip on backflip"],"gold_per_floor":[117,192,192,192,207,207,207,232,257,257,45,45,45,59,59,149,149,168,182,182,206,142,142,142,142],"floor_reached":24,"language":"KOR","playtime":691,"items_purged":["Strike_R"],"score":540,"play_id":"49396590-e805-4571-8a83-4b2492e276f7","local_time":"20210210135558","is_ascension_mode":true,"campfire_choices":[{"data":"Searing Blow","floor":6.0,"key":"SMITH"},{"data":"Searing Blow+2","floor":10.0,"key":"SMITH"},{"data":"Searing Blow+3","floor":12.0,"key":"SMITH"},{"floor":15.0,"key":"REST"},{"data":"Searing Blow+4","floor":23.0,"key":"SMITH"}],"circlet_count":0,"master_deck":["AscendersBane","Strike_R+1","Strike_R","Defend_R","Defend_R","Defend_R","Defend_R","Bash+1","Searing Blow+5","Dual Wield","Thunderclap+1","Impervious","Headbutt+1","Clothesline+1","Bloodletting","Infernal Blade+1"],"relics":["Burning Blood","Molten Egg 2","Golden Idol","Bronze Scales","Mark of Pain","CeramicFish"],"acts_visited":["Exordium","TheCity"],"potions_floor_usage":[],"damage_taken":[{"damage":10.0,"enemies":"2 Louse","floor":1.0,"turns":3.0},{"damage":11.0,"enemies":"Jaw Worm","floor":5.0,"turns":4.0},{"damage":12.0,"enemies":"Small Slimes","floor":8.0,"turns":3.0},{"damage":2.0,"enemies":"2 Fungi Beasts","floor":14.0,"turns":3.0},{"damage":49.0,"enemies":"Hexaghost","floor":16.0,"turns":8.0},{"damage":18.0,"enemies":"Spheric Guardian","floor":18.0,"turns":4.0},{"damage":25.0,"enemies":"2 Thieves","floor":19.0,"turns":4.0},{"damage":12.0,"enemies":"Snecko","floor":21.0,"turns":4.0},{"damage":18,"enemies":"Snake Plant","floor":24,"turns":2}],"seed_played":"3978774141345037111","potions_obtained":[{"floor":1.0,"key":"Weak Potion"},{"floor":5.0,"key":"AttackPotion"}],"is_trial":false,"path_per_floor":["M","?","?","?","M","R","?","M","T","R","$","R","?","M","R","B",null,"M","M","?","M","?","R","M"],"character_chosen":"IRONCLAD","items_purchased":["BloodPotion","Regen Potion"],"campfire_rested":1,"item_purchase_floors":[11,11],"current_hp_per_floor":[64,53,35,35,30,30,30,24,24,24,24,37,17,30,50,7,53,41,22,22,16,16,16,0,0],"gold":142,"neow_bonus":"TRANSFORM_CARD","is_daily":false,"chose_seed":false,"campfire_upgraded":4,"win_rate":0.0,"timestamp":1612932958,"path_taken":["M","?","?","?","M","R","?","M","T","R","$","R","?","?","R","BOSS","M","M","?","M","?","R","?"],"items_purchased_type":["Potion","Potion"],"build_version":"2020-12-22","purchased_purges":1,"victory":false,"max_hp_per_floor":[75,75,75,68,68,68,68,68,68,68,68,68,68,68,68,68,68,68,68,68,68,68,68,68,68],"card_choices":[{"not_picked":["Armaments","Cleave"],"picked":"Searing Blow","floor":1.0},{"not_picked":["Rampage+1","Wild Strike+1"],"picked":"Dual Wield","floor":5.0},{"not_picked":["Heavy Blade+1","Infernal Blade"],"picked":"Thunderclap+1","floor":8.0},{"not_picked":["Feel No Pain","Sentinel","Flex"],"picked":"SKIP","floor":14.0},{"not_picked":["Brutality","Corruption"],"picked":"Impervious","floor":16.0},{"not_picked":["Thunderclap+1","Iron Wave+1","Clothesline+1"],"picked":"SKIP","floor":18.0},{"not_picked":["Sever Soul+1","Clothesline+1"],"picked":"Headbutt+1","floor":19.0},{"not_picked":["Clash+1","Iron Wave+1"],"picked":"Infernal Blade+1","floor":21.0}],"player_experience":1083131,"relics_obtained":[{"floor":9.0,"key":"Bronze Scales"}],"event_choices":[{"damage_healed":0.0,"max_hp_gain":0.0,"max_hp_loss":0.0,"gold_gain":75.0,"event_name":"World of Goop","player_choice":"Gather Gold","floor":2.0,"gold_loss":0.0,"damage_taken":11.0},{"damage_healed":0.0,"max_hp_gain":0.0,"max_hp_loss":0.0,"gold_gain":0.0,"event_name":"Scrap Ooze","player_choice":"Success","floor":3.0,"gold_loss":0.0,"damage_taken":18.0,"relics_obtained":["Molten Egg 2"]},{"damage_healed":0.0,"max_hp_gain":0.0,"max_hp_loss":7.0,"gold_gain":0.0,"event_name":"Golden Idol","player_choice":"Lose Max HP","floor":4.0,"gold_loss":0.0,"damage_taken":0.0,"relics_obtained":["Golden Idol"]},{"damage_healed":0.0,"max_hp_gain":0.0,"max_hp_loss":0.0,"gold_gain":0.0,"event_name":"Living Wall","player_choice":"Grow","floor":7.0,"gold_loss":0.0,"damage_taken":0.0,"cards_upgraded":["Searing Blow"]},{"damage_healed":0.0,"max_hp_gain":0.0,"max_hp_loss":0.0,"gold_gain":0.0,"event_name":"Shining Light","player_choice":"Entered Light","floor":13.0,"gold_loss":0.0,"damage_taken":20.0,"cards_upgraded":["Bash","Strike_R"]},{"damage_healed":0.0,"max_hp_gain":0.0,"max_hp_loss":0.0,"gold_gain":0.0,"cards_transformed":["Hemokinesis","Strike_R"],"event_name":"Drug Dealer","player_choice":"Became Test Subject","floor":20.0,"gold_loss":0.0,"damage_taken":0.0,"cards_obtained":["Clothesline","Bloodletting"]},{"damage_healed":0.0,"max_hp_gain":0.0,"max_hp_loss":0.0,"gold_gain":0.0,"event_name":"WeMeetAgain","player_choice":"Paid Gold","floor":22.0,"gold_loss":64.0,"damage_taken":0.0,"relics_obtained":["CeramicFish"]}],"is_beta":false,"boss_relics":[{"not_picked":["Sozu","SacredBark"],"picked":"Mark of Pain"}],"items_purged_floors":[11],"is_endless":false,"potions_floor_spawned":[1,5],"killed_by":"Snake Plant","ascension_level":18}}