{"host":"4nqeo0vu1vuav7gg","time":1612977514,"event":{"mods":["AchievementEnabler","BaseMod","Block Reminder","Colored Map","Colored Powertips","Highlight Path","Minty Spire (QoL Compilation)","Quick Restart","Rare Cards Sparkle","Relic Relevance Reorder","StSLib"],"gold_per_floor":[111,111,24,41,116,141,141,169,193,193,204,204,235,235,235,312,312,330,346,271,271,271,271],"floor_reached":22,"language":"ENG","playtime":871,"items_purged":[],"score":400,"play_id":"2c2617c7-8a66-486e-bb14-dc92391f026b","local_time":"20210210181834","is_ascension_mode":true,"campfire_choices":[{"floor":7.0,"key":"REST"},{"floor":10.0,"key":"REST"},{"floor":12.0,"key":"REST"},{"floor":15.0,"key":"REST"}],"circlet_count":0,"master_deck":["AscendersBane","Strike_B","Defend_B","Defend_B","Defend_B","Zap","Dualcast","Darkness","Zap","Glacier","Static Discharge","Beam Cell","White Noise","Reboot","Chill","Creative AI","Streamline"],"relics":["Cracked Core","Ornamental Fan","Lantern","Inserter","Omamori","Strawberry"],"acts_visited":["Exordium","TheCity"],"potions_floor_usage":[],"damage_taken":[{"damage":3.0,"enemies":"Small Slimes","floor":1.0,"turns":3.0},{"damage":8.0,"enemies":"Cultist","floor":4.0,"turns":3.0},{"damage":19.0,"enemies":"Lagavulin","floor":6.0,"turns":6.0},{"damage":36.0,"enemies":"3 Sentries","floor":8.0,"turns":7.0},{"damage":7.0,"enemies":"Jaw Worm","floor":11.0,"turns":2.0},{"damage":31.0,"enemies":"Lagavulin","floor":13.0,"turns":7.0},{"damage":29.0,"enemies":"Slime Boss","floor":16.0,"turns":8.0},{"damage":16,"enemies":"Spheric Guardian","floor":18,"turns":5},{"damage":13,"enemies":"Chosen","floor":19,"turns":6},{"damage":31,"enemies":"Snake Plant","floor":22,"turns":4}],"seed_played":"7959333816219105860","potions_obtained":[{"floor":8.0,"key":"DistilledChaos"},{"floor":11.0,"key":"FearPotion"},{"floor":13.0,"key":"PowerPotion"}],"is_trial":false,"path_per_floor":["M","?","$","M","?","E","R","E","T","R","M","R","E","?","R","B",null,"M","M","?","?","M"],"character_chosen":"DEFECT","items_purchased":["Static Discharge"],"campfire_rested":4,"item_purchase_floors":[3],"current_hp_per_floor":[61,61,61,53,42,23,42,6,13,34,27,48,17,17,38,9,56,40,27,27,27,0,0],"gold":271,"neow_bonus":"REMOVE_TWO","is_daily":false,"chose_seed":false,"campfire_upgraded":0,"win_rate":0.0,"timestamp":1612977514,"path_taken":["M","?","$","?","?","E","R","E","T","R","M","R","E","?","R","BOSS","M","M","?","?","?"],"items_purchased_type":["Card"],"build_version":"2020-12-22","purchased_purges":0,"victory":false,"max_hp_per_floor":[64,64,64,64,64,64,64,64,71,71,71,71,71,71,71,71,71,71,71,71,71,71,71],"card_choices":[{"not_picked":["Steam","Ball Lightning"],"picked":"Darkness","floor":1.0},{"not_picked":["Gash","Double Energy"],"picked":"Beam Cell","floor":4.0},{"not_picked":["Go for the Eyes","Steam Power"],"picked":"White Noise","floor":6.0},{"not_picked":["Consume","Cold Snap"],"picked":"Reboot","floor":8.0},{"not_picked":["Skim","Redo"],"picked":"Chill","floor":11.0},{"not_picked":["Coolheaded","Recycle","Amplify"],"picked":"SKIP","floor":13.0},{"not_picked":["Multi-Cast","Hyperbeam"],"picked":"Creative AI","floor":16.0},{"not_picked":["Beam Cell","Rebound"],"picked":"Streamline","floor":18},{"not_picked":["Beam Cell","Scrape","Skim"],"picked":"SKIP","floor":19}],"player_experience":1101612,"relics_obtained":[{"floor":6.0,"key":"Omamori"},{"floor":8.0,"key":"Ornamental Fan"},{"floor":9.0,"key":"Strawberry"},{"floor":13.0,"key":"Lantern"}],"event_choices":[{"damage_healed":0.0,"max_hp_gain":0.0,"max_hp_loss":0.0,"gold_gain":0.0,"event_name":"Match and Keep!","player_choice":"2 cards matched","floor":2.0,"gold_loss":0.0,"damage_taken":0.0,"cards_obtained":["Zap","Glacier"]},{"damage_healed":0.0,"max_hp_gain":0.0,"max_hp_loss":0.0,"gold_gain":75.0,"event_name":"World of Goop","player_choice":"Gather Gold","floor":5.0,"gold_loss":0.0,"damage_taken":11.0},{"damage_healed":0.0,"max_hp_gain":0.0,"max_hp_loss":0.0,"gold_gain":0.0,"event_name":"Shining Light","player_choice":"Ignored","floor":14.0,"gold_loss":0.0,"damage_taken":0.0},{"cards_removed":["Strike_B"],"damage_healed":0,"gold_gain":0,"player_choice":"Gave Gold","damage_taken":0,"max_hp_gain":0,"max_hp_loss":0,"event_name":"Beggar","floor":20,"gold_loss":75},{"cards_removed":["Strike_B"],"damage_healed":0,"gold_gain":0,"player_choice":"Elegance","damage_taken":0,"max_hp_gain":0,"max_hp_loss":0,"event_name":"Back to Basics","floor":21,"gold_loss":0}],"is_beta":false,"boss_relics":[{"not_picked":["Coffee Dripper","Runic Pyramid"],"picked":"Inserter"}],"items_purged_floors":[],"is_endless":false,"potions_floor_spawned":[8,11,13],"killed_by":"Snake Plant","ascension_level":20}}