{"host":"fff5e1uasnm04x18","time":1612984472,"event":{"mods":["BaseMod","Highlight Path","Minty Spire (QoL Compilation)","StSLib"],"gold_per_floor":[119,119,136,311,324,324,388,407,455,73,73,88,38,68,68,165,165,183,183,183,58,73,73,99,99,99,9,39,120,120,139,139,139,139],"floor_reached":33,"language":"ENG","playtime":1831,"items_purged":["Regret","Shame"],"score":331,"play_id":"b8611a6b-9066-4546-a825-dd7c8d5268cf","local_time":"20210210141432","daily_mods":["Diverse"],"is_ascension_mode":false,"campfire_choices":[{"data":"Anger","floor":6,"key":"SMITH"},{"floor":11,"key":"REST"},{"data":"Masterful Stab","floor":15,"key":"SMITH"},{"data":"ForeignInfluence","floor":23,"key":"SMITH"},{"floor":25,"key":"REST"},{"floor":30,"key":"REST"},{"floor":32,"key":"REST"}],"circlet_count":0,"master_deck":["Strike_R","Strike_R","Strike_R","Strike_R","Strike_R","Defend_R","Defend_R","Defend_R","Defend_R","Bash","Anger+1","Masterful Stab+1","Reaper","Blood for Blood","ForeignInfluence+1","JustLucky","Gash","Rebound"],"relics":["Burning Blood","Centennial Puzzle","Blood Vial","Pen Nib","Sling","Red Skull","Smiling Mask","SlaversCollar","StrikeDummy","Art of War","Singing Bowl","Toy Ornithopter","Blue Candle"],"acts_visited":["Exordium","TheCity"],"potions_floor_usage":[16,33,33],"damage_taken":[{"damage":0,"enemies":"2 Louse","floor":1,"turns":4},{"damage":11,"enemies":"Jaw Worm","floor":3,"turns":3},{"damage":3,"enemies":"Small Slimes","floor":5,"turns":5},{"damage":41,"enemies":"3 Sentries","floor":7,"turns":10},{"damage":6,"enemies":"Looter","floor":8,"turns":3},{"damage":19,"enemies":"Exordium Wildlife","floor":12,"turns":6},{"damage":8,"enemies":"3 Sentries","floor":14,"turns":6},{"damage":0,"enemies":"Slime Boss","floor":16,"turns":5},{"damage":39,"enemies":"Shell Parasite","floor":18,"turns":7},{"damage":5,"enemies":"Spheric Guardian","floor":22,"turns":3},{"damage":32,"enemies":"Slavers","floor":24,"turns":4},{"damage":46,"enemies":"Book of Stabbing","floor":28,"turns":5},{"damage":33,"enemies":"Shelled Parasite and Fungi","floor":31,"turns":4},{"damage":120,"enemies":"Automaton","floor":33,"turns":10}],"seed_played":"7220935128017520925","potions_obtained":[{"floor":3,"key":"CultistPotion"},{"floor":5,"key":"Energy Potion"},{"floor":8,"key":"SmokeBomb"},{"floor":24,"key":"Weak Potion"}],"is_trial":true,"path_per_floor":["M","?","M","?","M","R","?","M","T","$","R","M","?","E","R","B",null,"M","?","?","$","M","R","E","R","T","$","E","T","R","M","R","B"],"character_chosen":"IRONCLAD","items_purchased":["Sling","Red Skull","Blood for Blood","Gash","Rebound"],"campfire_rested":4,"item_purchase_floors":[10,10,21,27,27],"current_hp_per_floor":[80,80,75,75,78,78,43,45,45,45,69,58,58,58,58,66,80,51,51,51,51,58,58,52,76,76,76,46,46,70,55,80,0,0],"gold":139,"neow_bonus":"","is_daily":false,"chose_seed":false,"campfire_upgraded":3,"win_rate":0.0,"timestamp":1612984472,"path_taken":["M","?","M","?","M","R","?","M","T","$","R","M","?","E","R","BOSS","M","?","?","?","?","R","E","R","T","?","E","?","R","M","R","BOSS"],"items_purchased_type":["Relic","Relic","Card","Card","Card"],"build_version":"2020-12-22","purchased_purges":2,"victory":false,"max_hp_per_floor":[80,80,80,80,80,80,80,80,80,80,80,80,80,80,80,80,80,80,80,80,80,80,80,80,80,80,80,82,82,82,84,84,84,84],"card_choices":[{"not_picked":["Dagger Throw","Poisoned Stab"],"picked":"Anger","floor":1},{"not_picked":["LikeWater","Backflip"],"picked":"Masterful Stab","floor":3},{"not_picked":["Streamline","Skewer","Turbo"],"picked":"SKIP","floor":5},{"not_picked":["Anger","Clothesline","Redo"],"picked":"SKIP","floor":8},{"not_picked":["Blasphemy","Wild Strike","Cold Snap"],"picked":"SKIP","floor":12},{"not_picked":["Catalyst","Bane","Power Through"],"picked":"SKIP","floor":14},{"not_picked":["Meteor Strike","Phantasmal Killer"],"picked":"Reaper","floor":16},{"not_picked":["Anger","Deadly Poison+1","Recycle+1"],"picked":"SKIP","floor":18},{"not_picked":["BattleHymn","Deadly Poison"],"picked":"ForeignInfluence","floor":22},{"not_picked":["Sucker Punch","Halt+1"],"picked":"JustLucky","floor":24},{"not_picked":["Ball Lightning","Deadly Poison","Static Discharge"],"picked":"Singing Bowl","floor":28},{"not_picked":["Battle Trance","DeceiveReality+1","Chill"],"picked":"Singing Bowl","floor":31}],"player_experience":564050,"relics_obtained":[{"floor":7,"key":"Blood Vial"},{"floor":9,"key":"Pen Nib"},{"floor":14,"key":"Smiling Mask"},{"floor":24,"key":"Art of War"},{"floor":26,"key":"Singing Bowl"},{"floor":28,"key":"Toy Ornithopter"},{"floor":29,"key":"Blue Candle"}],"event_choices":[{"damage_healed":0,"gold_gain":0,"player_choice":"Box","damage_taken":0,"relics_obtained":["Centennial Puzzle"],"max_hp_gain":0,"max_hp_loss":0,"event_name":"Big Fish","floor":2,"gold_loss":0,"cards_obtained":["Regret"]},{"damage_healed":0,"gold_gain":175,"player_choice":"AGREE","damage_taken":0,"max_hp_gain":0,"max_hp_loss":0,"event_name":"Liars Game","floor":4,"gold_loss":0,"cards_obtained":["Doubt"]},{"damage_healed":0,"gold_gain":0,"player_choice":"Searched \u00272\u0027 times","damage_taken":0,"max_hp_gain":0,"max_hp_loss":0,"event_name":"Dead Adventurer","floor":7,"gold_loss":0},{"cards_removed":["Doubt"],"damage_healed":0,"gold_gain":0,"player_choice":"Card Removal","damage_taken":0,"max_hp_gain":0,"max_hp_loss":0,"event_name":"The Cleric","floor":13,"gold_loss":50},{"damage_healed":0,"gold_gain":0,"player_choice":"Stole Relic","damage_taken":0,"relics_obtained":["StrikeDummy"],"max_hp_gain":0,"max_hp_loss":0,"event_name":"Addict","floor":19,"gold_loss":0,"cards_obtained":["Shame"]},{"damage_healed":0,"gold_gain":0,"player_choice":"Ignored","damage_taken":0,"max_hp_gain":0,"max_hp_loss":0,"event_name":"Ghosts","floor":20,"gold_loss":0}],"is_beta":false,"boss_relics":[{"not_picked":["Sozu","Runic Dome"],"picked":"SlaversCollar"}],"items_purged_floors":[10,21],"is_endless":false,"potions_floor_spawned":[3,5,8,24],"killed_by":"Automaton","ascension_level":0}}