{"host":"kt2jzujlwvzydtbu","time":1612939007,"event":{"mods":["BaseMod","Bestiary","Minty Spire (QoL Compilation)","SacredBarkPlus","StSLib"],"gold_per_floor":[214,4,23,23,23,54,54,67,145,175,175,210,210,285,285,285,285],"floor_reached":16,"language":"ENG","playtime":633,"items_purged":[],"score":168,"play_id":"a8beeffa-f55e-45c6-b884-a9c67a72e99a","local_time":"20210210143647","is_ascension_mode":true,"campfire_choices":[{"floor":7.0,"key":"REST"},{"data":"Neutralize","floor":11.0,"key":"SMITH"},{"data":"Wraith Form v2","floor":13.0,"key":"SMITH"},{"data":"Tools of the Trade","floor":15.0,"key":"SMITH"}],"circlet_count":0,"master_deck":["Strike_G","Strike_G","Strike_G","Strike_G","Strike_G","Defend_G","Defend_G","Defend_G","Defend_G","Defend_G","Survivor","Neutralize+1","Deadly Poison","Deadly Poison","Die Die Die+1","Poisoned Stab","Tools of the Trade+1","Acrobatics","Deflect","Wraith Form v2+1"],"relics":["Ring of the Snake","PreservedInsect","Ginger","Eternal Feather","Happy Flower","White Beast Statue"],"acts_visited":["Exordium"],"potions_floor_usage":[],"damage_taken":[{"damage":1.0,"enemies":"Small Slimes","floor":1.0,"turns":5.0},{"damage":2.0,"enemies":"Jaw Worm","floor":3.0,"turns":4.0},{"damage":35.0,"enemies":"Lagavulin","floor":6.0,"turns":4.0},{"damage":0.0,"enemies":"2 Louse","floor":8.0,"turns":2.0},{"damage":17.0,"enemies":"3 Sentries","floor":10.0,"turns":6.0},{"damage":8.0,"enemies":"Gremlin Nob","floor":12.0,"turns":3.0},{"damage":35,"enemies":"The Guardian","floor":16,"turns":10}],"seed_played":"9157155944888983474","potions_obtained":[{"floor":8.0,"key":"FearPotion"}],"is_trial":false,"path_per_floor":["M","$","M","?","?","E","R","M","T","E","R","E","R","?","R","B"],"character_chosen":"THE_SILENT","items_purchased":["Deadly Poison","Die Die Die"],"campfire_rested":1,"item_purchase_floors":[2,2],"current_hp_per_floor":[62,62,60,48,48,13,34,34,34,17,26,18,30,19,31,0,0],"gold":285,"neow_bonus":"HUNDRED_GOLD","is_daily":false,"chose_seed":false,"campfire_upgraded":3,"win_rate":0.0,"timestamp":1612939007,"path_taken":["M","$","M","?","?","E","R","M","T","E","R","E","R","?","R","BOSS"],"items_purchased_type":["Card","Card"],"build_version":"2020-12-22","purchased_purges":0,"victory":false,"max_hp_per_floor":[70,70,70,70,70,70,70,70,70,70,70,70,70,70,70,70,70],"card_choices":[{"not_picked":["Cloak And Dagger","Dodge and Roll"],"picked":"Deadly Poison","floor":1.0},{"not_picked":["Deadly Poison","Slice"],"picked":"Poisoned Stab","floor":3.0},{"not_picked":["Heel Hook","Expertise"],"picked":"Tools of the Trade","floor":6.0},{"not_picked":["Masterful Stab","Sucker Punch"],"picked":"Acrobatics","floor":8.0},{"not_picked":["Storm of Steel","Underhanded Strike"],"picked":"Deflect","floor":10.0},{"not_picked":["Expertise","Unload"],"picked":"Wraith Form v2","floor":12.0}],"player_experience":509970,"relics_obtained":[{"floor":6.0,"key":"Ginger"},{"floor":9.0,"key":"Eternal Feather"},{"floor":10.0,"key":"Happy Flower"},{"floor":12.0,"key":"White Beast Statue"}],"event_choices":[{"damage_healed":0.0,"max_hp_gain":0.0,"max_hp_loss":0.0,"gold_gain":0.0,"event_name":"Scrap Ooze","player_choice":"Success","floor":4.0,"gold_loss":0.0,"damage_taken":12.0,"relics_obtained":["PreservedInsect"]},{"damage_healed":0.0,"max_hp_gain":0.0,"max_hp_loss":0.0,"gold_gain":0.0,"event_name":"Living Wall","player_choice":"Grow","floor":5.0,"gold_loss":0.0,"damage_taken":0.0,"cards_upgraded":["Die Die Die"]},{"damage_healed":0.0,"max_hp_gain":0.0,"max_hp_loss":0.0,"gold_gain":75.0,"event_name":"World of Goop","player_choice":"Gather Gold","floor":14.0,"gold_loss":0.0,"damage_taken":11.0}],"is_beta":false,"boss_relics":[],"items_purged_floors":[],"is_endless":false,"potions_floor_spawned":[8],"killed_by":"The Guardian","ascension_level":9}}