{"host":"h4lp0eeso8a0ssq0","time":1612920517,"event":{"mods":["2.2 Compatiblity","AchievementEnabler","BaseMod","CapriCore","Colored Map","Minty Spire (QoL Compilation)","StSLib","SuperFastMode"],"gold_per_floor":[111,124,124,139,152,152,164,182,208,208,50,69,69,10,10,83,83,96,96,96,70,84,84,94,94,118,118,133,164,190,206,206,206,206],"floor_reached":33,"language":"KOR","playtime":827,"items_purged":["Strike_G"],"score":492,"play_id":"25f47062-40a2-4695-9e4b-26630e4eb848","local_time":"20210210102837","is_ascension_mode":true,"campfire_choices":[{"data":"Terror","floor":6.0,"key":"SMITH"},{"data":"Finisher","floor":10.0,"key":"SMITH"},{"floor":15.0,"key":"REST"},{"data":"Blade Dance","floor":23,"key":"SMITH"},{"data":"Blur","floor":25,"key":"SMITH"},{"floor":27,"key":"REST"},{"data":"Prepared","floor":32,"key":"SMITH"}],"circlet_count":0,"master_deck":["AscendersBane","Strike_G","Strike_G","Strike_G","Defend_G","Defend_G","Defend_G","Defend_G","Survivor","Neutralize","Finisher+1","Blade Dance+1","PiercingWail","Terror+1","Blur+1","Backflip","Accuracy+1","Backflip","Corpse Explosion","Deflect","Calculated Gamble","Acrobatics","Prepared+1"],"relics":["Ring of the Snake","Happy Flower","Letter Opener","WristBlade","MutagenicStrength","Boot","Ornamental Fan","Omamori"],"acts_visited":["Exordium","TheCity"],"potions_floor_usage":[22],"damage_taken":[{"damage":1.0,"enemies":"Jaw Worm","floor":1.0,"turns":5.0},{"damage":2.0,"enemies":"2 Louse","floor":2.0,"turns":4.0},{"damage":0.0,"enemies":"Cultist","floor":4.0,"turns":3.0},{"damage":6.0,"enemies":"Exordium Thugs","floor":5.0,"turns":4.0},{"damage":11.0,"enemies":"Gremlin Gang","floor":7.0,"turns":4.0},{"damage":4.0,"enemies":"Large Slime","floor":8.0,"turns":5.0},{"damage":3.0,"enemies":"Blue Slaver","floor":12.0,"turns":2.0},{"damage":8.0,"enemies":"The Guardian","floor":16.0,"turns":10.0},{"damage":6.0,"enemies":"Spheric Guardian","floor":18.0,"turns":5.0},{"damage":0,"enemies":"3 Byrds","floor":22,"turns":1},{"damage":0,"enemies":"3 Cultists","floor":24,"turns":2},{"damage":0,"enemies":"Centurion and Healer","floor":28,"turns":4},{"damage":6,"enemies":"Gremlin Leader","floor":29,"turns":5},{"damage":0,"enemies":"Snake Plant","floor":31,"turns":1},{"damage":61,"enemies":"Automaton","floor":33,"turns":8}],"seed_played":"692201518569268828","potions_obtained":[{"floor":1.0,"key":"Energy Potion"},{"floor":4.0,"key":"LiquidMemories"},{"floor":22,"key":"Fruit Juice"},{"floor":29,"key":"FairyPotion"}],"is_trial":false,"path_per_floor":["M","M","?","M","M","R","M","M","T","R","$","M","T","$","R","B",null,"M","?","?","$","M","R","M","R","T","R","M","E","T","M","R","B"],"character_chosen":"THE_SILENT","items_purchased":["Accuracy","Backflip","Deflect"],"campfire_rested":2,"item_purchase_floors":[11,14,21],"current_hp_per_floor":[43,41,41,41,35,35,24,20,20,20,20,17,17,17,36,28,57,51,51,51,51,56,56,56,56,56,71,71,65,65,65,65,4,4],"gold":206,"neow_bonus":"REMOVE_TWO","is_daily":false,"chose_seed":false,"campfire_upgraded":5,"win_rate":0.0,"timestamp":1612920517,"path_taken":["M","M","?","M","M","R","M","M","T","R","$","M","?","?","R","BOSS","M","?","?","$","?","R","M","R","T","R","M","E","?","M","R","BOSS"],"items_purchased_type":["Card","Card","Card"],"build_version":"2020-12-22","purchased_purges":1,"victory":false,"max_hp_per_floor":[66,66,66,66,66,66,66,66,66,66,66,66,66,66,66,66,66,66,66,66,66,71,71,71,71,71,71,71,71,71,71,71,71,71],"card_choices":[{"not_picked":["Concentrate","Infinite Blades"],"picked":"Finisher","floor":1.0},{"not_picked":["Deadly Poison","Deflect"],"picked":"Blade Dance","floor":2.0},{"not_picked":["Concentrate","Bane"],"picked":"PiercingWail","floor":4.0},{"not_picked":["Outmaneuver","Quick Slash"],"picked":"Terror","floor":5.0},{"not_picked":["Underhanded Strike","Doppelganger"],"picked":"Blur","floor":7.0},{"not_picked":["Prepared","Outmaneuver"],"picked":"Backflip","floor":8.0},{"not_picked":["Prepared","Sucker Punch","Terror"],"picked":"SKIP","floor":12.0},{"not_picked":["Glass Knife","Grand Finale"],"picked":"Corpse Explosion","floor":16.0},{"not_picked":["Eviscerate","Dagger Spray","Poisoned Stab"],"picked":"SKIP","floor":18.0},{"not_picked":["Deadly Poison","Dash"],"picked":"Calculated Gamble","floor":22},{"not_picked":["Outmaneuver","Dagger Spray","Choke"],"picked":"SKIP","floor":24},{"not_picked":["Outmaneuver","Infinite Blades"],"picked":"Acrobatics","floor":28},{"not_picked":["Predator","Flechettes","Poisoned Stab"],"picked":"SKIP","floor":29},{"not_picked":["Terror","All Out Attack"],"picked":"Prepared","floor":31}],"player_experience":200011,"relics_obtained":[{"floor":9.0,"key":"Happy Flower"},{"floor":13.0,"key":"Letter Opener"},{"floor":26,"key":"Boot"},{"floor":29,"key":"Ornamental Fan"},{"floor":30,"key":"Omamori"}],"event_choices":[{"damage_healed":0.0,"max_hp_gain":0.0,"max_hp_loss":0.0,"gold_gain":0.0,"event_name":"Liars Game","player_choice":"Ignored","floor":3.0,"gold_loss":0.0,"damage_taken":0.0},{"damage_healed":0,"gold_gain":0,"player_choice":"Inject Mutagens","damage_taken":0,"relics_obtained":["MutagenicStrength"],"max_hp_gain":0,"max_hp_loss":0,"event_name":"Drug Dealer","floor":19,"gold_loss":0},{"damage_healed":0,"gold_gain":0,"player_choice":"Upgraded","damage_taken":0,"max_hp_gain":0,"max_hp_loss":0,"event_name":"Upgrade Shrine","floor":20,"gold_loss":0,"cards_upgraded":["Accuracy"]}],"is_beta":false,"boss_relics":[{"not_picked":["Coffee Dripper","SacredBark"],"picked":"WristBlade"}],"items_purged_floors":[11],"is_endless":false,"potions_floor_spawned":[1,4,8,18,22,29],"killed_by":"Automaton","ascension_level":18}}