{"host":"xsuxkwaivmtd234a","time":1612967048,"event":{"mods":["BaseMod","Colored Map","Filter the Spire","Minty Spire (QoL Compilation)","Relic Stats","StSLib"],"gold_per_floor":[12,28,128,138,152,152,178,178,178,211,222,236,266,216,216,216,216],"floor_reached":16,"language":"ENG","playtime":780,"items_purged":[],"score":153,"play_id":"f7b77656-20da-4324-a4ec-0ff68ad7c644","local_time":"20210210092408","is_ascension_mode":true,"campfire_choices":[{"data":"Whirlwind","floor":6.0,"key":"SMITH"},{"data":"Combust","floor":8.0,"key":"SMITH"},{"data":"Inflame","floor":15.0,"key":"SMITH"}],"circlet_count":0,"master_deck":["Strike_R","Strike_R","Strike_R","Strike_R","Defend_R","Defend_R","Defend_R","Defend_R","Bash","Combust+1","Whirlwind+1","Carnage","Juggernaut","Uppercut","Inflame+1","Barricade"],"relics":["Burning Blood","FossilizedHelix","InkBottle","Bottled Flame","Art of War","Molten Egg 2"],"acts_visited":["Exordium"],"potions_floor_usage":[16,16],"damage_taken":[{"damage":0.0,"enemies":"2 Louse","floor":1.0,"turns":3.0},{"damage":7.0,"enemies":"Cultist","floor":2.0,"turns":3.0},{"damage":1.0,"enemies":"Jaw Worm","floor":4.0,"turns":3.0},{"damage":12.0,"enemies":"Large Slime","floor":5.0,"turns":4.0},{"damage":9.0,"enemies":"Gremlin Nob","floor":7.0,"turns":4.0},{"damage":38.0,"enemies":"Lagavulin","floor":10.0,"turns":6.0},{"damage":1.0,"enemies":"Looter","floor":11.0,"turns":3.0},{"damage":0.0,"enemies":"3 Louse","floor":12.0,"turns":1.0},{"damage":9.0,"enemies":"Gremlin Nob","floor":13.0,"turns":4.0},{"damage":48,"enemies":"Hexaghost","floor":16,"turns":8}],"seed_played":"454172709241103088","potions_obtained":[{"floor":4.0,"key":"AttackPotion"},{"floor":5.0,"key":"SpeedPotion"},{"floor":11.0,"key":"Fire Potion"},{"floor":12.0,"key":"FearPotion"},{"floor":13.0,"key":"Explosive Potion"}],"is_trial":false,"path_per_floor":["M","M","?","M","M","R","E","R","T","E","M","M","E","?","R","B"],"character_chosen":"IRONCLAD","items_purchased":[],"campfire_rested":0,"item_purchase_floors":[],"current_hp_per_floor":[80,79,79,80,74,74,71,71,71,39,44,50,47,47,47,0,0],"gold":216,"neow_bonus":"ONE_RARE_RELIC","is_daily":false,"chose_seed":false,"campfire_upgraded":3,"win_rate":0.0,"timestamp":1612967048,"path_taken":["M","M","?","M","M","R","E","R","T","E","?","M","E","?","R","BOSS"],"items_purchased_type":[],"build_version":"2020-12-22","purchased_purges":0,"victory":false,"max_hp_per_floor":[80,80,80,80,80,80,80,80,80,80,80,80,80,80,80,80,80],"relic_stats":{"counters":[10,39],"Art of War":[1],"obtain_stats":[{"Bottled Flame":9,"Molten Egg 2":13,"Art of War":10,"Burning Blood":0,"FossilizedHelix":0,"InkBottle":7},{"Bottled Flame":5,"Molten Egg 2":9,"Art of War":6,"Burning Blood":0,"FossilizedHelix":0,"InkBottle":5},{"Bottled Flame":17,"Molten Egg 2":31,"Art of War":23,"Burning Blood":0,"FossilizedHelix":0,"InkBottle":17}],"Burning Blood":44,"InkBottle":[4]},"card_choices":[{"not_picked":["Pommel Strike","Blood for Blood"],"picked":"Combust","floor":1.0},{"not_picked":["Shockwave","True Grit"],"picked":"Whirlwind","floor":2.0},{"not_picked":["Reckless Charge","Twin Strike"],"picked":"Carnage","floor":4.0},{"not_picked":["Heavy Blade","True Grit","Wild Strike"],"picked":"SKIP","floor":5.0},{"not_picked":["Heavy Blade","True Grit","Wild Strike"],"picked":"SKIP","floor":5.0},{"not_picked":["Perfected Strike","Havoc","Body Slam"],"picked":"SKIP","floor":7.0},{"not_picked":["Havoc","Exhume"],"picked":"Juggernaut","floor":10.0},{"not_picked":["Sword Boomerang","True Grit"],"picked":"Uppercut","floor":11.0},{"not_picked":["Anger","True Grit"],"picked":"Inflame","floor":12.0},{"not_picked":["Iron Wave+1","Battle Trance"],"picked":"Barricade","floor":13.0}],"player_experience":1227483,"relics_obtained":[{"floor":7.0,"key":"InkBottle"},{"floor":9.0,"key":"Bottled Flame"},{"floor":10.0,"key":"Art of War"},{"floor":13.0,"key":"Molten Egg 2"}],"event_choices":[{"damage_healed":0.0,"max_hp_gain":0.0,"max_hp_loss":0.0,"gold_gain":100.0,"event_name":"Wheel of Change","player_choice":"Gold","floor":3.0,"gold_loss":0.0,"damage_taken":0.0},{"cards_removed":["Strike_R"],"damage_healed":0.0,"max_hp_gain":0.0,"max_hp_loss":0.0,"gold_gain":0.0,"event_name":"The Cleric","player_choice":"Card Removal","floor":14.0,"gold_loss":50.0,"damage_taken":0.0}],"is_beta":false,"boss_relics":[],"items_purged_floors":[],"is_endless":false,"potions_floor_spawned":[4,5,11,12,13],"killed_by":"Hexaghost","ascension_level":5}}