{"host":"8eqe2o2g03nh9rfw","time":1612995433,"event":{"mods":["AchievementEnabler","AlwaysNeverKeys","BaseMod","Better Third Choice","Block Reminder","Colored Map","Colored Powertips","GifTheSpireLib","Minty Spire (QoL Compilation)","Permanent Neow","Quick Restart","StSLib","Weighted Paths"],"gold_per_floor":[115,95,114,114,21,21,53,72,72,72,72,83,83,103,103,201,201,212,227,227,227,239,239,273,273,327,359,359,359],"floor_reached":28,"language":"ENG","playtime":2117,"items_purged":[],"score":279,"play_id":"b190f487-c294-4d7f-b398-14395b9de96c","local_time":"20210210171713","is_ascension_mode":false,"campfire_choices":[{"data":"Terror","floor":6,"key":"SMITH"},{"floor":11,"key":"REST"},{"data":"Blade Dance","floor":13,"key":"SMITH"},{"floor":15,"key":"REST"},{"data":"Blade Dance","floor":23,"key":"SMITH"}],"circlet_count":0,"master_deck":["Strike_G","Strike_G","Strike_G","Strike_G","Defend_G","Defend_G","Defend_G","Survivor","Neutralize","Backflip","Terror+1","Blind","Masterful Stab","Blade Dance+1","Slice","Heel Hook","Sucker Punch","Adrenaline","Dagger Throw+1","Finisher+1","Sucker Punch+1","Blade Dance+1","Escape Plan","Blade Dance+1","Reflex","Decay","All Out Attack"],"relics":["Ring of the Snake","Unceasing Top","Darkstone Periapt","Odd Mushroom","Astrolabe","Bottled Lightning","Omamori","Bag of Preparation"],"acts_visited":["Exordium","TheCity"],"potions_floor_usage":[0,7,16,16,27,28,28,28],"damage_taken":[{"damage":3,"enemies":"Cultist","floor":1,"turns":5},{"damage":0,"enemies":"Small Slimes","floor":3,"turns":3},{"damage":30,"enemies":"3 Sentries","floor":7,"turns":11},{"damage":5,"enemies":"2 Louse","floor":8,"turns":2},{"damage":6,"enemies":"Exordium Thugs","floor":12,"turns":4},{"damage":6,"enemies":"The Mushroom Lair","floor":14,"turns":4},{"damage":34,"enemies":"Hexaghost","floor":16,"turns":9},{"damage":0,"enemies":"Spheric Guardian","floor":18,"turns":2},{"damage":0,"enemies":"Chosen","floor":19,"turns":2},{"damage":14,"enemies":"Shelled Parasite and Fungi","floor":22,"turns":2},{"damage":7,"enemies":"Book of Stabbing","floor":24,"turns":3},{"damage":64,"enemies":"Slavers","floor":27,"turns":5},{"damage":9,"enemies":"Centurion and Healer","floor":28,"turns":1}],"seed_played":"7917263480055053397","potions_obtained":[{"floor":0,"key":"Fruit Juice"},{"floor":0,"key":"Ancient Potion"},{"floor":0,"key":"Fire Potion"},{"floor":2,"key":"CultistPotion"},{"floor":7,"key":"GamblersBrew"},{"floor":8,"key":"DistilledChaos"},{"floor":19,"key":"Ancient Potion"},{"floor":24,"key":"EssenceOfSteel"},{"floor":27,"key":"AttackPotion"}],"is_trial":false,"path_per_floor":["M","?","M","?","$","R","E","M","T","?","R","M","R","?","R","B",null,"M","M","?","?","M","R","E","?","T","E","M"],"character_chosen":"THE_SILENT","items_purchased":["Blind"],"campfire_rested":2,"item_purchase_floors":[5],"current_hp_per_floor":[72,72,72,77,77,77,47,42,42,42,66,60,60,54,78,44,80,80,80,80,80,66,66,59,65,65,1,0,0],"gold":359,"neow_bonus":"THREE_SMALL_POTIONS","is_daily":false,"chose_seed":false,"campfire_upgraded":3,"win_rate":0.0,"timestamp":1612995433,"path_taken":["M","?","?","?","$","R","E","M","T","?","R","?","R","?","R","BOSS","M","M","?","?","M","R","E","?","T","E","?"],"items_purchased_type":["Card"],"build_version":"2020-12-22","purchased_purges":0,"victory":false,"max_hp_per_floor":[75,75,75,80,80,80,80,80,80,80,80,80,80,80,80,80,80,80,80,80,80,80,80,80,86,86,86,86,86],"card_choices":[{"not_picked":["Dodge and Roll","Deflect"],"picked":"Backflip","floor":1},{"not_picked":["Slice","Predator"],"picked":"Terror","floor":3},{"not_picked":["Quick Slash","Leg Sweep"],"picked":"Masterful Stab","floor":7},{"not_picked":["Bane","Flying Knee"],"picked":"Blade Dance","floor":8},{"not_picked":["Escape Plan","Caltrops"],"picked":"Heel Hook","floor":12},{"not_picked":["Dodge and Roll","Deflect"],"picked":"Sucker Punch","floor":14},{"not_picked":["Envenom","Storm of Steel"],"picked":"Adrenaline","floor":16},{"not_picked":["Deadly Poison","Leg Sweep"],"picked":"Blade Dance+1","floor":18},{"not_picked":["Heel Hook+1","Finisher"],"picked":"Escape Plan","floor":19},{"not_picked":["Flying Knee+1","Expertise"],"picked":"Blade Dance","floor":22},{"not_picked":["Underhanded Strike","Flying Knee"],"picked":"Reflex","floor":24},{"not_picked":["Malaise","Dodge and Roll"],"picked":"All Out Attack","floor":27}],"player_experience":101447,"relics_obtained":[{"floor":7,"key":"Unceasing Top"},{"floor":9,"key":"Darkstone Periapt"},{"floor":14,"key":"Odd Mushroom"},{"floor":24,"key":"Bottled Lightning"},{"floor":26,"key":"Omamori"},{"floor":27,"key":"Bag of Preparation"}],"event_choices":[{"damage_healed":0,"gold_gain":0,"player_choice":"Bought 1 Potion","damage_taken":0,"max_hp_gain":0,"max_hp_loss":0,"event_name":"The Woman in Blue","floor":2,"gold_loss":0},{"damage_healed":0,"gold_gain":0,"player_choice":"Donut","damage_taken":0,"max_hp_gain":5,"max_hp_loss":0,"event_name":"Big Fish","floor":4,"gold_loss":0},{"damage_healed":0,"gold_gain":0,"player_choice":"1 cards matched","damage_taken":0,"max_hp_gain":0,"max_hp_loss":0,"event_name":"Match and Keep!","floor":10,"gold_loss":0,"cards_obtained":["Slice"]},{"damage_healed":0,"gold_gain":0,"player_choice":"Fought Mushrooms","damage_taken":0,"max_hp_gain":0,"max_hp_loss":0,"event_name":"Mushrooms","floor":14,"gold_loss":0},{"damage_healed":0,"gold_gain":0,"player_choice":"Ignored","damage_taken":0,"max_hp_gain":0,"max_hp_loss":0,"event_name":"Ghosts","floor":20,"gold_loss":0},{"damage_healed":0,"gold_gain":0,"player_choice":"Ignored","damage_taken":0,"max_hp_gain":0,"max_hp_loss":0,"event_name":"Beggar","floor":21,"gold_loss":0},{"damage_healed":0,"gold_gain":0,"player_choice":"Cursed","damage_taken":0,"max_hp_gain":0,"max_hp_loss":0,"event_name":"Wheel of Change","floor":25,"gold_loss":0,"cards_obtained":["Decay"]}],"is_beta":false,"boss_relics":[{"not_picked":["Snecko Eye","Empty Cage"],"picked":"Astrolabe"}],"items_purged_floors":[],"is_endless":false,"potions_floor_spawned":[7,8,19,24,27],"killed_by":"Centurion and Healer","ascension_level":0}}