{"host":"·çÓêÒÂ","time":1612925415,"event":{"mods":["ATMod(°¢èªMod)","BaseMod","Better Skull","Better Third Choice","Challenge The Spire","Colored Powertips","Conspire","Minty Spire (QoL Compilation)","Permanent Neow","Quick Restart","Relic Stats","Reliquary","Replay The Spire","RumiaBox-Â¶Ã×æ«µÄÉñÃØºÐ×Ó","Spicy Shops","Spire Birthday Party","StSLib","SuperFastMode","¡¾ÒÅÎï¿¨ÅÆ¡¿REMEMod"],"gold_per_floor":[110,110,121,121,138,138,88,88,112,157,258,277,288,308,308,437,437,447,0,0],"floor_reached":19,"language":"ZHS","playtime":728,"items_purged":[],"score":159,"play_id":"c7644e3b-5ff8-495c-895e-713e550e3d8f","local_time":"20210210105015","is_ascension_mode":false,"campfire_choices":[{"data":"Turbo","floor":6.0,"key":"SMITH"},{"data":"AT_DrawKnifeCut","floor":8.0,"key":"SMITH"},{"floor":15,"key":"REST"}],"circlet_count":0,"master_deck":["Strike_B","Strike_B","Strike_B","Strike_B","Defend_B","Defend_B","Defend_B","Zap","Dualcast","AT_DrawKnifeCut+1","Conserve Battery","Streamline","Turbo+1","Double Energy","Glacier","ReplayTheSpireMod:Repulse","Ball Lightning","Panic Button","Double Energy","Tempest","Hello World","Rainbow","BasicCrystalCard","REME_SelfUpgrade+1"],"relics":["Cracked Core","AT_ATBox","REME_ComplimentaryCards","Art of War","Baka2","reliquary:HotPoker","Ring of Chaos","Prayer Wheel"],"acts_visited":["Exordium","TheCity"],"potions_floor_usage":[14,16,16,16],"damage_taken":[{"damage":11.0,"enemies":"Jaw Worm","floor":1.0,"turns":2.0},{"damage":0.0,"enemies":"2 Louse","floor":3.0,"turns":1.0},{"damage":0.0,"enemies":"Cultist","floor":5.0,"turns":2.0},{"damage":62.0,"enemies":"conspire:MimicChest","floor":10.0,"turns":9.0},{"damage":1.0,"enemies":"Looter","floor":12.0,"turns":3.0},{"damage":0.0,"enemies":"Large Slime","floor":13.0,"turns":4.0},{"damage":0,"enemies":"Exordium Wildlife","floor":14,"turns":2},{"damage":26,"enemies":"Hexaghost","floor":16,"turns":8},{"damage":38,"enemies":"Chosen","floor":18,"turns":7},{"damage":64,"enemies":"Shell Parasite","floor":19,"turns":10}],"seed_played":"1636089390875599781","potions_obtained":[{"floor":1.0,"key":"SteroidPotion"},{"floor":3.0,"key":"Elixir"},{"floor":14,"key":"REME_GoldPotion"}],"is_trial":false,"path_per_floor":["M","?","M","?","M","R","?","R","T","?","?","M","M","M","R","B",null,"M","M"],"character_chosen":"DEFECT","items_purchased":[],"campfire_rested":1,"item_purchase_floors":[],"current_hp_per_floor":[64,57,62,66,66,66,66,66,66,4,4,6,6,6,29,29,78,47,0,0],"gold":0,"neow_bonus":"RANDOM_COMMON_RELIC","is_daily":false,"chose_seed":false,"campfire_upgraded":2,"win_rate":0.0,"timestamp":1612925415,"path_taken":["M","?","M","?","?","R","?","R","T","?","?","M","?","M","R","BOSS","M","M"],"items_purchased_type":[],"build_version":"2020-12-18","purchased_purges":0,"victory":false,"max_hp_per_floor":[75,75,75,75,75,75,75,75,75,75,75,78,78,78,78,78,78,78,78,78],"relic_stats":{"counters":[10,48],"Prayer Wheel":1,"Art of War":[7],"obtain_stats":[{"Baka2":3,"reliquary:HotPoker":10,"AT_ATBox":0,"Prayer Wheel":18,"Ring of Chaos":17,"Art of War":0,"Baka":1,"Cracked Core":0,"REME_ComplimentaryCards":0},{"Baka2":2,"reliquary:HotPoker":4,"AT_ATBox":0,"Prayer Wheel":9,"Ring of Chaos":8,"Art of War":0,"Baka":1,"Cracked Core":0,"REME_ComplimentaryCards":0},{"Baka2":3,"reliquary:HotPoker":14,"AT_ATBox":0,"Prayer Wheel":33,"Ring of Chaos":31,"Art of War":0,"Baka":2,"Cracked Core":0,"REME_ComplimentaryCards":0}]},"card_choices":[{"not_picked":["Auto Shields","Barrage"],"picked":"Conserve Battery","floor":1.0},{"not_picked":["conspire:SharedLibrary","ReplayTheSpireMod:Reroute Power"],"picked":"Streamline","floor":3.0},{"not_picked":["FTL","Auto Shields"],"picked":"Turbo","floor":5.0},{"not_picked":["BasicCrystalCard","Rebound"],"picked":"Double Energy","floor":10.0},{"not_picked":["Ball Lightning","Storm"],"picked":"Glacier","floor":11.0},{"not_picked":["Steam","Tempest"],"picked":"ReplayTheSpireMod:Repulse","floor":11.0},{"not_picked":["Redo","Steam"],"picked":"Ball Lightning","floor":11.0},{"not_picked":["Go for the Eyes","Turbo"],"picked":"Panic Button","floor":12.0},{"not_picked":["Go for the Eyes","Hello World"],"picked":"Double Energy","floor":13.0},{"not_picked":["Compile Driver","Streamline"],"picked":"Tempest","floor":14},{"not_picked":["Biased Cognition","Amplify"],"picked":"Rainbow","floor":16},{"not_picked":["Time Bomb+1","Steam","Redo"],"picked":"BasicCrystalCard","floor":18},{"not_picked":["Tempest","BasicCrystalCard","Compile Driver"],"picked":"REME_SelfUpgrade+1","floor":18}],"player_experience":24024,"relics_obtained":[{"floor":1.0,"key":"Baka"},{"floor":3.0,"key":"Baka2"},{"floor":10.0,"key":"reliquary:HotPoker"}],"event_choices":[{"damage_healed":4.0,"max_hp_gain":0.0,"max_hp_loss":0.0,"gold_gain":0.0,"event_name":"betterSkull:BetterSkull","player_choice":"LEAVE ","floor":4.0,"gold_loss":0.0,"damage_taken":0.0,"cards_upgraded":[],"relics_obtained":[]},{"cards_removed":["Defend_B"],"damage_healed":0.0,"max_hp_gain":0.0,"max_hp_loss":0.0,"gold_gain":0.0,"event_name":"The Cleric","player_choice":"Card Removal","floor":7.0,"gold_loss":50.0,"damage_taken":0.0}],"is_beta":true,"boss_relics":[{"not_picked":["Astrolabe","Snecko Eye"],"picked":"Ring of Chaos"}],"items_purged_floors":[],"is_endless":false,"potions_floor_spawned":[1,3,14],"killed_by":"Shell Parasite","ascension_level":0}}