{"host":"lpzule13k694vaqg","time":1612971905,"event":{"mods":["BaseMod","Block Reminder","Colored Map","Colored Powertips","Minty Spire (QoL Compilation)","Permanent Neow"],"gold_per_floor":[209,209,226,237,254,254,287,93,120,120,120,120,120,151,151,151,151],"floor_reached":16,"language":"ENG","playtime":1044,"items_purged":[],"score":108,"play_id":"ff4956a1-db26-49b8-92c6-3f6b47f95360","local_time":"20210210164505","is_ascension_mode":false,"campfire_choices":[{"data":"Crippling Poison","floor":6,"key":"SMITH"},{"floor":10,"key":"REST"},{"data":"Noxious Fumes","floor":12,"key":"SMITH"},{"floor":15,"key":"REST"}],"circlet_count":0,"master_deck":["Strike_G","Strike_G","Strike_G","Strike_G","Strike_G","Defend_G","Defend_G","Defend_G","Defend_G","Defend_G","Survivor","Neutralize","Outmaneuver","Well Laid Plans","Crippling Poison+1","Tactician","Underhanded Strike","Noxious Fumes+1","Backflip"],"relics":["Ring of the Snake","Bag of Preparation","Happy Flower","Centennial Puzzle","Orichalcum"],"acts_visited":["Exordium"],"potions_floor_usage":[7],"damage_taken":[{"damage":0,"enemies":"Small Slimes","floor":1,"turns":3},{"damage":9,"enemies":"Cultist","floor":3,"turns":4},{"damage":4,"enemies":"Jaw Worm","floor":4,"turns":6},{"damage":4,"enemies":"Blue Slaver","floor":5,"turns":6},{"damage":41,"enemies":"Lagavulin","floor":7,"turns":13},{"damage":35,"enemies":"Gremlin Nob","floor":14,"turns":5},{"damage":41,"enemies":"Slime Boss","floor":16,"turns":6}],"seed_played":"7215123398301573620","potions_obtained":[{"floor":4,"key":"Explosive Potion"},{"floor":7,"key":"Energy Potion"}],"is_trial":false,"path_per_floor":["M","?","M","M","M","R","E","$","T","R","?","R","?","E","R","B"],"character_chosen":"THE_SILENT","items_purchased":["Noxious Fumes","Happy Flower"],"campfire_rested":2,"item_purchase_floors":[8,8],"current_hp_per_floor":[70,70,61,57,53,53,12,12,12,33,50,50,50,15,35,0,0],"gold":151,"neow_bonus":"HUNDRED_GOLD","is_daily":false,"chose_seed":false,"campfire_upgraded":2,"win_rate":0.0,"timestamp":1612971905,"path_taken":["M","?","?","M","M","R","E","$","T","R","?","R","?","E","R","BOSS"],"items_purchased_type":["Card","Relic"],"build_version":"2020-12-22","purchased_purges":0,"victory":false,"max_hp_per_floor":[70,70,70,70,70,70,70,70,70,70,70,70,67,67,67,67,67],"card_choices":[{"not_picked":["Backflip","Sucker Punch"],"picked":"Outmaneuver","floor":1},{"not_picked":["PiercingWail","Acrobatics"],"picked":"Well Laid Plans","floor":3},{"not_picked":["Finisher","Acrobatics"],"picked":"Crippling Poison","floor":4},{"not_picked":["Outmaneuver","Prepared"],"picked":"Tactician","floor":5},{"not_picked":["Flying Knee","Outmaneuver"],"picked":"Underhanded Strike","floor":7},{"not_picked":["Outmaneuver","Choke"],"picked":"Backflip","floor":14}],"player_experience":13780,"relics_obtained":[{"floor":7,"key":"Bag of Preparation"},{"floor":9,"key":"Centennial Puzzle"},{"floor":14,"key":"Orichalcum"}],"event_choices":[{"damage_healed":0,"gold_gain":0,"player_choice":"Bought 0 Potions","damage_taken":0,"max_hp_gain":0,"max_hp_loss":0,"event_name":"The Woman in Blue","floor":2,"gold_loss":0},{"damage_healed":17,"gold_gain":0,"player_choice":"Healed and dodged fight","damage_taken":0,"max_hp_gain":0,"max_hp_loss":0,"event_name":"Mushrooms","floor":11,"gold_loss":0,"cards_obtained":["Parasite"]},{"cards_removed":["Parasite"],"damage_healed":0,"gold_gain":0,"player_choice":"Forget","damage_taken":0,"max_hp_gain":0,"max_hp_loss":0,"event_name":"Living Wall","floor":13,"gold_loss":0}],"is_beta":false,"boss_relics":[],"items_purged_floors":[],"is_endless":false,"potions_floor_spawned":[4,7],"killed_by":"Slime Boss","ascension_level":0}}