{"host":"1vy6j31128f61x2z","time":1612921609,"event":{"mods":["AchievementEnabler","BaseMod","Colored Powertips","Minty Spire (QoL Compilation)","Permanent Neow"],"gold_per_floor":[112,130,130,305,305,339,339,349,349,30,40,40,71,81,81,186,186,200,212,226,226,226,226,226],"floor_reached":23,"language":"ENG","playtime":1076,"items_purged":["Doubt"],"score":246,"play_id":"8b84a825-163f-4f3a-aa4c-852ba4536658","local_time":"20210209204649","is_ascension_mode":true,"campfire_choices":[{"data":"Wild Strike","floor":7,"key":"SMITH"},{"data":"Power Through","floor":12,"key":"SMITH"},{"data":"Clothesline","floor":15,"key":"SMITH"}],"circlet_count":0,"master_deck":["Strike_R","Strike_R","Strike_R","Defend_R","Defend_R","Defend_R","Bash+1","Cleave","Wild Strike+1","Clothesline+1","Shrug It Off","Power Through+1","Metallicize","Double Tap","Flame Barrier+1","Intimidate+1","Carnage+1","Seeing Red+1","Reckless Charge","Shame"],"relics":["Burning Blood","White Beast Statue","HornCleat","Ornamental Fan","Kunai","FossilizedHelix","Astrolabe","Darkstone Periapt","Ice Cream"],"acts_visited":["Exordium","TheCity"],"potions_floor_usage":[13,16,16,18,23],"damage_taken":[{"damage":6,"enemies":"Cultist","floor":1,"turns":4},{"damage":7,"enemies":"2 Louse","floor":2,"turns":3},{"damage":42,"enemies":"3 Sentries","floor":6,"turns":10},{"damage":2,"enemies":"Jaw Worm","floor":8,"turns":3},{"damage":0,"enemies":"Large Slime","floor":11,"turns":3},{"damage":6,"enemies":"Lagavulin","floor":13,"turns":6},{"damage":0,"enemies":"Looter","floor":14,"turns":2},{"damage":14,"enemies":"Hexaghost","floor":16,"turns":9},{"damage":0,"enemies":"2 Thieves","floor":18,"turns":3},{"damage":0,"enemies":"Chosen","floor":19,"turns":4},{"damage":12,"enemies":"Snake Plant","floor":20,"turns":4},{"damage":94,"enemies":"Gremlin Leader","floor":23,"turns":6}],"seed_played":"8499222291887186049","potions_obtained":[{"floor":1,"key":"FearPotion"},{"floor":6,"key":"DistilledChaos"},{"floor":8,"key":"FearPotion"},{"floor":11,"key":"Energy Potion"},{"floor":13,"key":"CultistPotion"},{"floor":14,"key":"SneckoOil"},{"floor":16,"key":"CultistPotion"},{"floor":18,"key":"Energy Potion"},{"floor":19,"key":"ColorlessPotion"},{"floor":20,"key":"Fruit Juice"}],"is_trial":false,"path_per_floor":["M","M","?","?","?","E","R","M","T","$","M","R","E","M","R","B",null,"M","M","M","?","?","E"],"character_chosen":"IRONCLAD","items_purchased":["Kunai"],"campfire_rested":0,"item_purchase_floors":[10],"current_hp_per_floor":[80,79,76,76,81,45,45,49,49,49,55,55,55,61,61,53,85,85,85,79,79,85,0,0],"gold":226,"neow_bonus":"UPGRADE_CARD","is_daily":false,"chose_seed":false,"campfire_upgraded":3,"win_rate":0.0,"timestamp":1612921609,"path_taken":["M","M","?","?","?","E","R","M","T","$","M","R","E","M","R","BOSS","M","M","M","?","?","E"],"items_purchased_type":["Relic"],"build_version":"2020-12-22","purchased_purges":1,"victory":false,"max_hp_per_floor":[80,80,80,80,85,85,85,85,85,85,85,85,85,85,85,85,85,85,85,85,85,91,96,96],"card_choices":[{"not_picked":["Uppercut","Warcry"],"picked":"Cleave","floor":1},{"not_picked":["Intimidate","Seeing Red"],"picked":"Wild Strike","floor":2},{"not_picked":["Heavy Blade","Thunderclap"],"picked":"Clothesline","floor":6},{"not_picked":["Clash","Flex"],"picked":"Shrug It Off","floor":8},{"not_picked":["Armaments","Body Slam"],"picked":"Power Through","floor":11},{"not_picked":["Sentinel","Heavy Blade","True Grit"],"picked":"SKIP","floor":13},{"not_picked":["Iron Wave","Armaments"],"picked":"Metallicize","floor":14},{"not_picked":["Exhume","Bludgeon"],"picked":"Double Tap","floor":16},{"not_picked":["Disarm","Perfected Strike"],"picked":"Seeing Red+1","floor":18},{"not_picked":["Armaments","Shrug It Off","Twin Strike"],"picked":"SKIP","floor":19},{"not_picked":["Inflame","Shrug It Off"],"picked":"Reckless Charge","floor":20}],"player_experience":27510,"relics_obtained":[{"floor":6,"key":"HornCleat"},{"floor":9,"key":"Ornamental Fan"},{"floor":13,"key":"FossilizedHelix"}],"event_choices":[{"damage_healed":0,"gold_gain":0,"player_choice":"Success","damage_taken":3,"relics_obtained":["White Beast Statue"],"max_hp_gain":0,"max_hp_loss":0,"event_name":"Scrap Ooze","floor":3,"gold_loss":0},{"damage_healed":0,"gold_gain":175,"player_choice":"AGREE","damage_taken":0,"max_hp_gain":0,"max_hp_loss":0,"event_name":"Liars Game","floor":4,"gold_loss":0,"cards_obtained":["Doubt"]},{"damage_healed":0,"gold_gain":0,"player_choice":"Donut","damage_taken":0,"max_hp_gain":5,"max_hp_loss":0,"event_name":"Big Fish","floor":5,"gold_loss":0},{"damage_healed":0,"gold_gain":0,"player_choice":"Opened","damage_taken":0,"relics_obtained":["Darkstone Periapt"],"max_hp_gain":0,"max_hp_loss":0,"event_name":"The Mausoleum","floor":21,"gold_loss":0},{"damage_healed":0,"gold_gain":0,"player_choice":"Stole Relic","damage_taken":0,"relics_obtained":["Ice Cream"],"max_hp_gain":0,"max_hp_loss":0,"event_name":"Addict","floor":22,"gold_loss":0,"cards_obtained":["Shame"]}],"is_beta":false,"boss_relics":[{"not_picked":["Sozu","Tiny House"],"picked":"Astrolabe"}],"items_purged_floors":[10],"is_endless":false,"potions_floor_spawned":[1,6,8,11,13,14,16,18,19,20],"killed_by":"Gremlin Leader","ascension_level":2}}