{"host":"8t5dkgm85abdp22d","time":1612920472,"event":{"mods":["Act Like it!","BaseMod","Colored Powertips","Gensokyo","Minty Spire (QoL Compilation)","Reliquary","StSLib","TheWitcher","UnlockEverythingMod","Yakumo Yukari mod","¡¾ÒÅÎï¿¨ÅÆ¡¿REMEMod"],"gold_per_floor":[138,138,148,223,236,236,271,271,271,305,305,318,318,318,318,420,420,433,445,0,0,14,14,14],"floor_reached":23,"language":"ZHS","playtime":693,"items_purged":[],"score":251,"play_id":"68e1db46-fd0a-476f-a3a7-a1f63eff2281","local_time":"20210210092752","is_ascension_mode":true,"campfire_choices":[{"data":"Observe_purple_1","floor":6.0,"key":"SMITH"},{"floor":11.0,"key":"REST"},{"data":"Echo Form","floor":15.0,"key":"SMITH"}],"circlet_count":0,"master_deck":["AT_purpleEX","AT_purpleEX+1","AT_purpleEX+1","Defend_purpleEX+1","Defend_purpleEX+1","Observe_purple_1+1","Observe_purple_2","Echo Form+1","DimensionStaggered_purple","Clumsy","GluttonyofRealm_purpleEX+1","Charmbait_purple+1","Gensokyo:FourOfAKind","Gensokyo:FourOfAKind","Gensokyo:FourOfAKind","Gensokyo:FourOfAKind"],"relics":["Boundary_crack","Memoryfragments_purpleEX","REME_ComplimentaryCards","NeowsBlessing","Matryoshka","Antimatter_spacedebris","reliquary:BoilingFlask","Bottled Lightning","reliquary:IridiumChain","Gensokyo:NagashiBinaDoll","Runic Pyramid"],"acts_visited":["Exordium","Gensokyo:Gensokyo"],"potions_floor_usage":[],"damage_taken":[{"damage":0.0,"enemies":"Gensokyo:3_Fairies","floor":1.0,"turns":2.0},{"damage":0.0,"enemies":"Gensokyo:Python","floor":3.0,"turns":1.0},{"damage":0.0,"enemies":"Gensokyo:Gryphon","floor":5.0,"turns":1.0},{"damage":25.0,"enemies":"Gensokyo:Mamizou","floor":7.0,"turns":9.0},{"damage":9.0,"enemies":"Gensokyo:Aya","floor":10.0,"turns":6.0},{"damage":1.0,"enemies":"Gensokyo:VengefulSpirit","floor":12.0,"turns":4.0},{"damage":11.0,"enemies":"Gensokyo:Yukari","floor":16.0,"turns":7.0},{"damage":16.0,"enemies":"Gensokyo:AngelMirror","floor":18.0,"turns":6.0},{"damage":8.0,"enemies":"Gensokyo:2_Gloops","floor":19.0,"turns":6.0},{"damage":39,"enemies":"Gensokyo:Slime_Group","floor":22,"turns":3},{"damage":23,"enemies":"Gensokyo:Tenshi","floor":23,"turns":1}],"seed_played":"-4710369968138173055","potions_obtained":[{"floor":7.0,"key":"Explosive Potion"},{"floor":12.0,"key":"AttackPotion"},{"floor":16.0,"key":"SteroidPotion"},{"floor":22,"key":"RealmPotion"}],"is_trial":false,"path_per_floor":["M","?","M","T","M","R","E","?","T","E","R","M","?","?","R","B",null,"M","M","?","?","M","E"],"character_chosen":"Youkari","items_purchased":[],"campfire_rested":1,"item_purchase_floors":[],"current_hp_per_floor":[70,42,42,42,42,42,22,22,22,18,39,43,36,36,36,30,70,62,62,62,54,19,0,0],"gold":14,"neow_bonus":"THREE_ENEMY_KILL","is_daily":false,"chose_seed":false,"campfire_upgraded":2,"win_rate":0.0,"timestamp":1612920472,"path_taken":["M","?","M","?","?","R","E","?","T","E","R","M","?","?","R","BOSS","M","M","?","?","M","E"],"items_purchased_type":[],"build_version":"2020-12-22","purchased_purges":0,"victory":false,"max_hp_per_floor":[70,70,70,70,70,70,70,70,70,70,70,70,70,70,70,70,70,73,76,76,54,58,58,58],"card_choices":[{"not_picked":["Umbrella_purple","StateDuplicate_purple"],"picked":"DimensionStaggered_purple","floor":1.0},{"not_picked":["SfantasyHide_purple","StateDuplicate_purple","RuleDissolution_purple"],"picked":"SKIP","floor":3.0},{"not_picked":["Extrememeaning_purpleEX","MNeedle_purple","OmniscientAndOmnipotent_Monster_purple"],"picked":"SKIP","floor":5.0},{"not_picked":["Realm_recovery_purpleEX","OmniscientAndOmnipotent_Monster_purple","AdvanceAttack_purple"],"picked":"SKIP","floor":7.0},{"not_picked":["WingOfChimera_purple","Nest_LightFlightworm_purple","Erosivefilter_purple"],"picked":"SKIP","floor":10.0},{"not_picked":["Umbrella_purple","Photoelasticity_Doppler_Effect_purple","MetroBOOM_purple"],"picked":"SKIP","floor":12.0},{"not_picked":["Know_ledgeAbilityRealm_purple","Boundary_LifeAndDeath_purple"],"picked":"GluttonyofRealm_purpleEX","floor":16.0},{"not_picked":["Line_surface_state_purple","Realm_recovery_purpleEX+1","DimensionStaggered_purple"],"picked":"SKIP","floor":18.0},{"not_picked":["Realm_recovery_purpleEX","Extrememeaning_purpleEX"],"picked":"Charmbait_purple+1","floor":19.0},{"not_picked":["DimensionStaggered_purple","Worldmountain_purple+1","Mirror_FormAndEmptin_purple"],"picked":"SKIP","floor":22}],"player_experience":70149,"relics_obtained":[{"floor":4.0,"key":"Matryoshka"},{"floor":7.0,"key":"Antimatter_spacedebris"},{"floor":9.0,"key":"reliquary:BoilingFlask"},{"floor":9.0,"key":"Bottled Lightning"},{"floor":10.0,"key":"reliquary:IridiumChain"}],"event_choices":[],"is_beta":false,"boss_relics":[{"not_picked":["Runic Dome","Snecko Eye"],"picked":"Runic Pyramid"}],"items_purged_floors":[],"is_endless":false,"potions_floor_spawned":[7,12,16,22],"killed_by":"Gensokyo:Tenshi","ascension_level":3}}