{"host":"fc5kl670efuhtomy","time":1612972496,"event":{"mods":["AchievementEnabler","BaseMod","Colored Powertips","Downfall","Marisa（F雨　魔理沙）","Minty Spire (QoL Compilation)","Quick Restart","Rare Cards Sparkle","Relic Stats","Replay The Spire","StSLib","The Bug Knight","The Construct","The Cursed","The Servant 0.9.4","WarShipGirlsR/战舰少女R mod"],"gold_per_floor":[115,177,187,203,275,306,324,324,375,388,402,402,430,430,430,526,526,540,540,555,555,337,369,384,413,458,458,476,495,510,311,311,413,413,429,429,445,445,445],"floor_reached":38,"language":"ZHS","playtime":1265,"items_purged":["rmod:defend","rmod:defend"],"score":659,"play_id":"a67895e7-a2e5-4f30-8ad6-df08bdbc86fa","local_time":"20210210235456","is_ascension_mode":true,"campfire_choices":[{"data":"rmod:fuelsupply","floor":8,"key":"SMITH"},{"data":"rmod:expedition","floor":12,"key":"SMITH"},{"data":"rmod:strick","floor":15,"key":"PURGE"},{"floor":27,"key":"REST"},{"floor":32,"key":"REST"}],"circlet_count":0,"master_deck":["rmod:strick+1","rmod:strick","rmod:strick","rmod:defend","rmod:defend","rmod:basicallowance","rmod:maingunfire","rmod:rockthrower","rmod:overbreakdown","rmod:wolves","rmod:wolves","rmod:fuelsupply+1","rmod:expedition+2","rmod:timeschanged","rmod:goodfighter+1","rmod:fuelsupply","rmod:firesupport","rmod:expedition+1","rmod:generalist+1","rmod:abidefaith+1","Madness","Madness"],"relics":["Snecko Heart","Onion Ring","Pen Nib","Durian","ReplayTheSpireMod:DimensionalGlitch","OrangePellets","Replay:Arrowhead","Frozen Egg 2","Omamori","BargainBundle","Sozu"],"acts_visited":["Exordium","TheCity","TheBeyond"],"potions_floor_usage":[16,23,25,38],"damage_taken":[{"damage":0,"enemies":"2 Louse","floor":1,"turns":2},{"damage":6,"enemies":"Jaw Worm","floor":3,"turns":3},{"damage":0,"enemies":"Small Slimes","floor":4,"turns":3},{"damage":4,"enemies":"Lagavulin","floor":6,"turns":4},{"damage":0,"enemies":"3 Louse","floor":7,"turns":2},{"damage":0,"enemies":"2 Fungi Beasts","floor":10,"turns":2},{"damage":6,"enemies":"Exordium Wildlife","floor":11,"turns":2},{"damage":9,"enemies":"Gremlin Nob","floor":13,"turns":3},{"damage":0,"enemies":"Fading Forest","floor":16,"turns":15},{"damage":11,"enemies":"3 Byrds","floor":18,"turns":4},{"damage":10,"enemies":"Shell Parasite","floor":20,"turns":3},{"damage":7,"enemies":"Book of Stabbing","floor":23,"turns":3},{"damage":7,"enemies":"Centurion and Healer","floor":24,"turns":3},{"damage":26,"enemies":"Slavers","floor":25,"turns":2},{"damage":0,"enemies":"Snake Plant","floor":28,"turns":2},{"damage":10,"enemies":"Snecko","floor":29,"turns":4},{"damage":0,"enemies":"Centurion and Healer","floor":30,"turns":1},{"damage":10,"enemies":"Pondfish","floor":33,"turns":8},{"damage":0,"enemies":"Orb Walker","floor":35,"turns":1},{"damage":14,"enemies":"3 Darklings","floor":37,"turns":3},{"damage":57,"enemies":"Orin","floor":38,"turns":6}],"seed_played":"-4898118705170272618","potions_obtained":[{"floor":1,"key":"Explosive Potion"},{"floor":4,"key":"PowerPotion"},{"floor":10,"key":"AttackPotion"},{"floor":11,"key":"AttackPotion"},{"floor":16,"key":"Venom Potion"},{"floor":25,"key":"Ancient Potion"},{"floor":29,"key":"Fire Potion"}],"is_trial":false,"path_per_floor":["M","?","M","M","T","E","M","R","T","M","M","R","E","?","R","B",null,"M","?","M","?","$","E","M","E","T","R","M","M","M","$","R","B",null,"M","?","M","?"],"character_chosen":"PRAEFECT","items_purchased":["OrangePellets","BargainBundle"],"campfire_rested":2,"item_purchase_floors":[22,31],"current_hp_per_floor":[75,75,69,69,69,65,65,65,65,65,59,59,55,39,39,39,80,69,69,59,59,59,52,45,19,19,43,43,33,33,33,57,47,80,80,70,56,0,0],"gold":445,"neow_bonus":"BOSS_RELIC","is_daily":false,"chose_seed":false,"campfire_upgraded":2,"win_rate":0.0,"timestamp":1612972496,"path_taken":["M","?","M","M","?","E","M","R","T","M","M","R","E","?","R","BOSS","M","?","M","?","?","E","M","E","T","R","M","M","M","$","R","BOSS","M","?","M","?"],"items_purchased_type":["Relic","Relic"],"build_version":"2020-12-22","purchased_purges":2,"victory":false,"max_hp_per_floor":[75,75,75,75,75,75,75,75,75,75,75,75,80,80,80,80,80,80,80,80,80,80,80,80,80,80,80,80,80,80,80,80,80,80,80,80,80,80,80],"relic_stats":{"Sozu":0,"OrangePellets":[9],"counters":[21,76],"Pen Nib":[13],"obtain_stats":[{"Sozu":34,"OrangePellets":22,"BargainBundle":31,"Snecko Heart":0,"Onion Ring":5,"Pen Nib":6,"rmod:firstchargereward":0,"Durian":13,"Omamori":26,"Frozen Egg 2":25,"ReplayTheSpireMod:DimensionalGlitch":17,"Replay:Arrowhead":23},{"Sozu":18,"OrangePellets":11,"BargainBundle":17,"Snecko Heart":0,"Onion Ring":3,"Pen Nib":4,"rmod:firstchargereward":0,"Durian":8,"Omamori":14,"Frozen Egg 2":14,"ReplayTheSpireMod:DimensionalGlitch":9,"Replay:Arrowhead":12},{"Sozu":66,"OrangePellets":43,"BargainBundle":58,"Snecko Heart":0,"Onion Ring":8,"Pen Nib":12,"rmod:firstchargereward":0,"Durian":21,"Omamori":51,"Frozen Egg 2":51,"ReplayTheSpireMod:DimensionalGlitch":36,"Replay:Arrowhead":46}]},"card_choices":[{"not_picked":["rmod:smokecover","rmod:circuitoustactics"],"picked":"rmod:rockthrower","floor":1},{"not_picked":["rmod:capitalist","rmod:shuttlebombing"],"picked":"rmod:overbreakdown","floor":3},{"not_picked":["rmod:advancebysurprise","rmod:circuitoustactics"],"picked":"rmod:wolves","floor":4},{"not_picked":["rmod:sl","rmod:aviationdawn"],"picked":"rmod:wolves","floor":6},{"not_picked":["rmod:intelligenceanalysis","rmod:wife"],"picked":"rmod:fuelsupply","floor":7},{"not_picked":["rmod:combined","rmod:saltedfish","rmod:firesupport"],"picked":"SKIP","floor":10},{"not_picked":["rmod:wife","rmod:punchline"],"picked":"rmod:expedition","floor":11},{"not_picked":["rmod:advancebysurprise","rmod:supportescort","rmod:heivgo"],"picked":"SKIP","floor":13},{"not_picked":["rmod:ridicule","rmod:desperatesituation"],"picked":"rmod:timeschanged","floor":16},{"not_picked":["rmod:guardianhero","rmod:combined"],"picked":"rmod:goodfighter+1","floor":18},{"not_picked":["rmod:ring","rmod:unsinkable","rmod:smokecover+1"],"picked":"SKIP","floor":20},{"not_picked":["rmod:diamondstrike","rmod:guardianhero"],"picked":"rmod:firesupport","floor":23},{"not_picked":["rmod:wolves","rmod:royalracing","rmod:windflower"],"picked":"SKIP","floor":24},{"not_picked":["rmod:circuitoustactics","rmod:advancebysurprise","rmod:mineteam+1"],"picked":"SKIP","floor":25},{"not_picked":["rmod:tearstotiara+1","rmod:openingtorpedo"],"picked":"rmod:expedition+1","floor":28},{"not_picked":["rmod:chargemoney+1","rmod:ammunitionsupply"],"picked":"rmod:generalist+1","floor":29},{"not_picked":["rmod:intelligenceanalysis","rmod:unsinkable","rmod:circuitoustactics"],"picked":"SKIP","floor":30},{"not_picked":["rmod:u235","rmod:highspeedmaneuver"],"picked":"rmod:abidefaith+1","floor":33},{"not_picked":["rmod:spoils+1","rmod:overbreakdown","rmod:victimresponsibility"],"picked":"SKIP","floor":35},{"not_picked":["rmod:tearstotiara","rmod:unsinkable","rmod:goodsister+1"],"picked":"SKIP","floor":37}],"player_experience":208709,"relics_obtained":[{"floor":5,"key":"Onion Ring"},{"floor":6,"key":"Pen Nib"},{"floor":13,"key":"Durian"},{"floor":23,"key":"Replay:Arrowhead"},{"floor":25,"key":"Frozen Egg 2"},{"floor":26,"key":"Omamori"}],"event_choices":[{"damage_healed":0,"gold_gain":62,"player_choice":"Gained Gold","damage_taken":0,"max_hp_gain":0,"max_hp_loss":0,"event_name":"Golden Wing","floor":2,"gold_loss":0},{"damage_healed":0,"gold_gain":0,"player_choice":"Entered Light","damage_taken":16,"max_hp_gain":0,"max_hp_loss":0,"event_name":"Shining Light","floor":14,"gold_loss":0,"cards_upgraded":["rmod:strick","rmod:expedition"]},{"damage_healed":0,"gold_gain":0,"player_choice":"Ignored","damage_taken":0,"max_hp_gain":0,"max_hp_loss":0,"event_name":"Vampires","floor":19,"gold_loss":0},{"damage_healed":0,"gold_gain":0,"player_choice":"Read","damage_taken":0,"max_hp_gain":0,"max_hp_loss":0,"event_name":"The Library","floor":21,"gold_loss":0,"cards_obtained":["rmod:fuelsupply"]},{"damage_healed":0,"gold_gain":0,"player_choice":"Embrace Madness","damage_taken":10,"max_hp_gain":0,"max_hp_loss":0,"event_name":"Winding Halls","floor":36,"gold_loss":0,"cards_obtained":["Madness","Madness"]},{"damage_healed":0,"gold_gain":0,"player_choice":"Fight","damage_taken":0,"max_hp_gain":0,"max_hp_loss":0,"event_name":"OrinTheCat","floor":38,"gold_loss":0}],"is_beta":false,"boss_relics":[{"not_picked":["Fusion Hammer","Painkiller Herb"],"picked":"ReplayTheSpireMod:DimensionalGlitch"},{"not_picked":["bronze:MakeshiftBattery","construct:ClawGrip"],"picked":"Sozu"}],"items_purged_floors":[22,31],"is_endless":false,"potions_floor_spawned":[1,4,10,11,16,18,25,29,30,35],"killed_by":"Orin","ascension_level":1}}