{"host":"y0i0tbisecj7yjyn","time":1612915447,"event":{"mods":["A Penny For Your Troubles","AlwaysNeverKeys","BaseMod","BetterRewards","Colored Map","Colored Powertips","Curses Come First","Displayed Cursed Tome","Keyboard Shortcuts","Minty Spire (QoL Compilation)","Random Character Button","Rare Cards Sparkle","Relic Sorter","StSLib","SuperFastMode","Transform Curses","Weighted Paths"],"gold_per_floor":[118,138,138,155,175,203,49,77,77,77,77,92,92,42,42,138,138,150,160,185,110,123,123,123],"floor_reached":23,"language":"ENG","playtime":790,"items_purged":["Strike_B"],"score":256,"play_id":"a03c05a5-31f4-4fd6-b550-784a88e3986f","local_time":"20210209180407","is_ascension_mode":true,"campfire_choices":[{"floor":11,"key":"REST"},{"data":"Defragment","floor":15,"key":"SMITH"}],"circlet_count":0,"master_deck":["Strike_B","Defend_B","Defend_B","Defend_B","Defend_B","Zap+1","Loop","Redo","Redo","Thunder Strike","Defragment+1","Ball Lightning","Redo","Electrodynamics","Redo+1"],"relics":["Cracked Core","NeowsBlessing","CaptainsWheel","Happy Flower","Tiny Chest","Snecko Eye","Bag of Marbles"],"acts_visited":["Exordium","TheCity"],"potions_floor_usage":[6,8,16,16],"damage_taken":[{"damage":0,"enemies":"2 Louse","floor":1,"turns":1},{"damage":0,"enemies":"Cultist","floor":2,"turns":1},{"damage":0,"enemies":"Small Slimes","floor":4,"turns":1},{"damage":5,"enemies":"3 Louse","floor":5,"turns":4},{"damage":26,"enemies":"Gremlin Nob","floor":6,"turns":4},{"damage":25,"enemies":"Lagavulin","floor":8,"turns":6},{"damage":6,"enemies":"2 Fungi Beasts","floor":12,"turns":4},{"damage":14,"enemies":"Slime Boss","floor":16,"turns":7},{"damage":7,"enemies":"Chosen","floor":18,"turns":4},{"damage":12,"enemies":"3 Byrds","floor":19,"turns":2},{"damage":33,"enemies":"Shelled Parasite and Fungi","floor":22,"turns":4},{"damage":34,"enemies":"Slavers","floor":23,"turns":1}],"seed_played":"-4150889812448364068","potions_obtained":[{"floor":1,"key":"BlessingOfTheForge"},{"floor":6,"key":"Energy Potion"},{"floor":12,"key":"AttackPotion"},{"floor":16,"key":"EntropicBrew"}],"is_trial":false,"path_per_floor":["M","M","?","M","M","E","$","E","T","?","R","M","?","?","R","B",null,"M","M","T","?","M","E"],"character_chosen":"DEFECT","items_purchased":["Defragment"],"campfire_rested":1,"item_purchase_floors":[7],"current_hp_per_floor":[75,75,75,75,70,44,44,19,19,19,41,35,35,35,35,21,75,68,56,56,56,23,0,0],"gold":123,"neow_bonus":"THREE_ENEMY_KILL","is_daily":false,"chose_seed":false,"campfire_upgraded":1,"win_rate":0.0,"timestamp":1612915447,"path_taken":["M","M","?","M","M","E","?","E","T","?","R","M","?","?","R","BOSS","M","M","?","?","M","E"],"items_purchased_type":["Card"],"build_version":"2020-12-22","purchased_purges":1,"victory":false,"max_hp_per_floor":[75,75,75,75,75,75,75,75,75,75,75,75,75,75,75,75,75,75,75,75,75,75,75,75],"card_choices":[{"not_picked":["Beam Cell","Stack"],"picked":"Loop","floor":1},{"not_picked":["Self Repair","Steam"],"picked":"Redo","floor":2},{"not_picked":["BootSequence","Leap"],"picked":"Redo","floor":4},{"not_picked":["Blizzard","Beam Cell","Leap"],"picked":"SKIP","floor":5},{"not_picked":["Sweeping Beam","Conserve Battery"],"picked":"Thunder Strike","floor":6},{"not_picked":["Melter","Sweeping Beam"],"picked":"Ball Lightning","floor":8},{"not_picked":["Coolheaded","Steam"],"picked":"Redo","floor":12},{"not_picked":["Machine Learning","Core Surge"],"picked":"Electrodynamics","floor":16},{"not_picked":["Coolheaded","Go for the Eyes","Rebound"],"picked":"SKIP","floor":18},{"not_picked":["FTL+1","Barrage","Recycle+1"],"picked":"SKIP","floor":19},{"not_picked":["Sweeping Beam","Stack"],"picked":"Redo+1","floor":22}],"player_experience":408363,"relics_obtained":[{"floor":6,"key":"CaptainsWheel"},{"floor":8,"key":"Happy Flower"},{"floor":9,"key":"Tiny Chest"},{"floor":20,"key":"Bag of Marbles"}],"event_choices":[{"cards_removed":["Dualcast"],"damage_healed":0,"gold_gain":0,"player_choice":"Purged","damage_taken":0,"max_hp_gain":0,"max_hp_loss":0,"event_name":"Purifier","floor":3,"gold_loss":0},{"damage_healed":0,"gold_gain":0,"player_choice":"Ignored","damage_taken":0,"max_hp_gain":0,"max_hp_loss":0,"event_name":"Golden Idol","floor":10,"gold_loss":0},{"damage_healed":0,"gold_gain":0,"player_choice":"Grow","damage_taken":0,"max_hp_gain":0,"max_hp_loss":0,"event_name":"Living Wall","floor":13,"gold_loss":0,"cards_upgraded":["Zap"]},{"cards_removed":["Strike_B"],"damage_healed":0,"gold_gain":0,"player_choice":"Card Removal","damage_taken":0,"max_hp_gain":0,"max_hp_loss":0,"event_name":"The Cleric","floor":14,"gold_loss":50},{"cards_removed":["Strike_B"],"damage_healed":0,"gold_gain":0,"player_choice":"Gave Gold","damage_taken":0,"max_hp_gain":0,"max_hp_loss":0,"event_name":"Beggar","floor":21,"gold_loss":75}],"is_beta":false,"boss_relics":[{"not_picked":["Busted Crown","Velvet Choker"],"picked":"Snecko Eye"}],"items_purged_floors":[7],"is_endless":false,"potions_floor_spawned":[1,6,12,16,19,22],"killed_by":"Slavers","ascension_level":3}}