{"host":"adi","time":1612968428,"event":{"mods":["AchievementEnabler","BaseMod","Bestiary","Colored Powertips","Minty Spire (QoL Compilation)","StSLib"],"gold_per_floor":[16,16,91,91,49,49,77,77,129,129,154,154,61,61,61,61,133,133,143,158,158,99,111,111,111],"floor_reached":24,"language":"ENG","playtime":2207,"items_purged":[],"score":338,"play_id":"d2f2172a-179b-40f7-a9e6-4a918a8150f8","local_time":"20210210154708","is_ascension_mode":true,"campfire_choices":[{"floor":6,"key":"REST"},{"floor":8,"key":"REST"},{"data":"Defragment","floor":10,"key":"SMITH"},{"data":"Loop","floor":15,"key":"SMITH"},{"floor":16,"key":"REST"}],"circlet_count":0,"master_deck":["AscendersBane","Strike_B","Strike_B","Strike_B","Strike_B","Defend_B","Defend_B","Defend_B","Defend_B","Zap","Dualcast","Streamline+1","Defragment+1","Go for the Eyes","BootSequence","Coolheaded","Loop+1","Fission","Undo","Defragment","Coolheaded","Coolheaded"],"relics":["Cracked Core","Ice Cream","InkBottle","Happy Flower","Tiny Chest","Odd Mushroom","Bottled Lightning","Bottled Tornado","Calling Bell","Toy Ornithopter","Singing Bowl","Prayer Wheel"],"acts_visited":["Exordium","TheCity"],"potions_floor_usage":[7,24],"damage_taken":[{"damage":12,"enemies":"Jaw Worm","floor":1,"turns":3},{"damage":37,"enemies":"Lagavulin","floor":7,"turns":6},{"damage":17,"enemies":"The Mushroom Lair","floor":11,"turns":5},{"damage":10,"enemies":"Hexaghost","floor":17,"turns":11},{"damage":31,"enemies":"2 Thieves","floor":19,"turns":4},{"damage":9,"enemies":"3 Byrds","floor":20,"turns":5},{"damage":14,"enemies":"Snake Plant","floor":23,"turns":8},{"damage":20,"enemies":"Slavers","floor":24,"turns":3}],"seed_played":"324950673045515016","potions_obtained":[{"floor":1,"key":"Regen Potion"},{"floor":23,"key":"Weak Potion"}],"is_trial":false,"path_per_floor":["M","?","?","?","$","R","E","R","T","R","?","T","$","T","R","R","B",null,"M","M","?","$","M","E"],"character_chosen":"DEFECT","items_purchased":["Defragment","Coolheaded","Loop","Coolheaded"],"campfire_rested":3,"item_purchase_floors":[5,13,13,22],"current_hp_per_floor":[52,52,41,15,15,36,14,35,35,35,18,18,18,18,18,39,29,61,34,25,25,25,13,0,0],"gold":111,"neow_bonus":"ONE_RARE_RELIC","is_daily":false,"chose_seed":false,"campfire_upgraded":2,"win_rate":0.0,"timestamp":1612968428,"path_taken":["M","?","?","?","$","R","E","R","T","R","?","?","?","?","R","R","BOSS","M","M","?","?","?","E"],"items_purchased_type":["Card","Card","Card","Card"],"build_version":"2020-12-18","purchased_purges":0,"victory":false,"max_hp_per_floor":[71,71,71,71,71,71,71,71,71,71,71,71,71,71,71,71,71,71,75,75,75,75,77,77,77],"card_choices":[{"not_picked":["Blizzard","Beam Cell"],"picked":"Streamline","floor":1},{"not_picked":["Beam Cell","Rebound"],"picked":"Go for the Eyes","floor":7},{"not_picked":["Gash","Hello World"],"picked":"BootSequence","floor":11},{"not_picked":["Rainbow","All For One"],"picked":"Fission","floor":17},{"not_picked":["Go for the Eyes","Consume+1","Rebound"],"picked":"Singing Bowl","floor":19},{"not_picked":["Rebound","Steam","Compile Driver"],"picked":"Singing Bowl","floor":19},{"not_picked":["Sunder","Go for the Eyes"],"picked":"Undo","floor":20},{"not_picked":["Glacier","Heatsinks"],"picked":"Defragment","floor":20},{"not_picked":["Rebound","Conserve Battery","Reprogram+1"],"picked":"Singing Bowl","floor":23},{"not_picked":["Leap","Consume"],"picked":"Coolheaded","floor":23}],"player_experience":373757,"relics_obtained":[{"floor":7,"key":"Happy Flower"},{"floor":9,"key":"Tiny Chest"},{"floor":11,"key":"Odd Mushroom"},{"floor":12,"key":"Bottled Lightning"},{"floor":14,"key":"Bottled Tornado"},{"floor":18,"key":"Toy Ornithopter"},{"floor":18,"key":"Singing Bowl"},{"floor":18,"key":"Prayer Wheel"}],"event_choices":[{"damage_healed":0,"gold_gain":0,"player_choice":"Grow","damage_taken":0,"max_hp_gain":0,"max_hp_loss":0,"event_name":"Living Wall","floor":2,"gold_loss":0,"cards_upgraded":["Streamline"]},{"damage_healed":0,"gold_gain":75,"player_choice":"Gather Gold","damage_taken":11,"max_hp_gain":0,"max_hp_loss":0,"event_name":"World of Goop","floor":3,"gold_loss":0},{"damage_healed":0,"gold_gain":0,"player_choice":"Success","damage_taken":26,"relics_obtained":["InkBottle"],"max_hp_gain":0,"max_hp_loss":0,"event_name":"Scrap Ooze","floor":4,"gold_loss":0},{"damage_healed":0,"gold_gain":0,"player_choice":"Fought Mushrooms","damage_taken":0,"max_hp_gain":0,"max_hp_loss":0,"event_name":"Mushrooms","floor":11,"gold_loss":0},{"damage_healed":0,"gold_gain":0,"player_choice":"Ignored","damage_taken":0,"max_hp_gain":0,"max_hp_loss":0,"event_name":"Ghosts","floor":21,"gold_loss":0}],"is_beta":true,"boss_relics":[{"not_picked":["Busted Crown","Philosopher\u0027s Stone"],"picked":"Calling Bell"}],"items_purged_floors":[],"is_endless":false,"potions_floor_spawned":[1,23],"killed_by":"Slavers","ascension_level":16}}