{"host":"fff5e1uasnm04x18","time":1612999854,"event":{"mods":["BaseMod","Highlight Path","Minty Spire (QoL Compilation)","StSLib"],"gold_per_floor":[110,120,51,68,68,68,94,94,94,128,143,143,163,163,163,263,263,279,31,31,48,58,58,58],"floor_reached":23,"language":"ENG","playtime":1092,"items_purged":[],"score":231,"play_id":"77fbabc7-3104-406e-b05f-bd5e2568b4bd","local_time":"20210210183054","is_ascension_mode":true,"campfire_choices":[{"floor":6,"key":"REST"},{"floor":8,"key":"REST"},{"floor":15,"key":"REST"}],"circlet_count":0,"master_deck":["Strike_B","Defend_B","Defend_B","Defend_B","Defend_B","Zap","Dualcast","White Noise","Heatsinks","Static Discharge","Cold Snap","Capacitor","White Noise","Darkness","Electrodynamics","Chill"],"relics":["Cracked Core","Shuriken","StrikeDummy","SacredBark","Pantograph","Nloth\u0027s Gift"],"acts_visited":["Exordium","TheCity"],"potions_floor_usage":[23],"damage_taken":[{"damage":7,"enemies":"Small Slimes","floor":1,"turns":3},{"damage":1,"enemies":"Cultist","floor":2,"turns":4},{"damage":9,"enemies":"2 Louse","floor":4,"turns":3},{"damage":30,"enemies":"Lagavulin","floor":7,"turns":7},{"damage":25,"enemies":"3 Sentries","floor":10,"turns":8},{"damage":7,"enemies":"Red Slaver","floor":11,"turns":4},{"damage":40,"enemies":"Lots of Slimes","floor":13,"turns":5},{"damage":35,"enemies":"Slime Boss","floor":16,"turns":7},{"damage":29,"enemies":"Shell Parasite","floor":18,"turns":7},{"damage":9,"enemies":"Chosen","floor":21,"turns":6},{"damage":19,"enemies":"Snake Plant","floor":22,"turns":4},{"damage":28,"enemies":"Gremlin Leader","floor":23,"turns":2}],"seed_played":"-2201068271082936058","potions_obtained":[{"floor":2,"key":"PotionOfCapacity"},{"floor":7,"key":"Block Potion"},{"floor":11,"key":"FairyPotion"},{"floor":22,"key":"PowerPotion"}],"is_trial":false,"path_per_floor":["M","M","$","M","?","R","E","R","T","E","M","?","M","?","R","B",null,"M","$","?","M","M","E"],"character_chosen":"DEFECT","items_purchased":["Heatsinks","Pantograph"],"campfire_rested":3,"item_purchase_floors":[3,19],"current_hp_per_floor":[75,74,74,65,58,82,52,76,76,51,44,44,4,4,28,24,82,53,53,53,44,25,0,0],"gold":58,"neow_bonus":"TEN_PERCENT_HP_BONUS","is_daily":false,"chose_seed":false,"campfire_upgraded":0,"win_rate":0.0,"timestamp":1612999854,"path_taken":["M","M","$","M","?","R","E","R","T","E","M","?","?","?","R","BOSS","M","$","?","?","M","E"],"items_purchased_type":["Card","Relic"],"build_version":"2020-12-22","purchased_purges":0,"victory":false,"max_hp_per_floor":[82,82,82,82,82,82,82,82,82,82,82,82,82,82,82,82,82,82,82,82,82,82,82,82],"card_choices":[{"not_picked":["Sweeping Beam","Ball Lightning","Redo"],"picked":"SKIP","floor":1},{"not_picked":["Chaos","Gash"],"picked":"White Noise","floor":2},{"not_picked":["Meteor Strike","Heatsinks"],"picked":"Static Discharge","floor":4},{"not_picked":["Gash","Compile Driver"],"picked":"Cold Snap","floor":7},{"not_picked":["Turbo","Hologram"],"picked":"Capacitor","floor":10},{"not_picked":["Hello World","Leap"],"picked":"White Noise","floor":11},{"not_picked":["Compile Driver","Conserve Battery"],"picked":"Darkness","floor":13},{"not_picked":["Rainbow","All For One"],"picked":"Electrodynamics","floor":16},{"not_picked":["Turbo+1","Genetic Algorithm"],"picked":"Chill","floor":18},{"not_picked":["Steam+1","Compile Driver+1","Skim+1"],"picked":"SKIP","floor":21},{"not_picked":["Sweeping Beam","Sunder","Stack"],"picked":"SKIP","floor":22}],"player_experience":572047,"relics_obtained":[{"floor":7,"key":"Shuriken"},{"floor":9,"key":"StrikeDummy"},{"floor":10,"key":"Happy Flower"}],"event_choices":[{"cards_removed":["Strike_B"],"damage_healed":0,"gold_gain":0,"player_choice":"Card Removal","damage_taken":7,"max_hp_gain":0,"max_hp_loss":0,"event_name":"Golden Wing","floor":5,"gold_loss":0},{"cards_removed":["Strike_B"],"damage_healed":0,"gold_gain":0,"player_choice":"Offered Basic","damage_taken":0,"max_hp_gain":0,"max_hp_loss":0,"event_name":"Bonfire Elementals","floor":12,"gold_loss":0},{"cards_removed":["Strike_B"],"damage_healed":0,"gold_gain":0,"player_choice":"Purged","damage_taken":0,"max_hp_gain":0,"max_hp_loss":0,"event_name":"Purifier","floor":14,"gold_loss":0},{"damage_healed":0,"gold_gain":0,"player_choice":"Traded Relic","damage_taken":0,"relics_obtained":["Nloth\u0027s Gift"],"max_hp_gain":0,"max_hp_loss":0,"event_name":"N\u0027loth","floor":20,"relics_lost":["Happy Flower"],"gold_loss":0}],"is_beta":false,"boss_relics":[{"not_picked":["Snecko Eye","Philosopher\u0027s Stone"],"picked":"SacredBark"}],"items_purged_floors":[],"is_endless":false,"potions_floor_spawned":[2,7,11,22],"killed_by":"Gremlin Leader","ascension_level":3}}