{"host":"ryxkq7m36cv0y2ky","time":1612924472,"event":{"mods":["100% Spire Juice","BaseMod","Duelist Mod","Hubris","Jorbs\u0027s Wanderer Trilogy","Marisa????????","Minty Spire (QoL Compilation)","Reliquary","Remilia??????","Replay The Spire","Spire Arcade","StSLib","The Cursed","The Disciple","The Marked","The Mystic","The Necromancer","The Runesmith","The Servant 0.9.4"],"gold_per_floor":[118,138,65,84,84,84,115,115,115,127,127,160,175,194,194,296,296,316,23,23,23,38,75,100,100,100,100,100,100,100],"floor_reached":29,"language":"ENG","playtime":1306,"items_purged":[],"score":428,"play_id":"3b2b8c8d-e01a-4f72-8639-e6f0719e4e1d","local_time":"20210210130432","is_ascension_mode":false,"campfire_choices":[{"data":"TheCursedMod:AbyssShockwave","floor":6,"key":"SMITH"},{"data":"TheCursedMod:HellfireBreathing","floor":8,"key":"SMITH"},{"data":"TheCursedMod:CollectTribute","floor":15,"key":"SMITH"},{"data":"TheCursedMod:Hemoplague","floor":25,"key":"SMITH"}],"circlet_count":0,"master_deck":["TheCursedMod:Strike_TheCursed+1","TheCursedMod:Strike_TheCursed+1","TheCursedMod:Strike_TheCursed+1","TheCursedMod:Strike_TheCursed+1","TheCursedMod:Defend_TheCursed+1","TheCursedMod:Defend_TheCursed+1","TheCursedMod:Defend_TheCursed+1","TheCursedMod:Defend_TheCursed+1","TheCursedMod:CursedWand","TheCursedMod:CleanUpWorkshop","TheCursedMod:Dregs","TheCursedMod:CursedAmulet","TheCursedMod:CursedBlade","TheCursedMod:AbyssShockwave+1","TheCursedMod:SoulReap","TheCursedMod:HellfireBreathing+1","TheCursedMod:SpitefulPlan","TheCursedMod:AbyssShockwave","TheCursedMod:FleshFromBone","TheCursedMod:Wield","TheCursedMod:SpitefulPlan","TheCursedMod:Wield","TheCursedMod:CollectTribute+1","hubris:Greed","TheCursedMod:ManaCirculation","TheCursedMod:Wield+1","TheCursedMod:Wield+1","TheCursedMod:ReleasedKnowledge","TheCursedMod:CursedMace+1","hubris:Greed","TheCursedMod:CursedShiv+1","hubris:Greed","TheCursedMod:SurpriseAttack","TheCursedMod:Hemoplague+1","Decay"],"relics":["TheCursedMod:BlackMagic101","hubris:Towel","Prayer Wheel","Garlic","reliquary:BoilingFlask","InkBottle","hubris:GrandSneckoEye","Sling","reliquary:WeakTea","Dream Catcher","reliquary:HotPoker"],"acts_visited":["Exordium","TheCity"],"potions_floor_usage":[],"damage_taken":[{"damage":0,"enemies":"Cultist","floor":1,"turns":4},{"damage":0,"enemies":"Jaw Worm","floor":2,"turns":7},{"damage":0,"enemies":"2 Louse","floor":4,"turns":2},{"damage":22,"enemies":"Gremlin Nob","floor":7,"turns":5},{"damage":8,"enemies":"Exordium Wildlife","floor":10,"turns":2},{"damage":14,"enemies":"Replay:BlueRogue","floor":12,"turns":6},{"damage":0,"enemies":"Gremlin Gang","floor":13,"turns":1},{"damage":4,"enemies":"Red Slaver","floor":14,"turns":3},{"damage":34,"enemies":"Slime Boss","floor":16,"turns":6},{"damage":0,"enemies":"Chosen","floor":18,"turns":3},{"damage":0,"enemies":"3 Byrds","floor":22,"turns":3},{"damage":0,"enemies":"theDuelist:KaibaA2","floor":23,"turns":3},{"damage":4,"enemies":"Cultist and Chosen","floor":24,"turns":3},{"damage":20,"enemies":"Slavers","floor":29,"turns":1}],"seed_played":"489821028134705684","potions_obtained":[{"floor":4,"key":"Dexterity Potion"},{"floor":7,"key":"SpeedPotion"},{"floor":13,"key":"SteroidPotion"},{"floor":14,"key":"TheCursedMod:DregsPotion"},{"floor":22,"key":"Strength Potion"}],"is_trial":false,"path_per_floor":["M","M","$","M","?","R","E","R","T","M","T","E","M","M","R","B",null,"M","$","?","?","M","E","M","R","T","?","?","E"],"character_chosen":"THE_CURSED","items_purchased":["TheCursedMod:AbyssShockwave","Sling","reliquary:WeakTea"],"campfire_rested":0,"item_purchase_floors":[3,19,19],"current_hp_per_floor":[82,82,82,82,82,82,60,60,60,55,55,46,46,47,47,18,82,82,82,82,82,82,82,78,78,78,78,20,0,0],"gold":100,"neow_bonus":"TEN_PERCENT_HP_BONUS","is_daily":false,"chose_seed":false,"campfire_upgraded":4,"win_rate":0.0,"timestamp":1612924472,"path_taken":["M","M","?","?","?","R","E","R","T","M","?","E","?","M","R","BOSS","M","?","?","?","M","E","?","R","T","?","?","E"],"items_purchased_type":["Card","Relic","Relic"],"build_version":"2020-12-22","purchased_purges":0,"victory":false,"max_hp_per_floor":[82,82,82,82,82,82,82,82,82,82,82,82,82,82,82,82,82,82,82,82,82,82,82,82,82,82,82,82,82,82],"card_choices":[{"not_picked":["TheCursedMod:SmokeScreen","TheCursedMod:Stigma"],"picked":"TheCursedMod:CursedAmulet","floor":1},{"not_picked":["TheCursedMod:CircleOfFocus","TheCursedMod:CursedAmulet"],"picked":"TheCursedMod:CursedBlade","floor":2},{"not_picked":["TheCursedMod:CircleOfWindfury","TheCursedMod:CircleOfCorruption"],"picked":"TheCursedMod:SoulReap","floor":4},{"not_picked":["TheCursedMod:VoidForm","TheCursedMod:CursedShiv"],"picked":"TheCursedMod:HellfireBreathing","floor":7},{"not_picked":["TheCursedMod:VitalStrike","TheCursedMod:Torture"],"picked":"TheCursedMod:SpitefulPlan","floor":10},{"not_picked":["TheCursedMod:BloodBarrier","TheCursedMod:Mangle"],"picked":"TheCursedMod:AbyssShockwave","floor":10},{"not_picked":["TheCursedMod:StunningStrike","TheCursedMod:BlessingInDisguise"],"picked":"TheCursedMod:FleshFromBone","floor":12},{"not_picked":["TheCursedMod:FleshFromBone","TheCursedMod:Obscuration"],"picked":"TheCursedMod:Wield","floor":13},{"not_picked":["TheCursedMod:SoulCrush","TheCursedMod:RavingStaff"],"picked":"TheCursedMod:SpitefulPlan","floor":13},{"not_picked":["TheCursedMod:SpitefulStrike","TheCursedMod:Torture"],"picked":"TheCursedMod:Wield","floor":14},{"not_picked":["TheCursedMod:Wield","TheCursedMod:CursedAmulet"],"picked":"TheCursedMod:CollectTribute","floor":14},{"not_picked":["TheCursedMod:AntiAging","TheCursedMod:ParallelWorld"],"picked":"TheCursedMod:ManaCirculation","floor":16},{"not_picked":["TheCursedMod:RavingStaff","TheCursedMod:Evocation+1"],"picked":"TheCursedMod:Wield+1","floor":18},{"not_picked":["TheCursedMod:Neurasthenia","TheCursedMod:BloodBarrier+1"],"picked":"TheCursedMod:Wield+1","floor":18},{"not_picked":["TheCursedMod:RapidMovement","TheCursedMod:FleshFromBone+1"],"picked":"TheCursedMod:ReleasedKnowledge","floor":22},{"not_picked":["TheCursedMod:FleshFromBone","TheCursedMod:Stretching+1"],"picked":"TheCursedMod:CursedMace+1","floor":22},{"not_picked":["TheCursedMod:FleshFromBone+1","TheCursedMod:RapidMovement"],"picked":"TheCursedMod:CursedShiv+1","floor":23},{"not_picked":["TheCursedMod:Wield","TheCursedMod:CircleOfWindfury+1"],"picked":"TheCursedMod:SurpriseAttack","floor":24},{"not_picked":["TheCursedMod:Obscuration","TheCursedMod:WearCloak+1"],"picked":"TheCursedMod:Hemoplague","floor":24}],"player_experience":328491,"relics_obtained":[{"floor":7,"key":"Prayer Wheel"},{"floor":9,"key":"Garlic"},{"floor":11,"key":"reliquary:BoilingFlask"},{"floor":12,"key":"InkBottle"},{"floor":23,"key":"Dream Catcher"},{"floor":26,"key":"reliquary:HotPoker"}],"event_choices":[{"damage_healed":0,"gold_gain":0,"player_choice":"Simplicity","damage_taken":0,"max_hp_gain":0,"max_hp_loss":0,"event_name":"Back to Basics","floor":20,"gold_loss":0,"cards_upgraded":["TheCursedMod:Strike_TheCursed","TheCursedMod:Strike_TheCursed","TheCursedMod:Strike_TheCursed","TheCursedMod:Strike_TheCursed","TheCursedMod:Defend_TheCursed","TheCursedMod:Defend_TheCursed","TheCursedMod:Defend_TheCursed","TheCursedMod:Defend_TheCursed"]},{"damage_healed":0,"gold_gain":0,"player_choice":"Ignored","damage_taken":0,"max_hp_gain":0,"max_hp_loss":0,"event_name":"Vampires","floor":21,"gold_loss":0},{"damage_healed":0,"gold_gain":0,"player_choice":"Smashed Altar","damage_taken":0,"max_hp_gain":0,"max_hp_loss":0,"event_name":"Forgotten Altar","floor":27,"gold_loss":0,"cards_obtained":["Decay"]}],"is_beta":false,"boss_relics":[{"not_picked":["Velvet Choker","reliquary:Ember"],"picked":"hubris:GrandSneckoEye"}],"items_purged_floors":[],"is_endless":false,"potions_floor_spawned":[4,7,13,14,16,22,24],"killed_by":"Slavers","ascension_level":0}}