{"host":"gobyjzz6xbwq9f9i","time":1612933281,"event":{"mods":["AchievementEnabler","BaseMod","Bestiary","Colored Map","Minty Spire (QoL Compilation)","Relic Stats"],"gold_per_floor":[110,110,110,128,139,139,167,182,182,182,194,208,208,208],"floor_reached":13,"language":"ENG","playtime":303,"items_purged":[],"score":131,"play_id":"b48ed96a-affe-4298-b13b-67973eb76543","local_time":"20210209210121","is_ascension_mode":true,"campfire_choices":[{"data":"Rip and Tear","floor":6,"key":"SMITH"},{"data":"Defragment","floor":10,"key":"SMITH"}],"circlet_count":0,"master_deck":["AscendersBane","Strike_B","Strike_B","Strike_B","Strike_B","Defend_B","Defend_B","Defend_B","Defend_B","Zap","Rip and Tear+1","Cold Snap","Chaos","Defragment+1","Ball Lightning","Coolheaded","Hello World"],"relics":["Sozu","Peace Pipe","Thread and Needle"],"acts_visited":["Exordium"],"potions_floor_usage":[],"damage_taken":[{"damage":1,"enemies":"Cultist","floor":1,"turns":3},{"damage":0,"enemies":"Small Slimes","floor":4,"turns":3},{"damage":5,"enemies":"2 Louse","floor":5,"turns":2},{"damage":19,"enemies":"Lagavulin","floor":7,"turns":8},{"damage":20,"enemies":"Lots of Slimes","floor":8,"turns":4},{"damage":0,"enemies":"3 Louse","floor":11,"turns":2},{"damage":3,"enemies":"Red Slaver","floor":12,"turns":3},{"damage":26,"enemies":"Gremlin Nob","floor":13,"turns":3}],"seed_played":"-1687620303235296987","potions_obtained":[],"is_trial":false,"path_per_floor":["M","?","?","M","M","R","E","M","T","R","M","M","E"],"character_chosen":"DEFECT","items_purchased":[],"campfire_rested":0,"item_purchase_floors":[],"current_hp_per_floor":[67,72,72,72,67,67,48,28,28,28,28,25,0,0],"gold":208,"neow_bonus":"BOSS_RELIC","is_daily":false,"chose_seed":false,"campfire_upgraded":2,"win_rate":0.0,"timestamp":1612933281,"path_taken":["M","?","?","M","M","R","E","?","T","R","M","M","E"],"items_purchased_type":[],"build_version":"2020-12-22","purchased_purges":0,"victory":false,"max_hp_per_floor":[75,80,80,80,80,80,80,80,80,80,80,80,80,80],"relic_stats":{"Sozu":3,"Peace Pipe":0,"counters":[8,28],"obtain_stats":[{"Sozu":0,"Peace Pipe":7,"Thread and Needle":9,"Cracked Core":0},{"Sozu":0,"Peace Pipe":4,"Thread and Needle":5,"Cracked Core":0},{"Sozu":0,"Peace Pipe":16,"Thread and Needle":20,"Cracked Core":0}]},"card_choices":[{"not_picked":["Compile Driver","Go for the Eyes"],"picked":"Rip and Tear","floor":1},{"not_picked":["Sweeping Beam","Redo"],"picked":"Cold Snap","floor":4},{"not_picked":["Gash","Chill"],"picked":"Chaos","floor":5},{"not_picked":["Thunder Strike","Rebound"],"picked":"Defragment","floor":7},{"not_picked":["Steam","Rebound"],"picked":"Ball Lightning","floor":8},{"not_picked":["Blizzard","Skim"],"picked":"Coolheaded","floor":11},{"not_picked":["Streamline","Fusion"],"picked":"Hello World","floor":12}],"player_experience":1326976,"relics_obtained":[{"floor":7,"key":"Peace Pipe"},{"floor":9,"key":"Thread and Needle"}],"event_choices":[{"damage_healed":0,"gold_gain":0,"player_choice":"Donut","damage_taken":0,"max_hp_gain":5,"max_hp_loss":0,"event_name":"Big Fish","floor":2,"gold_loss":0},{"cards_removed":["Dualcast"],"damage_healed":0,"gold_gain":0,"player_choice":"Purged","damage_taken":0,"max_hp_gain":0,"max_hp_loss":0,"event_name":"Purifier","floor":3,"gold_loss":0}],"is_beta":false,"boss_relics":[],"items_purged_floors":[],"is_endless":false,"potions_floor_spawned":[4,8,11],"killed_by":"Gremlin Nob","ascension_level":10}}