{"host":"newqdrzxfhh2im9e","time":1612916920,"event":{"mods":["AchievementEnabler","BaseMod","Block Reminder","Colored Map","Minty Spire (QoL Compilation)","Rare Cards Sparkle","Shop Mod","StSLib"],"gold_per_floor":[360,379,379,391,2,31,46,121,146,159,159,159,159,170,170,272,272,253,35,52,52,52,52,52,52],"floor_reached":24,"language":"ENG","playtime":698,"items_purged":[],"score":196,"play_id":"53129e8e-b230-426b-94f8-0a22cc24d694","local_time":"20210209162840","is_ascension_mode":false,"campfire_choices":[{"data":"Demon Form","floor":11,"key":"SMITH"},{"floor":13,"key":"REST"},{"data":"Berserk","floor":15,"key":"SMITH"},{"floor":23,"key":"REST"}],"circlet_count":0,"master_deck":["Strike_R","Strike_R","Strike_R","Strike_R+1","Strike_R","Defend_R+1","Defend_R","Defend_R+1","Defend_R","Bash","Whirlwind","Clothesline+1","Metallicize","Demon Form+1","Iron Wave","Berserk+1","Cleave","Immolate","Inflame+1","Searing Blow","Intimidate+1","RitualDagger"],"relics":["Burning Blood","ClockworkSouvenir","Regal Pillow","War Paint","Toy Ornithopter","Black Star","Tiny Chest"],"acts_visited":["Exordium","TheCity"],"potions_floor_usage":[6,6,7,16,18],"damage_taken":[{"damage":5,"enemies":"Jaw Worm","floor":1,"turns":5},{"damage":4,"enemies":"Cultist","floor":2,"turns":4},{"damage":7,"enemies":"2 Louse","floor":4,"turns":2},{"damage":3,"enemies":"Lagavulin","floor":6,"turns":6},{"damage":0,"enemies":"2 Fungi Beasts","floor":7,"turns":1},{"damage":9,"enemies":"Large Slime","floor":10,"turns":7},{"damage":3,"enemies":"3 Louse","floor":14,"turns":5},{"damage":36,"enemies":"Hexaghost","floor":16,"turns":8},{"damage":16,"enemies":"2 Thieves","floor":18,"turns":4},{"damage":34,"enemies":"Spheric Guardian","floor":20,"turns":6},{"damage":66,"enemies":"Slavers","floor":24,"turns":5}],"seed_played":"-6489471766755210547","potions_obtained":[{"floor":2,"key":"Dexterity Potion"},{"floor":4,"key":"BlessingOfTheForge"},{"floor":14,"key":"EssenceOfSteel"},{"floor":16,"key":"SkillPotion"}],"is_trial":false,"path_per_floor":["M","M","?","M","$","E","M","?","T","M","R","?","R","M","R","B",null,"M","$","M","?","?","R","E"],"character_chosen":"IRONCLAD","items_purchased":["ClockworkSouvenir","Regal Pillow","Metallicize","Explosive Potion","Tiny Chest","Searing Blow"],"campfire_rested":2,"item_purchase_floors":[5,5,5,5,19,19],"current_hp_per_floor":[72,72,72,71,71,72,72,61,61,58,58,44,72,72,72,42,72,62,62,34,28,28,64,0,0],"gold":52,"neow_bonus":"TWO_FIFTY_GOLD","is_daily":false,"chose_seed":false,"campfire_upgraded":2,"win_rate":0.0,"timestamp":1612916920,"path_taken":["M","M","?","?","$","E","M","?","T","M","R","?","R","M","R","BOSS","M","$","M","?","?","R","E"],"items_purchased_type":["Relic","Relic","Card","Potion","Relic","Card"],"build_version":"2020-12-22","purchased_purges":0,"victory":false,"max_hp_per_floor":[72,72,72,72,72,72,72,72,72,72,72,72,72,72,72,72,72,72,72,72,72,72,72,72,72],"card_choices":[{"not_picked":["True Grit","Bloodletting"],"picked":"Whirlwind","floor":1},{"not_picked":["Flex","Heavy Blade"],"picked":"Carnage","floor":2},{"not_picked":["Body Slam","Headbutt"],"picked":"Clothesline","floor":4},{"not_picked":["Evolve","Heavy Blade"],"picked":"Demon Form","floor":6},{"not_picked":["Clothesline","Body Slam"],"picked":"Iron Wave","floor":7},{"not_picked":["Cleave","Havoc"],"picked":"Berserk","floor":10},{"not_picked":["Pommel Strike","Wild Strike"],"picked":"Cleave","floor":14},{"not_picked":["Bludgeon","Berserk"],"picked":"Immolate","floor":16},{"not_picked":["Sword Boomerang+1","Havoc"],"picked":"Inflame+1","floor":18},{"not_picked":["Uppercut","Seeing Red"],"picked":"Intimidate+1","floor":20}],"player_experience":772294,"relics_obtained":[{"floor":6,"key":"War Paint"},{"floor":9,"key":"Toy Ornithopter"}],"event_choices":[{"cards_removed":["Carnage"],"damage_healed":0,"gold_gain":0,"player_choice":"Offered Uncommon","damage_taken":0,"max_hp_gain":0,"max_hp_loss":0,"event_name":"Bonfire Elementals","floor":3,"gold_loss":0},{"damage_healed":0,"gold_gain":75,"player_choice":"Gather Gold","damage_taken":11,"max_hp_gain":0,"max_hp_loss":0,"event_name":"World of Goop","floor":8,"gold_loss":0},{"damage_healed":0,"gold_gain":0,"player_choice":"Entered Light","damage_taken":14,"max_hp_gain":0,"max_hp_loss":0,"event_name":"Shining Light","floor":12,"gold_loss":0,"cards_upgraded":["Clothesline","Strike_R"]},{"damage_healed":0,"gold_gain":0,"player_choice":"Joined the Cult","damage_taken":6,"max_hp_gain":0,"max_hp_loss":0,"event_name":"Nest","floor":21,"gold_loss":0,"cards_obtained":["RitualDagger"]},{"damage_healed":0,"gold_gain":0,"player_choice":"0 cards matched","damage_taken":0,"max_hp_gain":0,"max_hp_loss":0,"event_name":"Match and Keep!","floor":22,"gold_loss":0,"cards_obtained":[]}],"is_beta":false,"boss_relics":[{"not_picked":["Philosopher\u0027s Stone","Runic Dome"],"picked":"Black Star"}],"items_purged_floors":[],"is_endless":false,"potions_floor_spawned":[2,4,14,16],"killed_by":"Slavers","ascension_level":0}}