{"host":"aqym1xxr3lb31d9m","time":1612962459,"event":{"mods":["BaseMod","Block Reminder","Colored Map","Colored Powertips","DeckTracker","Highlight Path","Minty Spire (QoL Compilation)","Quick Restart","Random Character Button","StSLib","SuperFastMode","UnlockEverythingMod"],"gold_per_floor":[116,116,133,151,9,42,42,42,42,53,53,66,66,93,93,167,167,184,195,195,195,223,223,239,239,239,269,319,319,344,362,362,441,441,458,168,181,228,91,91,91,91,91],"floor_reached":42,"language":"JPN","playtime":1826,"items_purged":[],"score":959,"play_id":"e35f96ec-a0d3-4fe2-9cd8-3115053370f4","local_time":"20210210220739","is_ascension_mode":true,"campfire_choices":[{"data":"Noxious Fumes","floor":8.0,"key":"SMITH"},{"data":"Dash","floor":11.0,"key":"SMITH"},{"data":"Bouncing Flask","floor":13.0,"key":"SMITH"},{"data":"Flechettes","floor":15.0,"key":"SMITH"},{"data":"Wraith Form v2","floor":23,"key":"SMITH"},{"floor":25,"key":"REST"},{"data":"Leg Sweep","floor":29,"key":"SMITH"},{"data":"A Thousand Cuts","floor":32,"key":"SMITH"},{"floor":40,"key":"REST"},{"data":"Footwork","floor":41,"key":"SMITH"}],"circlet_count":0,"master_deck":["AscendersBane","Strike_G+1","Strike_G+1","Strike_G+1","Strike_G+1","Strike_G+1","Defend_G+1","Defend_G+1","Defend_G+1","Defend_G+1","Survivor","Neutralize","Backflip","Cloak And Dagger","Dash+1","Noxious Fumes+1","Flechettes+1","Bouncing Flask+1","PiercingWail","Blade Dance","Wraith Form v2+1","Dagger Spray+1","Backflip","Endless Agony+1","A Thousand Cuts+1","Leg Sweep+1","Deadly Poison+1","Bullet Time","Corpse Explosion","CurseOfTheBell","Backflip","Footwork+1","Backflip+1","Underhanded Strike+1"],"relics":["Snecko Eye","The Courier","GremlinMask","Mercury Hourglass","Akabeko","SacredBark","Red Mask","Molten Egg 2","WingedGreaves","Ancient Tea Set","Calling Bell","Juzu Bracelet","Question Card","Peace Pipe","Torii","Pocketwatch","Membership Card"],"acts_visited":["Exordium","TheCity","TheBeyond"],"potions_floor_usage":[33,38,42],"damage_taken":[{"damage":2.0,"enemies":"2 Louse","floor":1.0,"turns":7.0},{"damage":6.0,"enemies":"Cultist","floor":3.0,"turns":5.0},{"damage":6.0,"enemies":"Small Slimes","floor":4.0,"turns":6.0},{"damage":10.0,"enemies":"Lagavulin","floor":6.0,"turns":6.0},{"damage":4.0,"enemies":"2 Fungi Beasts","floor":10.0,"turns":3.0},{"damage":2.0,"enemies":"Blue Slaver","floor":12.0,"turns":3.0},{"damage":6.0,"enemies":"Gremlin Nob","floor":14.0,"turns":3.0},{"damage":14.0,"enemies":"Slime Boss","floor":16.0,"turns":7.0},{"damage":0.0,"enemies":"Chosen","floor":18.0,"turns":4.0},{"damage":1.0,"enemies":"Spheric Guardian","floor":19.0,"turns":5.0},{"damage":4.0,"enemies":"Masked Bandits","floor":22.0,"turns":3.0},{"damage":3,"enemies":"3 Cultists","floor":24,"turns":5},{"damage":5,"enemies":"Slavers","floor":27,"turns":3},{"damage":0,"enemies":"Book of Stabbing","floor":30,"turns":4},{"damage":1,"enemies":"Centurion and Healer","floor":31,"turns":4},{"damage":25,"enemies":"Collector","floor":33,"turns":8},{"damage":2,"enemies":"3 Darklings","floor":35,"turns":3},{"damage":0,"enemies":"3 Shapes","floor":37,"turns":5},{"damage":36,"enemies":"2 Orb Walkers","floor":38,"turns":6},{"damage":45,"enemies":"Giant Head","floor":42,"turns":6}],"seed_played":"4730402732577474650","potions_obtained":[{"floor":1.0,"key":"Strength Potion"},{"floor":6.0,"key":"SteroidPotion"},{"floor":14.0,"key":"BlessingOfTheForge"},{"floor":16.0,"key":"LiquidMemories"},{"floor":19.0,"key":"SmokeBomb"},{"floor":22.0,"key":"AttackPotion"},{"floor":31,"key":"SkillPotion"},{"floor":35,"key":"AttackPotion"},{"floor":38,"key":"LiquidBronze"}],"is_trial":false,"path_per_floor":["M","?","M","M","$","E","?","R","T","M","R","M","R","E","R","B",null,"M","M","?","?","?","R","M","R","T","E","?","R","E","M","R","B",null,"M","$","M","?","$","R","R","E"],"character_chosen":"THE_SILENT","items_purchased":["AttackPotion","Noxious Fumes","Torii","Footwork","Membership Card"],"campfire_rested":2,"item_purchase_floors":[5,5,36,36,39],"current_hp_per_floor":[57,50,44,38,38,28,28,28,28,24,24,22,22,16,16,2,50,50,49,31,31,27,27,24,45,45,40,40,40,40,39,39,14,57,55,55,55,19,19,40,40,0,0],"gold":91,"neow_bonus":"BOSS_RELIC","is_daily":false,"chose_seed":false,"campfire_upgraded":8,"win_rate":0.0,"timestamp":1612962459,"path_taken":["M","?","M","M","$","E","?","R","T","?","R","M","R","E","R","BOSS","M","M","?","?","?","R","M","R","T","E","?","R","E","M","R","BOSS","M","$","M","?","$","R","R","E"],"items_purchased_type":["Potion","Card","Relic","Card","Relic"],"build_version":"2020-12-22","purchased_purges":0,"victory":false,"max_hp_per_floor":[66,66,66,66,66,66,66,66,66,66,66,66,66,66,66,66,66,66,66,71,71,71,71,71,71,71,71,71,71,71,71,71,71,71,71,71,71,71,71,71,71,71,71],"card_choices":[{"not_picked":["Footwork","Setup"],"picked":"Backflip","floor":1.0},{"not_picked":["Slice","PiercingWail"],"picked":"Cloak And Dagger","floor":3.0},{"not_picked":["Bane","Finisher"],"picked":"Dash","floor":4.0},{"not_picked":["Setup","Acrobatics"],"picked":"Flechettes","floor":6.0},{"not_picked":["Footwork","Acrobatics"],"picked":"Bouncing Flask","floor":10.0},{"not_picked":["Slice","Flechettes"],"picked":"PiercingWail","floor":12.0},{"not_picked":["Acrobatics","Heel Hook"],"picked":"Blade Dance","floor":14.0},{"not_picked":["Malaise","Die Die Die"],"picked":"Wraith Form v2","floor":16.0},{"not_picked":["Backflip","Deflect"],"picked":"Dagger Spray+1","floor":18.0},{"not_picked":["Tactician","Prepared"],"picked":"Backflip","floor":19.0},{"not_picked":["Dagger Spray","Cloak And Dagger"],"picked":"Endless Agony+1","floor":22.0},{"not_picked":["Dodge and Roll","Slice"],"picked":"A Thousand Cuts","floor":24},{"not_picked":["Prepared","Deflect"],"picked":"Leg Sweep","floor":27},{"not_picked":["Acrobatics","Prepared"],"picked":"Deadly Poison+1","floor":30},{"not_picked":["Dagger Throw+1","Deadly Poison"],"picked":"Bullet Time","floor":31},{"not_picked":["Tools of the Trade","Envenom"],"picked":"Corpse Explosion","floor":33},{"not_picked":["Caltrops","Poisoned Stab+1","Heel Hook+1"],"picked":"Backflip","floor":35},{"not_picked":["Infinite Blades","Slice+1","Deflect"],"picked":"Backflip+1","floor":37},{"not_picked":["Choke+1","Sucker Punch+1","Bouncing Flask"],"picked":"Underhanded Strike+1","floor":38}],"player_experience":4209286,"relics_obtained":[{"floor":6.0,"key":"The Courier"},{"floor":9.0,"key":"Mercury Hourglass"},{"floor":14.0,"key":"Akabeko"},{"floor":22.0,"key":"Red Mask"},{"floor":26,"key":"Molten Egg 2"},{"floor":27,"key":"WingedGreaves"},{"floor":30,"key":"Ancient Tea Set"},{"floor":34,"key":"Juzu Bracelet"},{"floor":34,"key":"Question Card"},{"floor":34,"key":"Peace Pipe"},{"floor":38,"key":"Pocketwatch"}],"event_choices":[{"cards_removed":["Defend_G"],"damage_healed":0.0,"max_hp_gain":0.0,"max_hp_loss":0.0,"gold_gain":0.0,"event_name":"Golden Wing","player_choice":"Card Removal","floor":2.0,"gold_loss":0.0,"damage_taken":7.0},{"damage_healed":0.0,"max_hp_gain":0.0,"max_hp_loss":0.0,"gold_gain":0.0,"event_name":"FaceTrader","player_choice":"Trade","floor":7.0,"gold_loss":0.0,"damage_taken":0.0,"relics_obtained":["GremlinMask"]},{"damage_healed":0.0,"max_hp_gain":5.0,"max_hp_loss":0.0,"gold_gain":0.0,"event_name":"Forgotten Altar","player_choice":"Shed Blood","floor":20.0,"gold_loss":0.0,"damage_taken":23.0},{"damage_healed":0.0,"max_hp_gain":0.0,"max_hp_loss":0.0,"gold_gain":0.0,"event_name":"Back to Basics","player_choice":"Simplicity","floor":21.0,"gold_loss":0.0,"damage_taken":0.0,"cards_upgraded":["Strike_G","Strike_G","Strike_G","Strike_G","Strike_G","Defend_G","Defend_G","Defend_G","Defend_G"]},{"damage_healed":0.0,"max_hp_gain":0.0,"max_hp_loss":0.0,"gold_gain":0.0,"event_name":"Masked Bandits","player_choice":"Fought Bandits","floor":22.0,"gold_loss":0.0,"damage_taken":0.0},{"damage_healed":0,"gold_gain":50,"player_choice":"Stole From Cult","damage_taken":0,"max_hp_gain":0,"max_hp_loss":0,"event_name":"Nest","floor":28,"gold_loss":0},{"damage_healed":0,"gold_gain":0,"player_choice":"Fight","damage_taken":0,"max_hp_gain":0,"max_hp_loss":0,"event_name":"Mysterious Sphere","floor":38,"gold_loss":0}],"is_beta":false,"boss_relics":[{"not_picked":["Fusion Hammer","Tiny House"],"picked":"SacredBark"},{"not_picked":["Pandora\u0027s Box","Runic Dome"],"picked":"Calling Bell"}],"items_purged_floors":[],"is_endless":false,"potions_floor_spawned":[1,6,14,16,19,22,31,35,38],"killed_by":"Giant Head","ascension_level":20}}