{"host":"pfy6u49v5s5r680p","time":1612964534,"event":{"mods":["BaseMod","Colored Map","DeckTracker","Highlight Path","Keyboard Shortcuts","Minty Spire (QoL Compilation)","Permanent Neow","Quick Restart","StSLib","SuperFastMode","everything is the same but u backflip on backflip"],"gold_per_floor":[118,43,118,128,139,139,159,171,198,209,226,126,126,126,126],"floor_reached":14,"language":"KOR","playtime":312,"items_purged":["Defend_P","Defend_P"],"score":113,"play_id":"344c6eda-6ee4-4bb6-a1b3-c93fd3c5f2ff","local_time":"20210210224214","is_ascension_mode":true,"campfire_choices":[{"data":"Eruption","floor":6.0,"key":"SMITH"}],"circlet_count":0,"master_deck":["Strike_P","Strike_P","Strike_P","Strike_P","Defend_P","Defend_P","Eruption+1","Vigilance","Indignation"],"relics":["Runic Dome","Regal Pillow"],"acts_visited":["Exordium"],"potions_floor_usage":[14,14],"damage_taken":[{"damage":4.0,"enemies":"Jaw Worm","floor":1.0,"turns":3.0},{"damage":12.0,"enemies":"2 Louse","floor":4.0,"turns":3.0},{"damage":0.0,"enemies":"Cultist","floor":5.0,"turns":4.0},{"damage":0.0,"enemies":"Exordium Thugs","floor":7.0,"turns":4.0},{"damage":0.0,"enemies":"Exordium Wildlife","floor":8.0,"turns":1.0},{"damage":12.0,"enemies":"Lots of Slimes","floor":10.0,"turns":4.0},{"damage":18,"enemies":"2 Fungi Beasts","floor":11,"turns":2},{"damage":20,"enemies":"3 Sentries","floor":14,"turns":2}],"seed_played":"-6675720106828680390","potions_obtained":[{"floor":1.0,"key":"SkillPotion"},{"floor":4.0,"key":"Strength Potion"},{"floor":11,"key":"Dexterity Potion"}],"is_trial":false,"path_per_floor":["M","$","?","M","M","R","M","M","T","M","M","$","?","E"],"character_chosen":"WATCHER","items_purchased":[],"campfire_rested":0,"item_purchase_floors":[],"current_hp_per_floor":[61,61,50,38,38,38,38,38,38,26,8,8,8,0,0],"gold":126,"neow_bonus":"BOSS_RELIC","is_daily":false,"chose_seed":false,"campfire_upgraded":1,"win_rate":0.0,"timestamp":1612964534,"path_taken":["M","$","?","M","M","R","M","M","T","M","M","$","?","E"],"items_purchased_type":[],"build_version":"2020-12-22","purchased_purges":2,"victory":false,"max_hp_per_floor":[72,72,72,72,72,72,72,72,72,72,72,72,72,72,72],"card_choices":[{"not_picked":["WaveOfTheHand","EmptyBody","Perseverance"],"picked":"SKIP","floor":1.0},{"not_picked":["BowlingBash","JustLucky","Sanctity"],"picked":"SKIP","floor":4.0},{"not_picked":["WreathOfFlame","Collect","SashWhip"],"picked":"SKIP","floor":5.0},{"not_picked":["SandsOfTime","ClearTheMind"],"picked":"Indignation","floor":7.0},{"not_picked":["Study","JustLucky","Vengeance"],"picked":"SKIP","floor":8.0},{"not_picked":["Prostrate","DevaForm","WindmillStrike"],"picked":"SKIP","floor":10.0},{"not_picked":["Evaluate","Tantrum","BowlingBash"],"picked":"SKIP","floor":11}],"player_experience":175494,"relics_obtained":[{"floor":9.0,"key":"Regal Pillow"}],"event_choices":[{"damage_healed":0.0,"max_hp_gain":0.0,"max_hp_loss":0.0,"gold_gain":75.0,"event_name":"World of Goop","player_choice":"Gather Gold","floor":3.0,"gold_loss":0.0,"damage_taken":11.0},{"damage_healed":0,"gold_gain":0,"player_choice":"Leave","damage_taken":0,"max_hp_gain":0,"max_hp_loss":0,"event_name":"FaceTrader","floor":13,"gold_loss":0}],"is_beta":false,"boss_relics":[],"items_purged_floors":[2,12],"is_endless":false,"potions_floor_spawned":[1,4,11],"killed_by":"3 Sentries","ascension_level":7}}