{"host":"gzk4gkgy3zij1c51","time":1612941576,"event":{"mods":["BaseMod","Colored Map","Downfall","Highlight Path","Marked Mod","Minty Spire (QoL Compilation)","Relic Stats","StSLib","everything is the same but u backflip on backflip"],"gold_per_floor":[99,114,114,24,24,24,24,124,124,149,167,67,67,52,64,165,165,165,179,164,176,276,295,295,180,80,80,100,61,74,85,97,195,195,195,206,253,253,253,153,179,189,221,29,57,74,74,74,86,86,86,114,26,26,26,26,26,26],"floor_reached":56,"language":"ENG","playtime":4961,"items_purged":["downfall:Malfunctioning","bronze:Strike"],"score":876,"play_id":"dc4ca3b2-1d8f-4975-8fb1-593674e4f516","local_time":"20210210071936","is_ascension_mode":true,"campfire_choices":[{"data":"bronze:Goto","floor":1.0,"key":"SMITH"},{"data":"bronze:InfiniteBeams","floor":6.0,"key":"SMITH"},{"floor":9.0,"key":"RECALL"},{"data":"bronze:Boost","floor":12.0,"key":"SMITH"},{"data":"bronze:Format","floor":18.0,"key":"SMITH"},{"data":"bronze:DonuBeam","floor":26.0,"key":"SMITH"},{"data":"bronze:Library","floor":35.0,"key":"SMITH"},{"data":"bronze:DecaBeam","floor":40.0,"key":"SMITH"},{"data":"bronze:Repulsor","floor":47.0,"key":"SMITH"},{"data":"expansioncontent:QuickStudy","floor":54,"key":"SMITH"}],"circlet_count":0,"master_deck":["bronze:Strike+1","bronze:Strike","bronze:Defend+1","bronze:Defend","bronze:Defend+1","bronze:Defend","bronze:Replicate","bronze:Goto+1","bronze:InfiniteBeams+1","bronze:Safeguard","bronze:BronzeArmor","bronze:Boost+1","bronze:Overload","bronze:BuggyMess","bronze:Format+1","bronze:DelayedGuard","bronze:Fortify+1","bronze:ChildClass","bronze:Boost","bronze:DecaBeam+1","bronze:DonuBeam+1","bronze:DelayedSlice+1","bronze:ChosenStrike","bronze:Library+1","bronze:Shell","bronze:BugBarrage","bronze:WildBeam+1","bronze:Branch+1","bronze:Overheat","bronze:RecursiveStrike","bronze:MaxOutput+1","bronze:CloningBeam+1","bronze:Return","bronze:Repulsor+1","expansioncontent:QuickStudy+1","bronze:ThunderWave","bronze:DelayedGuard+1","bronze:ChosenStrike","bronze:Return+1","bronze:ForceShield+1","expansioncontent:PolyBeam"],"relics":["bronze:BronzeCore","Bag of Marbles","Thread and Needle","downfall:HeartBlessingGreen","bronze:DecasWashers","bronze:MakeshiftBattery","Eternal Feather","downfall:HeartBlessingRed","Chemical X","Meat on the Bone","Sozu","Prayer Wheel","downfall:HeartBlessingBlue","Bag of Preparation","Pear","Guardian:PocketSentry","Vajra"],"acts_visited":["Exordium","TheCity","TheBeyond","TheEnding"],"potions_floor_usage":[55,56],"damage_taken":[{"damage":0.0,"enemies":"Cultist","floor":2.0,"turns":4.0},{"damage":5.0,"enemies":"downfall:FleeingMerchant","floor":4.0,"turns":4.0},{"damage":4.0,"enemies":"3 Sentries","floor":10.0,"turns":8.0},{"damage":0.0,"enemies":"Jaw Worm","floor":11.0,"turns":4.0},{"damage":0.0,"enemies":"downfall:FleeingMerchant","floor":14.0,"turns":4.0},{"damage":0.0,"enemies":"2 Louse","floor":15.0,"turns":3.0},{"damage":23.0,"enemies":"DF_ARCHETYPE_STREAMLINE","floor":16.0,"turns":8.0},{"damage":7.0,"enemies":"Spheric Guardian","floor":19.0,"turns":5.0},{"damage":0.0,"enemies":"downfall:FleeingMerchant","floor":20.0,"turns":4.0},{"damage":0.0,"enemies":"Centurion and Healer","floor":21.0,"turns":5.0},{"damage":63.0,"enemies":"Centurion and Healer","floor":22.0,"turns":9.0},{"damage":0.0,"enemies":"Snake Plant","floor":23.0,"turns":4.0},{"damage":0.0,"enemies":"downfall:FleeingMerchant","floor":25.0,"turns":4.0},{"damage":0.0,"enemies":"3 Cultists","floor":28.0,"turns":3.0},{"damage":0.0,"enemies":"downfall:FleeingMerchant","floor":29.0,"turns":1.0},{"damage":0.0,"enemies":"Snecko","floor":30.0,"turns":4.0},{"damage":0.0,"enemies":"Centurion and Healer","floor":31.0,"turns":2.0},{"damage":0.0,"enemies":"Shelled Parasite and Fungi","floor":32.0,"turns":1.0},{"damage":20.0,"enemies":"IC_MUSHROOM_ARCHETYPE","floor":33.0,"turns":5.0},{"damage":0.0,"enemies":"3 Darklings","floor":36.0,"turns":4.0},{"damage":0.0,"enemies":"2 Orb Walkers","floor":37.0,"turns":4.0},{"damage":0.0,"enemies":"3 Shapes","floor":42.0,"turns":2.0},{"damage":0.0,"enemies":"Giant Head","floor":43.0,"turns":7.0},{"damage":0.0,"enemies":"Reptomancer","floor":45.0,"turns":5.0},{"damage":0.0,"enemies":"Maw","floor":46.0,"turns":5.0},{"damage":0.0,"enemies":"Spire Growth","floor":49.0,"turns":4.0},{"damage":18.0,"enemies":"WA_ARCHETYPE_DIVINITY","floor":50.0,"turns":9.0},{"damage":72,"enemies":"downfall:CharBossMerchant","floor":52,"turns":8},{"damage":24,"enemies":"downfall:NeowBoss","floor":55,"turns":14},{"damage":52,"enemies":"downfall:NeowBossFinal","floor":56,"turns":6}],"seed_played":"4269097818692006501","potions_obtained":[{"floor":10.0,"key":"Block Potion"},{"floor":15.0,"key":"BlessingOfTheForge"},{"floor":16.0,"key":"PowerPotion"},{"floor":19.0,"key":"SmokeBomb"},{"floor":22.0,"key":"DistilledChaos"},{"floor":30.0,"key":"SteroidPotion"},{"floor":31.0,"key":"SkillPotion"},{"floor":33.0,"key":"champ:CounterPotion"}],"is_trial":false,"path_per_floor":["R","M","?","$","?","R","T","?","R","E","M","R","T","$","M","B",null,"R","M","$","M","?","M","T","$","R","?","M","$","M","M","M","B",null,"R","M","?","T","?","R","T","M","E","$","E","M","R","?","M","B",null,"E","$","R","B","B"],"character_chosen":"THE_AUTOMATON","items_purchased":["Chemical X","Meat on the Bone","expansioncontent:QuickStudy","expansioncontent:PolyBeam"],"campfire_rested":0,"item_purchase_floors":[29,29,44,53],"current_hp_per_floor":[70,70,70,65,70,70,70,70,70,66,66,66,66,66,66,43,75,75,68,68,68,5,5,5,5,17,17,17,17,29,41,41,33,75,75,75,75,75,75,85,85,85,95,95,95,95,95,95,95,77,95,35,35,59,47,0,0,0],"gold":26,"neow_bonus":"RANDOM_COMMON_RELIC","is_daily":false,"chose_seed":false,"campfire_upgraded":9,"win_rate":0.0,"timestamp":1612941576,"path_taken":["R","M","?","$","?","R","T","?","R","E","?","R","?","?","M","BOSS","R","M","$","M","?","M","T","$","R","?","?","$","M","M","M","BOSS","R","M","?","?","?","R","T","?","E","$","E","M","R","?","M","BOSS","E","$","R","BOSS","BOSS"],"items_purchased_type":["Relic","Relic","Card","Card"],"build_version":"2020-12-22","purchased_purges":2,"victory":false,"max_hp_per_floor":[70,70,70,70,75,75,75,75,75,75,75,75,75,75,75,75,75,75,75,75,75,75,75,75,75,75,75,75,75,75,75,75,75,75,75,75,75,75,75,85,85,85,95,95,95,95,95,95,95,95,95,95,95,95,95,95,95,95],"relic_stats":{"Sozu":4,"counters":[30,150],"Eternal Feather":36,"Prayer Wheel":3,"Bag of Preparation":[18],"Chemical X":[25],"obtain_stats":[{"bronze:BronzeCore":0,"Pear":43,"downfall:HeartBlessingRed":26,"bronze:DecasWashers":13,"Vajra":52,"Thread and Needle":10,"downfall:HeartBlessingGreen":12,"Eternal Feather":24,"Bag of Preparation":41,"Guardian:PocketSentry":45,"Sozu":34,"HornCleat":7,"downfall:HeartBlessingBlue":40,"Prayer Wheel":37,"Bag of Marbles":0,"Chemical X":29,"bronze:MakeshiftBattery":17,"Meat on the Bone":29},{"bronze:BronzeCore":0,"Pear":23,"downfall:HeartBlessingRed":13,"bronze:DecasWashers":4,"Vajra":28,"Thread and Needle":3,"downfall:HeartBlessingGreen":4,"Eternal Feather":12,"Bag of Preparation":21,"Guardian:PocketSentry":24,"Sozu":19,"HornCleat":2,"downfall:HeartBlessingBlue":21,"Prayer Wheel":21,"Bag of Marbles":0,"Chemical X":15,"bronze:MakeshiftBattery":7,"Meat on the Bone":15},{"bronze:BronzeCore":0,"Pear":99,"downfall:HeartBlessingRed":66,"bronze:DecasWashers":20,"Vajra":130,"Thread and Needle":16,"downfall:HeartBlessingGreen":20,"Eternal Feather":62,"Bag of Preparation":90,"Guardian:PocketSentry":104,"Sozu":82,"HornCleat":8,"downfall:HeartBlessingBlue":90,"Prayer Wheel":90,"Bag of Marbles":0,"Chemical X":70,"bronze:MakeshiftBattery":35,"Meat on the Bone":70}],"Meat on the Bone":60},"card_choices":[{"not_picked":["bronze:BugBarrage","bronze:BitShift"],"picked":"bronze:InfiniteBeams","floor":2.0},{"not_picked":["bronze:Invalidate","bronze:GetLatest"],"picked":"bronze:Safeguard","floor":4.0},{"not_picked":["bronze:Refactor","bronze:DigitalCarnage"],"picked":"bronze:BronzeArmor","floor":10.0},{"not_picked":["bronze:WildBeam","bronze:Overheat"],"picked":"bronze:Boost","floor":11.0},{"not_picked":["bronze:Backtrace","bronze:NullPointer"],"picked":"bronze:Overload","floor":14.0},{"not_picked":["bronze:ForceShield","bronze:Iterate"],"picked":"bronze:BuggyMess","floor":15.0},{"not_picked":["bronze:InfiniteLoop","bronze:Verify"],"picked":"bronze:Format","floor":16.0},{"not_picked":["bronze:GetLatest","bronze:BuggyMess"],"picked":"bronze:DelayedGuard","floor":19.0},{"not_picked":["bronze:DigitalCarnage","bronze:Separator"],"picked":"bronze:Fortify+1","floor":20.0},{"not_picked":["bronze:Philosophize","bronze:Format"],"picked":"bronze:ChildClass","floor":21.0},{"not_picked":["bronze:DigitalCarnage","bronze:Fortify"],"picked":"bronze:Boost","floor":22.0},{"not_picked":[],"picked":"bronze:DecaBeam","floor":22.0},{"not_picked":[],"picked":"bronze:DonuBeam","floor":22.0},{"not_picked":["bronze:Separator","bronze:CutThrough+1"],"picked":"bronze:DelayedSlice+1","floor":23.0},{"not_picked":["bronze:ForLoop","bronze:RecursiveStrike"],"picked":"bronze:ChosenStrike","floor":25.0},{"not_picked":["bronze:Iterate","bronze:DelayedGuard"],"picked":"bronze:Shell","floor":28.0},{"not_picked":["bronze:Virus","bronze:DelayedGuard+1"],"picked":"bronze:BugBarrage","floor":29.0},{"not_picked":["bronze:Safeguard","bronze:OilSpill"],"picked":"bronze:WildBeam+1","floor":30.0},{"not_picked":["bronze:DigitalCarnage","bronze:FineTuning"],"picked":"bronze:Branch+1","floor":31.0},{"not_picked":["bronze:ChosenStrike","bronze:Frontload"],"picked":"bronze:Overheat","floor":32.0},{"not_picked":["bronze:Format","bronze:Break"],"picked":"bronze:RecursiveStrike","floor":33.0},{"not_picked":["bronze:WildBeam+1","bronze:BuggyMess"],"picked":"bronze:MaxOutput+1","floor":36.0},{"not_picked":["bronze:Shell","bronze:CutThrough"],"picked":"bronze:CloningBeam+1","floor":42.0},{"not_picked":["bronze:DigitalCarnage+1","bronze:Separator+1"],"picked":"bronze:Return","floor":42.0},{"not_picked":["bronze:ForLoop+1","bronze:Boost+1"],"picked":"bronze:Repulsor","floor":43.0},{"not_picked":["bronze:BugBarrage+1","bronze:GetLatest"],"picked":"bronze:ThunderWave","floor":45.0},{"not_picked":["bronze:Deprecate","bronze:MaxOutput"],"picked":"bronze:DelayedGuard+1","floor":46.0},{"not_picked":["bronze:DelayedSlice","bronze:Deprecate+1","bronze:NullPointer"],"picked":"SKIP","floor":46.0},{"not_picked":["bronze:Boost+1","bronze:Fortify"],"picked":"bronze:Return+1","floor":49.0},{"not_picked":["bronze:Backtrace","bronze:Shield+1"],"picked":"bronze:ForceShield+1","floor":49.0},{"not_picked":["bronze:Turbo","bronze:Branch+1","bronze:DelayedSlice"],"picked":"SKIP","floor":52}],"player_experience":1160998,"relics_obtained":[{"floor":7.0,"key":"HornCleat"},{"floor":10.0,"key":"Thread and Needle"},{"floor":13.0,"key":"bronze:DecasWashers"},{"floor":24.0,"key":"Eternal Feather"},{"floor":37.0,"key":"Prayer Wheel"},{"floor":41.0,"key":"Bag of Preparation"},{"floor":43.0,"key":"Pear"},{"floor":45.0,"key":"Guardian:PocketSentry"},{"floor":52,"key":"Vajra"}],"event_choices":[{"damage_healed":0.0,"max_hp_gain":5.0,"max_hp_loss":0.0,"gold_gain":0.0,"event_name":"Big Fish","player_choice":"Donut","floor":5.0,"gold_loss":0.0,"damage_taken":0.0},{"damage_healed":0.0,"max_hp_gain":0.0,"max_hp_loss":0.0,"gold_gain":0.0,"event_name":"Mysterious Sphere","player_choice":"Fight","floor":37.0,"gold_loss":0.0,"damage_taken":0.0}],"is_beta":false,"boss_relics":[{"not_picked":["Calling Bell","SacredBark"],"picked":"bronze:MakeshiftBattery"},{"not_picked":["Fusion Hammer","Tiny House"],"picked":"Sozu"}],"items_purged_floors":[4,25],"is_endless":false,"potions_floor_spawned":[10,15,16,19,22,30,31,33,42,45,46,52],"killed_by":"downfall:NeowBossFinal","ascension_level":2}}