{"host":"y0i0tbisecj7yjyn","time":1612918487,"event":{"mods":["A Penny For Your Troubles","AlwaysNeverKeys","BaseMod","BetterRewards","Colored Map","Colored Powertips","Curses Come First","Displayed Cursed Tome","Keyboard Shortcuts","Minty Spire (QoL Compilation)","Random Character Button","Rare Cards Sparkle","Relic Sorter","StSLib","SuperFastMode","Transform Curses","Weighted Paths"],"gold_per_floor":[114,114,114,132,144,170,170,198,270,48,76,76,104,119,119,220,220,231,251,55,55,67,67,99,99,168,168,168,12,23,50,50,145,145,162,215,42,92,109,109,139,139,165,177,189,189,118,137,137,138,138,138,19,45,45],"floor_reached":56,"language":"ENG","playtime":3013,"items_purged":["Regret","Strike_B"],"score":1457,"play_id":"a1e0b032-b905-4650-be2c-3e52a1bbaf10","local_time":"20210209185447","is_ascension_mode":true,"campfire_choices":[{"data":"White Noise","floor":7,"key":"SMITH"},{"data":"Storm","floor":15,"key":"SMITH"},{"floor":23,"key":"REST"},{"floor":25,"key":"REST"},{"floor":27,"key":"REST"},{"floor":32,"key":"REST"},{"floor":40,"key":"REST"},{"floor":49,"key":"REST"},{"floor":52,"key":"REST"}],"circlet_count":0,"master_deck":["Strike_B","Strike_B","Defend_B","Defend_B","Defend_B","Defend_B","Zap","Dualcast","Ball Lightning","Self Repair","White Noise+1","Auto Shields","Storm+1","Capacitor","Creative AI","Sunder+1","Go for the Eyes","Storm","Defragment","White Noise+1","Hello World","Echo Form","CurseOfTheBell","Defragment","Go for the Eyes+1","Storm","Defragment","Recycle+1","Redo+1","Seek","Static Discharge","Creative AI"],"relics":["Cracked Core","Singing Bowl","Lizard Tail","Potion Belt","FossilizedHelix","InkBottle","Runic Capacitor","DataDisk","Bottled Tornado","Fusion Hammer","MutagenicStrength","Unceasing Top","Gremlin Horn","DollysMirror","Orichalcum","Calling Bell","MealTicket","Mummified Hand","Thread and Needle","Pocketwatch","Bird Faced Urn","CaptainsWheel","Eternal Feather","Dream Catcher","Ornamental Fan"],"acts_visited":["Exordium","TheCity","TheBeyond","TheEnding"],"potions_floor_usage":[6,8,8,11,19,24,31,33,35,48,50,50,54],"damage_taken":[{"damage":4,"enemies":"Small Slimes","floor":1,"turns":3},{"damage":9,"enemies":"Jaw Worm","floor":4,"turns":3},{"damage":0,"enemies":"Cultist","floor":5,"turns":3},{"damage":26,"enemies":"Lagavulin","floor":6,"turns":7},{"damage":48,"enemies":"3 Sentries","floor":8,"turns":6},{"damage":29,"enemies":"Gremlin Nob","floor":11,"turns":4},{"damage":17,"enemies":"Lagavulin","floor":13,"turns":5},{"damage":0,"enemies":"Red Slaver","floor":14,"turns":3},{"damage":20,"enemies":"Hexaghost","floor":16,"turns":9},{"damage":11,"enemies":"Spheric Guardian","floor":18,"turns":3},{"damage":6,"enemies":"Chosen","floor":19,"turns":3},{"damage":6,"enemies":"Shelled Parasite and Fungi","floor":22,"turns":4},{"damage":32,"enemies":"Slavers","floor":24,"turns":4},{"damage":0,"enemies":"Chosen and Byrds","floor":30,"turns":3},{"damage":17,"enemies":"Book of Stabbing","floor":31,"turns":3},{"damage":7,"enemies":"Automaton","floor":33,"turns":6},{"damage":30,"enemies":"3 Darklings","floor":35,"turns":3},{"damage":36,"enemies":"2 Orb Walkers","floor":36,"turns":3},{"damage":0,"enemies":"Mind Bloom Boss Battle","floor":38,"turns":3},{"damage":0,"enemies":"3 Shapes","floor":39,"turns":3},{"damage":0,"enemies":"Reptomancer","floor":41,"turns":3},{"damage":11,"enemies":"Jaw Worm Horde","floor":44,"turns":3},{"damage":0,"enemies":"Spire Growth","floor":45,"turns":2},{"damage":0,"enemies":"Transient","floor":48,"turns":5},{"damage":8,"enemies":"Time Eater","floor":50,"turns":4},{"damage":29,"enemies":"Shield and Spear","floor":54,"turns":3},{"damage":80,"enemies":"The Heart","floor":55,"turns":5}],"seed_played":"-7082657837726853917","potions_obtained":[{"floor":0,"key":"Energy Potion"},{"floor":0,"key":"SpeedPotion"},{"floor":0,"key":"BlessingOfTheForge"},{"floor":6,"key":"DuplicationPotion"},{"floor":8,"key":"FairyPotion"},{"floor":16,"key":"SteroidPotion"},{"floor":18,"key":"GamblersBrew"},{"floor":30,"key":"FocusPotion"},{"floor":31,"key":"AttackPotion"},{"floor":33,"key":"LiquidBronze"},{"floor":41,"key":"DuplicationPotion"},{"floor":44,"key":"FocusPotion"},{"floor":48,"key":"Dexterity Potion"},{"floor":54,"key":"BlessingOfTheForge"}],"is_trial":false,"path_per_floor":["M","?","T","M","M","E","R","E","T","$","E","?","E","M","R","B",null,"M","M","$","?","M","R","E","R","T","R","?","$","M","E","R","B",null,"M","?","$","?","M","R","E","T","T","M","M","?","$","M","R","B",null,"R","$","E","B",null],"character_chosen":"DEFECT","items_purchased":["Storm","Runic Capacitor","Storm","ColorlessPotion","DollysMirror","Storm","Static Discharge","PowerPotion","Creative AI"],"campfire_rested":7,"item_purchase_floors":[10,10,20,20,29,37,47,53,53],"current_hp_per_floor":[71,71,71,62,71,52,52,18,18,18,32,32,24,33,33,20,83,79,80,80,80,83,85,60,85,85,85,85,85,85,77,87,87,87,64,35,50,57,78,87,87,87,87,89,89,89,89,91,93,93,93,95,95,95,46],"gold":45,"neow_bonus":"THREE_SMALL_POTIONS","is_daily":false,"chose_seed":false,"campfire_upgraded":2,"win_rate":0.0,"timestamp":1612918487,"path_taken":["M","?","?","M","?","E","R","E","T","?","E","?","E","?","R","BOSS","M","?","$","?","M","R","E","R","T","R","?","?","M","E","R","BOSS","M","?","$","?","M","R","E","?","T","M","M","?","?","?","R","BOSS","R","$","E","BOSS"],"items_purchased_type":["Card","Relic","Card","Potion","Relic","Card","Card","Potion","Card"],"build_version":"2020-12-22","purchased_purges":2,"victory":true,"max_hp_per_floor":[75,75,75,75,77,77,77,77,77,77,79,79,81,83,83,83,83,83,83,83,83,85,85,85,85,85,85,85,85,85,87,87,87,87,87,87,87,87,87,87,87,87,87,89,89,89,89,91,93,93,93,95,95,97,97],"card_choices":[{"not_picked":["Stack","Chill"],"picked":"Ball Lightning","floor":1},{"not_picked":["Glacier","Sweeping Beam"],"picked":"Self Repair","floor":4},{"not_picked":["Rip and Tear","Cold Snap","Rebound"],"picked":"Singing Bowl","floor":5},{"not_picked":["Genetic Algorithm","Sweeping Beam"],"picked":"White Noise","floor":6},{"not_picked":["Hologram","Stack"],"picked":"Auto Shields","floor":8},{"not_picked":["Fusion","Turbo","Biased Cognition"],"picked":"Singing Bowl","floor":11},{"not_picked":["Hologram","Tempest","Cold Snap"],"picked":"Singing Bowl","floor":13},{"not_picked":["Capacitor","Leap","Redo"],"picked":"Singing Bowl","floor":14},{"not_picked":["Hyperbeam","Buffer"],"picked":"Creative AI","floor":16},{"not_picked":["Rebound+1","Streamline"],"picked":"Sunder+1","floor":18},{"not_picked":["BootSequence+1","Chill+1"],"picked":"Go for the Eyes","floor":19},{"not_picked":["Leap","Darkness","Redo"],"picked":"Singing Bowl","floor":22},{"not_picked":["Compile Driver","Hello World"],"picked":"Defragment","floor":24},{"not_picked":["Cold Snap+1","Compile Driver"],"picked":"Hello World","floor":30},{"not_picked":["Coolheaded","Cold Snap","Rainbow"],"picked":"Singing Bowl","floor":31},{"not_picked":["All For One","Seek"],"picked":"Echo Form","floor":33},{"not_picked":["Steam","Conserve Battery+1"],"picked":"Defragment","floor":35},{"not_picked":["Barrage+1","Tempest"],"picked":"Go for the Eyes+1","floor":36},{"not_picked":["Sunder+1","Gash+1"],"picked":"Defragment","floor":38},{"not_picked":["Hologram+1","Chaos+1"],"picked":"Recycle+1","floor":39},{"not_picked":["Gash","Skim+1"],"picked":"Redo+1","floor":41},{"not_picked":["Beam Cell+1","Hologram","Conserve Battery"],"picked":"Singing Bowl","floor":44},{"not_picked":["Stack+1","Gash"],"picked":"Seek","floor":45},{"not_picked":["Steam+1","BootSequence+1","Recycle"],"picked":"Singing Bowl","floor":48},{"not_picked":["Beam Cell","Go for the Eyes+1","All For One"],"picked":"Singing Bowl","floor":49},{"not_picked":["Chill","Hello World+1","Cold Snap+1"],"picked":"Singing Bowl","floor":52},{"not_picked":["Sunder","Coolheaded+1","Stack+1"],"picked":"Singing Bowl","floor":54}],"player_experience":409153,"relics_obtained":[{"floor":3,"key":"Lizard Tail"},{"floor":6,"key":"Potion Belt"},{"floor":8,"key":"FossilizedHelix"},{"floor":9,"key":"InkBottle"},{"floor":11,"key":"DataDisk"},{"floor":13,"key":"Bottled Tornado"},{"floor":24,"key":"Unceasing Top"},{"floor":26,"key":"Gremlin Horn"},{"floor":31,"key":"Orichalcum"},{"floor":34,"key":"MealTicket"},{"floor":34,"key":"Mummified Hand"},{"floor":34,"key":"Thread and Needle"},{"floor":36,"key":"Pocketwatch"},{"floor":38,"key":"Bird Faced Urn"},{"floor":41,"key":"CaptainsWheel"},{"floor":42,"key":"Eternal Feather"},{"floor":43,"key":"Dream Catcher"},{"floor":54,"key":"Ornamental Fan"}],"event_choices":[{"damage_healed":0,"gold_gain":0,"player_choice":"Box","damage_taken":0,"relics_obtained":["Singing Bowl"],"max_hp_gain":0,"max_hp_loss":0,"event_name":"Big Fish","floor":2,"gold_loss":0,"cards_obtained":["Regret"]},{"damage_healed":0,"gold_gain":0,"player_choice":"1 cards matched","damage_taken":0,"max_hp_gain":0,"max_hp_loss":0,"event_name":"Match and Keep!","floor":12,"gold_loss":0,"cards_obtained":["Capacitor"]},{"damage_healed":0,"gold_gain":0,"player_choice":"Inject Mutagens","damage_taken":0,"relics_obtained":["MutagenicStrength"],"max_hp_gain":0,"max_hp_loss":0,"event_name":"Drug Dealer","floor":21,"gold_loss":0},{"damage_healed":0,"gold_gain":0,"player_choice":"Ignored","damage_taken":0,"max_hp_gain":0,"max_hp_loss":0,"event_name":"Ghosts","floor":28,"gold_loss":0},{"damage_healed":0,"gold_gain":0,"player_choice":"Fight","damage_taken":0,"max_hp_gain":0,"max_hp_loss":0,"event_name":"Mysterious Sphere","floor":36,"gold_loss":0},{"damage_healed":0,"gold_gain":0,"player_choice":"Fight","damage_taken":0,"max_hp_gain":0,"max_hp_loss":0,"event_name":"MindBloom","floor":38,"gold_loss":0},{"cards_removed":["Strike_B"],"damage_healed":0,"gold_gain":0,"player_choice":"Removed Attack","damage_taken":0,"max_hp_gain":0,"max_hp_loss":0,"event_name":"Falling","floor":46,"gold_loss":0}],"is_beta":false,"boss_relics":[{"not_picked":["FrozenCore","Ectoplasm"],"picked":"Fusion Hammer"},{"not_picked":["SlaversCollar","Cursed Key"],"picked":"Calling Bell"}],"items_purged_floors":[20,37],"is_endless":false,"potions_floor_spawned":[6,8,16,18,30,31,33,41,44,48,54],"ascension_level":3}}