{"host":"00f1p9ihhzi7hxfk","time":1612955789,"event":{"mods":["AchievementEnabler","BaseMod","Colored Map","Colored Powertips","Minty Spire (QoL Compilation)","Rare Cards Sparkle","Relic Stats"],"gold_per_floor":[114,131,149,149,166,166,179,179,179,129,140,215,215,11,11,11,11],"floor_reached":16,"language":"ENG","playtime":781,"items_purged":[],"score":92,"play_id":"40d49844-02fb-4f82-9cfa-6a9c8822a94c","local_time":"20210210121629","is_ascension_mode":false,"campfire_choices":[{"floor":6,"key":"REST"},{"floor":13,"key":"REST"},{"floor":15,"key":"REST"}],"circlet_count":0,"master_deck":["Strike_P","Strike_P","Strike_P","Defend_P","Defend_P","Defend_P","Defend_P","Eruption","Vigilance","BowlingBash","JustLucky","Worship","ClearTheMind","Consecrate","EmptyBody"],"relics":["PureWater","HornCleat","Letter Opener","Ancient Tea Set"],"acts_visited":["Exordium"],"potions_floor_usage":[],"damage_taken":[{"damage":3,"enemies":"Small Slimes","floor":1,"turns":3},{"damage":15,"enemies":"Jaw Worm","floor":2,"turns":3},{"damage":0,"enemies":"Cultist","floor":3,"turns":2},{"damage":0,"enemies":"Blue Slaver","floor":5,"turns":4},{"damage":3,"enemies":"Looter","floor":7,"turns":4},{"damage":5,"enemies":"2 Fungi Beasts","floor":11,"turns":4},{"damage":79,"enemies":"Hexaghost","floor":16,"turns":11}],"seed_played":"-8774159108301605157","potions_obtained":[{"floor":2,"key":"Fire Potion"},{"floor":7,"key":"SteroidPotion"},{"floor":11,"key":"AttackPotion"}],"is_trial":false,"path_per_floor":["M","M","M","?","M","R","M","?","T","?","M","?","R","$","R","B"],"character_chosen":"WATCHER","items_purchased":["Ancient Tea Set","Swift Potion"],"campfire_rested":3,"item_purchase_floors":[14,14],"current_hp_per_floor":[76,61,61,28,28,51,48,48,48,48,43,32,55,55,78,0,0],"gold":11,"neow_bonus":"TEN_PERCENT_HP_BONUS","is_daily":false,"chose_seed":false,"campfire_upgraded":0,"win_rate":0.0,"timestamp":1612955789,"path_taken":["M","M","M","?","M","R","M","?","T","?","M","?","R","$","R","BOSS"],"items_purchased_type":["Relic","Potion"],"build_version":"2020-12-22","purchased_purges":0,"victory":false,"max_hp_per_floor":[79,79,79,79,79,79,79,79,79,79,79,79,79,79,79,79,79],"relic_stats":{"counters":[7,31],"Letter Opener":[15],"obtain_stats":[{"HornCleat":4,"Letter Opener":9,"PureWater":0,"Ancient Tea Set":14},{"HornCleat":3,"Letter Opener":5,"PureWater":0,"Ancient Tea Set":6},{"HornCleat":8,"Letter Opener":16,"PureWater":0,"Ancient Tea Set":20}]},"card_choices":[{"not_picked":["PathToVictory","WreathOfFlame"],"picked":"BowlingBash","floor":1},{"not_picked":["ThirdEye","CrushJoints"],"picked":"JustLucky","floor":2},{"not_picked":["WindmillStrike","Study"],"picked":"Worship","floor":3},{"not_picked":["EmptyFist","Indignation"],"picked":"ClearTheMind","floor":5},{"not_picked":["BattleHymn","EmptyFist"],"picked":"Consecrate","floor":7},{"not_picked":["Judgement","InnerPeace"],"picked":"EmptyBody","floor":11}],"player_experience":98174,"relics_obtained":[{"floor":9,"key":"Letter Opener"}],"event_choices":[{"damage_healed":0,"gold_gain":0,"player_choice":"Success","damage_taken":33,"relics_obtained":["HornCleat"],"max_hp_gain":0,"max_hp_loss":0,"event_name":"Scrap Ooze","floor":4,"gold_loss":0},{"damage_healed":0,"gold_gain":0,"player_choice":"Ignored","damage_taken":0,"max_hp_gain":0,"max_hp_loss":0,"event_name":"Golden Wing","floor":8,"gold_loss":0},{"cards_removed":["Strike_P"],"damage_healed":0,"gold_gain":0,"player_choice":"Card Removal","damage_taken":0,"max_hp_gain":0,"max_hp_loss":0,"event_name":"The Cleric","floor":10,"gold_loss":50},{"damage_healed":0,"gold_gain":75,"player_choice":"Gather Gold","damage_taken":11,"max_hp_gain":0,"max_hp_loss":0,"event_name":"World of Goop","floor":12,"gold_loss":0}],"is_beta":false,"boss_relics":[],"items_purged_floors":[],"is_endless":false,"potions_floor_spawned":[2,7,11],"killed_by":"Hexaghost","ascension_level":0}}