{"host":"ga4s3hj9m6nkn6gp","time":1612982602,"event":{"mods":["AchievementEnabler","BaseMod","Bestiary","Colored Powertips","Highlight Path","Minty Spire (QoL Compilation)","Relic Stats","everything is the same but u backflip on backflip"],"gold_per_floor":[109,123,123,123,147,147,147,185,185,210,210,210,210,253,253,253,253],"floor_reached":16,"language":"ENG","playtime":674,"items_purged":[],"score":216,"play_id":"6c7df05a-b5f9-4662-8565-efe63dd2fd6c","local_time":"20210210194322","is_ascension_mode":true,"campfire_choices":[{"data":"Choke","floor":6,"key":"SMITH"},{"data":"Dagger Spray","floor":13,"key":"SMITH"},{"data":"Dash","floor":15,"key":"SMITH"}],"circlet_count":0,"master_deck":["AscendersBane","Strike_G","Strike_G","Strike_G","Defend_G","Defend_G","Defend_G","Defend_G","Defend_G","Survivor","Neutralize","Choke+1","Dash+1","Backstab","Dagger Spray+1"],"relics":["Ring of the Snake","Juzu Bracelet","Golden Idol","Nunchaku","Frozen Egg 2","Smiling Mask","Ice Cream","Torii"],"acts_visited":["Exordium"],"potions_floor_usage":[8,16],"damage_taken":[{"damage":2,"enemies":"Jaw Worm","floor":1,"turns":6},{"damage":1,"enemies":"2 Louse","floor":2,"turns":3},{"damage":0,"enemies":"Small Slimes","floor":5,"turns":4},{"damage":24,"enemies":"Gremlin Nob","floor":8,"turns":4},{"damage":0,"enemies":"Red Slaver","floor":10,"turns":3},{"damage":21,"enemies":"Lagavulin","floor":14,"turns":8},{"damage":5,"enemies":"The Guardian","floor":16,"turns":14}],"seed_played":"-1404826028667925798","potions_obtained":[{"floor":1,"key":"Energy Potion"},{"floor":8,"key":"GhostInAJar"},{"floor":14,"key":"EssenceOfSteel"}],"is_trial":false,"path_per_floor":["M","M","?","?","M","R","?","E","T","M","?","?","R","E","R","B"],"character_chosen":"THE_SILENT","items_purchased":[],"campfire_rested":0,"item_purchase_floors":[],"current_hp_per_floor":[57,56,56,49,49,49,49,25,25,25,25,25,25,4,4,0,0],"gold":253,"neow_bonus":"RANDOM_COMMON_RELIC","is_daily":false,"chose_seed":false,"campfire_upgraded":3,"win_rate":0.0,"timestamp":1612982602,"path_taken":["M","M","?","?","M","R","?","E","T","M","?","?","R","E","R","BOSS"],"items_purchased_type":[],"build_version":"2020-12-22","purchased_purges":0,"victory":false,"max_hp_per_floor":[66,66,60,60,60,60,60,60,60,60,60,60,60,60,60,60,60],"relic_stats":{"Nunchaku":[4],"Torii":4,"counters":[7,42],"Golden Idol":27,"Juzu Bracelet":1,"Smiling Mask":0,"obtain_stats":[{"Ice Cream":12,"Nunchaku":8,"Torii":14,"Golden Idol":3,"Juzu Bracelet":0,"Frozen Egg 2":9,"Smiling Mask":11,"Ring of the Snake":0},{"Ice Cream":5,"Nunchaku":4,"Torii":6,"Golden Idol":2,"Juzu Bracelet":0,"Frozen Egg 2":4,"Smiling Mask":5,"Ring of the Snake":0},{"Ice Cream":20,"Nunchaku":17,"Torii":28,"Golden Idol":9,"Juzu Bracelet":0,"Frozen Egg 2":17,"Smiling Mask":20,"Ring of the Snake":0}],"Ring of the Snake":[14]},"card_choices":[{"not_picked":["Prepared","Sucker Punch"],"picked":"Choke","floor":1},{"not_picked":["Flying Knee","Expertise"],"picked":"Dash","floor":2},{"not_picked":["Backflip","Finisher"],"picked":"Backstab","floor":5},{"not_picked":["Dodge and Roll","Finisher","Envenom"],"picked":"SKIP","floor":8},{"not_picked":["Dodge and Roll","Finisher","Envenom"],"picked":"SKIP","floor":8},{"not_picked":["Dodge and Roll","Backflip","Concentrate"],"picked":"SKIP","floor":10},{"not_picked":["Eviscerate","Concentrate","Poisoned Stab"],"picked":"SKIP","floor":14}],"player_experience":763163,"relics_obtained":[{"floor":8,"key":"Nunchaku"},{"floor":9,"key":"Frozen Egg 2"},{"floor":14,"key":"Torii"}],"event_choices":[{"damage_healed":0,"gold_gain":0,"player_choice":"Lose Max HP","damage_taken":0,"relics_obtained":["Golden Idol"],"max_hp_gain":0,"max_hp_loss":6,"event_name":"Golden Idol","floor":3,"gold_loss":0},{"cards_removed":["Strike_G"],"damage_healed":0,"gold_gain":0,"player_choice":"Card Removal","damage_taken":7,"max_hp_gain":0,"max_hp_loss":0,"event_name":"Golden Wing","floor":4,"gold_loss":0},{"damage_healed":0,"gold_gain":0,"cards_transformed":["Strike_G"],"player_choice":"Change","damage_taken":0,"max_hp_gain":0,"max_hp_loss":0,"event_name":"Living Wall","floor":7,"gold_loss":0,"cards_obtained":["Dagger Spray"]},{"damage_healed":0,"gold_gain":0,"player_choice":"Searched \u00271\u0027 times","damage_taken":0,"relics_obtained":["Smiling Mask"],"max_hp_gain":0,"max_hp_loss":0,"event_name":"Dead Adventurer","floor":11,"gold_loss":0},{"damage_healed":0,"gold_gain":0,"player_choice":"Gave Potion","damage_taken":0,"relics_obtained":["Ice Cream"],"max_hp_gain":0,"max_hp_loss":0,"event_name":"WeMeetAgain","floor":12,"gold_loss":0}],"is_beta":false,"boss_relics":[],"items_purged_floors":[],"is_endless":false,"potions_floor_spawned":[1,8,14],"killed_by":"The Guardian","ascension_level":20}}