{"host":"q5gyi9x7ayauaq2y","time":1612982308,"event":{"mods":["AchievementEnabler","BaseMod","BetterRewards","Colored Map","Colored Powertips","Downfall","GifTheSpireLib","Hero for Fun","Minty Spire (QoL Compilation)","Permanent Neow","Replay The Spire","StSLib","The Bug Knight","The Construct","The Cursed","The Hierophant"],"gold_per_floor":[99,110,130,130,146,178,203,203,203,203],"floor_reached":8,"language":"ENG","playtime":1203,"items_purged":[],"score":59,"play_id":"b89c399d-8af0-45f6-8dd7-947c3fc197cf","local_time":"20210210183828","is_ascension_mode":true,"campfire_choices":[{"data":"Guardian:CurlUp","floor":1,"key":"SMITH"}],"circlet_count":0,"master_deck":["Guardian:Strike_Guardian","Guardian:Strike_Guardian","Guardian:Strike_Guardian","Guardian:Strike_Guardian","Guardian:Defend_Guardian","Guardian:Defend_Guardian","Guardian:Defend_Guardian","Guardian:Defend_Guardian","Guardian:CurlUp+1","Guardian:TwinSlam","Purity","Guardian:Harden","Guardian:Gem_Green","Guardian:Gem_White"],"relics":["Guardian:ModeShifter","downfall:BrokenWingStatue","Anchor"],"acts_visited":["Exordium"],"potions_floor_usage":[6,8,8],"damage_taken":[{"damage":1,"enemies":"Cultist","floor":2,"turns":4},{"damage":11,"enemies":"Jaw Worm","floor":3,"turns":4},{"damage":5,"enemies":"2 Louse","floor":5,"turns":3},{"damage":37,"enemies":"3 Sentries","floor":6,"turns":14},{"damage":32,"enemies":"HollowMod:MossKnight","floor":8,"turns":17}],"seed_played":"689681094089828806","potions_obtained":[{"floor":3,"key":"Adrenaline Potion"},{"floor":5,"key":"Weak Potion"},{"floor":6,"key":"champ:CounterPotion"}],"is_trial":false,"path_per_floor":["R","M","M","?","M","E","T","E"],"character_chosen":"GUARDIAN","items_purchased":[],"campfire_rested":0,"item_purchase_floors":[],"current_hp_per_floor":[80,79,68,68,63,26,26,0,0,0],"gold":203,"neow_bonus":"RANDOM_COLORLESS","is_daily":false,"chose_seed":false,"campfire_upgraded":1,"win_rate":0.0,"timestamp":1612982308,"path_taken":["R","M","?","?","M","E","T","E"],"items_purchased_type":[],"build_version":"2020-12-22","purchased_purges":0,"victory":false,"max_hp_per_floor":[80,80,80,80,80,80,80,80,80,80],"card_choices":[{"not_picked":["Dark Shackles","PanicButton"],"picked":"Purity","floor":0},{"not_picked":["Guardian:TemporalShield","Guardian:Orbwalk"],"picked":"Guardian:Harden","floor":2},{"not_picked":["Guardian:Reroute","Guardian:TemporalStrike","Guardian:Recover"],"picked":"SKIP","floor":3},{"not_picked":["Guardian:Gem_Red","Guardian:Incinerate"],"picked":"Guardian:Gem_Green","floor":5},{"not_picked":["Guardian:TemporalShield","Guardian:GemFire"],"picked":"Guardian:Gem_White","floor":6}],"player_experience":157554,"relics_obtained":[{"floor":6,"key":"Anchor"}],"event_choices":[],"is_beta":false,"boss_relics":[],"items_purged_floors":[],"is_endless":false,"potions_floor_spawned":[3,5,6],"killed_by":"HollowMod:MossKnight","ascension_level":1}}