{"host":"zgdag062zrknap1a","time":1612993740,"event":{"mods":["AchievementEnabler","Act Like it!","Aspiration","Bard","BaseMod","BetterRewards","Colored Map","Colored Powertips","Conspire","Downfall","Gensokyo","Hallownest","Hermit","Highlight Path","Hubris","Infinite Spire","Jorbs\u0027s Wanderer Trilogy","Marisa????????","Minty Spire (QoL Compilation)","Quick Restart","Rare Cards Sparkle","Replay The Spire","Shop Mod","StSLib","The Bug Knight","The Cursed","The Hierophant","The Necromancer","The Runesmith","The Servant 0.9.4"],"gold_per_floor":[114,114,165,214,214,244,244,272,272,285,285,317,329,404,404,499,499,513,513,545,336,350,350,364,374,398,398,408,408,441,459,459,556,556,574,587,643,699,699,699,758,841,866,937,937,937,937,875,875,875,875,875,724,797,797,797],"floor_reached":55,"language":"ENG","playtime":4641,"items_purged":[],"score":960,"play_id":"0a1ad3d5-7c63-4a6a-8b5a-d4e8d25b4358","local_time":"20210210134900","is_ascension_mode":false,"campfire_choices":[{"floor":7,"key":"RECALL"},{"data":"MeteoricShower","floor":11,"key":"SMITH"},{"data":"EarthLightRay","floor":15,"key":"SMITH"},{"data":"EscapeVelocity","floor":23,"key":"SMITH"},{"data":"Orbital","floor":27,"key":"SMITH"},{"data":"ShootingEcho","floor":29,"key":"SMITH"},{"data":"BlazeAway","floor":32,"key":"SMITH"},{"data":"BlazingStar","floor":40,"key":"SMITH"},{"data":"BlazingStar","floor":45,"key":"SMITH"},{"floor":49,"key":"REST"},{"data":"ManaConvection","floor":52,"key":"SMITH"}],"circlet_count":0,"master_deck":["Strike_MRS","Strike_MRS","Strike_MRS","Strike_MRS","Defend_MRS","Defend_MRS","Defend_MRS+1","Defend_MRS+1","MasterSpark","UpSweep","MeteoricShower+1","WitchLeyline","WitchLeyline","ManaConvection+1","EarthLightRay+1","Orbital+1","MagicAbsorber+1","EscapeVelocity+1","WitchLeyline","EarthLightRay+1","ShootingEcho+1","BlazeAway+1","MagicAbsorber+1","BlazingStar+1","ShootingEcho","WitchLeyline","WitchLeyline+1","MilkyWay","MagicAbsorber+1","SuperPerseids+1","BlazingStar+1","GasGiant+1","GasGiant+1"],"relics":["MiniHakkero","Prayer Wheel","MerchantsRug","Lee\u0027s Waffle","Onion Ring","Regal Pillow","Smiling Mask","hubris:Metronome","Meat on the Bone","bronze:MakeshiftBattery","conspire:DeflatedDodgeball","Red Mask","War Paint","Lantern","infinitespire:Lucky Rock","hubris:Backtick","HandmadeGrimoire","infinitespire:EvilPickle","Pet Ghost","Pen Nib","Simple Rune","hubris:Potato"],"acts_visited":["Exordium","TheCity","TheBeyond","TheEnding"],"potions_floor_usage":[6,8,31,33,55,55,55],"damage_taken":[{"damage":11,"enemies":"Jaw Worm","floor":1,"turns":3},{"damage":16,"enemies":"Lagavulin","floor":6,"turns":5},{"damage":11,"enemies":"Gremlin Nob","floor":8,"turns":3},{"damage":4,"enemies":"Small Slimes","floor":10,"turns":2},{"damage":4,"enemies":"3 Sentries","floor":12,"turns":4},{"damage":0,"enemies":"2 Louse","floor":13,"turns":2},{"damage":30,"enemies":"Hexaghost","floor":16,"turns":6},{"damage":20,"enemies":"2 Thieves","floor":18,"turns":2},{"damage":10,"enemies":"Masked Bandits","floor":20,"turns":2},{"damage":0,"enemies":"Chosen","floor":22,"turns":2},{"damage":21,"enemies":"Snecko","floor":24,"turns":4},{"damage":29,"enemies":"Shelled Parasite and Fungi","floor":25,"turns":4},{"damage":9,"enemies":"conspire:HollyBat","floor":28,"turns":7},{"damage":31,"enemies":"Replay:Snechameleon","floor":30,"turns":4},{"damage":2,"enemies":"Snake Plant","floor":31,"turns":2},{"damage":23,"enemies":"Pondfish","floor":33,"turns":7},{"damage":5,"enemies":"3 Darklings","floor":35,"turns":3},{"damage":15,"enemies":"3 Shapes","floor":36,"turns":2},{"damage":13,"enemies":"Spire Growth","floor":37,"turns":4},{"damage":52,"enemies":"Maw","floor":38,"turns":7},{"damage":24,"enemies":"Transient","floor":41,"turns":5},{"damage":38,"enemies":"R_Hoarder","floor":42,"turns":5},{"damage":5,"enemies":"4 Shapes","floor":44,"turns":2},{"damage":38,"enemies":"Time Eater","floor":50,"turns":5},{"damage":53,"enemies":"Shield and Spear","floor":54,"turns":4},{"damage":72,"enemies":"The Heart","floor":55,"turns":5}],"seed_played":"-3004739230462642680","potions_obtained":[{"floor":1,"key":"Doom Potion"},{"floor":3,"key":"PowerPotion"},{"floor":6,"key":"Ancient Potion"},{"floor":18,"key":"Milkshake"},{"floor":22,"key":"Guardian:BlockOnCardUsePotion"},{"floor":30,"key":"StarNLove"},{"floor":31,"key":"Milkshake"},{"floor":33,"key":"SpeedPotion"},{"floor":38,"key":"Elixir"}],"is_trial":false,"path_per_floor":["M","?","?","T","?","E","R","E","T","M","R","E","M","?","R","B",null,"M","AVR","?","$","M","R","M","M","T","R","M","R","E","M","R","B",null,"M","M","M","M","?","R","M","E","T","M","R","$","?","$","R","B",null,"R","$","E","B"],"character_chosen":"MARISA","items_purchased":["Prayer Wheel","MeteoricShower","MerchantsRug","WitchLeyline","Lee\u0027s Waffle","ShootingEcho","War Paint","Guardian:BlockOnCardUsePotion","Simple Rune"],"campfire_rested":1,"item_purchase_floors":[0,0,0,0,0,21,21,48,53],"current_hp_per_floor":[71,71,51,51,51,43,43,36,36,40,40,44,48,37,37,25,82,62,62,58,58,58,58,49,38,38,38,53,53,46,50,50,45,82,79,67,69,41,41,41,53,33,33,46,46,46,46,46,82,50,82,82,82,47,0,0],"gold":797,"neow_bonus":"","is_daily":false,"chose_seed":false,"campfire_upgraded":9,"win_rate":0.0,"timestamp":1612993740,"path_taken":["M","?","?","?","?","E","R","E","T","M","R","E","M","?","R","BOSS","M","AVR","?","$","M","R","M","M","T","R","M","R","E","M","R","BOSS","M","M","M","M","?","R","?","E","T","M","R","$","?","?","R","BOSS","R","$","E","BOSS"],"items_purchased_type":["Relic","Card","Relic","Card","Relic","Card","Relic","Potion","Relic"],"build_version":"2020-12-22","purchased_purges":0,"victory":false,"max_hp_per_floor":[82,82,82,82,82,82,82,82,82,82,82,82,82,82,82,82,82,82,82,82,82,82,82,82,82,82,82,82,82,82,82,82,82,82,82,82,82,82,82,82,82,82,82,82,82,82,82,82,82,82,82,82,82,82,82,82],"card_choices":[{"not_picked":["GrandCross","DoubleSpark"],"picked":"ManaConvection","floor":1},{"not_picked":["PowerUp","SprinkleStarSeal"],"picked":"EarthLightRay","floor":1},{"not_picked":["GravityBeat","6A"],"picked":"Orbital","floor":3},{"not_picked":["EarthLightRay","AsteroidBelt","BigCrunch"],"picked":"SKIP","floor":6},{"not_picked":["NonDirectionalLaser","AsteroidBelt","PropBag"],"picked":"SKIP","floor":8},{"not_picked":["DeepEcoloBomb","SporeBomb"],"picked":"MagicAbsorber","floor":10},{"not_picked":["DoubleSpark","MilkyWay","PowerUp"],"picked":"SKIP","floor":10},{"not_picked":["DarkSpark","PulseMagic","MaximisePower"],"picked":"SKIP","floor":12},{"not_picked":["Occultation","MilkyWay","FairyDestructionRay"],"picked":"SKIP","floor":13},{"not_picked":["WitchOfGreed","IllusionStar","DragonMeteor"],"picked":"SKIP","floor":13},{"not_picked":["SatelliteIllusion","StarDustReverie"],"picked":"EscapeVelocity","floor":16},{"not_picked":["DC","PowerUp"],"picked":"WitchLeyline","floor":18},{"not_picked":["AsteroidBelt+1","6A","DoubleSpark"],"picked":"SKIP","floor":18},{"not_picked":["StarBarrage","MachineGunSpark"],"picked":"EarthLightRay+1","floor":20},{"not_picked":["OortCloud","StarBarrage","NonDirectionalLaser"],"picked":"SKIP","floor":22},{"not_picked":["NonDirectionalLaser+1","FairyDestructionRay","LuminesStrike+1"],"picked":"SKIP","floor":22},{"not_picked":["ChargeUpSpray+1","ManaConvection"],"picked":"BlazeAway","floor":24},{"not_picked":["AsteroidBelt","EscapeVelocity","LuminesStrike"],"picked":"SKIP","floor":24},{"not_picked":["MysteriousBeam+1","DC","GrandCross"],"picked":"SKIP","floor":25},{"not_picked":["ChargeUpSpray","LuminesStrike","GalacticHalo"],"picked":"SKIP","floor":25},{"not_picked":["DC","WitchLeyline","UnstableBomb"],"picked":"SKIP","floor":28},{"not_picked":["Occultation+1","DeepEcoloBomb","Robbery+1"],"picked":"SKIP","floor":28},{"not_picked":["StarlightTyphoon+1","AlicesGift+1","EnergyRecoil"],"picked":"SKIP","floor":30},{"not_picked":["GalacticHalo","DC"],"picked":"MagicAbsorber+1","floor":31},{"not_picked":["GalacticHalo","GravityBeat","Acceleration+1"],"picked":"SKIP","floor":31},{"not_picked":["FinalSpark","SatelliteIllusion"],"picked":"BlazingStar","floor":33},{"not_picked":["SporeBomb+1","EarthLightRay"],"picked":"ShootingEcho","floor":35},{"not_picked":["EnergyRecoil","6A+1","WitchOfGreed"],"picked":"SKIP","floor":35},{"not_picked":["ShootingEcho","DragonMeteor+1"],"picked":"WitchLeyline","floor":36},{"not_picked":["GalacticHalo","MysteriousBeam+1","AsteroidBelt+1"],"picked":"SKIP","floor":36},{"not_picked":["GalacticHalo","MysteriousBeam+1","AsteroidBelt+1"],"picked":"SKIP","floor":36},{"not_picked":["DarkSpark+1","MilkyWay+1"],"picked":"WitchLeyline+1","floor":37},{"not_picked":["6A+1","AbsoluteMagnitude","OpenUniverse"],"picked":"SKIP","floor":37},{"not_picked":["6A","PulseMagic+1"],"picked":"MilkyWay","floor":38},{"not_picked":["AsteroidBelt+1","WitchOfGreed"],"picked":"MagicAbsorber+1","floor":38},{"not_picked":["DoubleSpark","WitchOfGreed"],"picked":"SuperPerseids+1","floor":41},{"not_picked":["MysteriousBeam+1","GrandCross+1","ChargingUp"],"picked":"SKIP","floor":41},{"not_picked":["DragonMeteor+1","WitchOfGreed+1"],"picked":"BlazingStar","floor":42},{"not_picked":["6A+1","GalacticHalo+1"],"picked":"GasGiant+1","floor":44},{"not_picked":["IllusionStar+1","ManaRampage","MilkyWay+1"],"picked":"SKIP","floor":44},{"not_picked":["SuperPerseids","ShootingEcho"],"picked":"GasGiant+1","floor":54}],"player_experience":437790,"relics_obtained":[{"floor":3,"key":"Onion Ring"},{"floor":6,"key":"Regal Pillow"},{"floor":8,"key":"Smiling Mask"},{"floor":9,"key":"hubris:Metronome"},{"floor":12,"key":"Meat on the Bone"},{"floor":20,"key":"Red Mask"},{"floor":26,"key":"Lantern"},{"floor":30,"key":"infinitespire:Lucky Rock"},{"floor":42,"key":"Pet Ghost"},{"floor":43,"key":"Pen Nib"},{"floor":54,"key":"hubris:Potato"}],"event_choices":[{"damage_healed":0,"gold_gain":0,"player_choice":"Leave","damage_taken":0,"max_hp_gain":0,"max_hp_loss":0,"event_name":"conspire:Investor","floor":2,"gold_loss":0},{"damage_healed":0,"gold_gain":75,"player_choice":"Gather Gold","damage_taken":11,"max_hp_gain":0,"max_hp_loss":0,"event_name":"World of Goop","floor":14,"gold_loss":0},{"damage_healed":0,"gold_gain":0,"player_choice":"Fought Bandits","damage_taken":0,"max_hp_gain":0,"max_hp_loss":0,"event_name":"Masked Bandits","floor":20,"gold_loss":0},{"damage_healed":0,"gold_gain":0,"player_choice":"Ignored","damage_taken":0,"max_hp_gain":0,"max_hp_loss":0,"event_name":"Transmorgrifier","floor":39,"gold_loss":0},{"damage_healed":0,"gold_gain":0,"player_choice":"Ignored","damage_taken":0,"max_hp_gain":0,"max_hp_loss":0,"event_name":"Tomb of Lord Red Mask","floor":47,"gold_loss":0}],"is_beta":false,"boss_relics":[{"not_picked":["Replay:Ancient Bell","Tiny House"],"picked":"bronze:MakeshiftBattery"},{"not_picked":["hubris:GrandSneckoEye","aspiration:RitualDagger"],"picked":"hubris:Backtick"}],"items_purged_floors":[],"is_endless":false,"potions_floor_spawned":[1,6,18,22,30,31,33,36,37,38,41],"killed_by":"The Heart","ascension_level":0}}