{"host":"flm17o2q7bfjyna6","time":1612978358,"event":{"mods":["2.2 Compatiblity","Act Like it!","BaseMod","Better Altar","Better Match","Better Note","Better Sensory Stone","Better Skull","Better Third Choice","Better Vampires","Colored Map","Colored Powertips","DeckTracker","Fox Events","Hermit","Minty Spire (QoL Compilation)","Quick Restart","Reliquary","Replay The Spire","Reworked Bosses","Spicy Shops","StSLib","TheSwordswoman","Wandering Minibosses"],"gold_per_floor":[363,305,12,28,45,45,79,95,144,184,196,225,255,279,291,400,412,440,467,404,38,38,38,69,80,80,108,108,126,159,172,172,276,276,289,189,202,202,6,6,35,35,35,35,62,62,37,68,68,68],"floor_reached":51,"language":"ENG","playtime":4934,"items_purged":["blazmod:Strike","blazmod:Defend"],"score":1068,"play_id":"649233a9-dd9d-465a-8bda-aaf856e45cb9","local_time":"20210210123238","is_ascension_mode":true,"campfire_choices":[{"data":"blazmod:ButterflyEffect","floor":6,"key":"SMITH"},{"data":"blazmod:Kyokasuigetsu","floor":11,"key":"SMITH"},{"data":"blazmod:DevilDivine","floor":15,"key":"SMITH"},{"data":"blazmod:BlindBlade","floor":23,"key":"SMITH"},{"data":"blazmod:ButterflyForm","floor":28,"key":"SMITH"},{"data":"blazmod:Strike","floor":32,"key":"PURGE"},{"data":"blazmod:SeismicSlash","floor":40,"key":"SMITH"},{"data":"blazmod:Lockswords","floor":44,"key":"SMITH"},{"data":"blazmod:KatanaStrike","floor":49,"key":"SMITH"}],"circlet_count":0,"master_deck":["blazmod:Strike+1","blazmod:Kyokasuigetsu+1","blazmod:KatanaStrike+1","blazmod:PhysicalEndurance","blazmod:MyEverything","blazmod:HoumatsuMugenKochouji+1","blazmod:FortifiedVigor+1","blazmod:Lockswords+1","blazmod:FlashRock","blazmod:MoonlightBlossoms+1","blazmod:DevilDivine+1","blazmod:ButterflyForm+1","blazmod:BlindBlade+1","blazmod:PureOfSoul+1","blazmod:FortifiedVigor+1","blazmod:ButterFlutter","blazmod:KatanaStrike","blazmod:BladeOfEnlightenment+1","blazmod:Trasient","blazmod:Quickdraw+1","blazmod:SeismicSlash+1","ReplayTheSpireMod:IOU","ReplayTheSpireMod:IOU","Swift Strike","Swift Strike","Flash of Steel","blazmod:ButterFlutter+1","blazmod:KatanaStrike+1"],"relics":["blazmod:Venustas","ReplayTheSpireMod:Ninjato","Ice Cream","ClockworkSouvenir","Eternal Feather","MawBank","Bottled Flame","reliquary:RedCape","Whetstone","Matryoshka","reliquary:TatteredRug","Replay:Ringing Soul","Onion Ring","reliquary:Buckler","Kintsugi","reliquary:ExpiredCoupon","Lee\u0027s Waffle","reliquary:SharkskinSheath","Gremlin Food","reliquary:HotPoker","reliquary:NewFriend","TungstenRod","blazmod:Raikiri"],"acts_visited":["Exordium","TheCity","TheBeyond"],"potions_floor_usage":[16,27,27,27,29,33,50],"damage_taken":[{"damage":1,"enemies":"Cultist","floor":1,"turns":3},{"damage":2,"enemies":"Jaw Worm","floor":4,"turns":3},{"damage":3,"enemies":"Small Slimes","floor":5,"turns":3},{"damage":0,"enemies":"Lagavulin","floor":7,"turns":6},{"damage":0,"enemies":"3 Louse","floor":8,"turns":2},{"damage":18,"enemies":"Gremlin Nob","floor":10,"turns":4},{"damage":0,"enemies":"Exordium Wildlife","floor":12,"turns":2},{"damage":0,"enemies":"Looter","floor":13,"turns":3},{"damage":0,"enemies":"Exordium Thugs","floor":14,"turns":5},{"damage":5,"enemies":"Slime Boss","floor":16,"turns":10},{"damage":3,"enemies":"2 Thieves","floor":18,"turns":5},{"damage":0,"enemies":"Chosen","floor":19,"turns":3},{"damage":20,"enemies":"Slavers","floor":24,"turns":4},{"damage":8,"enemies":"Centurion and Healer","floor":25,"turns":6},{"damage":18,"enemies":"Gremlin Leader","floor":27,"turns":5},{"damage":8,"enemies":"Snake Plant","floor":29,"turns":4},{"damage":7,"enemies":"Book of Stabbing","floor":30,"turns":6},{"damage":0,"enemies":"Shelled Parasite and Fungi","floor":31,"turns":4},{"damage":0,"enemies":"bossMod:newCollector","floor":33,"turns":9},{"damage":0,"enemies":"Orb Walker","floor":35,"turns":4},{"damage":1,"enemies":"3 Darklings","floor":37,"turns":2},{"damage":0,"enemies":"Giant Head","floor":41,"turns":6},{"damage":0,"enemies":"Reptomancer","floor":45,"turns":3},{"damage":0,"enemies":"R_Hoarder","floor":48,"turns":5},{"damage":62,"enemies":"Time Eater","floor":50,"turns":11}],"seed_played":"8492839803327002808","potions_obtained":[{"floor":4,"key":"SpeedPotion"},{"floor":8,"key":"Reflective Coating"},{"floor":12,"key":"Venom Potion"},{"floor":14,"key":"LiquidMemories"},{"floor":25,"key":"Adrenaline Potion"},{"floor":27,"key":"Block Potion"},{"floor":29,"key":"Explosive Potion"},{"floor":31,"key":"Regen Potion"},{"floor":33,"key":"Milkshake"},{"floor":35,"key":"Explosive Potion"},{"floor":48,"key":"Strength Potion"}],"is_trial":false,"path_per_floor":["M","?","$","M","M","R","E","M","T","E","R","M","M","M","R","B",null,"M","M","?","$","$","R","E","M","T","E","R","M","E","M","R_BF","B",null,"M","$","M","?","$","R","E","?","T","R","E","$","$","E","R","B",null],"character_chosen":"THE_SWORDSWOMAN","items_purchased":["Ice Cream","ClockworkSouvenir","Whetstone","blazmod:CrescentMoon","reliquary:ExpiredCoupon","Flash of Steel","Lee\u0027s Waffle","TungstenRod"],"campfire_rested":0,"item_purchase_floors":[3,3,21,21,39,39,39,47],"current_hp_per_floor":[27,27,27,25,22,22,22,22,22,4,13,13,13,13,22,17,40,37,37,37,37,37,40,36,28,28,13,28,23,19,22,37,79,98,98,98,97,100,111,111,111,111,111,111,114,114,114,117,117,55],"gold":68,"neow_bonus":"TWO_FIFTY_GOLD","is_daily":false,"chose_seed":false,"campfire_upgraded":8,"win_rate":0.0,"timestamp":1612978358,"path_taken":["M","?","$","M","M","R","E","M","T","E","R","M","M","M","R","BOSS","M","M","?","?","$","R","E","M","T","E","R","M","E","M","R_BF","BOSS","M","$","M","?","$","R","E","?","T","R","E","?","$","E","R","BOSS"],"items_purchased_type":["Relic","Relic","Relic","Card","Relic","Card","Relic","Relic"],"build_version":"2020-12-22","purchased_purges":2,"victory":true,"max_hp_per_floor":[40,40,40,40,40,40,40,40,40,40,40,40,40,40,40,40,40,40,40,40,40,40,40,56,56,56,59,59,62,65,68,68,95,98,98,98,98,101,111,111,111,111,111,111,114,114,114,117,117,117],"card_choices":[{"not_picked":["blazmod:BoulderFlash","blazmod:SidewaySolace"],"picked":"blazmod:KatanaStrike","floor":1},{"not_picked":["blazmod:SidewaySolace","blazmod:MentalFocus"],"picked":"blazmod:PhysicalEndurance","floor":4},{"not_picked":["blazmod:MentalFocus","blazmod:StanceChange"],"picked":"blazmod:MyEverything","floor":5},{"not_picked":["blazmod:PhysicalEndurance","blazmod:Valiance"],"picked":"blazmod:HoumatsuMugenKochouji","floor":7},{"not_picked":["blazmod:Valiance","blazmod:SidewaySolace"],"picked":"blazmod:FortifiedVigor","floor":8},{"not_picked":["blazmod:SeismicSlash","blazmod:SecondSight"],"picked":"blazmod:Lockswords","floor":10},{"not_picked":["blazmod:FortifiedVigor","blazmod:FlyFlyAgain"],"picked":"blazmod:FlashRock","floor":12},{"not_picked":["blazmod:Valiance","blazmod:Unrestrained"],"picked":"blazmod:MoonlightBlossoms","floor":13},{"not_picked":["blazmod:Trasient","blazmod:Crosscut"],"picked":"blazmod:DevilDivine","floor":14},{"not_picked":["blazmod:VisionsOfButterflies","blazmod:PerennialBeauty"],"picked":"blazmod:ButterflyForm","floor":16},{"not_picked":["blazmod:Crosscut+1","blazmod:PureOfSoul"],"picked":"blazmod:TrueOfHeart+1","floor":18},{"not_picked":["blazmod:FlashRock+1","blazmod:MentalFocus"],"picked":"blazmod:BlindBlade","floor":19},{"not_picked":["blazmod:UnderPurifyingWaters+1","blazmod:MoonlightBlossoms+1"],"picked":"blazmod:PureOfSoul+1","floor":20},{"not_picked":["blazmod:FleetOfFoot+1","blazmod:PhysicalEndurance+1"],"picked":"blazmod:FortifiedVigor+1","floor":20},{"not_picked":["blazmod:CastAwayDew","blazmod:PhoenixPlume"],"picked":"blazmod:ButterFlutter","floor":24},{"not_picked":["blazmod:CastAwayDew","blazmod:ButterFlutter"],"picked":"blazmod:KatanaStrike","floor":25},{"not_picked":["blazmod:Swordstorm","blazmod:ForgeWays"],"picked":"blazmod:BladeOfEnlightenment+1","floor":27},{"not_picked":["blazmod:FlawlessDraw","blazmod:ButterFlutter"],"picked":"blazmod:Trasient","floor":29},{"not_picked":["blazmod:FortifiedVigor","blazmod:FlawlessDraw"],"picked":"blazmod:CrescentMoon","floor":30},{"not_picked":["blazmod:FlashRock","blazmod:SidewaySolace"],"picked":"blazmod:Quickdraw+1","floor":31},{"not_picked":["blazmod:HoumatsuMugenKochouji","blazmod:ButterflyForm"],"picked":"blazmod:SeismicSlash","floor":33},{"not_picked":["blazmod:Trasient","blazmod:PhysicalEndurance","blazmod:StanceChange+1"],"picked":"SKIP","floor":35},{"not_picked":["blazmod:MentalFocus","blazmod:Valiance","blazmod:Quickdraw"],"picked":"SKIP","floor":37},{"not_picked":["ReplayTheSpireMod:Private Reserves","Panacea"],"picked":"Swift Strike","floor":38},{"not_picked":["Metamorphosis","Purity"],"picked":"Swift Strike","floor":38},{"not_picked":["blazmod:PureOfSoul","blazmod:Quickdraw","blazmod:FlashRock"],"picked":"SKIP","floor":41},{"not_picked":["blazmod:Valiance+1","blazmod:Crosscut+1"],"picked":"blazmod:ButterFlutter+1","floor":45},{"not_picked":["blazmod:StanceChange","blazmod:QuickBlade+1"],"picked":"blazmod:KatanaStrike+1","floor":48}],"player_experience":1750917,"relics_obtained":[{"floor":7,"key":"Eternal Feather"},{"floor":9,"key":"MawBank"},{"floor":10,"key":"Bottled Flame"},{"floor":24,"key":"Matryoshka"},{"floor":26,"key":"reliquary:TatteredRug"},{"floor":26,"key":"Replay:Ringing Soul"},{"floor":27,"key":"Onion Ring"},{"floor":30,"key":"reliquary:Buckler"},{"floor":41,"key":"reliquary:SharkskinSheath"},{"floor":43,"key":"Gremlin Food"},{"floor":43,"key":"reliquary:HotPoker"},{"floor":45,"key":"reliquary:NewFriend"},{"floor":48,"key":"blazmod:Raikiri"}],"event_choices":[{"damage_healed":0,"gold_gain":0,"player_choice":"Paid Gold","damage_taken":0,"relics_obtained":["ReplayTheSpireMod:Ninjato"],"max_hp_gain":0,"max_hp_loss":0,"event_name":"WeMeetAgain","floor":2,"gold_loss":58},{"damage_healed":0,"gold_gain":0,"player_choice":"2","damage_taken":0,"max_hp_gain":0,"max_hp_loss":0,"event_name":"betterMatch:BetterMatch","floor":20,"gold_loss":0,"cards_obtained":["betterMatch:UncommonCard","betterMatch:CommonCard"]},{"damage_healed":0,"gold_gain":3,"player_choice":"1","damage_taken":0,"max_hp_gain":0,"max_hp_loss":0,"event_name":"betterStone:BetterStone","floor":38,"gold_loss":0},{"cards_removed":["blazmod:TrueOfHeart"],"damage_healed":0,"gold_gain":0,"player_choice":"Removed Power","damage_taken":0,"max_hp_gain":0,"max_hp_loss":0,"event_name":"Falling","floor":42,"gold_loss":0}],"is_beta":false,"boss_relics":[{"not_picked":["ChewingGum","Runic Pyramid"],"picked":"reliquary:RedCape"},{"not_picked":["Ring of Chaos","Snecko Eye"],"picked":"Kintsugi"}],"items_purged_floors":[21,36],"is_endless":false,"potions_floor_spawned":[4,8,12,14,25,27,29,31,33,35,37,48],"ascension_level":2}}