{"host":"m0bekkrd201b63ug","time":1612975021,"event":{"mods":["AchievementEnabler","BaseMod","Colored Powertips","Minty Spire (QoL Compilation)","Rare Cards Sparkle","StSLib","SuperFastMode","everything is the same but u backflip on backflip","slay the spire mod where everything is the same but ironclad has a cowboy hat"],"gold_per_floor":[114,114,79,97,114,141,153,177,189,201,229,241,267,294,306,394,406,430,460,241,268,285,285,28,28,28,28,39,53,71,102,102,102,102],"floor_reached":33,"language":"ENG","playtime":1592,"items_purged":["Strike_G","Strike_G"],"score":509,"play_id":"6b5dd0a7-5cc6-44fd-8887-f93b15361ee5","local_time":"20210210143701","is_ascension_mode":true,"campfire_choices":[{"data":"Skewer","floor":7.0,"key":"SMITH"},{"data":"Malaise","floor":12.0,"key":"SMITH"},{"floor":15.0,"key":"REST"},{"floor":27.0,"key":"REST"},{"floor":32,"key":"REST"}],"circlet_count":0,"master_deck":["AscendersBane","Strike_G+1","Strike_G","Strike_G","Defend_G","Defend_G","Defend_G","Defend_G","Defend_G","Survivor+1","Neutralize","Skewer+1","Dash","Escape Plan","Malaise+1","Poisoned Stab","Burst","PiercingWail","Doubt"],"relics":["SlaversCollar","MawBank","Mercury Hourglass","Cursed Key","Lantern","Red Mask","Orichalcum","HornCleat","Bronze Scales"],"acts_visited":["Exordium","TheCity"],"potions_floor_usage":[31,33],"damage_taken":[{"damage":1.0,"enemies":"2 Louse","floor":1.0,"turns":4.0},{"damage":1.0,"enemies":"Small Slimes","floor":4.0,"turns":4.0},{"damage":7.0,"enemies":"Jaw Worm","floor":5.0,"turns":3.0},{"damage":12.0,"enemies":"Gremlin Nob","floor":6.0,"turns":5.0},{"damage":2.0,"enemies":"3 Louse","floor":8.0,"turns":4.0},{"damage":1.0,"enemies":"2 Fungi Beasts","floor":11.0,"turns":3.0},{"damage":5.0,"enemies":"Gremlin Gang","floor":13.0,"turns":5.0},{"damage":11.0,"enemies":"Exordium Thugs","floor":14.0,"turns":4.0},{"damage":10.0,"enemies":"The Guardian","floor":16.0,"turns":12.0},{"damage":6.0,"enemies":"Shell Parasite","floor":18.0,"turns":7.0},{"damage":16.0,"enemies":"3 Byrds","floor":19.0,"turns":6.0},{"damage":18.0,"enemies":"Masked Bandits","floor":21.0,"turns":6.0},{"damage":15.0,"enemies":"Centurion and Healer","floor":22.0,"turns":6.0},{"damage":3.0,"enemies":"Gremlin Leader","floor":23.0,"turns":7.0},{"damage":3.0,"enemies":"Snake Plant","floor":28.0,"turns":4.0},{"damage":0.0,"enemies":"Shelled Parasite and Fungi","floor":29.0,"turns":8.0},{"damage":11,"enemies":"3 Cultists","floor":30,"turns":8},{"damage":3,"enemies":"Book of Stabbing","floor":31,"turns":12},{"damage":36,"enemies":"Champ","floor":33,"turns":18}],"seed_played":"-6297838758041442071","potions_obtained":[{"floor":8.0,"key":"FearPotion"},{"floor":11.0,"key":"Poison Potion"},{"floor":14.0,"key":"Swift Potion"},{"floor":16.0,"key":"SmokeBomb"},{"floor":19.0,"key":"Fruit Juice"},{"floor":30,"key":"PowerPotion"},{"floor":31,"key":"DistilledChaos"}],"is_trial":false,"path_per_floor":["M","?","?","M","M","E","R","M","T","$","M","R","M","M","R","B",null,"M","M","$","?","M","E","$","?","T","R","M","M","M","E","R","B"],"character_chosen":"THE_SILENT","items_purchased":["Lantern","Orichalcum"],"campfire_rested":3,"item_purchase_floors":[20,24],"current_hp_per_floor":[58,38,54,53,46,34,34,32,32,32,31,31,26,15,34,24,56,50,39,39,21,6,3,3,3,3,24,21,21,10,7,28,0,0],"gold":102,"neow_bonus":"BOSS_RELIC","is_daily":false,"chose_seed":false,"campfire_upgraded":2,"win_rate":0.0,"timestamp":1612975021,"path_taken":["M","?","?","M","M","E","R","M","T","$","M","R","M","M","R","BOSS","M","M","$","?","M","E","$","?","T","R","M","M","M","E","R","BOSS"],"items_purchased_type":["Relic","Relic"],"build_version":"2020-12-22","purchased_purges":2,"victory":false,"max_hp_per_floor":[66,66,66,66,66,66,66,66,66,66,66,66,66,66,66,66,66,66,71,71,71,71,71,71,71,71,71,71,71,71,71,71,71,71],"card_choices":[{"not_picked":["Deflect","Deadly Poison"],"picked":"Skewer","floor":1.0},{"not_picked":["Deadly Poison","Flying Knee"],"picked":"Dash","floor":4.0},{"not_picked":["Masterful Stab","Underhanded Strike","Expertise"],"picked":"SKIP","floor":5.0},{"not_picked":["Deadly Poison","Endless Agony","Accuracy"],"picked":"SKIP","floor":6.0},{"not_picked":["Slice","Outmaneuver"],"picked":"Escape Plan","floor":8.0},{"not_picked":["Dagger Throw","Underhanded Strike"],"picked":"Malaise","floor":11.0},{"not_picked":["Infinite Blades","Finisher","Dagger Throw"],"picked":"SKIP","floor":13.0},{"not_picked":["Slice","Flying Knee"],"picked":"Poisoned Stab","floor":14.0},{"not_picked":["Unload","A Thousand Cuts"],"picked":"Burst","floor":16.0},{"not_picked":["Underhanded Strike","Deadly Poison","Deflect"],"picked":"SKIP","floor":18.0},{"not_picked":["Slice","Eviscerate","Acrobatics"],"picked":"SKIP","floor":19.0},{"not_picked":["Choke","Concentrate"],"picked":"PiercingWail","floor":22.0},{"not_picked":["Acrobatics","Slice","Cloak And Dagger+1"],"picked":"SKIP","floor":28.0},{"not_picked":["Blade Dance","Quick Slash","Cloak And Dagger"],"picked":"SKIP","floor":29},{"not_picked":["Leg Sweep","Blade Dance","Dagger Throw"],"picked":"SKIP","floor":30},{"not_picked":["Cloak And Dagger","Wraith Form v2","Caltrops"],"picked":"SKIP","floor":31}],"player_experience":229301,"relics_obtained":[{"floor":6.0,"key":"MawBank"},{"floor":9.0,"key":"Mercury Hourglass"},{"floor":21.0,"key":"Red Mask"},{"floor":26.0,"key":"HornCleat"},{"floor":31,"key":"Bronze Scales"}],"event_choices":[{"damage_healed":0.0,"max_hp_gain":0.0,"max_hp_loss":0.0,"gold_gain":0.0,"event_name":"Shining Light","player_choice":"Entered Light","floor":2.0,"gold_loss":0.0,"damage_taken":20.0,"cards_upgraded":["Survivor","Strike_G"]},{"damage_healed":16.0,"max_hp_gain":0.0,"max_hp_loss":0.0,"gold_gain":0.0,"event_name":"The Cleric","player_choice":"Healed","floor":3.0,"gold_loss":35.0,"damage_taken":0.0},{"damage_healed":0.0,"max_hp_gain":0.0,"max_hp_loss":0.0,"gold_gain":0.0,"event_name":"Masked Bandits","player_choice":"Fought Bandits","floor":21.0,"gold_loss":0.0,"damage_taken":0.0},{"damage_healed":0.0,"max_hp_gain":0.0,"max_hp_loss":0.0,"gold_gain":0.0,"event_name":"The Mausoleum","player_choice":"Ignored","floor":25.0,"gold_loss":0.0,"damage_taken":0.0}],"is_beta":false,"boss_relics":[{"not_picked":["Snecko Eye","Astrolabe"],"picked":"Cursed Key"}],"items_purged_floors":[20,24],"is_endless":false,"potions_floor_spawned":[8,11,14,16,19,30,31],"killed_by":"Champ","ascension_level":15}}