{"host":"00f1p9ihhzi7hxfk","time":1612957550,"event":{"mods":["AchievementEnabler","BaseMod","Colored Map","Colored Powertips","Minty Spire (QoL Compilation)","Rare Cards Sparkle","Relic Stats"],"gold_per_floor":[110,130,130,149,3,3,14,14,37,37,55,84,94,129,129,228,228,208,222,222,232,112,112,112],"floor_reached":23,"language":"DEU","playtime":1670,"items_purged":["Strike_R"],"score":195,"play_id":"47852214-beea-426e-ae39-961bfa12a5b5","local_time":"20210210124550","is_ascension_mode":false,"campfire_choices":[{"data":"Armaments","floor":6,"key":"SMITH"},{"data":"Transmutation","floor":10,"key":"SMITH"},{"data":"Spot Weakness","floor":15,"key":"SMITH"}],"circlet_count":0,"master_deck":["Strike_R","Strike_R","Strike_R","Defend_R","Defend_R","Defend_R","Defend_R","Bash","Transmutation+1","Heavy Blade","Ghostly Armor","Armaments+1","Carnage","Spot Weakness+1","Battle Trance","Demon Form","Spot Weakness+1","Dual Wield+1","True Grit"],"relics":["Burning Blood","Lee\u0027s Waffle","Centennial Puzzle","Anchor","Philosopher\u0027s Stone"],"acts_visited":["TheCity"],"potions_floor_usage":[11,12,16,16,21],"damage_taken":[{"damage":17,"enemies":"Small Slimes","floor":1,"turns":5},{"damage":12,"enemies":"2 Louse","floor":2,"turns":4},{"damage":4,"enemies":"Cultist","floor":4,"turns":4},{"damage":13,"enemies":"2 Fungi Beasts","floor":7,"turns":5},{"damage":1,"enemies":"Lots of Slimes","floor":11,"turns":4},{"damage":8,"enemies":"Lagavulin","floor":12,"turns":4},{"damage":2,"enemies":"Blue Slaver","floor":13,"turns":3},{"damage":0,"enemies":"3 Louse","floor":14,"turns":3},{"damage":52,"enemies":"Slime Boss","floor":16,"turns":12},{"damage":24,"enemies":"2 Thieves","floor":18,"turns":4},{"damage":14,"enemies":"3 Byrds","floor":19,"turns":7},{"damage":13,"enemies":"Centurion and Healer","floor":21,"turns":5},{"damage":37,"enemies":"Gremlin Leader","floor":23,"turns":6}],"seed_played":"-1819025881139878391","potions_obtained":[{"floor":1,"key":"AttackPotion"},{"floor":2,"key":"Strength Potion"},{"floor":7,"key":"Swift Potion"},{"floor":11,"key":"LiquidBronze"},{"floor":18,"key":"Swift Potion"}],"is_trial":false,"path_per_floor":["M","M","?","M","$","R","M","?","T","R","M","E","M","M","R","B",null,"M","M","?","M","$","E"],"character_chosen":"IRONCLAD","items_purchased":["Lee\u0027s Waffle","True Grit"],"campfire_rested":0,"item_purchase_floors":[5,22],"current_hp_per_floor":[61,55,55,57,79,79,72,72,72,72,77,75,79,79,79,33,79,61,53,53,46,46,9,9],"gold":112,"neow_bonus":"RANDOM_COLORLESS_2","is_daily":false,"chose_seed":false,"campfire_upgraded":3,"win_rate":0.0,"timestamp":1612957550,"path_taken":["M","M","?","M","$","R","M","?","T","R","M","E","M","M","R","BOSS","M","M","?","?","$","E"],"items_purchased_type":["Relic","Card"],"build_version":"2020-12-22","purchased_purges":1,"victory":false,"max_hp_per_floor":[72,72,72,72,79,79,79,79,79,79,79,79,79,79,79,79,79,79,79,79,79,79,79,79],"relic_stats":{"Lee\u0027s Waffle":22,"Centennial Puzzle":[24],"counters":[13,66],"obtain_stats":[{"Lee\u0027s Waffle":5,"Centennial Puzzle":9,"Anchor":12,"Philosopher\u0027s Stone":17,"Burning Blood":0},{"Lee\u0027s Waffle":3,"Centennial Puzzle":4,"Anchor":6,"Philosopher\u0027s Stone":9,"Burning Blood":0},{"Lee\u0027s Waffle":13,"Centennial Puzzle":18,"Anchor":26,"Philosopher\u0027s Stone":44,"Burning Blood":0}],"Burning Blood":66},"card_choices":[{"not_picked":["Magnetism","Chrysalis"],"picked":"Transmutation","floor":0},{"not_picked":["Second Wind","Havoc"],"picked":"Heavy Blade","floor":1},{"not_picked":["Intimidate","Anger"],"picked":"Ghostly Armor","floor":2},{"not_picked":["Body Slam","Clash"],"picked":"Armaments","floor":4},{"not_picked":["Rupture","Corruption"],"picked":"Carnage","floor":7},{"not_picked":["Perfected Strike","Havoc","Bloodletting"],"picked":"SKIP","floor":11},{"not_picked":["Headbutt","Disarm"],"picked":"Spot Weakness","floor":12},{"not_picked":["Iron Wave","Wild Strike"],"picked":"Battle Trance","floor":13},{"not_picked":["Pommel Strike","Combust","Second Wind"],"picked":"SKIP","floor":14},{"not_picked":["Feed","Juggernaut"],"picked":"Demon Form","floor":16},{"not_picked":["Dark Embrace","Armaments","Bloodletting"],"picked":"SKIP","floor":18},{"not_picked":["Shrug It Off","Dark Embrace","Intimidate"],"picked":"SKIP","floor":19},{"not_picked":["Heavy Blade+1","Iron Wave"],"picked":"Dual Wield+1","floor":21}],"player_experience":98955,"relics_obtained":[{"floor":9,"key":"Centennial Puzzle"},{"floor":12,"key":"Anchor"}],"event_choices":[{"damage_healed":0,"gold_gain":0,"player_choice":"Fled","damage_taken":0,"max_hp_gain":0,"max_hp_loss":0,"event_name":"Scrap Ooze","floor":3,"gold_loss":0},{"cards_removed":["Strike_R"],"damage_healed":0,"gold_gain":0,"player_choice":"Forget","damage_taken":0,"max_hp_gain":0,"max_hp_loss":0,"event_name":"Living Wall","floor":8,"gold_loss":0},{"damage_healed":0,"gold_gain":0,"player_choice":"Copied","damage_taken":0,"max_hp_gain":0,"max_hp_loss":0,"event_name":"Duplicator","floor":20,"gold_loss":0,"cards_obtained":["Spot Weakness"]}],"is_beta":false,"boss_relics":[{"not_picked":["Calling Bell","Ectoplasm"],"picked":"Philosopher\u0027s Stone"}],"items_purged_floors":[22],"is_endless":false,"potions_floor_spawned":[1,2,7,11,18],"killed_by":"Gremlin Leader","ascension_level":0}}