{"host":"h2977v3ax51ohsow","time":1612965883,"event":{"mods":["Act Like it!","Aspiration","BaseMod","Colored Powertips","Hallownest","Marisa£®ÏF”Í°°ƒß¿Ì…≥£©","Minty Spire (QoL Compilation)","Quick Restart","Remilia£®¿Ÿ√◊¿Ú—«£©","StSLib","The Bug Knight","The Servant 0.9.4","noobMod","°æ“≈ŒÔø®≈∆°øREMEMod"],"gold_per_floor":[111,111,186,205,216,216,250,260,285,285,285,298,331,345,345,445,445,460,385,421,421],"floor_reached":20,"language":"ZHS","playtime":827,"items_purged":[],"score":361,"play_id":"c9536d2e-ec60-43a6-9b0e-c18cb9f19375","local_time":"20210210220443","is_ascension_mode":true,"campfire_choices":[{"data":"DarkMatter","floor":6.0,"key":"SMITH"},{"data":"EscapeVelocity","floor":10.0,"key":"SMITH"},{"data":"IllusionStar","floor":15.0,"key":"SMITH"}],"circlet_count":9868,"master_deck":["Strike_MRS","Strike_MRS","Strike_MRS","Strike_MRS","Defend_MRS","Defend_MRS","MasterSpark","UpSweep","DarkMatter+1","WitchLeyline","Madness","GrandCross","EscapeVelocity+1","GravityBeat","Parasite","Parasite","WitchLeyline","Madness","IllusionStar+1","Madness","CasketOfStar","Robbery"],"relics":["MiniHakkero","ice","Circlet","StoneCalendar","ShroomBag","Ancient Tea Set","aspiration:PoetsPen_weak","ice"],"acts_visited":["Exordium","TheCity"],"potions_floor_usage":[],"damage_taken":[{"damage":2.0,"enemies":"Jaw Worm","floor":1.0,"turns":4.0},{"damage":7.0,"enemies":"Small Slimes","floor":4.0,"turns":3.0},{"damage":0.0,"enemies":"Cultist","floor":5.0,"turns":2.0},{"damage":2.0,"enemies":"3 Sentries","floor":7.0,"turns":6.0},{"damage":0.0,"enemies":"3 Louse","floor":8.0,"turns":1.0},{"damage":114.0,"enemies":"Lagavulin","floor":11.0,"turns":4.0},{"damage":10.0,"enemies":"Lots of Slimes","floor":12.0,"turns":2.0},{"damage":0.0,"enemies":"Lagavulin","floor":13.0,"turns":2.0},{"damage":2.0,"enemies":"Blue Slaver","floor":14.0,"turns":2.0},{"damage":0.0,"enemies":"Slime Boss","floor":16.0,"turns":3.0},{"damage":19.0,"enemies":"3 Byrds","floor":18.0,"turns":3.0},{"damage":32.0,"enemies":"3 Byrds","floor":20.0,"turns":3.0}],"seed_played":"-3313506264776121500","potions_obtained":[{"floor":1.0,"key":"Block Potion"},{"floor":5.0,"key":"Explosive Potion"},{"floor":7.0,"key":"Strength Potion"},{"floor":12.0,"key":"LiquidMemories"}],"is_trial":false,"path_per_floor":["M","?","?","M","M","R","E","M","T","R","E","M","E","M","R","B",null,"M","?","?"],"character_chosen":"MARISA","items_purchased":[],"campfire_rested":0,"item_purchase_floors":[],"current_hp_per_floor":[73,78,70,63,63,63,61,61,61,61,81,88,88,88,99,99,99,99,99,127,127],"gold":421,"neow_bonus":"","is_daily":false,"chose_seed":false,"campfire_upgraded":3,"win_rate":0.0,"timestamp":1612965883,"path_taken":["M","?","?","M","M","R","E","M","T","R","E","?","E","?","R","BOSS","M","?","?"],"items_purchased_type":[],"build_version":"2020-12-22","purchased_purges":0,"victory":false,"max_hp_per_floor":[75,80,80,80,80,80,80,80,80,80,81,98,98,99,99,99,99,117,117,127,127],"card_choices":[{"not_picked":["Freischutz","VoidDream","WallGazer"],"picked":"Singing Bowl","floor":1.0},{"not_picked":["OneTimeOff","SprinkleStarSeal"],"picked":"DarkMatter","floor":1.0},{"not_picked":["Rudolta","ShyLook","OSAHOGD"],"picked":"Singing Bowl","floor":4.0},{"not_picked":["LuminesStrike","Acceleration"],"picked":"WitchLeyline","floor":4.0},{"not_picked":["MeatLantern","PunishingBird","ShyLook"],"picked":"Singing Bowl","floor":5.0},{"not_picked":["MHz","OldLady"],"picked":"BlueStar","floor":5.0},{"not_picked":["LuminesStrike","DarkSpark"],"picked":"GrandCross","floor":5.0},{"not_picked":["VoidDream","Wellcheers","LittleHelper"],"picked":"Singing Bowl","floor":7.0},{"not_picked":["DC","ChargeUpSpray"],"picked":"EscapeVelocity","floor":7.0},{"not_picked":["BeautyBeast","Murderer","SingingMachine"],"picked":"Singing Bowl","floor":8.0},{"not_picked":["Occultation","ShootingEcho"],"picked":"GravityBeat","floor":8.0},{"not_picked":["BeautyBeast","UniverseFragment","ShyLook"],"picked":"Singing Bowl","floor":12.0},{"not_picked":["SporeBomb","StarlightTyphoon"],"picked":"WitchLeyline","floor":12.0},{"not_picked":["Murderer","CrumblingArmor","BeautyBeast"],"picked":"Singing Bowl","floor":13.0},{"not_picked":["LuminesStrike","GrandCross","StarBarrage"],"picked":"SKIP","floor":13.0},{"not_picked":["PunishingBird","GalaxyChild"],"picked":"FieryBird","floor":14.0},{"not_picked":["GasGiant","GalacticHalo"],"picked":"IllusionStar","floor":14.0},{"not_picked":["Mercenary","Yin"],"picked":"PunishingBird","floor":16.0},{"not_picked":["EscapeVelocity","MillisecondPulsars"],"picked":"CasketOfStar","floor":16.0},{"not_picked":["OldLady","BigBird","Scorched"],"picked":"Singing Bowl","floor":18.0},{"not_picked":["MagicChant+1","AsteroidBelt"],"picked":"Robbery","floor":18.0}],"player_experience":143930,"relics_obtained":[{"floor":1.0,"key":"LetterFromLob"},{"floor":7.0,"key":"StoneCalendar"},{"floor":9.0,"key":"ShroomBag"},{"floor":13.0,"key":"Ancient Tea Set"}],"event_choices":[{"damage_healed":0.0,"max_hp_gain":5.0,"max_hp_loss":0.0,"gold_gain":0.0,"event_name":"Big Fish","player_choice":"Donut","floor":2.0,"gold_loss":0.0,"damage_taken":0.0},{"damage_healed":0.0,"max_hp_gain":0.0,"max_hp_loss":0.0,"gold_gain":75.0,"event_name":"FaceTrader","player_choice":"Touch","floor":3.0,"gold_loss":0.0,"damage_taken":8.0},{"cards_removed":["Defend_MRS"],"damage_healed":0.0,"max_hp_gain":0.0,"max_hp_loss":0.0,"gold_gain":0.0,"event_name":"Beggar","player_choice":"Gave Gold","floor":19.0,"gold_loss":75.0,"damage_taken":0.0}],"is_beta":false,"boss_relics":[{"not_picked":["BewitchedHakkero","Snecko Eye"],"picked":"aspiration:PoetsPen_weak"}],"items_purged_floors":[],"is_endless":false,"potions_floor_spawned":[1,5,7,12],"ascension_level":4}}