{"host":"121m0oxswv9tg9hk","time":1612915725,"event":{"mods":["AchievementEnabler","BaseMod","Better Third Choice","Downfall","Minty Spire (QoL Compilation)","StSLib"],"gold_per_floor":[99,109,122,122,137,137,213,237,254,154,186,196,221,69,85,182,182,82,98,113,113,132,132,132,160,235,5,35,54,54,72,88,189,189,189,206,222,239,210,210,510,3,14,42,42,74,24,24,43,43],"floor_reached":51,"language":"ENG","playtime":3669,"items_purged":["Slimebound:Strike_Slimebound","Slimebound:Defend_Slimebound","Slimebound:Tackle","Writhe","Shame"],"score":1289,"play_id":"76495216-4346-437e-908a-1d2cee2f5faa","local_time":"20210210010845","is_ascension_mode":true,"campfire_choices":[{"data":"Slimebound:TagTeam","floor":1,"key":"SMITH"},{"floor":6,"key":"RECALL"},{"data":"Slimebound:CorrosiveSpit","floor":10,"key":"SMITH"},{"data":"Slimebound:SlimeBarrage","floor":18,"key":"SMITH"},{"floor":30,"key":"REST"},{"data":"Slimebound:LeechEnergy","floor":35,"key":"SMITH"},{"data":"Slimebound:LevelUp","floor":40,"key":"SMITH"},{"floor":45,"key":"REST"}],"circlet_count":0,"master_deck":["AscendersBane","Slimebound:Defend_Slimebound","Slimebound:Defend_Slimebound","Slimebound:Defend_Slimebound","Slimebound:Split","Slimebound:CorrosiveSpit+1","Slimebound:TagTeam+1","Slimebound:LevelUp","Slimebound:LevelUp+1","Slimebound:OozeBath","Slimebound:GrowthPunch","Slimebound:SlimeBarrage+1","Slimebound:SpikyOuterGoop","Slimebound:OozeBath","Slimebound:Schlurp","Slimebound:LeechEnergy+1","Slimebound:LeadByExample","Slimebound:AcidTongue","Flash of Steel","Slimebound:TongueLash","Slimebound:AcidTongue","Slimebound:LevelUp+1","Slimebound:TagTeam","Slimebound:SpikyOuterGoop","Slimebound:SlimeSpikes+1","Slimebound:TongueLash","Slimebound:MinionMaster","Slimebound:GoopSpray+1","Slimebound:LevelUp+1","Pain","Slimebound:SpikyOuterGoop"],"relics":["Slimebound:AbsorbEndCombat","Mummified Hand","downfall:HeartBlessingBlue","Pear","MawBank","Cursed Key","downfall:HeartBlessingGreen","Blue Candle","PreservedInsect","Bag of Preparation","Blood Vial","sneckomod:SneckoTalon","Potion Belt","Old Coin","Toy Ornithopter","Torii","Smiling Mask","WarpedTongs"],"acts_visited":["Exordium","TheCity","TheBeyond"],"potions_floor_usage":[9,16,25,25,28,29,32,36,43],"damage_taken":[{"damage":3,"enemies":"2 Louse","floor":2,"turns":2},{"damage":7,"enemies":"Jaw Worm","floor":3,"turns":3},{"damage":0,"enemies":"Cultist","floor":5,"turns":3},{"damage":7,"enemies":"Exordium Thugs","floor":9,"turns":4},{"damage":12,"enemies":"Gremlin Nob","floor":11,"turns":3},{"damage":0,"enemies":"2 Fungi Beasts","floor":12,"turns":4},{"damage":36,"enemies":"3 Sentries","floor":13,"turns":6},{"damage":10,"enemies":"downfall:FleeingMerchant","floor":14,"turns":4},{"damage":14,"enemies":"Exordium Thugs","floor":15,"turns":3},{"damage":20,"enemies":"IC_STATUS_ARCHETYPE","floor":16,"turns":7},{"damage":2,"enemies":"Chosen","floor":19,"turns":5},{"damage":5,"enemies":"Shell Parasite","floor":20,"turns":4},{"damage":13,"enemies":"Shelled Parasite and Fungi","floor":22,"turns":4},{"damage":9,"enemies":"Gremlin Leader","floor":25,"turns":5},{"damage":1,"enemies":"downfall:FleeingMerchant","floor":27,"turns":4},{"damage":5,"enemies":"Book of Stabbing","floor":28,"turns":4},{"damage":35,"enemies":"Snake Plant","floor":29,"turns":4},{"damage":1,"enemies":"Centurion and Healer","floor":31,"turns":6},{"damage":31,"enemies":"Cultist and Chosen","floor":32,"turns":7},{"damage":31,"enemies":"WA_ARCHETYPE_CALM","floor":33,"turns":7},{"damage":5,"enemies":"3 Shapes","floor":36,"turns":5},{"damage":2,"enemies":"Orb Walker","floor":37,"turns":4},{"damage":27,"enemies":"4 Shapes","floor":38,"turns":5},{"damage":12,"enemies":"downfall:FleeingMerchant","floor":39,"turns":4},{"damage":43,"enemies":"Transient","floor":43,"turns":5},{"damage":18,"enemies":"Giant Head","floor":44,"turns":6},{"damage":49,"enemies":"Reptomancer","floor":46,"turns":5},{"damage":1,"enemies":"Maw","floor":49,"turns":6},{"damage":1,"enemies":"SI_POISON_ARCHETYPE","floor":50,"turns":11}],"seed_played":"7582415774429695779","potions_obtained":[{"floor":2,"key":"Slimebound:SlimyTonguePotion"},{"floor":5,"key":"AttackPotion"},{"floor":13,"key":"Energy Potion"},{"floor":19,"key":"Fire Potion"},{"floor":25,"key":"Energy Potion"},{"floor":26,"key":"downfall:CursedFountainPotion"},{"floor":28,"key":"Dexterity Potion"},{"floor":29,"key":"Dexterity Potion"},{"floor":32,"key":"Slimebound:SlimedPotion"},{"floor":36,"key":"sneckomod:MuddlingPotion"},{"floor":37,"key":"Slimebound:SlimyTonguePotion"},{"floor":43,"key":"Energy Potion"}],"is_trial":false,"path_per_floor":["R","M","M","?","M","R","T","T","M","R","E","M","E","$","M","B",null,"R","M","M","?","M","?","T","E","?","$","E","M","R","M","M","B",null,"R","M","M","M","$","R","T","$","M","E","R","E","$","?","M","B",null],"character_chosen":"SLIMEBOUND","items_purchased":["Regen Potion","Slimebound:AcidTongue","Flash of Steel","Potion Belt","Slimebound:TongueLash","Slimebound:MinionMaster","Toy Ornithopter","PowerPotion"],"campfire_rested":2,"item_purchase_floors":[14,27,27,39,39,42,42,42],"current_hp_per_floor":[59,56,51,51,53,53,53,53,50,60,60,64,30,28,16,19,69,69,71,74,85,80,75,75,74,74,81,84,56,81,85,59,38,73,73,78,85,64,62,62,62,62,34,26,51,10,10,10,19,28],"gold":43,"neow_bonus":"TRANSFORM_CARD","is_daily":false,"chose_seed":false,"campfire_upgraded":5,"win_rate":0.0,"timestamp":1612915725,"path_taken":["R","M","M","?","M","R","T","?","M","R","E","M","E","$","M","BOSS","R","M","?","?","M","?","T","E","?","$","E","?","R","M","M","BOSS","R","M","M","M","?","R","T","$","M","E","R","E","$","?","M","BOSS"],"items_purchased_type":["Potion","Card","Card","Relic","Card","Card","Relic","Potion"],"build_version":"2020-12-22","purchased_purges":5,"victory":true,"max_hp_per_floor":[65,65,65,65,65,65,65,65,65,75,85,85,85,85,85,85,85,85,85,85,85,85,85,85,85,85,85,85,85,85,85,85,85,85,85,85,85,85,85,85,85,85,85,85,85,85,85,85,85,85],"card_choices":[{"not_picked":["Slimebound:Chomp","Slimebound:LivingWall"],"picked":"Slimebound:LevelUp","floor":2},{"not_picked":["Slimebound:ItLooksTasty","Slimebound:ForwardTackle"],"picked":"Slimebound:LevelUp","floor":3},{"not_picked":["Slimebound:GoopTackle","Slimebound:ComboTackle","Slimebound:Nibble"],"picked":"SKIP","floor":5},{"not_picked":["Slimebound:ForwardTackle","Slimebound:LeechingTouch","Slimebound:ItLooksTasty"],"picked":"SKIP","floor":9},{"not_picked":["Slimebound:DisruptingSlam","Slimebound:LeechEnergy"],"picked":"Slimebound:OozeBath","floor":11},{"not_picked":["Slimebound:LevelUp","Slimebound:ItLooksTasty"],"picked":"Slimebound:GrowthPunch","floor":12},{"not_picked":["Slimebound:HauntingLick","Slimebound:SamplingLick","Slimebound:FlameTackle"],"picked":"SKIP","floor":13},{"not_picked":["Slimebound:ForwardTackle","Slimebound:GoopTackle"],"picked":"Slimebound:SlimeBarrage","floor":14},{"not_picked":["Slimebound:LivingWall","Slimebound:Grow"],"picked":"Slimebound:SpikyOuterGoop","floor":15},{"not_picked":["Slimebound:WasteNot","Slimebound:RallyTheTroops"],"picked":"Slimebound:OozeBath","floor":16},{"not_picked":["Slimebound:DivideAndConquer","Slimebound:LeechingTouch"],"picked":"Slimebound:Schlurp","floor":19},{"not_picked":["Slimebound:SlimeSpikes+1","Slimebound:ForwardTackle+1","Slimebound:HauntingLick"],"picked":"SKIP","floor":20},{"not_picked":["Slimebound:Prepare","Slimebound:RollThrough","Slimebound:Repurpose"],"picked":"SKIP","floor":22},{"not_picked":["Slimebound:Equalize","Slimebound:ViciousTackle"],"picked":"Slimebound:LeechEnergy","floor":25},{"not_picked":["Slimebound:AcidTongue","Slimebound:SplitSpecialist"],"picked":"Slimebound:LeadByExample","floor":27},{"not_picked":["Slimebound:Grow","Slimebound:FinishingTackle"],"picked":"Slimebound:TongueLash","floor":28},{"not_picked":["Slimebound:PressTheAttack","Slimebound:FormOfPuddle"],"picked":"Slimebound:AcidTongue","floor":29},{"not_picked":["Slimebound:Chomp","Slimebound:LivingWall","Slimebound:AcidTongue"],"picked":"SKIP","floor":31},{"not_picked":["Slimebound:DouseInSlime","Slimebound:LeechingTouch"],"picked":"Slimebound:LevelUp+1","floor":32},{"not_picked":["Slimebound:SlimeSlap","Slimebound:RallyTheTroops"],"picked":"Slimebound:TagTeam","floor":33},{"not_picked":["Slimebound:PressTheAttack","Slimebound:ViciousTackle","Slimebound:SplitBruiser+1"],"picked":"SKIP","floor":36},{"not_picked":["Slimebound:ItLooksTasty","Slimebound:ComboTackle","Slimebound:LivingWall"],"picked":"SKIP","floor":37},{"not_picked":["Slimebound:LeechingTouch","Slimebound:SplitLeeching"],"picked":"Slimebound:SpikyOuterGoop","floor":38},{"not_picked":["Slimebound:LeechEnergy","Slimebound:SplitMire"],"picked":"Slimebound:SlimeSpikes+1","floor":39},{"not_picked":["Slimebound:SplitBruiser","Slimebound:RollThrough"],"picked":"Slimebound:GoopSpray+1","floor":43},{"not_picked":["Slimebound:FormOfPuddle","Slimebound:GoopSpray"],"picked":"Slimebound:LevelUp+1","floor":44},{"not_picked":["Slimebound:RallyTheTroops","Slimebound:LivingWall","Slimebound:MassRepurpose"],"picked":"SKIP","floor":46},{"not_picked":["Slimebound:SplitLeeching+1","Slimebound:LivingWall"],"picked":"Slimebound:SpikyOuterGoop","floor":49}],"player_experience":2666274,"relics_obtained":[{"floor":7,"key":"Mummified Hand"},{"floor":11,"key":"Pear"},{"floor":13,"key":"MawBank"},{"floor":24,"key":"PreservedInsect"},{"floor":25,"key":"Bag of Preparation"},{"floor":28,"key":"Blood Vial"},{"floor":41,"key":"Old Coin"},{"floor":44,"key":"Torii"},{"floor":46,"key":"Smiling Mask"}],"event_choices":[{"cards_removed":["Slimebound:Strike_Slimebound"],"damage_healed":0,"gold_gain":0,"player_choice":"Card Removal","damage_taken":0,"max_hp_gain":0,"max_hp_loss":0,"event_name":"The Cleric","floor":4,"gold_loss":0},{"damage_healed":28,"gold_gain":0,"player_choice":"Heal","damage_taken":0,"max_hp_gain":0,"max_hp_loss":0,"event_name":"The Library","floor":21,"gold_loss":0},{"damage_healed":0,"gold_gain":0,"player_choice":"Rummage","damage_taken":0,"relics_obtained":["WarpedTongs"],"max_hp_gain":0,"max_hp_loss":0,"event_name":"Accursed Blacksmith","floor":48,"gold_loss":0,"cards_obtained":["Pain"]}],"is_beta":false,"boss_relics":[{"not_picked":["SacredBark","SlaversCollar"],"picked":"Cursed Key"},{"not_picked":["Velvet Choker","bronze:MakeshiftBattery"],"picked":"sneckomod:SneckoTalon"}],"items_purged_floors":[14,27,39,42,47],"is_endless":false,"potions_floor_spawned":[2,5,13,15,19,25,28,29,32,36,37,43],"ascension_level":12}}