{"host":"fvfv74rwxn7g5wli","time":1612920386,"event":{"mods":["ATMod(à¢‡ıMod)","Act Like it!","Arknights","BaseMod","Better Third Choice","Colored Powertips","DeckTracker","Downfall","GifTheSpireLib","Minty Spire (QoL Compilation)","Potionbrewer","Quick Restart","Reliquary","StSLib"],"gold_per_floor":[109,122,50,60,60,60,60,60,85,101,111,138,138,138,138,241,241,261,276,276,132,152,152,152,152,205,205,131,131,131,145,145,248,248,268,268,268,282,206,206,0,0,26,26,26,26,26,42,42,42],"floor_reached":51,"language":"ENG","playtime":1481,"items_purged":[],"score":739,"play_id":"351511fa-2546-409f-a171-577b586f36a8","local_time":"20210209172626","daily_mods":["SealedDeck","Vintage","Heirloom","Time Dilation","Flight"],"is_ascension_mode":false,"campfire_choices":[{"data":"ats:Consecutive Shot Auto","floor":6.0,"key":"SMITH"},{"data":"ats:Blood Oath","floor":7.0,"key":"SMITH"},{"data":"ats:Sashimi Platter","floor":8.0,"key":"SMITH"},{"data":"ats:Support Order","floor":13.0,"key":"SMITH"},{"data":"ats:Cat Scratch","floor":15.0,"key":"SMITH"},{"data":"ats:Explosion Area Strengthen","floor":23,"key":"SMITH"},{"data":"ats:Ignite","floor":24,"key":"SMITH"},{"data":"ats:Curse Doll","floor":25,"key":"SMITH"},{"data":"ats:Blood Oath","floor":27,"key":"SMITH"},{"data":"ats:Red Shift","floor":29,"key":"SMITH"},{"data":"ats:Nebulous Foxfire","floor":30,"key":"SMITH"},{"data":"ats:Support Order","floor":32,"key":"SMITH"},{"data":"ats:Durian","floor":40,"key":"SMITH"},{"data":"Madness","floor":42,"key":"SMITH"},{"data":"AT_EmpoweredMortalDraw","floor":45,"key":"SMITH"},{"data":"ats:Assault Order","floor":46,"key":"SMITH"},{"data":"ats:Support Order","floor":47,"key":"SMITH"},{"data":"ats:Support Order","floor":49,"key":"SMITH"}],"circlet_count":0,"master_deck":["ats:Sashimi Platter+1","ats:Ignite+1","ats:Cat Scratch+1","ats:Explosion Area Strengthen+1","ats:Assault Order+1","ats:Support Order+1","ats:Support Order+1","ats:Support Order+1","ats:Consecutive Shot Auto+1","ats:Support Order+1","ats:Blood Oath+1","ats:Curse Doll+1","ats:Blood Oath+1","ats:Nebulous Foxfire+1","ats:Consecutive Shot Auto+1","ats:Red Shift+1","ats:Durian+1","AT_EmpoweredMortalDraw+1","Madness+1","Madness+1"],"relics":["ats:Sanity","AT_ATBox","champ:DuelingGlove","AT_ArchangelStaff","Akabeko","AT_LudenTempest","Omamori","InkBottle","AT_GuinsooRageblade","ats:Originium","ats:Berate","expansioncontent:StudyCardRelic","Pear","ats:Bonebreaker","DollysMirror","reliquary:Stiletto","sneckomod:BlankCard","Centennial Puzzle","AT_MortalBlade","StoneCalendar","Potion Belt","Red Mask","reliquary:Buckler","ats:Industrial Water Cannon"],"acts_visited":["Exordium","TheCity","TheBeyond"],"potions_floor_usage":[33,33,33,50,50,50,50],"damage_taken":[{"damage":0.0,"enemies":"Cultist","floor":1.0,"turns":2.0},{"damage":7.0,"enemies":"ats:Genji","floor":2.0,"turns":2.0},{"damage":0.0,"enemies":"Small Slimes","floor":4.0,"turns":2.0},{"damage":0.0,"enemies":"Red Slaver","floor":10.0,"turns":1.0},{"damage":0.0,"enemies":"Blue Slaver","floor":11.0,"turns":1.0},{"damage":0.0,"enemies":"Gremlin Nob","floor":12.0,"turns":2.0},{"damage":0.0,"enemies":"Slime Boss","floor":16.0,"turns":4.0},{"damage":0,"enemies":"3 Byrds","floor":18,"turns":3},{"damage":6,"enemies":"Chosen","floor":19,"turns":2},{"damage":17,"enemies":"Centurion and Healer","floor":22,"turns":3},{"damage":0,"enemies":"Snecko","floor":31,"turns":2},{"damage":12,"enemies":"Champ","floor":33,"turns":4},{"damage":6,"enemies":"3 Darklings","floor":35,"turns":2},{"damage":9,"enemies":"3 Shapes","floor":38,"turns":1},{"damage":0,"enemies":"Maw","floor":48,"turns":2},{"damage":38,"enemies":"Time Eater","floor":50,"turns":3}],"seed_played":"-3314919769183489769","potions_obtained":[{"floor":2.0,"key":"EssenceOfSteel"},{"floor":10.0,"key":"SpeedPotion"},{"floor":11.0,"key":"Ancient Potion"},{"floor":18,"key":"EntropicBrew"},{"floor":22,"key":"ats:Burn Small Potion"},{"floor":37,"key":"AttackPotion"},{"floor":37,"key":"Energy Potion"},{"floor":38,"key":"potionbrewer:AcidPotion"},{"floor":48,"key":"Dexterity Potion"}],"is_trial":true,"path_per_floor":["M","M","$","M","?","R","R","R","T","M","M","E","R","?","R","B",null,"M","M","$","$","M","R","R","R","T","R","$","R","R","M","R","B",null,"M","?","?","M","$","R","?","R","T","?","R","R","R","M","R","B",null],"character_chosen":"DOCTOR_CLASS","items_purchased":["ats:Blood Oath","ats:Curse Doll","DollysMirror","ats:Red Shift","LiquidMemories"],"campfire_rested":0,"item_purchase_floors":[3,3,21,28,39],"current_hp_per_floor":[72,72,72,72,72,72,72,72,72,72,72,72,72,72,72,72,72,82,76,76,76,73,73,73,73,73,73,73,73,73,82,82,82,82,76,66,66,57,57,57,57,57,57,57,57,57,57,80,80,47],"gold":42,"neow_bonus":"","is_daily":false,"chose_seed":false,"campfire_upgraded":18,"win_rate":0.0,"timestamp":1612920386,"path_taken":["M","?","$","M","?","R","R","R","T","M","M","E","R","?","R","BOSS","M","M","$","$","?","R","R","R","T","R","?","R","R","M","R","BOSS","M","?","?","?","?","R","?","R","T","?","R","R","R","?","R","BOSS"],"items_purchased_type":["Card","Card","Relic","Card","Potion"],"build_version":"2020-12-22","purchased_purges":0,"victory":true,"max_hp_per_floor":[72,72,72,72,72,72,72,72,72,72,72,72,72,72,72,72,72,82,82,82,82,82,82,82,82,82,82,82,82,82,82,82,82,82,82,82,82,82,82,82,82,82,82,82,82,82,82,82,82,82],"card_choices":[{"not_picked":["ats:Shell Defense","ats:Ignite"],"picked":"ats:Blood Oath","floor":12.0},{"not_picked":["ats:Soul Rend","ats:Disruption Kick"],"picked":"ats:Nebulous Foxfire","floor":16.0},{"not_picked":["ats:True Silver Slash","ats:Echo Reverb"],"picked":"ats:Durian","floor":33}],"player_experience":101911,"relics_obtained":[{"floor":1.0,"key":"AT_ArchangelStaff"},{"floor":2.0,"key":"Akabeko"},{"floor":4.0,"key":"AT_LudenTempest"},{"floor":9.0,"key":"Omamori"},{"floor":10.0,"key":"InkBottle"},{"floor":11.0,"key":"AT_GuinsooRageblade"},{"floor":12.0,"key":"ats:Originium"},{"floor":12.0,"key":"ats:Berate"},{"floor":18,"key":"Pear"},{"floor":19,"key":"ats:Bonebreaker"},{"floor":22,"key":"reliquary:Stiletto"},{"floor":26,"key":"sneckomod:BlankCard"},{"floor":31,"key":"Centennial Puzzle"},{"floor":35,"key":"StoneCalendar"},{"floor":38,"key":"Potion Belt"},{"floor":43,"key":"reliquary:Buckler"},{"floor":48,"key":"ats:Industrial Water Cannon"}],"event_choices":[{"damage_healed":0.0,"max_hp_gain":0.0,"max_hp_loss":0.0,"gold_gain":0.0,"event_name":"Golden Wing","player_choice":"Ignored","floor":5.0,"gold_loss":0.0,"damage_taken":0.0},{"damage_healed":0.0,"max_hp_gain":0.0,"max_hp_loss":0.0,"gold_gain":0.0,"event_name":"NoteForYourself","player_choice":"Ignored","floor":14.0,"gold_loss":0.0,"damage_taken":0.0},{"damage_healed":0,"gold_gain":0,"player_choice":"Embrace Madness","damage_taken":10,"max_hp_gain":0,"max_hp_loss":0,"event_name":"Winding Halls","floor":36,"gold_loss":0,"cards_obtained":["Madness","Madness"]},{"damage_healed":0,"gold_gain":0,"player_choice":"Got Potions","damage_taken":0,"max_hp_gain":0,"max_hp_loss":0,"event_name":"Lab","floor":37,"gold_loss":0},{"damage_healed":0,"gold_gain":0,"player_choice":"Paid","damage_taken":0,"relics_obtained":["Red Mask"],"max_hp_gain":0,"max_hp_loss":0,"event_name":"Tomb of Lord Red Mask","floor":41,"gold_loss":206},{"damage_healed":0,"gold_gain":0,"player_choice":"Forge","damage_taken":0,"max_hp_gain":0,"max_hp_loss":0,"event_name":"Accursed Blacksmith","floor":44,"gold_loss":0,"cards_upgraded":["Madness"]}],"is_beta":false,"boss_relics":[{"not_picked":["reliquary:RedPaperclip","reliquary:KinkedSpring"],"picked":"expansioncontent:StudyCardRelic"},{"not_picked":["Sozu","reliquary:Ember"],"picked":"AT_MortalBlade"}],"items_purged_floors":[],"is_endless":false,"potions_floor_spawned":[2,10,11,18,22,38,48],"ascension_level":0}}