{"host":"fvfv74rwxn7g5wli","time":1612928029,"event":{"mods":["BaseMod","Better Third Choice","Colored Powertips","DeckTracker","Downfall","GifTheSpireLib","Minty Spire (QoL Compilation)","Potionbrewer","Quick Restart","Reliquary","StSLib"],"gold_per_floor":[110,125,125,125,0,0,0,0,0,0,0,0,16,16,16,116,116,136,136,136,136,136,136,136,153,153,153,153,153,153,153,153,248,248,266,276,322,322,322,322,322,322,322,322,48,48,48,67,67,67],"floor_reached":51,"language":"ENG","playtime":947,"items_purged":[],"score":721,"play_id":"6a1ef90d-1bf0-41cc-892d-e77848dd7409","local_time":"20210209193349","daily_mods":["SealedDeck","Specialized","Vintage","Heirloom","Time Dilation","Flight"],"is_ascension_mode":false,"campfire_choices":[{"data":"Infinite Blades","floor":6,"key":"SMITH"},{"data":"Accuracy","floor":7,"key":"SMITH"},{"data":"Accuracy","floor":8,"key":"SMITH"},{"data":"Accuracy","floor":10,"key":"SMITH"},{"data":"Accuracy","floor":11,"key":"SMITH"},{"data":"Accuracy","floor":15,"key":"SMITH"},{"data":"Enlightenment","floor":23,"key":"SMITH"},{"data":"Blade Dance","floor":24,"key":"SMITH"},{"data":"Distraction","floor":27,"key":"SMITH"},{"data":"Cloak And Dagger","floor":28,"key":"SMITH"},{"data":"Cloak And Dagger","floor":30,"key":"SMITH"},{"data":"Cloak And Dagger","floor":32,"key":"SMITH"},{"data":"Phantasmal Killer","floor":40,"key":"SMITH"},{"data":"Dramatic Entrance","floor":41,"key":"SMITH"},{"data":"Backflip","floor":42,"key":"SMITH"},{"data":"Infinite Blades","floor":46,"key":"SMITH"},{"data":"Backstab","floor":47,"key":"SMITH"},{"floor":49,"key":"REST"}],"circlet_count":0,"master_deck":["Accuracy+1","Accuracy+1","Accuracy+1","Accuracy+1","Accuracy+1","Backflip+1","Distraction+1","Distraction+1","Cloak And Dagger+1","Backstab+1","Cloak And Dagger+1","Cloak And Dagger+1","Slice+1","Infinite Blades+1","Blade Dance+1","Enlightenment+1","Phantasmal Killer+1","Prepared+1","Writhe","Dramatic Entrance+1","Infinite Blades+1"],"relics":["Unceasing Top","reliquary:Knoch","potionbrewer:BottledElixir","Pear","Smiling Mask","Oddly Smooth Stone","WristBlade","reliquary:Firecrackers","Nloth\u0027s Gift","reliquary:IridiumChain","Eternal Feather","Philosopher\u0027s Stone","Potion Belt","Bottled Flame","Ice Cream","Ornamental Fan","reliquary:HotPoker","Lantern"],"acts_visited":["Exordium","TheCity","TheBeyond"],"potions_floor_usage":[37,37,50,50,50],"damage_taken":[{"damage":11,"enemies":"Jaw Worm","floor":1,"turns":2},{"damage":0,"enemies":"Small Slimes","floor":2,"turns":2},{"damage":0,"enemies":"Cultist","floor":13,"turns":2},{"damage":5,"enemies":"The Guardian","floor":16,"turns":3},{"damage":0,"enemies":"3 Byrds","floor":18,"turns":1},{"damage":5,"enemies":"Shell Parasite","floor":25,"turns":2},{"damage":18,"enemies":"Collector","floor":33,"turns":3},{"damage":21,"enemies":"3 Darklings","floor":35,"turns":2},{"damage":1,"enemies":"3 Shapes","floor":36,"turns":2},{"damage":37,"enemies":"2 Orb Walkers","floor":37,"turns":3},{"damage":0,"enemies":"3 Darklings","floor":48,"turns":2},{"damage":35,"enemies":"Time Eater","floor":50,"turns":3}],"seed_played":"3053931689419267215","potions_obtained":[{"floor":16,"key":"FearPotion"},{"floor":18,"key":"Swift Potion"},{"floor":25,"key":"LiquidBronze"},{"floor":35,"key":"potionbrewer:DiscountPotion"},{"floor":48,"key":"Explosive Potion"}],"is_trial":true,"path_per_floor":["M","M","?","?","?","R","R","R","T","R","R","$","M","T","R","B",null,"M","?","?","?","?","R","R","M","T","R","R","$","R","?","R","B",null,"M","M","?","?","?","R","R","R","T","$","$","R","R","M","R","B",null],"character_chosen":"THE_SILENT","items_purchased":["Infinite Blades","reliquary:HotPoker"],"campfire_rested":1,"item_purchase_floors":[45,45],"current_hp_per_floor":[59,59,45,45,51,51,51,51,61,61,61,61,61,61,61,56,86,86,86,86,86,86,86,86,81,81,86,86,86,86,86,86,68,86,65,64,27,49,49,61,73,85,85,85,85,86,86,86,86,51],"gold":67,"neow_bonus":"","is_daily":false,"chose_seed":false,"campfire_upgraded":17,"win_rate":0.0,"timestamp":1612928029,"path_taken":["M","M","?","?","?","R","R","R","T","R","R","?","?","?","R","BOSS","M","?","?","?","?","R","R","?","T","R","R","$","R","?","R","BOSS","M","M","?","?","?","R","R","R","T","$","$","R","R","M","R","BOSS"],"items_purchased_type":["Card","Relic"],"build_version":"2020-12-22","purchased_purges":0,"victory":true,"max_hp_per_floor":[70,70,70,70,76,76,76,76,86,86,86,86,86,86,86,86,86,86,86,86,86,86,86,86,86,86,86,86,86,86,86,86,86,86,86,86,86,86,86,86,86,86,86,86,86,86,86,86,86,86],"card_choices":[{"not_picked":["Venomology","Doppelganger"],"picked":"Phantasmal Killer","floor":33},{"not_picked":["Escape Plan","Dash+1"],"picked":"Prepared+1","floor":37},{"not_picked":["Dark Shackles","Good Instincts"],"picked":"Dramatic Entrance","floor":39}],"player_experience":101914,"relics_obtained":[{"floor":1,"key":"reliquary:Knoch"},{"floor":2,"key":"potionbrewer:BottledElixir"},{"floor":9,"key":"Pear"},{"floor":13,"key":"Smiling Mask"},{"floor":14,"key":"Oddly Smooth Stone"},{"floor":18,"key":"reliquary:Firecrackers"},{"floor":25,"key":"reliquary:IridiumChain"},{"floor":26,"key":"Eternal Feather"},{"floor":35,"key":"Potion Belt"},{"floor":36,"key":"Bottled Flame"},{"floor":37,"key":"Ice Cream"},{"floor":43,"key":"Ornamental Fan"},{"floor":48,"key":"Lantern"}],"event_choices":[{"damage_healed":59,"gold_gain":0,"player_choice":"Upgrade","damage_taken":14,"max_hp_gain":0,"max_hp_loss":70,"event_name":"betterThird:BetterShining","floor":3,"gold_loss":0,"cards_upgraded":["Slice","Distraction"]},{"damage_healed":0,"gold_gain":0,"player_choice":"Ignored","damage_taken":0,"max_hp_gain":0,"max_hp_loss":0,"event_name":"Golden Idol","floor":4,"gold_loss":0},{"damage_healed":0,"gold_gain":0,"player_choice":"RENOUNCE","damage_taken":125,"max_hp_gain":0,"max_hp_loss":0,"event_name":"betterThird:BetterSerpent","floor":5,"gold_loss":125,"cards_obtained":["Enlightenment"]},{"damage_healed":0,"gold_gain":0,"player_choice":"Ignored","damage_taken":0,"max_hp_gain":0,"max_hp_loss":0,"event_name":"Ghosts","floor":20,"gold_loss":0},{"damage_healed":28,"gold_gain":0,"player_choice":"Heal","damage_taken":0,"max_hp_gain":0,"max_hp_loss":0,"event_name":"The Library","floor":21,"gold_loss":0},{"damage_healed":0,"gold_gain":0,"player_choice":"Traded Relic","damage_taken":0,"relics_obtained":["Nloth\u0027s Gift"],"max_hp_gain":0,"max_hp_loss":0,"event_name":"N\u0027loth","floor":22,"relics_lost":["Du-Vu Doll"],"gold_loss":0},{"damage_healed":0,"gold_gain":0,"player_choice":"Ignored","damage_taken":0,"max_hp_gain":0,"max_hp_loss":0,"event_name":"Cursed Tome","floor":31,"gold_loss":0},{"damage_healed":0,"gold_gain":0,"player_choice":"Fight","damage_taken":0,"max_hp_gain":0,"max_hp_loss":0,"event_name":"Mysterious Sphere","floor":37,"gold_loss":0},{"damage_healed":22,"gold_gain":0,"player_choice":"Writhe","damage_taken":0,"max_hp_gain":0,"max_hp_loss":0,"event_name":"Winding Halls","floor":38,"gold_loss":0,"cards_obtained":["Writhe"]},{"damage_healed":0,"gold_gain":0,"player_choice":"Memory 1","damage_taken":0,"max_hp_gain":0,"max_hp_loss":0,"event_name":"SensoryStone","floor":39,"gold_loss":0}],"is_beta":false,"boss_relics":[{"not_picked":["Sozu","reliquary:RedPaperclip"],"picked":"WristBlade"},{"not_picked":["Coffee Dripper","HoveringKite"],"picked":"Philosopher\u0027s Stone"}],"items_purged_floors":[],"is_endless":false,"potions_floor_spawned":[16,18,25,35,48],"ascension_level":0}}