{"host":"7sni158j623xchr2","time":1612921395,"event":{"mods":["BaseMod","Colored Map","Highlight Path","Minty Spire (QoL Compilation)","Permanent Neow","Potion Indicator Mod","Rare Cards Sparkle","Relic Sorter","Relic Stats","StSLib","everything is the same but u backflip on backflip"],"gold_per_floor":[111,111,125,141,121,121,160,179,179,179,200,268,284,315,315,436,436,431,431,530,445,468,506,506,537,563,563,601,641,662,2,2,133,133,148,23,23,23,46,81,81,181,181,181,222,235,258,294,294,294,294],"floor_reached":50,"language":"ENG","playtime":1990,"items_purged":["Writhe"],"score":730,"play_id":"43668c29-a81c-4e37-8db0-7d59f76ca78f","local_time":"20210209194315","is_ascension_mode":true,"campfire_choices":[{"data":"Flying Knee","floor":6,"key":"SMITH"},{"data":"Terror","floor":10,"key":"SMITH"},{"data":"Neutralize","floor":15,"key":"SMITH"},{"data":"Dagger Spray","floor":24,"key":"SMITH"},{"data":"After Image","floor":32,"key":"SMITH"},{"data":"Cloak And Dagger","floor":41,"key":"SMITH"},{"data":"Blade Dance","floor":44,"key":"SMITH"},{"floor":49,"key":"RECALL"}],"circlet_count":0,"master_deck":["Strike_G+1","Strike_G","Strike_G+1","Strike_G","Strike_G","Defend_G","Defend_G","Defend_G","Defend_G","Defend_G","Survivor","Neutralize+1","Leg Sweep","Terror+1","Flying Knee+1","Quick Slash","Dagger Spray+1","Cloak And Dagger+1","After Image+1","CurseOfTheBell","Blade Dance+1","Deflect","Blade Dance","PiercingWail+1","Corpse Explosion","Dark Shackles","Master of Strategy","PiercingWail","Footwork","Blade Dance+1"],"relics":["Ring of the Snake","Peace Pipe","Golden Idol","Gremlin Horn","Kunai","Question Card","Calling Bell","MealTicket","The Courier","Thread and Needle","Bag of Marbles","Vajra","Centennial Puzzle","Regal Pillow","Potion Belt","Red Mask","Anchor","Ninja Scroll","White Beast Statue","SlaversCollar","Bag of Preparation","Blood Vial","Happy Flower","Whetstone"],"acts_visited":["Exordium","TheCity","TheBeyond"],"potions_floor_usage":[7,18,25,33,50,50,50,50],"damage_taken":[{"damage":0,"enemies":"2 Louse","floor":1,"turns":3},{"damage":0,"enemies":"Small Slimes","floor":3,"turns":3},{"damage":0,"enemies":"Cultist","floor":4,"turns":3},{"damage":20,"enemies":"3 Sentries","floor":7,"turns":13},{"damage":0,"enemies":"Looter","floor":8,"turns":3},{"damage":0,"enemies":"Blue Slaver","floor":11,"turns":4},{"damage":0,"enemies":"Large Slime","floor":13,"turns":3},{"damage":5,"enemies":"Gremlin Nob","floor":14,"turns":4},{"damage":18,"enemies":"Hexaghost","floor":16,"turns":12},{"damage":1,"enemies":"2 Thieves","floor":18,"turns":4},{"damage":0,"enemies":"3 Byrds","floor":22,"turns":3},{"damage":9,"enemies":"Book of Stabbing","floor":23,"turns":8},{"damage":0,"enemies":"Slavers","floor":25,"turns":3},{"damage":12,"enemies":"Book of Stabbing","floor":28,"turns":7},{"damage":0,"enemies":"Masked Bandits","floor":29,"turns":5},{"damage":0,"enemies":"Snake Plant","floor":30,"turns":5},{"damage":37,"enemies":"Champ","floor":33,"turns":21},{"damage":0,"enemies":"Orb Walker","floor":35,"turns":3},{"damage":0,"enemies":"3 Shapes","floor":39,"turns":3},{"damage":0,"enemies":"Reptomancer","floor":40,"turns":8},{"damage":19,"enemies":"Nemesis","floor":45,"turns":7},{"damage":0,"enemies":"Sphere and 2 Shapes","floor":46,"turns":5},{"damage":11,"enemies":"Maw","floor":47,"turns":9},{"damage":0,"enemies":"Giant Head","floor":48,"turns":8},{"damage":60,"enemies":"Time Eater","floor":50,"turns":19}],"seed_played":"-5348086092970865248","potions_obtained":[{"floor":1,"key":"PowerPotion"},{"floor":4,"key":"Block Potion"},{"floor":5,"key":"SneckoOil"},{"floor":8,"key":"SteroidPotion"},{"floor":22,"key":"Poison Potion"},{"floor":29,"key":"DuplicationPotion"},{"floor":30,"key":"SmokeBomb"},{"floor":33,"key":"PowerPotion"},{"floor":45,"key":"GamblersBrew"},{"floor":47,"key":"LiquidMemories"}],"is_trial":false,"path_per_floor":["M","?","M","M","?","R","E","M","T","R","M","?","M","E","R","B",null,"M","?","?","?","M","E","R","E","T","?","E","?","M","$","R","B",null,"M","$","?","?","M","E","R","?","T","R","E","M","M","E","R","B"],"character_chosen":"THE_SILENT","items_purchased":["Anchor","Ninja Scroll","White Beast Statue","FairyPotion","Bag of Preparation"],"campfire_rested":0,"item_purchase_floors":[31,31,31,31,36],"current_hp_per_floor":[49,49,49,49,49,49,29,29,29,29,29,29,29,24,24,6,65,64,64,64,64,64,55,55,55,55,55,43,43,43,58,58,21,65,65,65,65,55,55,55,55,55,55,55,38,40,31,33,33,0,0],"gold":294,"neow_bonus":"ONE_RARE_RELIC","is_daily":false,"chose_seed":false,"campfire_upgraded":7,"win_rate":0.0,"timestamp":1612921395,"path_taken":["M","?","M","M","?","R","E","M","T","R","?","?","M","E","R","BOSS","M","?","?","?","M","E","R","E","T","?","E","?","?","$","R","BOSS","M","$","?","?","?","E","R","?","T","R","E","M","M","E","R","BOSS"],"items_purchased_type":["Relic","Relic","Relic","Potion","Relic"],"build_version":"2020-12-22","purchased_purges":1,"victory":false,"max_hp_per_floor":[70,65,65,65,65,65,65,65,65,65,65,65,65,65,65,65,65,65,65,65,65,65,65,65,65,65,65,65,65,65,65,65,65,65,65,65,65,65,65,65,65,65,65,65,65,65,65,65,65,65,65],"relic_stats":{"Regal Pillow":0,"Gremlin Horn":[16,16],"Happy Flower":[13],"counters":[25,166],"Golden Idol":163,"Bag of Preparation":[0],"Whetstone":["Strike_G","Strike_G"],"Question Card":20,"Peace Pipe":0,"Blood Vial":10,"Centennial Puzzle":[15],"MealTicket":15,"Kunai":[111],"obtain_stats":[{"Potion Belt":28,"Regal Pillow":27,"Gremlin Horn":7,"Happy Flower":45,"Golden Idol":2,"Vajra":25,"Thread and Needle":17,"The Courier":17,"Bag of Preparation":36,"Whetstone":48,"Question Card":14,"White Beast Statue":31,"Peace Pipe":0,"Calling Bell":17,"Blood Vial":40,"SlaversCollar":34,"Centennial Puzzle":26,"Anchor":31,"Ninja Scroll":31,"MealTicket":17,"Bag of Marbles":21,"Red Mask":29,"Kunai":9,"Ring of the Snake":0},{"Potion Belt":14,"Regal Pillow":13,"Gremlin Horn":4,"Happy Flower":21,"Golden Idol":1,"Vajra":13,"Thread and Needle":9,"The Courier":9,"Bag of Preparation":18,"Whetstone":24,"Question Card":8,"White Beast Statue":16,"Peace Pipe":0,"Calling Bell":9,"Blood Vial":20,"SlaversCollar":17,"Centennial Puzzle":13,"Anchor":16,"Ninja Scroll":16,"MealTicket":9,"Bag of Marbles":10,"Red Mask":15,"Kunai":5,"Ring of the Snake":0},{"Potion Belt":73,"Regal Pillow":66,"Gremlin Horn":22,"Happy Flower":125,"Golden Idol":3,"Vajra":66,"Thread and Needle":48,"The Courier":48,"Bag of Preparation":107,"Whetstone":147,"Question Card":36,"White Beast Statue":83,"Peace Pipe":0,"Calling Bell":48,"Blood Vial":118,"SlaversCollar":104,"Centennial Puzzle":66,"Anchor":83,"Ninja Scroll":83,"MealTicket":48,"Bag of Marbles":52,"Red Mask":78,"Kunai":25,"Ring of the Snake":0}],"Ring of the Snake":[50]},"card_choices":[{"not_picked":["Accuracy","Infinite Blades"],"picked":"Leg Sweep","floor":1},{"not_picked":["Deflect","Prepared"],"picked":"Terror","floor":3},{"not_picked":["Backflip","Acrobatics"],"picked":"Flying Knee","floor":4},{"not_picked":["Infinite Blades","Outmaneuver","Dodge and Roll"],"picked":"SKIP","floor":7},{"not_picked":["Blur","Backflip"],"picked":"Quick Slash","floor":8},{"not_picked":["Reflex","Expertise"],"picked":"Dagger Spray","floor":11},{"not_picked":["Venomology","Bane"],"picked":"Cloak And Dagger","floor":13},{"not_picked":["Acrobatics","Tools of the Trade","Bane"],"picked":"SKIP","floor":14},{"not_picked":["Unload","Storm of Steel","Die Die Die"],"picked":"After Image","floor":16},{"not_picked":["Escape Plan","Caltrops","Acrobatics+1"],"picked":"Blade Dance","floor":18},{"not_picked":["Terror","Bane","Eviscerate"],"picked":"Deflect","floor":22},{"not_picked":["All Out Attack","Envenom","Predator"],"picked":"Blade Dance","floor":23},{"not_picked":["Dodge and Roll","Backflip","Unload"],"picked":"PiercingWail+1","floor":25},{"not_picked":["Reflex","Eviscerate","Flying Knee","Noxious Fumes+1"],"picked":"SKIP","floor":28},{"not_picked":["Slice","Concentrate","Escape Plan+1"],"picked":"Well Laid Plans","floor":30},{"not_picked":["Doppelganger","Bullet Time","Malaise"],"picked":"Corpse Explosion","floor":33},{"not_picked":["Distraction+1","Escape Plan","Blade Dance","Underhanded Strike"],"picked":"SKIP","floor":35},{"not_picked":["Deep Breath","Discovery","Violence"],"picked":"Dark Shackles","floor":38},{"not_picked":["Discovery","The Bomb","Thinking Ahead"],"picked":"Master of Strategy","floor":38},{"not_picked":["Bane","Choke","Dagger Spray","Quick Slash"],"picked":"SKIP","floor":39},{"not_picked":["Deflect+1","Underhanded Strike","Cloak And Dagger"],"picked":"PiercingWail","floor":40},{"not_picked":["Blade Dance+1","Doppelganger","Prepared","Cloak And Dagger"],"picked":"SKIP","floor":45},{"not_picked":["Dagger Spray+1","Escape Plan","Quick Slash"],"picked":"Footwork","floor":46},{"not_picked":["Leg Sweep","Poisoned Stab+1","Outmaneuver"],"picked":"Blade Dance+1","floor":47},{"not_picked":["Sucker Punch","Flechettes","Dagger Spray+1","Heel Hook"],"picked":"SKIP","floor":48}],"player_experience":1770483,"relics_obtained":[{"floor":7,"key":"Gremlin Horn"},{"floor":9,"key":"Kunai"},{"floor":14,"key":"Question Card"},{"floor":17,"key":"MealTicket"},{"floor":17,"key":"The Courier"},{"floor":17,"key":"Thread and Needle"},{"floor":25,"key":"Vajra"},{"floor":26,"key":"Centennial Puzzle"},{"floor":28,"key":"Potion Belt"},{"floor":29,"key":"Red Mask"},{"floor":40,"key":"Blood Vial"},{"floor":45,"key":"Happy Flower"},{"floor":48,"key":"Whetstone"}],"event_choices":[{"damage_healed":0,"gold_gain":0,"player_choice":"Lose Max HP","damage_taken":0,"relics_obtained":["Golden Idol"],"max_hp_gain":0,"max_hp_loss":5,"event_name":"Golden Idol","floor":2,"gold_loss":0},{"damage_healed":0,"gold_gain":0,"player_choice":"Bought 1 Potion","damage_taken":0,"max_hp_gain":0,"max_hp_loss":0,"event_name":"The Woman in Blue","floor":5,"gold_loss":0},{"damage_healed":0,"gold_gain":68,"player_choice":"Gained Gold","damage_taken":0,"max_hp_gain":0,"max_hp_loss":0,"event_name":"Golden Wing","floor":12,"gold_loss":0},{"damage_healed":0,"gold_gain":0,"player_choice":"Ignored","damage_taken":0,"max_hp_gain":0,"max_hp_loss":0,"event_name":"Ghosts","floor":19,"gold_loss":0},{"damage_healed":0,"gold_gain":99,"player_choice":"Stole From Cult","damage_taken":0,"max_hp_gain":0,"max_hp_loss":0,"event_name":"Nest","floor":20,"gold_loss":0},{"damage_healed":0,"gold_gain":0,"player_choice":"Obtained Relic","damage_taken":0,"relics_obtained":["Bag of Marbles"],"max_hp_gain":0,"max_hp_loss":0,"event_name":"Addict","floor":21,"gold_loss":85},{"damage_healed":0,"gold_gain":0,"player_choice":"Opened","damage_taken":0,"relics_obtained":["Regal Pillow"],"max_hp_gain":0,"max_hp_loss":0,"event_name":"The Mausoleum","floor":27,"gold_loss":0,"cards_obtained":["Writhe"]},{"damage_healed":0,"gold_gain":0,"player_choice":"Fought Bandits","damage_taken":0,"max_hp_gain":0,"max_hp_loss":0,"event_name":"Masked Bandits","floor":29,"gold_loss":0},{"cards_removed":["Well Laid Plans"],"damage_healed":0,"gold_gain":0,"player_choice":"Removed Power","damage_taken":0,"max_hp_gain":0,"max_hp_loss":0,"event_name":"Falling","floor":37,"gold_loss":0},{"damage_healed":0,"gold_gain":0,"player_choice":"Memory 3","damage_taken":10,"max_hp_gain":0,"max_hp_loss":0,"event_name":"SensoryStone","floor":38,"gold_loss":0},{"damage_healed":0,"gold_gain":100,"player_choice":"Pray","damage_taken":0,"max_hp_gain":0,"max_hp_loss":0,"event_name":"Golden Shrine","floor":42,"gold_loss":0}],"is_beta":false,"boss_relics":[{"not_picked":["Fusion Hammer","Runic Dome"],"picked":"Calling Bell"},{"not_picked":["Velvet Choker","Sozu"],"picked":"SlaversCollar"}],"items_purged_floors":[31],"is_endless":false,"potions_floor_spawned":[1,4,8,13,22,29,30,33,35,39,40,45,46,47,48],"killed_by":"Time Eater","ascension_level":1}}