{"host":"qxeepl7ydvsgmfdb","time":1612976794,"event":{"mods":["AchievementEnabler","BaseMod","Colored Powertips","Minty Spire (QoL Compilation)","Quick Restart","slay the spire mod where everything is the same but ironclad has a cowboy hat"],"gold_per_floor":[110,123,123,123,73,107,107,31,58,58,28,28,63,76,76,171,171,188,200,299,311,48,48,48],"floor_reached":23,"language":"ENG","playtime":838,"items_purged":[],"score":355,"play_id":"973cbdf4-ac4c-4d86-965c-63e76313eb87","local_time":"20210210120634","is_ascension_mode":true,"campfire_choices":[{"data":"Poisoned Stab","floor":7,"key":"SMITH"},{"data":"Noxious Fumes","floor":12,"key":"SMITH"},{"floor":15,"key":"REST"}],"circlet_count":0,"master_deck":["AscendersBane","Strike_G","Strike_G","Strike_G","Defend_G","Defend_G","Defend_G","Defend_G","Defend_G","Survivor","Neutralize","Blade Dance","Poisoned Stab+1","Slice","Noxious Fumes+1","Deflect","All Out Attack+1","Backstab","Distraction"],"relics":["Ring of the Snake","NeowsBlessing","Ice Cream","Lantern","Letter Opener","Matryoshka","Orichalcum"],"acts_visited":["Exordium","TheCity"],"potions_floor_usage":[13,16,21,23],"damage_taken":[{"damage":0,"enemies":"Small Slimes","floor":1,"turns":1},{"damage":0,"enemies":"2 Louse","floor":2,"turns":1},{"damage":0,"enemies":"Gremlin Nob","floor":6,"turns":1},{"damage":15,"enemies":"Lagavulin","floor":13,"turns":6},{"damage":4,"enemies":"Jaw Worm","floor":14,"turns":2},{"damage":26,"enemies":"Slime Boss","floor":16,"turns":9},{"damage":4,"enemies":"3 Byrds","floor":18,"turns":5},{"damage":12,"enemies":"Spheric Guardian","floor":19,"turns":5},{"damage":33,"enemies":"3 Cultists","floor":21,"turns":6},{"damage":13,"enemies":"Slavers","floor":23,"turns":2}],"seed_played":"3820498295944842731","potions_obtained":[{"floor":2,"key":"CunningPotion"},{"floor":6,"key":"DistilledChaos"},{"floor":14,"key":"SpeedPotion"},{"floor":19,"key":"Weak Potion"}],"is_trial":false,"path_per_floor":["M","M","?","?","?","E","R","$","T","T","?","R","E","M","R","B",null,"M","M","?","M","$","E"],"character_chosen":"THE_SILENT","items_purchased":["Noxious Fumes","Backstab","Orichalcum","Distraction"],"campfire_rested":1,"item_purchase_floors":[8,22,22,22],"current_hp_per_floor":[63,63,63,56,56,56,56,56,56,56,56,56,41,37,58,32,61,57,45,45,12,12,0,0],"gold":48,"neow_bonus":"THREE_ENEMY_KILL","is_daily":false,"chose_seed":false,"campfire_upgraded":2,"win_rate":0.0,"timestamp":1612976794,"path_taken":["M","M","?","?","?","E","R","?","T","?","?","R","E","M","R","BOSS","M","M","?","M","$","E"],"items_purchased_type":["Card","Card","Relic","Card"],"build_version":"2020-12-22","purchased_purges":0,"victory":false,"max_hp_per_floor":[70,70,70,70,70,70,70,70,70,70,70,70,70,70,70,70,70,70,70,70,70,70,70,70],"card_choices":[{"not_picked":["Deflect","PiercingWail"],"picked":"Blade Dance","floor":1},{"not_picked":["Escape Plan","Finisher"],"picked":"Poisoned Stab","floor":2},{"not_picked":["Heel Hook","Reflex"],"picked":"Slice","floor":6},{"not_picked":["Bane","Quick Slash","Tactician"],"picked":"SKIP","floor":13},{"not_picked":["Well Laid Plans","Sucker Punch","Footwork"],"picked":"SKIP","floor":14},{"not_picked":["Acrobatics","Dash"],"picked":"Deflect","floor":18},{"not_picked":["Flying Knee","Underhanded Strike","Prepared"],"picked":"SKIP","floor":19},{"not_picked":["Acrobatics","Blade Dance"],"picked":"All Out Attack+1","floor":21}],"player_experience":152586,"relics_obtained":[{"floor":6,"key":"Ice Cream"},{"floor":9,"key":"Lantern"},{"floor":10,"key":"Letter Opener"},{"floor":13,"key":"Matryoshka"}],"event_choices":[{"damage_healed":0,"gold_gain":0,"player_choice":"Ignored","damage_taken":0,"max_hp_gain":0,"max_hp_loss":0,"event_name":"Shining Light","floor":3,"gold_loss":0},{"cards_removed":["Strike_G"],"damage_healed":0,"gold_gain":0,"player_choice":"Card Removal","damage_taken":7,"max_hp_gain":0,"max_hp_loss":0,"event_name":"Golden Wing","floor":4,"gold_loss":0},{"cards_removed":["Strike_G"],"damage_healed":0,"gold_gain":0,"player_choice":"Card Removal","damage_taken":0,"max_hp_gain":0,"max_hp_loss":0,"event_name":"The Cleric","floor":5,"gold_loss":50},{"damage_healed":0,"gold_gain":0,"player_choice":"Left Gold","damage_taken":0,"max_hp_gain":0,"max_hp_loss":0,"event_name":"World of Goop","floor":11,"gold_loss":30},{"damage_healed":0,"gold_gain":99,"player_choice":"Stole From Cult","damage_taken":0,"max_hp_gain":0,"max_hp_loss":0,"event_name":"Nest","floor":20,"gold_loss":0}],"is_beta":false,"boss_relics":[{"not_picked":["Runic Dome","Pandora\u0027s Box","SlaversCollar"]}],"items_purged_floors":[],"is_endless":false,"potions_floor_spawned":[2,6,14,19],"killed_by":"Slavers","ascension_level":12}}