{"host":"Jinnai","time":1612930399,"event":{"mods":["BaseMod","Bestiary","Block Reminder","Colored Map","Colored Powertips","Curses Come First","Highlight Path","Minty Spire (QoL Compilation)","Permanent Neow","Potion Indicator Mod","Quick Restart","Relic Stats","StSLib","ojb\u0027s Info Mod"],"gold_per_floor":[368,368,378,23,34,34,69,81,81,100,125,125,144,175,175,249,249,265,284,284,300,310,340,340,374,399,399,157,184,201,231,231,303,303,314,314,46,59,79,108,124,150,195,220,238,238,238,273,273,273,273,273,273,6,36,36],"floor_reached":57,"language":"ENG","playtime":5258,"items_purged":["Strike_G"],"score":3069,"play_id":"c946ac04-eb9e-42d2-b837-18df19ae758c","local_time":"20210209231319","is_ascension_mode":true,"campfire_choices":[{"data":"Apotheosis","floor":6,"key":"SMITH"},{"floor":12,"key":"REST"},{"data":"After Image","floor":15,"key":"SMITH"},{"floor":24,"key":"RECALL"},{"data":"Blade Dance","floor":27,"key":"SMITH"},{"data":"Blade Dance","floor":32,"key":"SMITH"},{"floor":46,"key":"REST"},{"data":"Wraith Form v2","floor":49,"key":"SMITH"},{"data":"Blade Dance","floor":53,"key":"SMITH"}],"circlet_count":0,"master_deck":["AscendersBane","Survivor","Neutralize","Dagger Throw","Flying Knee","Apotheosis+1","Blade Dance+1","Cloak And Dagger","After Image+1","Cloak And Dagger","Reflex","Acrobatics","Envenom","Crippling Poison","After Image+1","Blade Dance+1","Expertise","Blade Dance","Wraith Form v2+1","Outmaneuver","Crippling Poison","Corpse Explosion","Wraith Form v2+1","A Thousand Cuts","Poisoned Stab","Tactician","Eviscerate","Catalyst+1","Acrobatics","Tools of the Trade","Malaise","Caltrops","Blur","Tactician","Blade Dance+1"],"relics":["Ring of the Snake","Bag of Marbles","Shuriken","Bottled Lightning","Thread and Needle","Philosopher\u0027s Stone","Pen Nib","Eternal Feather","Ancient Tea Set","ClockworkSouvenir","Art of War","Red Mask","Pandora\u0027s Box","Ornamental Fan","Anchor","Tough Bandages","Oddly Smooth Stone","Akabeko","Pear","Letter Opener","Ninja Scroll"],"acts_visited":["Exordium","TheCity","TheBeyond","TheEnding"],"potions_floor_usage":[11,16,19,25,56,56],"damage_taken":[{"damage":2,"enemies":"2 Louse","floor":1,"turns":3},{"damage":4,"enemies":"Cultist","floor":3,"turns":3},{"damage":0,"enemies":"Small Slimes","floor":5,"turns":3},{"damage":0,"enemies":"Gremlin Nob","floor":7,"turns":3},{"damage":17,"enemies":"Exordium Thugs","floor":8,"turns":4},{"damage":3,"enemies":"Looter","floor":10,"turns":3},{"damage":3,"enemies":"Lagavulin","floor":11,"turns":5},{"damage":0,"enemies":"2 Fungi Beasts","floor":13,"turns":3},{"damage":7,"enemies":"3 Sentries","floor":14,"turns":6},{"damage":6,"enemies":"Hexaghost","floor":16,"turns":9},{"damage":0,"enemies":"Chosen","floor":18,"turns":4},{"damage":0,"enemies":"3 Byrds","floor":19,"turns":3},{"damage":1,"enemies":"Snecko","floor":21,"turns":5},{"damage":0,"enemies":"3 Cultists","floor":22,"turns":4},{"damage":2,"enemies":"Book of Stabbing","floor":23,"turns":5},{"damage":3,"enemies":"Gremlin Leader","floor":25,"turns":4},{"damage":6,"enemies":"Slavers","floor":29,"turns":4},{"damage":2,"enemies":"Shelled Parasite and Fungi","floor":30,"turns":3},{"damage":0,"enemies":"Masked Bandits","floor":31,"turns":5},{"damage":0,"enemies":"Automaton","floor":33,"turns":6},{"damage":0,"enemies":"3 Darklings","floor":35,"turns":4},{"damage":4,"enemies":"3 Shapes","floor":38,"turns":4},{"damage":13,"enemies":"Maw","floor":39,"turns":6},{"damage":16,"enemies":"Giant Head","floor":40,"turns":5},{"damage":0,"enemies":"Jaw Worm Horde","floor":41,"turns":2},{"damage":24,"enemies":"Nemesis","floor":42,"turns":7},{"damage":4,"enemies":"3 Darklings","floor":45,"turns":4},{"damage":0,"enemies":"Reptomancer","floor":48,"turns":5},{"damage":26,"enemies":"Time Eater","floor":50,"turns":10},{"damage":35,"enemies":"Awakened One","floor":51,"turns":11},{"damage":23,"enemies":"Shield and Spear","floor":55,"turns":6},{"damage":36,"enemies":"The Heart","floor":56,"turns":9}],"seed_played":"2158168386268805881","potions_obtained":[{"floor":3,"key":"SkillPotion"},{"floor":8,"key":"FearPotion"},{"floor":11,"key":"GhostInAJar"},{"floor":13,"key":"LiquidBronze"},{"floor":16,"key":"CunningPotion"},{"floor":22,"key":"Ancient Potion"},{"floor":25,"key":"DuplicationPotion"},{"floor":30,"key":"CultistPotion"}],"is_trial":false,"path_per_floor":["M","?","M","$","M","R","E","M","T","M","E","R","M","E","R","B",null,"M","M","?","M","M","E","R","E","T","R","$","E","M","?","R","B",null,"M","?","$","M","M","E","M","E","T","T","M","R","?","E","R","B","B",null,"R","$","E","B",null],"character_chosen":"THE_SILENT","items_purchased":["Apotheosis","Bag of Marbles","ClockworkSouvenir","Ornamental Fan","Letter Opener"],"campfire_rested":2,"item_purchase_floors":[4,4,28,37,54],"current_hp_per_floor":[42,42,38,38,38,38,38,21,21,18,15,34,34,27,27,21,55,55,55,55,54,54,52,52,49,49,64,64,58,56,56,66,66,66,66,66,66,62,49,33,33,9,9,9,5,42,42,52,73,47,12,60,76,76,53,17],"gold":36,"neow_bonus":"TWO_FIFTY_GOLD","is_daily":false,"chose_seed":false,"campfire_upgraded":6,"win_rate":0.0,"timestamp":1612930399,"path_taken":["M","?","M","$","?","R","E","M","T","M","E","R","M","E","R","BOSS","M","M","?","M","M","E","R","E","T","R","?","E","M","?","R","BOSS","M","?","$","M","?","E","M","E","T","?","M","R","?","E","R","BOSS","BOSS","R","$","E","BOSS"],"items_purchased_type":["Card","Relic","Relic","Relic","Relic"],"build_version":"2020-12-18","purchased_purges":1,"victory":true,"max_hp_per_floor":[66,66,66,66,66,66,66,66,66,66,66,66,66,66,66,66,66,66,66,66,66,66,66,66,66,66,66,66,66,66,66,66,66,66,66,66,66,66,66,66,66,66,66,66,66,66,66,76,76,76,76,76,76,76,76,76],"relic_stats":{"Tough Bandages":[108],"counters":[32,158],"Shuriken":[137],"Ornamental Fan":[256],"Eternal Feather":80,"Pandora\u0027s Box":["Outmaneuver","Crippling Poison","Corpse Explosion","Wraith Form v2","A Thousand Cuts","Poisoned Stab","Tactician","Eviscerate"],"Pen Nib":[36],"Art of War":[17],"Letter Opener":[10],"obtain_stats":[{"Pear":48,"Oddly Smooth Stone":43,"Thread and Needle":14,"Eternal Feather":25,"Pen Nib":23,"Letter Opener":54,"Ancient Tea Set":26,"Akabeko":44,"ClockworkSouvenir":28,"Anchor":40,"Tough Bandages":42,"Shuriken":7,"Ornamental Fan":37,"Ninja Scroll":55,"Philosopher\u0027s Stone":17,"Pandora\u0027s Box":34,"Bag of Marbles":4,"Art of War":29,"Red Mask":31,"Bottled Lightning":11,"Ring of the Snake":0},{"Pear":28,"Oddly Smooth Stone":26,"Thread and Needle":9,"Eternal Feather":16,"Pen Nib":15,"Letter Opener":30,"Ancient Tea Set":16,"Akabeko":26,"ClockworkSouvenir":16,"Anchor":24,"Tough Bandages":26,"Shuriken":4,"Ornamental Fan":21,"Ninja Scroll":31,"Philosopher\u0027s Stone":10,"Pandora\u0027s Box":20,"Bag of Marbles":2,"Art of War":17,"Red Mask":19,"Bottled Lightning":7,"Ring of the Snake":0},{"Pear":122,"Oddly Smooth Stone":113,"Thread and Needle":33,"Eternal Feather":67,"Pen Nib":63,"Letter Opener":143,"Ancient Tea Set":67,"Akabeko":113,"ClockworkSouvenir":67,"Anchor":104,"Tough Bandages":113,"Shuriken":12,"Ornamental Fan":89,"Ninja Scroll":149,"Philosopher\u0027s Stone":42,"Pandora\u0027s Box":85,"Bag of Marbles":6,"Art of War":71,"Red Mask":79,"Bottled Lightning":24,"Ring of the Snake":0}],"Ring of the Snake":[64]},"card_choices":[{"not_picked":["Eviscerate","Flying Knee"],"picked":"Dagger Throw","floor":1},{"not_picked":["Bane","Outmaneuver"],"picked":"Flying Knee","floor":3},{"not_picked":["Skewer","Deadly Poison"],"picked":"Blade Dance","floor":5},{"not_picked":["Crippling Poison","PiercingWail"],"picked":"Cloak And Dagger","floor":7},{"not_picked":["Predator","Slice"],"picked":"After Image","floor":8},{"not_picked":["Catalyst","Choke"],"picked":"Cloak And Dagger","floor":10},{"not_picked":["Deadly Poison","Expertise"],"picked":"Reflex","floor":11},{"not_picked":["Backflip","Dodge and Roll"],"picked":"Acrobatics","floor":13},{"not_picked":["Dagger Throw","Prepared","Sucker Punch"],"picked":"SKIP","floor":14},{"not_picked":["Adrenaline","Doppelganger"],"picked":"Envenom","floor":16},{"not_picked":["Flying Knee","Bouncing Flask","Sucker Punch"],"picked":"SKIP","floor":18},{"not_picked":["Dagger Spray","Cloak And Dagger"],"picked":"Crippling Poison","floor":19},{"not_picked":["Slice","Reflex+1","Bane"],"picked":"SKIP","floor":21},{"not_picked":["Cloak And Dagger","Noxious Fumes"],"picked":"Blade Dance","floor":22},{"not_picked":["Masterful Stab","Bane","Unload"],"picked":"SKIP","floor":23},{"not_picked":["Reflex","Poisoned Stab","Bouncing Flask"],"picked":"SKIP","floor":25},{"not_picked":["Quick Slash+1","Sucker Punch","Flying Knee"],"picked":"SKIP","floor":29},{"not_picked":["Acrobatics","Poisoned Stab"],"picked":"Expertise","floor":30},{"not_picked":["Sucker Punch","Cloak And Dagger"],"picked":"Blade Dance","floor":31},{"not_picked":["Night Terror","Storm of Steel"],"picked":"Wraith Form v2","floor":33},{"not_picked":["Heel Hook+1","Outmaneuver+1"],"picked":"Catalyst+1","floor":35},{"not_picked":["Dodge and Roll","Heel Hook"],"picked":"Acrobatics","floor":38},{"not_picked":["Infinite Blades+1","Poisoned Stab+1"],"picked":"Tools of the Trade","floor":39},{"not_picked":["Backflip","Outmaneuver"],"picked":"Malaise","floor":40},{"not_picked":["Dagger Throw","Footwork"],"picked":"Caltrops","floor":41},{"not_picked":["Outmaneuver","Quick Slash"],"picked":"Blur","floor":42},{"not_picked":["Deflect","Poisoned Stab"],"picked":"Tactician","floor":45},{"not_picked":["Distraction","Expertise+1"],"picked":"Blade Dance","floor":48},{"not_picked":["Deadly Poison+1","Bouncing Flask","Dodge and Roll"],"picked":"SKIP","floor":55}],"player_experience":1705100,"relics_obtained":[{"floor":7,"key":"Shuriken"},{"floor":11,"key":"Bottled Lightning"},{"floor":14,"key":"Thread and Needle"},{"floor":23,"key":"Pen Nib"},{"floor":25,"key":"Eternal Feather"},{"floor":26,"key":"Ancient Tea Set"},{"floor":29,"key":"Art of War"},{"floor":31,"key":"Red Mask"},{"floor":40,"key":"Anchor"},{"floor":42,"key":"Tough Bandages"},{"floor":43,"key":"Oddly Smooth Stone"},{"floor":44,"key":"Akabeko"},{"floor":48,"key":"Pear"},{"floor":55,"key":"Ninja Scroll"}],"event_choices":[{"cards_removed":["Defend_G"],"damage_healed":0,"gold_gain":0,"player_choice":"Offered Basic","damage_taken":0,"max_hp_gain":0,"max_hp_loss":0,"event_name":"Bonfire Elementals","floor":2,"gold_loss":0},{"damage_healed":0,"gold_gain":0,"player_choice":"Copied","damage_taken":0,"max_hp_gain":0,"max_hp_loss":0,"event_name":"Duplicator","floor":20,"gold_loss":0,"cards_obtained":["After Image"]},{"damage_healed":0,"gold_gain":0,"player_choice":"Fought Bandits","damage_taken":0,"max_hp_gain":0,"max_hp_loss":0,"event_name":"Masked Bandits","floor":31,"gold_loss":0},{"damage_healed":0,"gold_gain":0,"player_choice":"Upgraded","damage_taken":0,"max_hp_gain":0,"max_hp_loss":0,"event_name":"Upgrade Shrine","floor":36,"gold_loss":0,"cards_upgraded":["Wraith Form v2"]},{"damage_healed":0,"gold_gain":0,"player_choice":"Memory 1","damage_taken":0,"max_hp_gain":0,"max_hp_loss":0,"event_name":"SensoryStone","floor":47,"gold_loss":0}],"is_beta":true,"boss_relics":[{"not_picked":["Runic Dome","Calling Bell"],"picked":"Philosopher\u0027s Stone"},{"not_picked":["Runic Pyramid","Ring of the Serpent"],"picked":"Pandora\u0027s Box"}],"items_purged_floors":[28],"is_endless":false,"potions_floor_spawned":[3,8,10,11,13,16,18,22,23,25,30,33,35,38,41,42,48],"ascension_level":20}}