{"host":"dztixnx9b0gu6w9i","time":1612934574,"event":{"mods":["BaseMod","Bestiary","Minty Spire (QoL Compilation)","Relic Stats","Slay the Relics Exporter","SpireBot","ojb\u0027s Better Paths Mod","ojb\u0027s Info Mod"],"gold_per_floor":[109,29,29,29,45,70,70,100,100,100,100,124,157,178,178,268,268,268,268,282,43,70,104,104,137,137,137,153,184,197,5,5,84,84,102,148,160,160,174,174,200,218,218,246,246,272,286,314,314,314,314,314,314,28,62,62],"floor_reached":57,"language":"ENG","playtime":7414,"items_purged":["Strike_B"],"score":3242,"play_id":"e525cb15-c1ad-4c0b-8c38-eb408b7e8a7e","local_time":"20210210002254","is_ascension_mode":true,"campfire_choices":[{"data":"Defragment","floor":7.0,"key":"SMITH"},{"data":"Doom and Gloom","floor":15.0,"key":"SMITH"},{"floor":24.0,"key":"REST"},{"floor":32.0,"key":"REST"},{"data":"Capacitor","floor":40.0,"key":"SMITH"},{"floor":45.0,"key":"RECALL"},{"data":"Biased Cognition","floor":49,"key":"SMITH"},{"data":"Lockon","floor":53,"key":"SMITH"}],"circlet_count":0,"master_deck":["AscendersBane","Defend_B","Defend_B","Defend_B","Defend_B","Zap","Dualcast","Doom and Gloom+1","Defragment+1","Cold Snap","Cold Snap","Sweeping Beam","Cold Snap","Ball Lightning","Multi-Cast+1","Go for the Eyes+1","Capacitor+1","Cold Snap","Compile Driver+1","Conserve Battery+1","Steam+1","All For One","BootSequence+1","Biased Cognition+1","Go for the Eyes","Reinforced Body+1","Core Surge","Coolheaded+1","Compile Driver+1","Coolheaded+1","Steam+1","Darkness+1","Skim+1","FTL","Lockon+1","Barrage+1","Loop","Hologram+1","Defragment","Hologram+1"],"relics":["Cracked Core","NeowsBlessing","Singing Bowl","Symbiotic Virus","Toxic Egg 2","Mummified Hand","Bloody Idol","Shuriken","Runic Dome","Red Mask","Strawberry","The Courier","Kunai","Pocketwatch","Chemical X","Coffee Dripper","Gambling Chip","Cables","Centennial Puzzle","Thread and Needle","Happy Flower","DataDisk","Mercury Hourglass"],"acts_visited":["Exordium","TheCity","TheBeyond","TheEnding"],"potions_floor_usage":[56,56],"damage_taken":[{"damage":0.0,"enemies":"Small Slimes","floor":1.0,"turns":1.0},{"damage":0.0,"enemies":"2 Louse","floor":5.0,"turns":1.0},{"damage":0.0,"enemies":"Lagavulin","floor":6.0,"turns":1.0},{"damage":7.0,"enemies":"Gremlin Nob","floor":8.0,"turns":3.0},{"damage":2.0,"enemies":"Jaw Worm","floor":12.0,"turns":3.0},{"damage":13.0,"enemies":"3 Sentries","floor":13.0,"turns":11.0},{"damage":14.0,"enemies":"3 Louse","floor":14.0,"turns":2.0},{"damage":14.0,"enemies":"Hexaghost","floor":16.0,"turns":8.0},{"damage":0.0,"enemies":"2 Thieves","floor":18.0,"turns":1.0},{"damage":0.0,"enemies":"Spheric Guardian","floor":20.0,"turns":3.0},{"damage":5.0,"enemies":"Masked Bandits","floor":22.0,"turns":4.0},{"damage":53.0,"enemies":"Gremlin Leader","floor":23.0,"turns":6.0},{"damage":19.0,"enemies":"Slavers","floor":25.0,"turns":3.0},{"damage":3.0,"enemies":"3 Cultists","floor":28.0,"turns":4.0},{"damage":15.0,"enemies":"Gremlin Leader","floor":29.0,"turns":7.0},{"damage":10.0,"enemies":"Snake Plant","floor":30.0,"turns":4.0},{"damage":10.0,"enemies":"Automaton","floor":33.0,"turns":9.0},{"damage":0.0,"enemies":"3 Shapes","floor":35.0,"turns":3.0},{"damage":0.0,"enemies":"2 Orb Walkers","floor":36.0,"turns":3.0},{"damage":0.0,"enemies":"3 Darklings","floor":37.0,"turns":6.0},{"damage":0.0,"enemies":"Maw","floor":39.0,"turns":6.0},{"damage":9.0,"enemies":"Reptomancer","floor":41.0,"turns":6.0},{"damage":7.0,"enemies":"Spire Growth","floor":42.0,"turns":5.0},{"damage":0.0,"enemies":"Giant Head","floor":44.0,"turns":6.0},{"damage":1.0,"enemies":"Reptomancer","floor":46.0,"turns":6.0},{"damage":0.0,"enemies":"Transient","floor":47.0,"turns":6.0},{"damage":0.0,"enemies":"Nemesis","floor":48.0,"turns":7.0},{"damage":0,"enemies":"Donu and Deca","floor":50,"turns":8},{"damage":0,"enemies":"Awakened One","floor":51,"turns":12},{"damage":4,"enemies":"Shield and Spear","floor":55,"turns":5},{"damage":32,"enemies":"The Heart","floor":56,"turns":8}],"seed_played":"-6197230646364857473","potions_obtained":[{"floor":1.0,"key":"FearPotion"},{"floor":8.0,"key":"Weak Potion"},{"floor":13.0,"key":"SmokeBomb"},{"floor":22.0,"key":"Swift Potion"},{"floor":23.0,"key":"FocusPotion"},{"floor":28.0,"key":"EssenceOfSteel"},{"floor":35.0,"key":"DistilledChaos"},{"floor":36.0,"key":"DistilledChaos"},{"floor":42.0,"key":"EssenceOfDarkness"}],"is_trial":false,"path_per_floor":["M","$","?","?","M","E","R","E","T","?","?","M","E","M","R","B",null,"M","?","M","$","?","E","R","E","T","?","M","E","M","$","R","B",null,"M","?","M","?","M","R","E","M","T","E","R","E","M","E","R","B","B",null,"R","$","E","B",null],"character_chosen":"DEFECT","items_purchased":["Defragment","Capacitor","Fire Potion","Cold Snap","Chemical X","Reinforced Body+1","DataDisk","Loop","Hologram+1","Defragment"],"campfire_rested":2,"item_purchase_floors":[2,21,21,21,31,31,54,54,54,54],"current_hp_per_floor":[64,64,57,52,52,52,52,45,45,45,45,43,30,18,18,4,51,51,51,56,56,56,15,36,22,22,22,24,14,9,9,30,25,61,66,71,73,73,73,73,69,69,69,74,74,75,75,75,75,75,75,75,75,75,75,43],"gold":62,"neow_bonus":"THREE_ENEMY_KILL","is_daily":false,"chose_seed":false,"campfire_upgraded":5,"win_rate":0.0,"timestamp":1612934574,"path_taken":["M","$","?","?","M","E","R","E","T","?","?","?","E","M","R","BOSS","M","?","M","$","?","E","R","E","T","?","M","E","M","$","R","BOSS","M","?","M","?","M","R","E","M","T","E","R","E","M","E","R","BOSS","BOSS","R","$","E","BOSS"],"items_purchased_type":["Card","Card","Potion","Card","Relic","Card","Relic","Card","Card","Card"],"build_version":"2020-12-22","purchased_purges":1,"victory":true,"max_hp_per_floor":[71,71,71,71,71,71,71,71,71,64,64,64,64,66,66,66,66,66,66,66,66,66,73,73,73,73,73,73,73,73,73,73,73,73,73,73,73,73,73,73,73,75,75,75,75,75,75,75,75,75,75,75,75,75,75,75],"relic_stats":{"Singing Bowl":4,"Happy Flower":[11],"counters":[31,158],"Cables":[56,15,17,24,0],"Mercury Hourglass":[24],"Centennial Puzzle":[9],"Mummified Hand":[60],"Shuriken":[72],"Bloody Idol":73,"Gambling Chip":[30],"Kunai":[62],"Chemical X":[38],"obtain_stats":[{"NeowsBlessing":0,"Singing Bowl":4,"Happy Flower":48,"Golden Idol":10,"Thread and Needle":46,"The Courier":25,"Cables":41,"Mercury Hourglass":55,"Runic Dome":17,"Centennial Puzzle":44,"DataDisk":54,"Mummified Hand":9,"Shuriken":13,"Bloody Idol":19,"Strawberry":23,"Gambling Chip":36,"Red Mask":22,"Coffee Dripper":34,"Kunai":26,"Chemical X":31,"Toxic Egg 2":8,"Cracked Core":0,"Symbiotic Virus":6,"Pocketwatch":29},{"NeowsBlessing":0,"Singing Bowl":1,"Happy Flower":27,"Golden Idol":4,"Thread and Needle":25,"The Courier":13,"Cables":22,"Mercury Hourglass":30,"Runic Dome":8,"Centennial Puzzle":24,"DataDisk":29,"Mummified Hand":4,"Shuriken":6,"Bloody Idol":9,"Strawberry":12,"Gambling Chip":19,"Red Mask":11,"Coffee Dripper":17,"Kunai":13,"Chemical X":16,"Toxic Egg 2":4,"Cracked Core":0,"Symbiotic Virus":3,"Pocketwatch":15},{"NeowsBlessing":0,"Singing Bowl":1,"Happy Flower":125,"Golden Idol":6,"Thread and Needle":112,"The Courier":47,"Cables":95,"Mercury Hourglass":150,"Runic Dome":30,"Centennial Puzzle":106,"DataDisk":145,"Mummified Hand":6,"Shuriken":20,"Bloody Idol":31,"Strawberry":44,"Gambling Chip":77,"Red Mask":38,"Coffee Dripper":71,"Kunai":47,"Chemical X":62,"Toxic Egg 2":6,"Cracked Core":0,"Symbiotic Virus":3,"Pocketwatch":58}],"Pocketwatch":[101]},"card_choices":[{"not_picked":["Reprogram","Stack"],"picked":"Doom and Gloom","floor":1.0},{"not_picked":["Skim","Ball Lightning"],"picked":"Cold Snap","floor":5.0},{"not_picked":["Creative AI","Recycle"],"picked":"Cold Snap","floor":6.0},{"not_picked":["Blizzard","Hologram+1"],"picked":"Sweeping Beam","floor":8.0},{"not_picked":["Beam Cell","Melter"],"picked":"Cold Snap","floor":12.0},{"not_picked":["Streamline","Sunder"],"picked":"Ball Lightning","floor":13.0},{"not_picked":["Coolheaded+1","Redo+1","Auto Shields+1"],"picked":"Singing Bowl","floor":14.0},{"not_picked":["Hyperbeam","Amplify+1"],"picked":"Multi-Cast+1","floor":16.0},{"not_picked":["Tempest+1","Chaos+1"],"picked":"Go for the Eyes+1","floor":20.0},{"not_picked":["Cold Snap","Turbo+1"],"picked":"Compile Driver+1","floor":22.0},{"not_picked":["Go for the Eyes","Cold Snap"],"picked":"Conserve Battery+1","floor":23.0},{"not_picked":["Beam Cell","Streamline"],"picked":"Steam+1","floor":25.0},{"not_picked":["Conserve Battery+1","Genetic Algorithm+1"],"picked":"BootSequence+1","floor":28.0},{"not_picked":["Compile Driver","Streamline"],"picked":"Biased Cognition","floor":29.0},{"not_picked":["Steam+1","Streamline"],"picked":"Go for the Eyes","floor":30.0},{"not_picked":["Buffer","All For One"],"picked":"Core Surge","floor":33.0},{"not_picked":["Undo+1","Ball Lightning+1"],"picked":"Coolheaded+1","floor":35.0},{"not_picked":["Redo+1","Lockon+1"],"picked":"Compile Driver+1","floor":36.0},{"not_picked":["Go for the Eyes+1","Rebound"],"picked":"Coolheaded+1","floor":37.0},{"not_picked":["Storm+1","Genetic Algorithm+1"],"picked":"Steam+1","floor":39.0},{"not_picked":["Double Energy+1","Rebound"],"picked":"Darkness+1","floor":41.0},{"not_picked":["Leap+1","Go for the Eyes","Conserve Battery+1"],"picked":"Singing Bowl","floor":42.0},{"not_picked":["Go for the Eyes","Force Field+1"],"picked":"Skim+1","floor":44.0},{"not_picked":["Ball Lightning","Tempest+1"],"picked":"FTL","floor":46.0},{"not_picked":["Amplify+1","Cold Snap"],"picked":"Lockon","floor":47.0},{"not_picked":["Consume+1","Steam+1"],"picked":"Barrage+1","floor":48.0},{"not_picked":["Ball Lightning+1","Stack+1"],"picked":"Hologram+1","floor":55}],"player_experience":8538453,"relics_obtained":[{"floor":6.0,"key":"Symbiotic Virus"},{"floor":8.0,"key":"Toxic Egg 2"},{"floor":9.0,"key":"Mummified Hand"},{"floor":13.0,"key":"Shuriken"},{"floor":22.0,"key":"Red Mask"},{"floor":23.0,"key":"Strawberry"},{"floor":25.0,"key":"The Courier"},{"floor":26.0,"key":"Kunai"},{"floor":29.0,"key":"Pocketwatch"},{"floor":36.0,"key":"Gambling Chip"},{"floor":41.0,"key":"Cables"},{"floor":44.0,"key":"Centennial Puzzle"},{"floor":46.0,"key":"Thread and Needle"},{"floor":48.0,"key":"Happy Flower"},{"floor":55,"key":"Mercury Hourglass"}],"event_choices":[{"cards_removed":["Strike_B"],"damage_healed":0.0,"max_hp_gain":0.0,"max_hp_loss":0.0,"gold_gain":0.0,"event_name":"Golden Wing","player_choice":"Card Removal","floor":3.0,"gold_loss":0.0,"damage_taken":7.0},{"damage_healed":0.0,"max_hp_gain":0.0,"max_hp_loss":0.0,"gold_gain":0.0,"event_name":"Scrap Ooze","player_choice":"Success","floor":4.0,"gold_loss":0.0,"damage_taken":5.0,"relics_obtained":["Singing Bowl"]},{"damage_healed":0.0,"max_hp_gain":0.0,"max_hp_loss":7.0,"gold_gain":0.0,"event_name":"Golden Idol","player_choice":"Lose Max HP","floor":10.0,"gold_loss":0.0,"damage_taken":0.0,"relics_obtained":["Golden Idol"]},{"damage_healed":0.0,"max_hp_gain":0.0,"max_hp_loss":0.0,"gold_gain":0.0,"event_name":"Liars Game","player_choice":"Ignored","floor":11.0,"gold_loss":0.0,"damage_taken":0.0},{"damage_healed":0.0,"max_hp_gain":0.0,"max_hp_loss":0.0,"gold_gain":0.0,"event_name":"Forgotten Altar","player_choice":"Gave Idol","floor":19.0,"relics_lost":["Golden Idol"],"gold_loss":0.0,"damage_taken":0.0,"relics_obtained":["Bloody Idol"]},{"damage_healed":0.0,"max_hp_gain":0.0,"max_hp_loss":0.0,"gold_gain":0.0,"event_name":"Masked Bandits","player_choice":"Fought Bandits","floor":22.0,"gold_loss":0.0,"damage_taken":0.0},{"damage_healed":0.0,"max_hp_gain":0.0,"max_hp_loss":0.0,"gold_gain":0.0,"cards_transformed":["Strike_B","Strike_B"],"event_name":"Drug Dealer","player_choice":"Became Test Subject","floor":27.0,"gold_loss":0.0,"damage_taken":0.0,"cards_obtained":["All For One","Streamline"]},{"damage_healed":0.0,"max_hp_gain":0.0,"max_hp_loss":0.0,"gold_gain":0.0,"event_name":"Mysterious Sphere","player_choice":"Fight","floor":36.0,"gold_loss":0.0,"damage_taken":0.0},{"cards_removed":["Streamline"],"damage_healed":0.0,"max_hp_gain":0.0,"max_hp_loss":0.0,"gold_gain":0.0,"event_name":"Falling","player_choice":"Removed Attack","floor":38.0,"gold_loss":0.0,"damage_taken":0.0}],"is_beta":false,"boss_relics":[{"not_picked":["Snecko Eye","Ectoplasm"],"picked":"Runic Dome"},{"not_picked":["SacredBark","FrozenCore"],"picked":"Coffee Dripper"}],"items_purged_floors":[21],"is_endless":false,"potions_floor_spawned":[1,8,13,18,22,23,28,35,36,42,44,46],"ascension_level":20}}