{"host":"aqym1xxr3lb31d9m","time":1612963392,"event":{"mods":["BaseMod","Block Reminder","Colored Map","Colored Powertips","DeckTracker","Highlight Path","Minty Spire (QoL Compilation)","Quick Restart","Random Character Button","StSLib","SuperFastMode","UnlockEverythingMod"],"gold_per_floor":[110,130,130,130,46,46,56,56,356,326,357,369,395,55,55,55,55],"floor_reached":16,"language":"JPN","playtime":507,"items_purged":[],"score":216,"play_id":"29ea9d4b-2d29-49bf-bdeb-1fe0beffb446","local_time":"20210210222312","is_ascension_mode":true,"campfire_choices":[{"data":"Neutralize","floor":6,"key":"SMITH"},{"data":"Deadly Poison","floor":8,"key":"SMITH"},{"data":"Well Laid Plans","floor":15,"key":"SMITH"}],"circlet_count":0,"master_deck":["AscendersBane","Strike_G","Strike_G","Strike_G","Strike_G","Strike_G","Defend_G","Defend_G","Defend_G","Defend_G","Defend_G","Survivor","Neutralize+1","Secret Weapon","Deadly Poison+1","Deadly Poison","Die Die Die","Bane","All Out Attack","Dodge and Roll","Blur","Well Laid Plans+1"],"relics":["Ring of the Snake","Mango","Old Coin","Question Card","WingedGreaves","Art of War"],"acts_visited":["Exordium"],"potions_floor_usage":[11,11,13,13,16,16],"damage_taken":[{"damage":7,"enemies":"2 Louse","floor":1,"turns":4},{"damage":0,"enemies":"Jaw Worm","floor":2,"turns":5},{"damage":0,"enemies":"Cultist","floor":7,"turns":3},{"damage":21,"enemies":"Gremlin Nob","floor":11,"turns":4},{"damage":12,"enemies":"Exordium Wildlife","floor":12,"turns":4},{"damage":7,"enemies":"3 Sentries","floor":13,"turns":4},{"damage":12,"enemies":"The Guardian","floor":16,"turns":2}],"seed_played":"7124345808992448172","potions_obtained":[{"floor":7,"key":"SneckoOil"},{"floor":10,"key":"BlessingOfTheForge"},{"floor":10,"key":"DistilledChaos"},{"floor":11,"key":"SpeedPotion"},{"floor":12,"key":"ColorlessPotion"},{"floor":13,"key":"DuplicationPotion"}],"is_trial":false,"path_per_floor":["M","M","?","T","$","R","M","R","T","?","E","M","E","$","R","B"],"character_chosen":"THE_SILENT","items_purchased":["Die Die Die","Art of War","Well Laid Plans","EssenceOfSteel"],"campfire_rested":0,"item_purchase_floors":[5,14,14,14],"current_hp_per_floor":[37,37,37,51,51,51,51,51,51,51,30,18,11,11,11,0,0],"gold":55,"neow_bonus":"RANDOM_COLORLESS_2","is_daily":false,"chose_seed":false,"campfire_upgraded":3,"win_rate":0.0,"timestamp":1612963392,"path_taken":["M","M","?","?","?","R","M","R","T","?","E","M","E","$","R","BOSS"],"items_purchased_type":["Card","Relic","Card","Potion"],"build_version":"2020-12-22","purchased_purges":0,"victory":false,"max_hp_per_floor":[66,66,66,80,80,80,80,80,80,80,80,80,80,80,80,80,80],"card_choices":[{"not_picked":["Magnetism","Violence"],"picked":"Secret Weapon","floor":0},{"not_picked":["Backflip","PiercingWail"],"picked":"Deadly Poison","floor":1},{"not_picked":["Blade Dance","Acrobatics"],"picked":"Deadly Poison","floor":2},{"not_picked":["Acrobatics","Dagger Throw"],"picked":"Bane","floor":7},{"not_picked":["Dagger Throw","Acrobatics"],"picked":"All Out Attack","floor":11},{"not_picked":["Tactician","Blade Dance","All Out Attack"],"picked":"Dodge and Roll","floor":12},{"not_picked":["Dash","Storm of Steel","Die Die Die"],"picked":"Blur","floor":13}],"player_experience":4209286,"relics_obtained":[{"floor":4,"key":"Mango"},{"floor":9,"key":"Old Coin"},{"floor":11,"key":"Question Card"},{"floor":13,"key":"WingedGreaves"}],"event_choices":[{"damage_healed":0,"gold_gain":0,"player_choice":"Ignored","damage_taken":0,"max_hp_gain":0,"max_hp_loss":0,"event_name":"Shining Light","floor":3,"gold_loss":0},{"damage_healed":0,"gold_gain":0,"player_choice":"Bought 2 Potions","damage_taken":0,"max_hp_gain":0,"max_hp_loss":0,"event_name":"The Woman in Blue","floor":10,"gold_loss":0}],"is_beta":false,"boss_relics":[],"items_purged_floors":[],"is_endless":false,"potions_floor_spawned":[7,11,12,13],"killed_by":"The Guardian","ascension_level":20}}