{"host":"z2o61o1qvcmvhuul","time":1612957504,"event":{"mods":["Alarm Clock","BaseMod","Minty Spire (QoL Compilation)","Quick Restart","Relic Filter Mod","Spicy Shops","StSLib","Starting Relic: Pandora\u0027s Box","SuperFastMode","¡¾ÒÅÎï¿¨ÅÆ¡¿REMEMod"],"gold_per_floor":[111,111,121,101,115,143,143,178,202,202,220,240,270,289,289,367,367,379,410,410,410,410],"floor_reached":21,"language":"ZHS","playtime":588,"items_purged":[],"score":448,"play_id":"8d671d16-994e-4163-8b30-ba9a47332598","local_time":"20210210194504","is_ascension_mode":true,"campfire_choices":[{"data":"Chaos","floor":7,"key":"SMITH"},{"data":"Sunder","floor":10,"key":"SMITH"},{"data":"Hologram","floor":15,"key":"SMITH"}],"circlet_count":0,"master_deck":["AscendersBane","Zap","Dualcast","Doom and Gloom","Sunder+1","Rebound","Turbo","Leap+1","Leap","Recycle+1","Conserve Battery","Venomology+1","Chaos+1","Chill","Conserve Battery","White Noise","Hologram+1","Multi-Cast","Undo"],"relics":["Pandora\u0027s Box","REME_ComplimentaryCards","NeowsBlessing","DataDisk","Lantern","War Paint","Sundial","Inserter","Red Mask"],"acts_visited":["Exordium","TheCity"],"potions_floor_usage":[5,6,11,12,13,16,16,19,19],"damage_taken":[{"damage":0,"enemies":"Jaw Worm","floor":1,"turns":1},{"damage":0,"enemies":"Cultist","floor":3,"turns":1},{"damage":0,"enemies":"2 Louse","floor":5,"turns":2},{"damage":16,"enemies":"3 Sentries","floor":6,"turns":5},{"damage":5,"enemies":"Gremlin Nob","floor":8,"turns":3},{"damage":6,"enemies":"Exordium Thugs","floor":11,"turns":3},{"damage":0,"enemies":"Looter","floor":12,"turns":3},{"damage":0,"enemies":"3 Sentries","floor":13,"turns":10},{"damage":14,"enemies":"Exordium Wildlife","floor":14,"turns":2},{"damage":28,"enemies":"Hexaghost","floor":16,"turns":10},{"damage":7,"enemies":"Shell Parasite","floor":18,"turns":6},{"damage":14,"enemies":"Masked Bandits","floor":19,"turns":4},{"damage":0,"enemies":"2 Thieves","floor":21,"turns":1}],"seed_played":"-4893099575802136958","potions_obtained":[{"floor":1,"key":"Strength Potion"},{"floor":4,"key":"FairyPotion"},{"floor":5,"key":"REME_GoldPotion"},{"floor":8,"key":"Fire Potion"},{"floor":14,"key":"DistilledChaos"},{"floor":16,"key":"Fire Potion"}],"is_trial":false,"path_per_floor":["M","?","M","?","M","E","R","E","T","R","M","M","E","M","R","B",null,"M","?","?","M"],"character_chosen":"DEFECT","items_purchased":[],"campfire_rested":0,"item_purchase_floors":[],"current_hp_per_floor":[64,64,64,64,64,48,48,43,43,43,37,37,37,23,23,21,59,52,38,18,18,18],"gold":410,"neow_bonus":"THREE_ENEMY_KILL","is_daily":false,"chose_seed":false,"campfire_upgraded":3,"win_rate":0.0,"timestamp":1612957504,"path_taken":["M","?","?","?","M","E","R","E","T","R","?","M","E","M","R","BOSS","M","?","?","M"],"items_purchased_type":[],"build_version":"2020-12-22","purchased_purges":0,"victory":false,"max_hp_per_floor":[71,71,71,71,71,71,71,71,71,71,71,71,71,71,71,71,71,71,71,76,76,76],"card_choices":[{"not_picked":["Turbo","Sweeping Beam"],"picked":"Chaos","floor":1},{"not_picked":["Gash","Sweeping Beam","Cold Snap"],"picked":"SKIP","floor":3},{"not_picked":["Sweeping Beam","Compile Driver","Steam"],"picked":"SKIP","floor":5},{"not_picked":["Rebound","Stack","Amplify"],"picked":"SKIP","floor":6},{"not_picked":["Sweeping Beam","Rebound"],"picked":"Chill","floor":8},{"not_picked":["Steam","Beam Cell","Sweeping Beam"],"picked":"SKIP","floor":11},{"not_picked":["Fusion","Beam Cell"],"picked":"Conserve Battery","floor":12},{"not_picked":["Rip and Tear","Loop"],"picked":"White Noise","floor":13},{"not_picked":["Melter","Fusion"],"picked":"Hologram","floor":14},{"not_picked":["Meteor Strike","Machine Learning"],"picked":"Multi-Cast","floor":16},{"not_picked":["Blizzard+1","Gash"],"picked":"Undo","floor":18}],"player_experience":66651,"relics_obtained":[{"floor":6,"key":"DataDisk"},{"floor":8,"key":"Lantern"},{"floor":9,"key":"War Paint"},{"floor":13,"key":"Sundial"},{"floor":19,"key":"Red Mask"}],"event_choices":[{"damage_healed":0,"gold_gain":0,"player_choice":"Upgraded","damage_taken":0,"max_hp_gain":0,"max_hp_loss":0,"event_name":"Upgrade Shrine","floor":2,"gold_loss":0,"cards_upgraded":["Recycle"]},{"damage_healed":0,"gold_gain":0,"player_choice":"Bought 1 Potion","damage_taken":0,"max_hp_gain":0,"max_hp_loss":0,"event_name":"The Woman in Blue","floor":4,"gold_loss":0},{"damage_healed":0,"gold_gain":0,"player_choice":"Fought Bandits","damage_taken":0,"max_hp_gain":0,"max_hp_loss":0,"event_name":"Masked Bandits","floor":19,"gold_loss":0},{"damage_healed":0,"gold_gain":0,"player_choice":"Shed Blood","damage_taken":25,"max_hp_gain":5,"max_hp_loss":0,"event_name":"Forgotten Altar","floor":20,"gold_loss":0}],"is_beta":false,"boss_relics":[{"not_picked":["Runic Dome","Coffee Dripper"],"picked":"Inserter"}],"items_purged_floors":[],"is_endless":false,"potions_floor_spawned":[1,5,8,14,16,19],"killed_by":"2 Thieves","ascension_level":20}}