{"host":"k5fgrtcqzqosfxt0","time":1612945672,"event":{"mods":["Act Like it!","Aspiration","BaseMod","Downfall","Gensokyo","Minty Spire (QoL Compilation)","MostiFishMod","StSLib","TestMod","UnlockEverythingMod"],"gold_per_floor":[365,365,127,127,140,140,173,193,248,248,284,307,327,360,360,456,456,474,474,340,365,386,386,426,446,495,531,571,596,546,589,589,687,687,703,726,507,507,507,548,591,615,639,670,670,670],"floor_reached":45,"language":"ZHS","playtime":2002,"items_purged":["Strike_B","Strike_B","Strike_B","Defend_B"],"score":1287,"play_id":"81028418-3515-49a8-a3a5-ec7fd554ffe4","local_time":"20210210162752","is_ascension_mode":true,"campfire_choices":[{"floor":6.0,"key":"REST"},{"data":"Zap","floor":10.0,"key":"SMITH"},{"data":"Coolheaded","floor":15.0,"key":"SMITH"},{"data":"Defragment","floor":23.0,"key":"SMITH"},{"data":"Recycle","floor":32.0,"key":"SMITH"}],"circlet_count":0,"master_deck":["AscendersBane","Defend_B","Defend_B","Zap+1","Dualcast","Cold Snap","Ball Lightning","MostiFishMod:IceShield","Recycle+1","Coolheaded+1","MostiFishMod:StrandedSiren","Coolheaded","Seek","Defragment+1","Coolheaded+1","Consume","Skim","Fission","Chill","MostiFishMod:Exploitation","Madness","Madness","Loop","Fission"],"relics":["Cracked Core","testmod-TestBox","DaveBox","testmod-SaigiyounoYou","SynthV:TestCard","Golden Idol","Happy Flower","ArrowTower","Smiling Mask","Strawberry","Cables","Sozu","WingedGreaves","testmod-AssaultLearning","Red Mask","Juzu Bracelet","Bottled Tornado","Nuclear Battery","DataDisk","Ornamental Fan","Ancient Tea Set","Blood Vial","Pen Nib"],"acts_visited":["Exordium","TheCity","TheBeyond"],"potions_floor_usage":[],"damage_taken":[{"damage":12.0,"enemies":"Small Slimes","floor":1.0,"turns":2.0},{"damage":2.0,"enemies":"Jaw Worm","floor":5.0,"turns":3.0},{"damage":22.0,"enemies":"Lagavulin","floor":7.0,"turns":5.0},{"damage":0.0,"enemies":"Cultist","floor":8.0,"turns":2.0},{"damage":13.0,"enemies":"3 Sentries","floor":11.0,"turns":4.0},{"damage":7.0,"enemies":"Large Slime","floor":12.0,"turns":4.0},{"damage":8.0,"enemies":"Blue Slaver","floor":13.0,"turns":3.0},{"damage":36.0,"enemies":"Lagavulin","floor":14.0,"turns":6.0},{"damage":25.0,"enemies":"The Guardian","floor":16.0,"turns":8.0},{"damage":1.0,"enemies":"Spheric Guardian","floor":18.0,"turns":3.0},{"damage":0.0,"enemies":"Chosen","floor":21.0,"turns":4.0},{"damage":27.0,"enemies":"Snecko","floor":22.0,"turns":5.0},{"damage":23.0,"enemies":"Gremlin Leader","floor":24.0,"turns":6.0},{"damage":9.0,"enemies":"Snake Plant","floor":25.0,"turns":4.0},{"damage":12.0,"enemies":"Masked Bandits","floor":27.0,"turns":4.0},{"damage":18.0,"enemies":"Slavers","floor":28.0,"turns":5.0},{"damage":6.0,"enemies":"3 Cultists","floor":29.0,"turns":5.0},{"damage":10.0,"enemies":"Gremlin Leader","floor":31.0,"turns":5.0},{"damage":0.0,"enemies":"Collector","floor":33.0,"turns":6.0},{"damage":44.0,"enemies":"3 Darklings","floor":35.0,"turns":5.0},{"damage":3.0,"enemies":"Orb Walker","floor":36.0,"turns":4.0},{"damage":5.0,"enemies":"Nemesis","floor":40.0,"turns":8.0},{"damage":13.0,"enemies":"Giant Head","floor":41.0,"turns":7.0},{"damage":24.0,"enemies":"Maw","floor":42.0,"turns":5.0},{"damage":45,"enemies":"Nemesis","floor":44,"turns":9},{"damage":53,"enemies":"Reptomancer","floor":45,"turns":4}],"seed_played":"3194660817564135383","potions_obtained":[{"floor":5.0,"key":"Block Potion"},{"floor":8.0,"key":"SteroidPotion"},{"floor":11.0,"key":"Slimebound:ThreeZeroPotion"}],"is_trial":false,"path_per_floor":["M","?","$","?","M","R","E","M","T","R","E","M","M","E","R","B",null,"M","?","$","M","M","R","E","M","T","?","E","M","$","E","R","B",null,"M","M","$","?","?","E","E","M","T","E","E"],"character_chosen":"DEFECT","items_purchased":["Happy Flower","Defragment","DataDisk"],"campfire_rested":1,"item_purchase_floors":[3,20,37],"current_hp_per_floor":[42,18,18,7,13,34,26,35,35,35,43,49,48,30,30,36,68,69,69,69,78,64,64,63,67,67,68,62,69,69,78,78,78,78,46,54,54,40,40,57,78,66,66,39,0,0],"gold":670,"neow_bonus":"TWO_FIFTY_GOLD","is_daily":false,"chose_seed":false,"campfire_upgraded":4,"win_rate":0.0,"timestamp":1612945672,"path_taken":["M","?","$","?","M","R","E","M","T","R","E","M","M","E","R","BOSS","M","?","$","?","M","R","E","M","T","?","E","M","$","E","R","BOSS","M","M","$","?","?","E","E","M","T","E","E"],"items_purchased_type":["Relic","Card","Relic"],"build_version":"2020-12-22","purchased_purges":4,"victory":false,"max_hp_per_floor":[71,71,71,71,71,71,71,71,71,71,78,78,78,78,78,78,78,78,78,78,78,78,78,78,78,78,78,78,78,78,78,78,78,78,78,78,78,78,78,78,78,78,78,78,78,78],"card_choices":[{"not_picked":["Streamline","Hologram","Redo"],"picked":"SKIP","floor":1.0},{"not_picked":["MostiFishMod:FluxCapactior","Barrage","Steam Power","MostiFishMod:PushDownKick"],"picked":"Cold Snap","floor":5.0},{"not_picked":["Gash","Leap","Melter","Streamline"],"picked":"Ball Lightning","floor":7.0},{"not_picked":["Stack","Hello World","FTL","Redo","Rip and Tear"],"picked":"SKIP","floor":8.0},{"not_picked":["BootSequence","Tempest","Hologram","Beam Cell"],"picked":"MostiFishMod:IceShield","floor":11.0},{"not_picked":["Scrape","Hologram","MostiFishMod:DeathFromBelow","Self Repair","Blizzard"],"picked":"SKIP","floor":12.0},{"not_picked":["Skim","Ball Lightning","Leap","Consume"],"picked":"Recycle","floor":13.0},{"not_picked":["Auto Shields","Go for the Eyes","Tempest","Ball Lightning"],"picked":"Coolheaded","floor":14.0},{"not_picked":["MostiFishMod:StarOceanB","MostiFishMod:DawningShadow","Amplify","MostiFishMod:Overload"],"picked":"MostiFishMod:StrandedSiren","floor":16.0},{"not_picked":["White Noise","Stack","Compile Driver","Cold Snap"],"picked":"Coolheaded","floor":18.0},{"not_picked":["Chaos","Conserve Battery","Redo","Ball Lightning"],"picked":"Coolheaded+1","floor":21.0},{"not_picked":["Barrage","Compile Driver","Gash","Coolheaded+1","Thunder Strike"],"picked":"SKIP","floor":22.0},{"not_picked":["Cold Snap","Compile Driver","Steam","Self Repair","Ball Lightning"],"picked":"SKIP","floor":24.0},{"not_picked":["Scrape","White Noise","Recycle","Gash"],"picked":"Consume","floor":25.0},{"not_picked":["White Noise","Coolheaded","Redo","Conserve Battery"],"picked":"Skim","floor":27.0},{"not_picked":["Sweeping Beam+1","Gash+1","Ball Lightning","MostiFishMod:FluxCapactior"],"picked":"Fission","floor":28.0},{"not_picked":["Coolheaded","Chill","Steam","FTL","Tempest"],"picked":"SKIP","floor":29.0},{"not_picked":["Cold Snap","Stack","Compile Driver","Recycle"],"picked":"Chill","floor":31.0},{"not_picked":["Rainbow","Buffer","MostiFishMod:Nova","Reboot"],"picked":"MostiFishMod:Exploitation","floor":33.0},{"not_picked":["Genetic Algorithm","Stack+1","Beam Cell+1","Barrage","Go for the Eyes"],"picked":"SKIP","floor":35.0},{"not_picked":["Cold Snap","Beam Cell","Conserve Battery","Compile Driver","Redo"],"picked":"SKIP","floor":36.0},{"not_picked":["Barrage","Turbo","Steam Power+1","Darkness","Storm"],"picked":"SKIP","floor":40.0},{"not_picked":["Undo+1","Barrage+1","MostiFishMod:PushDownKick+1","MostiFishMod:ActiveDefenseSystem"],"picked":"Fission","floor":41.0},{"not_picked":["Sweeping Beam","Compile Driver","MostiFishMod:GatherIntelligence","Redo","Gash"],"picked":"SKIP","floor":42.0},{"not_picked":["Ball Lightning+1","Compile Driver","Barrage","FTL","Lockon"],"picked":"SKIP","floor":44}],"player_experience":636509,"relics_obtained":[{"floor":1.0,"key":"SynthV:TestCard"},{"floor":7.0,"key":"Smiling Mask"},{"floor":11.0,"key":"Strawberry"},{"floor":14.0,"key":"Cables"},{"floor":24.0,"key":"WingedGreaves"},{"floor":26.0,"key":"testmod-AssaultLearning"},{"floor":27.0,"key":"Red Mask"},{"floor":28.0,"key":"Juzu Bracelet"},{"floor":31.0,"key":"Bottled Tornado"},{"floor":40.0,"key":"Ornamental Fan"},{"floor":41.0,"key":"Ancient Tea Set"},{"floor":43.0,"key":"Blood Vial"},{"floor":44,"key":"Pen Nib"}],"event_choices":[{"damage_healed":0.0,"max_hp_gain":0.0,"max_hp_loss":0.0,"gold_gain":0.0,"event_name":"Golden Idol","player_choice":"Take Damage","floor":2.0,"gold_loss":0.0,"damage_taken":24.0,"relics_obtained":["Golden Idol"]},{"damage_healed":0.0,"max_hp_gain":0.0,"max_hp_loss":0.0,"gold_gain":0.0,"event_name":"Scrap Ooze","player_choice":"Success","floor":4.0,"gold_loss":0.0,"damage_taken":11.0,"relics_obtained":["ArrowTower"]},{"damage_healed":0.0,"max_hp_gain":0.0,"max_hp_loss":0.0,"gold_gain":0.0,"cards_transformed":["Strike_B"],"event_name":"Transmorgrifier","player_choice":"Transformed","floor":19.0,"gold_loss":0.0,"damage_taken":0.0,"cards_obtained":["Seek"]},{"damage_healed":0.0,"max_hp_gain":0.0,"max_hp_loss":0.0,"gold_gain":0.0,"event_name":"Masked Bandits","player_choice":"Fought Bandits","floor":27.0,"gold_loss":0.0,"damage_taken":0.0},{"damage_healed":0.0,"max_hp_gain":0.0,"max_hp_loss":0.0,"gold_gain":0.0,"event_name":"Winding Halls","player_choice":"Embrace Madness","floor":38.0,"gold_loss":0.0,"damage_taken":14.0,"cards_obtained":["Madness","Madness"]},{"damage_healed":0.0,"max_hp_gain":0.0,"max_hp_loss":0.0,"gold_gain":0.0,"cards_transformed":["Defend_B"],"event_name":"Transmorgrifier","player_choice":"Transformed","floor":39.0,"gold_loss":0.0,"damage_taken":0.0,"cards_obtained":["Loop"]}],"is_beta":false,"boss_relics":[{"not_picked":["OneHitWonderSystem","TimeKeys"],"picked":"Sozu"},{"not_picked":["aspiration:RunicSpoon","FixedStarFall"],"picked":"Nuclear Battery"}],"items_purged_floors":[3,20,30,37],"is_endless":false,"potions_floor_spawned":[5,8,11,16,21,25,28,29,35,36,41,44],"killed_by":"Reptomancer","ascension_level":20}}