{"host":"22ezjknwheybwqtz","time":1612972968,"event":{"mods":["BaseMod","Downfall","Minty Spire (QoL Compilation)","Shop Mod","StSLib","The Animator","The Necromancer","The Servant 0.9.4"],"gold_per_floor":[117,292,292,262,274,290,290,300,325,325,341,358,308,58,58,157,157,173,193,193,47,64,89,89,89,89,89,14,26,26,46,46,143,143,153,153,163,213,113,113,125,154,154,154,154,154,173,193,193,193,193,193,16,50,50],"floor_reached":56,"language":"ENG","playtime":16580,"items_purged":["Defend_S","Writhe","Exchange"],"score":1312,"play_id":"4e5b1621-012b-441c-abfe-b013b76e12bf","local_time":"20210211000248","is_ascension_mode":false,"campfire_choices":[{"data":"Hightail","floor":7,"key":"SMITH"},{"data":"SpecialFormula","floor":10,"key":"SMITH"},{"data":"MoonPhase","floor":15,"key":"SMITH"},{"data":"TheWorld","floor":24,"key":"SMITH"},{"data":"Unruled","floor":27,"key":"SMITH"},{"data":"Duplication","floor":30,"key":"SMITH"},{"data":"Unruled","floor":32,"key":"SMITH"},{"data":"DoubleEdge","floor":40,"key":"SMITH"},{"floor":44,"key":"RECALL"},{"data":"Unruled","floor":46,"key":"SMITH"},{"data":"Defy","floor":49,"key":"SMITH"},{"data":"Rearm","floor":52,"key":"SMITH"}],"circlet_count":0,"master_deck":["Strike_S","Strike_S","Strike_S","Strike_S+1","KidneyShot+1","Hightail+1","Unruled+1","SpecialFormula+1","MoonPhase+1","Defy+1","Duplication+1","TheWorld+1","Unruled+1","Rearm+1","RealityMarble+1","Spin+1","BottledTime","MurderousAura","DoubleEdge+1","DoubleEdge+1","Unruled+1","BottledTime","BottledTime+1"],"relics":["Empty Cage","Lantern","Bottled Tornado","MysterySword","Toy Ornithopter","Dream Catcher","Kunai","SlaversCollar","Du-Vu Doll","Pear","Sundial"],"acts_visited":["Exordium","TheCity","TheBeyond","TheEnding"],"potions_floor_usage":[16,16,23,35,42,42,50,55],"damage_taken":[{"damage":11,"enemies":"Jaw Worm","floor":1,"turns":3},{"damage":0,"enemies":"Small Slimes","floor":5,"turns":4},{"damage":0,"enemies":"Cultist","floor":6,"turns":4},{"damage":18,"enemies":"3 Louse","floor":8,"turns":3},{"damage":0,"enemies":"Large Slime","floor":11,"turns":8},{"damage":0,"enemies":"Blue Slaver","floor":12,"turns":6},{"damage":34,"enemies":"Hexaghost","floor":16,"turns":21},{"damage":0,"enemies":"3 Byrds","floor":18,"turns":8},{"damage":0,"enemies":"Chosen","floor":19,"turns":4},{"damage":0,"enemies":"Snake Plant","floor":22,"turns":4},{"damage":28,"enemies":"Slavers","floor":23,"turns":4},{"damage":0,"enemies":"Snecko","floor":29,"turns":4},{"damage":0,"enemies":"Centurion and Healer","floor":31,"turns":3},{"damage":0,"enemies":"Champ","floor":33,"turns":6},{"damage":29,"enemies":"3 Shapes","floor":35,"turns":3},{"damage":10,"enemies":"Orb Walker","floor":37,"turns":3},{"damage":0,"enemies":"Mind Bloom Boss Battle","floor":38,"turns":4},{"damage":22,"enemies":"4 Shapes","floor":41,"turns":4},{"damage":0,"enemies":"Giant Head","floor":42,"turns":3},{"damage":0,"enemies":"Transient","floor":47,"turns":5},{"damage":0,"enemies":"Jaw Worm Horde","floor":48,"turns":3},{"damage":0,"enemies":"Time Eater","floor":50,"turns":4},{"damage":0,"enemies":"Shield and Spear","floor":54,"turns":2},{"damage":32,"enemies":"The Heart","floor":55,"turns":5}],"seed_played":"-2684973196488995370","potions_obtained":[{"floor":1,"key":"Strength Potion"},{"floor":4,"key":"sneckomod:MuddlingPotion"},{"floor":4,"key":"sneckomod:MuddlingPotion"},{"floor":5,"key":"SteroidPotion"},{"floor":12,"key":"hexamod:SoulburnPotion"},{"floor":22,"key":"Fruit Juice"},{"floor":29,"key":"AttackPotion"},{"floor":38,"key":"SteroidPotion"},{"floor":41,"key":"Ancient Potion"},{"floor":47,"key":"Explosive Potion"},{"floor":48,"key":"SteroidPotion"}],"is_trial":false,"path_per_floor":["M","?","?","?","M","M","R","M","T","R","M","M","?","$","R","B",null,"M","M","?","$","M","E","R","?","T","R","?","M","R","M","R","B",null,"M","?","M","?","$","R","M","E","T","R","?","R","M","M","R","B",null,"R","$","E","B",null],"character_chosen":"THE_SERVANT","items_purchased":["Bottled Tornado","RealityMarble","Strength Potion"],"campfire_rested":0,"item_purchase_floors":[14,21,53],"current_hp_per_floor":[54,54,41,41,41,41,41,28,28,28,36,44,44,44,44,18,65,65,65,54,54,70,55,55,55,55,55,55,55,55,71,71,75,75,62,62,60,60,60,60,38,66,66,66,66,66,81,81,81,81,81,81,81,81,62],"gold":50,"neow_bonus":"BOSS_RELIC","is_daily":false,"chose_seed":false,"campfire_upgraded":11,"win_rate":0.0,"timestamp":1612972968,"path_taken":["M","?","?","?","M","?","R","M","T","R","M","M","?","$","R","BOSS","M","M","?","$","M","E","R","?","T","R","?","M","R","?","R","BOSS","M","?","M","?","$","R","M","E","T","R","?","R","M","M","R","BOSS","R","$","E","BOSS"],"items_purchased_type":["Relic","Card","Potion"],"build_version":"2020-12-22","purchased_purges":3,"victory":true,"max_hp_per_floor":[65,65,65,65,65,65,65,65,65,65,65,65,65,65,65,65,65,65,65,70,70,70,75,75,75,75,75,75,75,75,75,75,75,75,75,71,71,71,71,71,71,81,81,81,81,81,81,81,81,81,81,81,81,81,81],"card_choices":[{"not_picked":["DoubleEdge","WasteNot"],"picked":"Hightail","floor":1},{"not_picked":["BottledTime","Hightail"],"picked":"Unruled","floor":5},{"not_picked":["Snipe","Unruled"],"picked":"SpecialFormula","floor":6},{"not_picked":["Revamp","Replace"],"picked":"MoonPhase","floor":8},{"not_picked":["Comet","Rewind"],"picked":"Defy","floor":11},{"not_picked":["Replace","Unruled"],"picked":"Duplication","floor":12},{"not_picked":["KillingDoll","Solidify"],"picked":"TheWorld","floor":16},{"not_picked":["Defy","BottledTime"],"picked":"Unruled","floor":18},{"not_picked":["Starlight","Hightail"],"picked":"Rearm","floor":19},{"not_picked":["Ricochet","ShatteredReality+1"],"picked":"Spin+1","floor":22},{"not_picked":["Advance","InstantArmor"],"picked":"BottledTime","floor":23},{"not_picked":["Comet","WasteNot","Rewind"],"picked":"SKIP","floor":29},{"not_picked":["SilverBlades","Spin","TimeWarp+1"],"picked":"SKIP","floor":31},{"not_picked":["Solidify","Initiator"],"picked":"MurderousAura","floor":33},{"not_picked":["InstantArmor+1","Replace+1","Potential+1"],"picked":"SKIP","floor":35},{"not_picked":["WasteNot","Replace"],"picked":"DoubleEdge","floor":37},{"not_picked":["InstantArmor","FastForward+1"],"picked":"DoubleEdge+1","floor":38},{"not_picked":["Rearm","StarChef+1"],"picked":"Unruled","floor":41},{"not_picked":["BestPractice+1","PendulumOfEternity"],"picked":"BottledTime","floor":42},{"not_picked":["Revamp+1","Potential"],"picked":"BottledTime+1","floor":47},{"not_picked":["Ricochet","Barrier+1","Potential"],"picked":"SKIP","floor":48},{"not_picked":["ShatteredReality","SilverBlades+1","Potential+1"],"picked":"SKIP","floor":54}],"player_experience":114438,"relics_obtained":[{"floor":9,"key":"Lantern"},{"floor":23,"key":"Toy Ornithopter"},{"floor":26,"key":"Kunai"},{"floor":38,"key":"Du-Vu Doll"},{"floor":42,"key":"Pear"},{"floor":54,"key":"Sundial"}],"event_choices":[{"damage_healed":0,"gold_gain":175,"player_choice":"AGREE","damage_taken":0,"max_hp_gain":0,"max_hp_loss":0,"event_name":"Liars Game","floor":2,"gold_loss":0,"cards_obtained":["Doubt"]},{"damage_healed":0,"gold_gain":0,"player_choice":"Entered Light","damage_taken":13,"max_hp_gain":0,"max_hp_loss":0,"event_name":"Shining Light","floor":3,"gold_loss":0,"cards_upgraded":["Strike_S","KidneyShot"]},{"damage_healed":0,"gold_gain":0,"player_choice":"Bought 2 Potions","damage_taken":0,"max_hp_gain":0,"max_hp_loss":0,"event_name":"The Woman in Blue","floor":4,"gold_loss":0},{"cards_removed":["Doubt"],"damage_healed":0,"gold_gain":0,"player_choice":"Card Removal","damage_taken":0,"max_hp_gain":0,"max_hp_loss":0,"event_name":"The Cleric","floor":13,"gold_loss":50},{"damage_healed":0,"gold_gain":0,"player_choice":"Shed Blood","damage_taken":16,"max_hp_gain":5,"max_hp_loss":0,"event_name":"Forgotten Altar","floor":20,"gold_loss":0},{"damage_healed":0,"gold_gain":0,"player_choice":"Opened","damage_taken":0,"relics_obtained":["Dream Catcher"],"max_hp_gain":0,"max_hp_loss":0,"event_name":"The Mausoleum","floor":25,"gold_loss":0,"cards_obtained":["Writhe"]},{"cards_removed":["Defend_S"],"damage_healed":0,"gold_gain":0,"player_choice":"Gave Gold","damage_taken":0,"max_hp_gain":0,"max_hp_loss":0,"event_name":"Beggar","floor":28,"gold_loss":75},{"damage_healed":0,"gold_gain":0,"player_choice":"Max HP","damage_taken":0,"max_hp_gain":0,"max_hp_loss":4,"event_name":"Winding Halls","floor":36,"gold_loss":0},{"damage_healed":0,"gold_gain":0,"player_choice":"Fight","damage_taken":0,"max_hp_gain":0,"max_hp_loss":0,"event_name":"MindBloom","floor":38,"gold_loss":0},{"damage_healed":0,"gold_gain":0,"player_choice":"Upgraded","damage_taken":0,"max_hp_gain":0,"max_hp_loss":0,"event_name":"Upgrade Shrine","floor":45,"gold_loss":0,"cards_upgraded":["RealityMarble"]}],"is_beta":false,"boss_relics":[{"not_picked":["Snecko Eye","Busted Crown"],"picked":"MysterySword"},{"not_picked":["Philosopher\u0027s Stone","Astrolabe"],"picked":"SlaversCollar"}],"items_purged_floors":[21,39,53],"is_endless":false,"potions_floor_spawned":[1,5,12,22,29,38,41,47,48,54],"ascension_level":0}}