{"host":"vyjryxuuuxkt43k4","time":1612954597,"event":{"mods":["AchievementEnabler","BaseMod","Colored Map","DeckTracker","Keyboard Shortcuts","Minty Spire (QoL Compilation)","Permanent Neow","Quick Restart","StSLib","SuperFastMode","everything is the same but u backflip on backflip"],"gold_per_floor":[111,111,123,135,148,148,173,173,252,252,252],"floor_reached":10,"language":"KOR","playtime":1035,"items_purged":[],"score":136,"play_id":"e98a5717-b7ee-4e8f-bd35-9ac88496f881","local_time":"20210210195637","is_ascension_mode":true,"campfire_choices":[{"data":"Dagger Throw","floor":6,"key":"SMITH"},{"floor":8,"key":"REST"}],"circlet_count":0,"master_deck":["AscendersBane","Strike_G","Strike_G","Strike_G","Strike_G","Defend_G","Defend_G","Defend_G","Defend_G","Defend_G","Survivor","Neutralize","Dagger Throw+1","Venomology","Underhanded Strike","Backflip","Expertise","Bouncing Flask"],"relics":["Ring of the Snake","Omamori","CaptainsWheel","Gremlin Horn"],"acts_visited":["Exordium"],"potions_floor_usage":[4,5,7,7,7,10],"damage_taken":[{"damage":0.0,"enemies":"2 Louse","floor":1.0,"turns":4.0},{"damage":0.0,"enemies":"Small Slimes","floor":3.0,"turns":4.0},{"damage":0,"enemies":"Cultist","floor":4,"turns":5},{"damage":3,"enemies":"Looter","floor":5,"turns":3},{"damage":50,"enemies":"3 Sentries","floor":7,"turns":17},{"damage":35,"enemies":"Lagavulin","floor":10,"turns":8}],"seed_played":"7626322622698127833","potions_obtained":[{"floor":3.0,"key":"SpeedPotion"}],"is_trial":false,"path_per_floor":["M","?","M","M","M","R","E","R","T","E"],"character_chosen":"THE_SILENT","items_purchased":[],"campfire_rested":1,"item_purchase_floors":[],"current_hp_per_floor":[59,59,59,59,56,56,6,25,25,0,0],"gold":252,"neow_bonus":"RANDOM_COMMON_RELIC","is_daily":false,"chose_seed":false,"campfire_upgraded":1,"win_rate":0.0,"timestamp":1612954597,"path_taken":["M","?","M","M","M","R","E","R","T","E"],"items_purchased_type":[],"build_version":"2020-12-22","purchased_purges":0,"victory":false,"max_hp_per_floor":[66,66,66,66,66,66,66,66,66,66,66],"card_choices":[{"not_picked":["Deflect","Flechettes"],"picked":"Dagger Throw","floor":1.0},{"not_picked":["Poisoned Stab","Flying Knee"],"picked":"Underhanded Strike","floor":3.0},{"not_picked":["Unload","Poisoned Stab"],"picked":"Backflip","floor":4},{"not_picked":["Catalyst","Bane"],"picked":"Expertise","floor":5},{"not_picked":["Unload","Slice"],"picked":"Bouncing Flask","floor":7}],"player_experience":902487,"relics_obtained":[{"floor":7,"key":"CaptainsWheel"},{"floor":9,"key":"Gremlin Horn"}],"event_choices":[{"damage_healed":0.0,"max_hp_gain":0.0,"max_hp_loss":0.0,"gold_gain":0.0,"cards_transformed":["Strike_G"],"event_name":"Living Wall","player_choice":"Change","floor":2.0,"gold_loss":0.0,"damage_taken":0.0,"cards_obtained":["Venomology"]}],"is_beta":false,"boss_relics":[],"items_purged_floors":[],"is_endless":false,"potions_floor_spawned":[3],"killed_by":"Lagavulin","ascension_level":20}}