{"host":"clf2hd4adhiiw0zf","time":1612931264,"event":{"mods":["AchievementEnabler","BaseMod","Beaked The Cultist","Bestiary","Dark Map","Downfall","Gremlin Mod","Hermit","Jorbs\u0027s Wanderer Trilogy","Marisa????????","Minty Spire (QoL Compilation)","Shop Mod","StSLib","The Cursed","The Servant 0.9.4","Wide Potions"],"gold_per_floor":[99,111,111,121,121,150,176,76,111,111,136,191,191,33,45,45,45,45],"floor_reached":16,"language":"ENG","playtime":892,"items_purged":[],"score":139,"play_id":"70ec950b-41da-4d12-b3b3-9e22fa837fda","local_time":"20210209212744","is_ascension_mode":true,"campfire_choices":[{"floor":1.0,"key":"RECALL"},{"data":"Guardian:RevengeProtocol","floor":8.0,"key":"SMITH"},{"floor":10,"key":"REST"}],"circlet_count":0,"master_deck":["Guardian:Strike_Guardian","Guardian:Strike_Guardian","Guardian:Strike_Guardian","Guardian:Strike_Guardian","Guardian:Defend_Guardian","Guardian:Defend_Guardian","Guardian:Defend_Guardian","Guardian:Defend_Guardian","Guardian:CurlUp","Guardian:TwinSlam","Guardian:DonusPower","Guardian:Gem_Yellow","Guardian:Gem_Orange","Guardian:Gem_Blue","Guardian:Gem_Red","Guardian:CrystalBeam","Guardian:RevengeProtocol+1","Guardian:CompilePackage","Guardian:Incinerate","Guardian:RefractedBeam","Guardian:Clone","Guardian:BronzeArmor"],"relics":["Guardian:ModeShifter","Unceasing Top","Guardian:PickAxe","Nunchaku","Guardian:DefensiveModeMoreBlock","downfall:HeartBlessingRed","Ginger","Regal Pillow","Calipers","OrangePellets"],"acts_visited":["Exordium"],"potions_floor_usage":[9,14],"damage_taken":[{"damage":5.0,"enemies":"Small Slimes","floor":2.0,"turns":5.0},{"damage":20.0,"enemies":"Small Slimes","floor":3.0,"turns":6.0},{"damage":10.0,"enemies":"Jaw Worm","floor":4.0,"turns":6.0},{"damage":10.0,"enemies":"Lagavulin","floor":6.0,"turns":7.0},{"damage":5,"enemies":"Gremlin Nob","floor":9,"turns":4},{"damage":17,"enemies":"Lagavulin","floor":11,"turns":6},{"damage":10,"enemies":"3 Sentries","floor":12,"turns":7},{"damage":0,"enemies":"downfall:FleeingMerchant","floor":14,"turns":4},{"damage":0,"enemies":"Cultist","floor":15,"turns":2},{"damage":4,"enemies":"DF_ARCHETYPE_STREAMLINE","floor":16,"turns":3}],"seed_played":"-8684549883869843210","potions_obtained":[{"floor":2.0,"key":"GamblersBrew"},{"floor":12,"key":"AttackPotion"}],"is_trial":false,"path_per_floor":["R","M","?","M","?","E","T","R","E","R","E","?","?","$","M","B"],"character_chosen":"GUARDIAN","items_purchased":["OrangePellets"],"campfire_rested":1,"item_purchase_floors":[14],"current_hp_per_floor":[80,75,31,21,21,11,11,11,6,29,12,2,2,2,2,0,0,0],"gold":45,"neow_bonus":"ONE_RARE_RELIC","is_daily":false,"chose_seed":false,"campfire_upgraded":1,"win_rate":0.0,"timestamp":1612931264,"path_taken":["R","M","?","M","?","E","T","R","E","R","E","?","?","$","M","BOSS"],"items_purchased_type":["Relic"],"build_version":"2020-12-22","purchased_purges":0,"victory":false,"max_hp_per_floor":[80,80,80,80,77,77,77,77,77,77,77,77,77,77,77,77,77,77],"card_choices":[{"not_picked":["Guardian:TemporalStrike","Guardian:VentSteam"],"picked":"Guardian:DonusPower","floor":2.0},{"not_picked":["Guardian:Preprogram","Guardian:ShieldCharger"],"picked":"Guardian:CrystalBeam","floor":4.0},{"not_picked":["Guardian:BronzeOrb","Guardian:PolyBeam"],"picked":"Guardian:RevengeProtocol","floor":6.0},{"not_picked":["Guardian:Gem_Cyan","Guardian:Gem_Lightblue"],"picked":"Guardian:CompilePackage","floor":9},{"not_picked":["Guardian:ChargeUp","Guardian:Gem_White"],"picked":"Guardian:Incinerate","floor":11},{"not_picked":["Guardian:Reroute","Guardian:EvasiveProtocol"],"picked":"Guardian:RefractedBeam","floor":12},{"not_picked":["Guardian:FierceBash","Guardian:Gem_Green"],"picked":"Guardian:Clone","floor":14},{"not_picked":["Guardian:TemporalShield","Guardian:GuardianWhirl"],"picked":"Guardian:BronzeArmor","floor":15}],"player_experience":212592,"relics_obtained":[{"floor":6.0,"key":"Nunchaku"},{"floor":7.0,"key":"Guardian:DefensiveModeMoreBlock"},{"floor":9,"key":"Ginger"},{"floor":11,"key":"Regal Pillow"},{"floor":12,"key":"Calipers"}],"event_choices":[{"cards_removed":["Parasite"],"damage_healed":0.0,"max_hp_gain":0.0,"max_hp_loss":0.0,"gold_gain":0.0,"event_name":"The Cleric","player_choice":"Card Removal","floor":5.0,"gold_loss":0.0,"damage_taken":0.0}],"is_beta":false,"boss_relics":[],"items_purged_floors":[],"is_endless":false,"potions_floor_spawned":[2,3,12],"killed_by":"DF_ARCHETYPE_STREAMLINE","ascension_level":4}}