{"host":"lrlw254gqe5layub","time":1612936853,"event":{"mods":["AchievementEnabler","BaseMod","Colored Map","Colored Powertips","Minty Spire (QoL Compilation)","Rare Cards Sparkle","SuperFastMode"],"gold_per_floor":[214,92,92,92,39,39,70,70,70,70,104,117,135,135,158,158,278,341,359,372,74,90,15,15,15],"floor_reached":24,"language":"KOR","playtime":902,"items_purged":["Strike_B"],"score":316,"play_id":"ad9aee9f-ebf9-483f-8153-c6bf7531e3c6","local_time":"20210210150053","is_ascension_mode":true,"campfire_choices":[{"data":"Zap","floor":6,"key":"SMITH"},{"floor":8,"key":"REST"},{"data":"Redo","floor":10,"key":"SMITH"},{"data":"Redo","floor":16,"key":"SMITH"}],"circlet_count":0,"master_deck":["AscendersBane","Strike_B","Strike_B+1","Defend_B","Defend_B","Defend_B","Defend_B","Zap+1","Dualcast","Redo+1","Redo+1","Cold Snap","Leap","Conserve Battery","Creative AI","Go for the Eyes","Beam Cell","Beam Cell","Fusion","Self Repair","Echo Form"],"relics":["Cracked Core","Golden Idol","Meat on the Bone","Art of War","Tiny House","Toolbox"],"acts_visited":["Exordium","TheCity"],"potions_floor_usage":[11,11,17],"damage_taken":[{"damage":3,"enemies":"2 Louse","floor":1,"turns":2},{"damage":19,"enemies":"3 Sentries","floor":7,"turns":7},{"damage":12,"enemies":"Lagavulin","floor":11,"turns":8},{"damage":12,"enemies":"Small Slimes","floor":12,"turns":3},{"damage":0,"enemies":"Cultist","floor":13,"turns":3},{"damage":6,"enemies":"Blue Slaver","floor":15,"turns":4},{"damage":38,"enemies":"The Guardian","floor":17,"turns":12},{"damage":27,"enemies":"Shell Parasite","floor":19,"turns":8},{"damage":10,"enemies":"3 Byrds","floor":20,"turns":6},{"damage":24,"enemies":"Centurion and Healer","floor":22,"turns":7},{"damage":41,"enemies":"Gremlin Leader","floor":24,"turns":4}],"seed_played":"-2792814399993368075","potions_obtained":[{"floor":4,"key":"AttackPotion"},{"floor":4,"key":"SkillPotion"},{"floor":12,"key":"ColorlessPotion"},{"floor":13,"key":"Weak Potion"},{"floor":18,"key":"EntropicBrew"}],"is_trial":false,"path_per_floor":["M","$","?","?","$","R","E","R","T","R","E","M","M","M","M","R","B",null,"M","M","$","M","?","E"],"character_chosen":"DEFECT","items_purchased":["Redo","Cold Snap","Toolbox","Fusion","Self Repair"],"campfire_rested":1,"item_purchase_floors":[2,5,21,21,21],"current_hp_per_floor":[65,65,47,47,47,47,28,50,50,50,38,38,38,38,44,44,18,66,51,41,41,36,36,0,0],"gold":15,"neow_bonus":"HUNDRED_GOLD","is_daily":false,"chose_seed":false,"campfire_upgraded":3,"win_rate":0.0,"timestamp":1612936853,"path_taken":["M","$","?","?","$","R","E","R","T","R","E","M","M","M","?","R","BOSS","M","M","$","M","?","E"],"items_purchased_type":["Card","Card","Relic","Card","Card"],"build_version":"2020-12-22","purchased_purges":1,"victory":false,"max_hp_per_floor":[75,75,75,75,75,75,75,75,75,75,75,75,75,75,75,75,75,80,80,80,80,80,80,80,80],"card_choices":[{"not_picked":["Leap","Streamline"],"picked":"Redo","floor":1},{"not_picked":["Consume","Darkness"],"picked":"Leap","floor":7},{"not_picked":["Meteor Strike","Undo","Reprogram"],"picked":"SKIP","floor":11},{"not_picked":["Sunder","Barrage","Stack"],"picked":"SKIP","floor":12},{"not_picked":["Leap","Redo","Steam Power"],"picked":"SKIP","floor":13},{"not_picked":["Sweeping Beam","Force Field"],"picked":"Conserve Battery","floor":15},{"not_picked":["Seek","Reboot"],"picked":"Creative AI","floor":17},{"not_picked":["Coolheaded","Conserve Battery"],"picked":"Go for the Eyes","floor":18},{"not_picked":["Redo","Coolheaded"],"picked":"Beam Cell","floor":19},{"not_picked":["Coolheaded","Auto Shields"],"picked":"Beam Cell","floor":20},{"not_picked":["Double Energy+1","Redo"],"picked":"Echo Form","floor":22}],"player_experience":487260,"relics_obtained":[{"floor":7,"key":"Meat on the Bone"},{"floor":11,"key":"Art of War"}],"event_choices":[{"damage_healed":0,"gold_gain":0,"player_choice":"Take Damage","damage_taken":18,"relics_obtained":["Golden Idol"],"max_hp_gain":0,"max_hp_loss":0,"event_name":"Golden Idol","floor":3,"gold_loss":0},{"damage_healed":0,"gold_gain":0,"player_choice":"Got Potions","damage_taken":0,"max_hp_gain":0,"max_hp_loss":0,"event_name":"Lab","floor":4,"gold_loss":0},{"cards_removed":["Strike_B"],"damage_healed":0,"gold_gain":0,"player_choice":"Gave Gold","damage_taken":0,"max_hp_gain":0,"max_hp_loss":0,"event_name":"Beggar","floor":23,"gold_loss":75}],"is_beta":false,"boss_relics":[{"not_picked":["Philosopher\u0027s Stone","Sozu"],"picked":"Tiny House"}],"items_purged_floors":[2],"is_endless":false,"potions_floor_spawned":[7,12,13,15,19],"killed_by":"Gremlin Leader","ascension_level":11}}