{"host":"udzsrhbqdxqtlypj","time":1612980655,"event":{"mods":["BaseMod","Minty Spire (QoL Compilation)","Relic Stats"],"gold_per_floor":[117,117,392,7,22,53,66,106,131,166,20,51,51,88,88,220,247,277,307,407,429,429,473,473,517,517,517,616,642,678,691,691,804,804,815,815,164,183,210,252,252,265,265,303,329,28,28,53,53,53,53,53,37,81,81],"floor_reached":56,"language":"ENG","playtime":4565,"items_purged":["Regret","Strike_G"],"score":2138,"play_id":"54bbcd78-7647-4006-8147-a84bf865496c","local_time":"20210210121055","is_ascension_mode":true,"campfire_choices":[{"data":"Well Laid Plans","floor":13,"key":"SMITH"},{"data":"Noxious Fumes","floor":15,"key":"SMITH"},{"data":"Corpse Explosion","floor":24,"key":"SMITH"},{"data":"Noxious Fumes","floor":27,"key":"SMITH"},{"data":"Bullet Time","floor":32,"key":"SMITH"},{"data":"Dramatic Entrance","floor":41,"key":"SMITH"},{"floor":47,"key":"RECALL"},{"data":"Malaise","floor":49,"key":"SMITH"},{"data":"Blur","floor":52,"key":"SMITH"}],"circlet_count":0,"master_deck":["AscendersBane","Strike_G","Defend_G","Defend_G","Defend_G","Defend_G","Defend_G","Survivor","Neutralize","Poisoned Stab","Noxious Fumes+1","Sucker Punch","Well Laid Plans+1","Escape Plan","Backflip","Corpse Explosion+1","Blade Dance+1","PiercingWail+1","Footwork+1","Blur+1","PiercingWail","Sucker Punch+1","Noxious Fumes+1","Calculated Gamble+1","Bullet Time+1","Malaise+1","Predator","Dark Shackles","Finesse","Dramatic Entrance+1","Catalyst+1","Catalyst+1","Tactician+1","Acrobatics","Tools of the Trade"],"relics":["Ring of the Snake","NeowsBlessing","Bloody Idol","Meat on the Bone","Centennial Puzzle","CeramicFish","MealTicket","Ninja Scroll","OrangePellets","HornCleat","Odd Mushroom","Astrolabe","CaptainsWheel","Pen Nib","Gambling Chip","Red Mask","Bag of Marbles","Coffee Dripper","ClockworkSouvenir","Ornamental Fan","Strawberry","Paper Crane","White Beast Statue","Sling","Lantern","Pear","Ginger"],"acts_visited":["Exordium","TheCity","TheBeyond","TheEnding"],"potions_floor_usage":[8,10,12,16,25,53,54,55,55],"damage_taken":[{"damage":0,"enemies":"Small Slimes","floor":1,"turns":1},{"damage":0,"enemies":"2 Louse","floor":5,"turns":1},{"damage":0,"enemies":"Gremlin Nob","floor":6,"turns":1},{"damage":1,"enemies":"Cultist","floor":7,"turns":3},{"damage":15,"enemies":"Lagavulin","floor":8,"turns":6},{"damage":17,"enemies":"3 Sentries","floor":10,"turns":8},{"damage":22,"enemies":"Gremlin Nob","floor":12,"turns":4},{"damage":8,"enemies":"The Mushroom Lair","floor":14,"turns":4},{"damage":17,"enemies":"Slime Boss","floor":16,"turns":10},{"damage":2,"enemies":"Shell Parasite","floor":18,"turns":5},{"damage":0,"enemies":"Chosen","floor":19,"turns":6},{"damage":1,"enemies":"Snecko","floor":21,"turns":6},{"damage":31,"enemies":"Book of Stabbing","floor":23,"turns":7},{"damage":2,"enemies":"Slavers","floor":25,"turns":4},{"damage":0,"enemies":"Masked Bandits","floor":29,"turns":3},{"damage":0,"enemies":"Book of Stabbing","floor":30,"turns":7},{"damage":0,"enemies":"Cultist and Chosen","floor":31,"turns":4},{"damage":2,"enemies":"Collector","floor":33,"turns":8},{"damage":0,"enemies":"Orb Walker","floor":35,"turns":5},{"damage":0,"enemies":"3 Shapes","floor":38,"turns":6},{"damage":8,"enemies":"Reptomancer","floor":40,"turns":6},{"damage":0,"enemies":"Jaw Worm Horde","floor":42,"turns":1},{"damage":0,"enemies":"Nemesis","floor":44,"turns":6},{"damage":0,"enemies":"4 Shapes","floor":45,"turns":2},{"damage":0,"enemies":"Giant Head","floor":48,"turns":6},{"damage":0,"enemies":"Time Eater","floor":50,"turns":8},{"damage":0,"enemies":"Shield and Spear","floor":54,"turns":3},{"damage":12,"enemies":"The Heart","floor":55,"turns":8}],"seed_played":"-3633585112759353937","potions_obtained":[{"floor":1,"key":"FearPotion"},{"floor":5,"key":"LiquidMemories"},{"floor":14,"key":"Strength Potion"},{"floor":21,"key":"DuplicationPotion"},{"floor":23,"key":"Weak Potion"},{"floor":25,"key":"SpeedPotion"},{"floor":29,"key":"LiquidMemories"},{"floor":42,"key":"FairyPotion"},{"floor":48,"key":"Fruit Juice"},{"floor":54,"key":"AttackPotion"}],"is_trial":false,"path_per_floor":["M","?","?","$","M","E","M","E","T","E","$","E","R","?","R","B",null,"M","M","?","M","?","E","R","E","T","R","?","?","E","M","R","B",null,"M","?","$","M","?","E","R","M","T","E","M","$","R","E","R","B",null,"R","$","E","B",null],"character_chosen":"THE_SILENT","items_purchased":["Meat on the Bone","PowerPotion","OrangePellets","ClockworkSouvenir","Ornamental Fan","Strawberry","Sling","Lantern","Acrobatics"],"campfire_rested":0,"item_purchase_floors":[4,4,11,37,37,37,46,46,53],"current_hp_per_floor":[63,63,63,63,63,63,62,47,47,42,57,35,35,39,39,34,57,55,55,55,54,54,45,45,53,53,53,58,63,65,65,65,65,65,65,62,69,69,69,69,69,69,69,69,69,69,69,79,79,79,79,79,84,84,72],"gold":81,"neow_bonus":"THREE_ENEMY_KILL","is_daily":false,"chose_seed":false,"campfire_upgraded":8,"win_rate":0.0,"timestamp":1612980655,"path_taken":["M","?","?","$","M","E","?","E","T","E","?","E","R","?","R","BOSS","M","M","?","?","?","E","R","E","T","R","?","?","E","M","R","BOSS","M","?","$","M","?","E","R","?","T","E","M","$","R","E","R","BOSS","R","$","E","BOSS"],"items_purchased_type":["Relic","Potion","Relic","Relic","Relic","Relic","Relic","Relic","Card"],"build_version":"2020-12-22","purchased_purges":2,"victory":true,"max_hp_per_floor":[70,65,65,65,65,65,65,65,65,65,65,65,65,65,65,65,65,65,65,65,65,65,65,65,65,65,65,65,65,65,65,65,65,65,65,62,69,69,69,69,69,69,69,69,69,69,69,79,79,79,79,79,84,84,84],"relic_stats":{"counters":[28,139],"CeramicFish":198,"Astrolabe":["Blade Dance","PiercingWail","Footwork"],"Pen Nib":[16],"Ginger":[2],"OrangePellets":[13],"Centennial Puzzle":[37],"Ornamental Fan":[72],"Bloody Idol":52,"Gambling Chip":[58],"MealTicket":15,"obtain_stats":[{"Lantern":46,"CeramicFish":8,"Ginger":54,"Sling":46,"ClockworkSouvenir":37,"Centennial Puzzle":6,"HornCleat":12,"Ninja Scroll":10,"Gambling Chip":26,"Strawberry":37,"MealTicket":9,"Red Mask":29,"Ring of the Snake":0,"Pear":48,"NeowsBlessing":0,"Golden Idol":2,"Astrolabe":17,"Pen Nib":25,"Odd Mushroom":14,"Paper Crane":40,"White Beast Statue":44,"OrangePellets":11,"CaptainsWheel":23,"Ornamental Fan":37,"Bloody Idol":22,"Bag of Marbles":30,"Coffee Dripper":34,"Meat on the Bone":4},{"Lantern":24,"CeramicFish":5,"Ginger":27,"Sling":24,"ClockworkSouvenir":19,"Centennial Puzzle":3,"HornCleat":7,"Ninja Scroll":6,"Gambling Chip":14,"Strawberry":19,"MealTicket":5,"Red Mask":15,"Ring of the Snake":0,"Pear":25,"NeowsBlessing":0,"Golden Idol":1,"Astrolabe":9,"Pen Nib":14,"Odd Mushroom":8,"Paper Crane":21,"White Beast Statue":23,"OrangePellets":6,"CaptainsWheel":13,"Ornamental Fan":19,"Bloody Idol":12,"Bag of Marbles":16,"Coffee Dripper":18,"Meat on the Bone":1},{"Lantern":114,"CeramicFish":12,"Ginger":131,"Sling":114,"ClockworkSouvenir":93,"Centennial Puzzle":3,"HornCleat":24,"Ninja Scroll":20,"Gambling Chip":66,"Strawberry":93,"MealTicket":12,"Red Mask":69,"Ring of the Snake":0,"Pear":120,"NeowsBlessing":0,"Golden Idol":1,"Astrolabe":38,"Pen Nib":66,"Odd Mushroom":28,"Paper Crane":105,"White Beast Statue":112,"OrangePellets":20,"CaptainsWheel":62,"Ornamental Fan":93,"Bloody Idol":55,"Bag of Marbles":76,"Coffee Dripper":88,"Meat on the Bone":1}],"Ring of the Snake":[56],"Meat on the Bone":48},"card_choices":[{"not_picked":["Catalyst","Bane"],"picked":"Poisoned Stab","floor":1},{"not_picked":["Finisher","Riddle With Holes"],"picked":"Noxious Fumes","floor":5},{"not_picked":["Accuracy","Setup"],"picked":"Sucker Punch","floor":6},{"not_picked":["Deadly Poison","Heel Hook"],"picked":"Well Laid Plans","floor":7},{"not_picked":["Outmaneuver","Deadly Poison"],"picked":"Escape Plan","floor":8},{"not_picked":["Heel Hook","Finisher","Acrobatics"],"picked":"SKIP","floor":10},{"not_picked":["Deadly Poison","Well Laid Plans","Cloak And Dagger"],"picked":"SKIP","floor":12},{"not_picked":["Doppelganger","Poisoned Stab"],"picked":"Backflip","floor":14},{"not_picked":["Bullet Time","Envenom"],"picked":"Corpse Explosion","floor":16},{"not_picked":["Quick Slash","Footwork"],"picked":"Blur","floor":18},{"not_picked":["Underhanded Strike","Quick Slash+1"],"picked":"PiercingWail","floor":19},{"not_picked":["Cloak And Dagger","Terror"],"picked":"Sucker Punch+1","floor":21},{"not_picked":["Blade Dance","Bouncing Flask+1"],"picked":"Noxious Fumes","floor":23},{"not_picked":["Prepared","Die Die Die"],"picked":"Calculated Gamble+1","floor":25},{"not_picked":["Deadly Poison+1","Predator"],"picked":"Bullet Time","floor":30},{"not_picked":["All Out Attack","Quick Slash+1","Poisoned Stab"],"picked":"SKIP","floor":31},{"not_picked":["Tools of the Trade","Bullet Time"],"picked":"Malaise","floor":33},{"not_picked":["Backflip","Dodge and Roll","Poisoned Stab+1"],"picked":"SKIP","floor":35},{"not_picked":["Escape Plan","Flechettes+1"],"picked":"Predator","floor":38},{"not_picked":["Trip","Dramatic Entrance"],"picked":"Dark Shackles","floor":39},{"not_picked":["Deep Breath","Purity"],"picked":"Finesse","floor":39},{"not_picked":["Secret Weapon","Deep Breath"],"picked":"Dramatic Entrance","floor":39},{"not_picked":["Backflip","Slice+1"],"picked":"Catalyst+1","floor":40},{"not_picked":["Flying Knee+1","Outmaneuver","Slice"],"picked":"SKIP","floor":42},{"not_picked":["Flechettes+1","Outmaneuver+1"],"picked":"Catalyst+1","floor":44},{"not_picked":["Dagger Throw+1","PiercingWail+1"],"picked":"Tactician+1","floor":45},{"not_picked":["Prepared","Riddle With Holes","Blade Dance"],"picked":"SKIP","floor":48},{"not_picked":["Endless Agony","Underhanded Strike"],"picked":"Tools of the Trade","floor":54}],"player_experience":2852135,"relics_obtained":[{"floor":6,"key":"Centennial Puzzle"},{"floor":8,"key":"CeramicFish"},{"floor":9,"key":"MealTicket"},{"floor":10,"key":"Ninja Scroll"},{"floor":12,"key":"HornCleat"},{"floor":14,"key":"Odd Mushroom"},{"floor":23,"key":"CaptainsWheel"},{"floor":25,"key":"Pen Nib"},{"floor":26,"key":"Gambling Chip"},{"floor":29,"key":"Red Mask"},{"floor":30,"key":"Bag of Marbles"},{"floor":40,"key":"Paper Crane"},{"floor":44,"key":"White Beast Statue"},{"floor":48,"key":"Pear"},{"floor":54,"key":"Ginger"}],"event_choices":[{"damage_healed":0,"gold_gain":0,"player_choice":"Lose Max HP","damage_taken":0,"relics_obtained":["Golden Idol"],"max_hp_gain":0,"max_hp_loss":5,"event_name":"Golden Idol","floor":2,"gold_loss":0},{"damage_healed":0,"gold_gain":275,"player_choice":"Desecrate","damage_taken":0,"max_hp_gain":0,"max_hp_loss":0,"event_name":"Golden Shrine","floor":3,"gold_loss":0,"cards_obtained":["Regret"]},{"damage_healed":0,"gold_gain":0,"player_choice":"Fought Mushrooms","damage_taken":0,"max_hp_gain":0,"max_hp_loss":0,"event_name":"Mushrooms","floor":14,"gold_loss":0},{"damage_healed":0,"gold_gain":100,"player_choice":"Pray","damage_taken":0,"max_hp_gain":0,"max_hp_loss":0,"event_name":"Golden Shrine","floor":20,"gold_loss":0},{"damage_healed":0,"gold_gain":0,"player_choice":"Gave Idol","damage_taken":0,"relics_obtained":["Bloody Idol"],"max_hp_gain":0,"max_hp_loss":0,"event_name":"Forgotten Altar","floor":22,"relics_lost":["Golden Idol"],"gold_loss":0},{"damage_healed":0,"gold_gain":99,"player_choice":"Stole From Cult","damage_taken":0,"max_hp_gain":0,"max_hp_loss":0,"event_name":"Nest","floor":28,"gold_loss":0},{"damage_healed":0,"gold_gain":0,"player_choice":"Fought Bandits","damage_taken":0,"max_hp_gain":0,"max_hp_loss":0,"event_name":"Masked Bandits","floor":29,"gold_loss":0},{"damage_healed":0,"gold_gain":0,"player_choice":"Max HP","damage_taken":0,"max_hp_gain":0,"max_hp_loss":3,"event_name":"Winding Halls","floor":36,"gold_loss":0},{"damage_healed":0,"gold_gain":0,"player_choice":"Memory 3","damage_taken":10,"max_hp_gain":0,"max_hp_loss":0,"event_name":"SensoryStone","floor":39,"gold_loss":0}],"is_beta":false,"boss_relics":[{"not_picked":["Sozu","Tiny House"],"picked":"Astrolabe"},{"not_picked":["Pandora\u0027s Box","WristBlade"],"picked":"Coffee Dripper"}],"items_purged_floors":[4,37],"is_endless":false,"potions_floor_spawned":[1,5,6,14,21,23,25,29,35,42,45,48,54],"ascension_level":10}}