{"host":"3twtdwjpiqhvvn5s","time":1612993810,"event":{"mods":["AchievementEnabler","Act Like it!","Aspiration","BaseMod","BetterRewards","Colored Map","Colored Powertips","Downfall","Duelist Mod","Friendly Minions","GifTheSpireLib","Hermit","Hubris","Infinite Spire","Jorbs\u0027s Wanderer Trilogy","Koishi","KomeijiMod","Marisa????????","Minty Spire (QoL Compilation)","Quick Restart","Rare Cards Sparkle","Replay The Spire","Shop Mod","StSLib","Td1madao Mod","The Administrix","The Animator","The Bug Knight","The Caster","The Cursed","The Disciple","The Hierophant","The Necromancer","The Poker Player","The Runesmith","The Servant 0.9.4"],"gold_per_floor":[116,129,146,175,198,241,256,311,334,354,389,414,438,456,456,492,492],"floor_reached":16,"language":"ENG","playtime":3543,"items_purged":[],"score":130,"play_id":"f749985d-6d95-4bbc-89ff-473eb891ea16","local_time":"20210210155010","daily_mods":["Terminal"],"is_ascension_mode":false,"campfire_choices":[{"floor":15,"key":"REST"}],"circlet_count":0,"master_deck":["animator:Strike_Konosuba","animator:Defend_Konosuba","animator:Strike","animator:Strike","animator:Strike","animator:Defend","animator:Defend","animator:Defend","animator:Kazuma","animator:Aqua","animator:RoryMercury","animator:AcuraTooru","animator:RoryMercury","animator:Chris","animator:RoryMercury","animator:Vanir","animator:Darkness","animator:Arpeggio","animator:Tyuule","animator:Chris","animator:Kazuma","animator:Guy"],"relics":["animator:LivingPicture","animator:TheMissingPiece","animator:PurgingStone","Replay:Ringing Soul","Singing Bowl","Bag of Marbles","infinitespire:ShieldingShard"],"acts_visited":["Exordium"],"potions_floor_usage":[3,4,10,13,14,16],"damage_taken":[{"damage":0,"enemies":"2 Louse","floor":1,"turns":5},{"damage":0,"enemies":"Small Slimes","floor":2,"turns":6},{"damage":0,"enemies":"Jaw Worm","floor":3,"turns":4},{"damage":0,"enemies":"Blue Slaver","floor":4,"turns":4},{"damage":4,"enemies":"Red Slaver","floor":5,"turns":3},{"damage":11,"enemies":"Gremlin Nob","floor":6,"turns":5},{"damage":9,"enemies":"Exordium Thugs","floor":7,"turns":5},{"damage":29,"enemies":"Lagavulin","floor":8,"turns":7},{"damage":0,"enemies":"Exordium Wildlife","floor":10,"turns":3},{"damage":14,"enemies":"3 Sentries","floor":11,"turns":5},{"damage":12,"enemies":"Large Slime","floor":12,"turns":4},{"damage":0,"enemies":"Gremlin Gang","floor":13,"turns":5},{"damage":0,"enemies":"3 Louse","floor":14,"turns":2},{"damage":42,"enemies":"Hexaghost","floor":16,"turns":15}],"seed_played":"-8400448145592009391","potions_obtained":[{"floor":1,"key":"bronze:BurnAndBuffPotion"},{"floor":3,"key":"Adrenaline Potion"},{"floor":8,"key":"SkillPotion"},{"floor":12,"key":"Swift Potion"},{"floor":13,"key":"Venom Potion"},{"floor":14,"key":"AttackPotion"}],"is_trial":true,"path_per_floor":["M","M","M","M","M","E","M","E","T","M","E","M","M","M","R","B"],"character_chosen":"THE_ANIMATOR","items_purchased":[],"campfire_rested":1,"item_purchase_floors":[],"current_hp_per_floor":[64,63,62,61,59,52,45,21,21,26,17,10,15,18,39,0,0],"gold":492,"neow_bonus":"","is_daily":false,"chose_seed":false,"campfire_upgraded":0,"win_rate":0.0,"timestamp":1612993810,"path_taken":["M","M","M","M","M","E","M","E","T","M","E","M","M","M","R","BOSS"],"items_purchased_type":[],"build_version":"2020-12-22","purchased_purges":0,"victory":false,"max_hp_per_floor":[64,63,62,61,60,63,62,64,63,65,67,69,71,73,72,72,72],"card_choices":[{"not_picked":["animator:Togame","animator:Tet"],"picked":"animator:RoryMercury","floor":1},{"not_picked":["animator:Elsword","animator:Add"],"picked":"animator:AcuraTooru","floor":2},{"not_picked":["animator:Azekura","animator:KyokoSakura"],"picked":"animator:RoryMercury","floor":3},{"not_picked":["animator:Kazuma","animator:Darkness"],"picked":"animator:Chris","floor":4},{"not_picked":["animator:CowGirl","animator:KyokoSakura"],"picked":"animator:RoryMercury","floor":5},{"not_picked":["animator:HighElfArcher","animator:Sora"],"picked":"animator:Vanir","floor":6},{"not_picked":["animator:Illya","animator:Shichika","animator:Nanami"],"picked":"SKIP","floor":7},{"not_picked":["animator:Mitsurugi","animator:Verdia"],"picked":"animator:Darkness","floor":8},{"not_picked":["animator:Raven","animator:ShinjiMatou"],"picked":"animator:Arpeggio","floor":10},{"not_picked":["animator:SuzuneAmano","animator:DolaStephanie"],"picked":"animator:Tyuule","floor":11},{"not_picked":["animator:Berserker","animator:LizardPriest"],"picked":"animator:Chris","floor":12},{"not_picked":["animator:Vanir","animator:Mitsurugi"],"picked":"animator:Kazuma","floor":13},{"not_picked":["animator:UneriGinkaku","animator:CowGirl"],"picked":"animator:Guy","floor":14}],"player_experience":2917611,"relics_obtained":[{"floor":6,"key":"Replay:Ringing Soul"},{"floor":8,"key":"Singing Bowl"},{"floor":9,"key":"Bag of Marbles"},{"floor":11,"key":"infinitespire:ShieldingShard"}],"event_choices":[],"is_beta":false,"boss_relics":[],"items_purged_floors":[],"is_endless":false,"potions_floor_spawned":[1,3,8,12,13,14],"killed_by":"Hexaghost","ascension_level":0}}