{"host":"mwb0clku6crgv6yl","time":1612958192,"event":{"mods":["AchievementEnabler","BaseMod","Highlight Path","Koishi","Minty Spire (QoL Compilation)","Replay The Spire","StSLib","The Administrix","The Construct","The Cursed","The Gatherer","The Hierophant"],"gold_per_floor":[110,110,130,147,158,158,158],"floor_reached":6,"language":"ZHS","playtime":208,"items_purged":[],"score":48,"play_id":"8c600e45-859d-4447-b140-b5222931ab59","local_time":"20210210195632","is_ascension_mode":true,"campfire_choices":[],"circlet_count":0,"master_deck":["TheCursedMod:Strike_TheCursed","TheCursedMod:Strike_TheCursed","TheCursedMod:Strike_TheCursed","TheCursedMod:Strike_TheCursed","TheCursedMod:Defend_TheCursed","TheCursedMod:Defend_TheCursed","TheCursedMod:Defend_TheCursed","TheCursedMod:Defend_TheCursed","TheCursedMod:CursedWand","TheCursedMod:CleanUpWorkshop","TheCursedMod:Dregs","TheCursedMod:CircleOfWindfury","TheCursedMod:BlessingInDisguise","TheCursedMod:Wield","TheCursedMod:VitalStrike"],"relics":["TheCursedMod:BlackMagic101","NeowsBlessing","Quantum Egg"],"acts_visited":["Exordium"],"potions_floor_usage":[6],"damage_taken":[{"damage":0,"enemies":"Cultist","floor":1,"turns":1},{"damage":0,"enemies":"2 Louse","floor":3,"turns":1},{"damage":0,"enemies":"Jaw Worm","floor":4,"turns":1},{"damage":5,"enemies":"2 Fungi Beasts","floor":5,"turns":3},{"damage":82,"enemies":"Lagavulin","floor":6,"turns":9}],"seed_played":"-8101880773493005777","potions_obtained":[{"floor":1,"key":"ColorlessPotion"},{"floor":5,"key":"Weak Potion"}],"is_trial":false,"path_per_floor":["M","?","M","M","M","E"],"character_chosen":"THE_CURSED","items_purchased":[],"campfire_rested":0,"item_purchase_floors":[],"current_hp_per_floor":[75,75,75,75,70,0,0],"gold":158,"neow_bonus":"THREE_ENEMY_KILL","is_daily":false,"chose_seed":false,"campfire_upgraded":0,"win_rate":0.0,"timestamp":1612958192,"path_taken":["M","?","?","?","M","E"],"items_purchased_type":[],"build_version":"2020-12-22","purchased_purges":0,"victory":false,"max_hp_per_floor":[75,75,75,75,75,75,75],"card_choices":[{"not_picked":["TheCursedMod:SaltUponWound","TheCursedMod:SmokeScreen"],"picked":"TheCursedMod:CircleOfWindfury","floor":1},{"not_picked":["TheCursedMod:FleshFromBone","TheCursedMod:CursedAmulet"],"picked":"TheCursedMod:BlessingInDisguise","floor":3},{"not_picked":["TheCursedMod:SurpriseAttack","TheCursedMod:FleshFromBone"],"picked":"TheCursedMod:Wield","floor":4},{"not_picked":["TheCursedMod:CircleOfCorruption","TheCursedMod:BloodBarrier"],"picked":"TheCursedMod:VitalStrike","floor":5}],"player_experience":283660,"relics_obtained":[],"event_choices":[{"damage_healed":0,"gold_gain":0,"player_choice":"Gave Potion","damage_taken":0,"relics_obtained":["Quantum Egg"],"max_hp_gain":0,"max_hp_loss":0,"event_name":"WeMeetAgain","floor":2,"gold_loss":0}],"is_beta":false,"boss_relics":[],"items_purged_floors":[],"is_endless":false,"potions_floor_spawned":[1,5],"killed_by":"Lagavulin","ascension_level":5}}