{"host":"h4lp0eeso8a0ssq0","time":1612917007,"event":{"mods":["2.2 Compatiblity","AchievementEnabler","BaseMod","CapriCore","Colored Map","Minty Spire (QoL Compilation)","StSLib","SuperFastMode"],"gold_per_floor":[119,194,194,257,307,307,336,347,426,446,476,495,495,30,30,107,107,122,189,239,289,303,336,405,418,418,418,216,266,316,335,335,411,411,430,480,500,575,515,515,533,566,566,582,82,82,151,201,201,201],"floor_reached":51,"language":"KOR","playtime":1349,"items_purged":["Strike_G","Strike_G","Strike_G"],"score":1414,"play_id":"1aa4480b-30e5-4d4f-95e4-25879dd051db","local_time":"20210210093007","is_ascension_mode":true,"campfire_choices":[{"data":"Neutralize","floor":6.0,"key":"SMITH"},{"data":"Crippling Poison","floor":13.0,"key":"SMITH"},{"floor":15.0,"key":"REST"},{"floor":27.0,"key":"REST"},{"floor":32.0,"key":"REST"},{"floor":40.0,"key":"REST"},{"data":"Accuracy","floor":46,"key":"SMITH"},{"floor":49,"key":"REST"}],"circlet_count":0,"master_deck":["AscendersBane","Defend_G","Defend_G","Defend_G","Defend_G","Defend_G","Survivor","Neutralize+1","Poisoned Stab","PiercingWail","Backflip+1","Riddle With Holes","Crippling Poison+1","Blade Dance","Acrobatics","Bullet Time","After Image","Blade Dance","Adrenaline","Adrenaline","Blade Dance","Catalyst+1","Cloak And Dagger+1","Cloak And Dagger","Accuracy+1","Blade Dance","Blade Dance","Backflip","Acrobatics","Accuracy","Blade Dance"],"relics":["Ring of the Snake","NeowsBlessing","SsserpentHead","Smiling Mask","Shuriken","Membership Card","Question Card","Cursed Key","Mercury Hourglass","Boot","SlaversCollar","StoneCalendar","Turnip","Gambling Chip","Bag of Marbles","OrangePellets"],"acts_visited":["Exordium","TheCity","TheBeyond"],"potions_floor_usage":[50],"damage_taken":[{"damage":0.0,"enemies":"Jaw Worm","floor":1.0,"turns":1.0},{"damage":0.0,"enemies":"Cultist","floor":4.0,"turns":1.0},{"damage":0.0,"enemies":"3 Sentries","floor":7.0,"turns":1.0},{"damage":2.0,"enemies":"2 Louse","floor":8.0,"turns":5.0},{"damage":6.0,"enemies":"Blue Slaver","floor":10.0,"turns":4.0},{"damage":15.0,"enemies":"Gremlin Gang","floor":12.0,"turns":4.0},{"damage":29.0,"enemies":"Slime Boss","floor":16.0,"turns":8.0},{"damage":7.0,"enemies":"Chosen","floor":18.0,"turns":5.0},{"damage":2.0,"enemies":"3 Byrds","floor":19.0,"turns":4.0},{"damage":3.0,"enemies":"Shelled Parasite and Fungi","floor":22.0,"turns":4.0},{"damage":0.0,"enemies":"Gremlin Leader","floor":23.0,"turns":6.0},{"damage":12.0,"enemies":"Snake Plant","floor":24.0,"turns":4.0},{"damage":15.0,"enemies":"Sentry and Sphere","floor":25.0,"turns":4.0},{"damage":0.0,"enemies":"Snecko","floor":31.0,"turns":3.0},{"damage":19.0,"enemies":"Collector","floor":33.0,"turns":5.0},{"damage":0.0,"enemies":"3 Shapes","floor":35.0,"turns":4.0},{"damage":6.0,"enemies":"Orb Walker","floor":37.0,"turns":2.0},{"damage":15.0,"enemies":"Mind Bloom Boss Battle","floor":38.0,"turns":7.0},{"damage":10.0,"enemies":"Sphere and 2 Shapes","floor":41.0,"turns":7.0},{"damage":20.0,"enemies":"Reptomancer","floor":42.0,"turns":4.0},{"damage":5,"enemies":"Maw","floor":44,"turns":6},{"damage":0,"enemies":"Transient","floor":47,"turns":6},{"damage":27,"enemies":"Awakened One","floor":50,"turns":7}],"seed_played":"758501821319302146","potions_obtained":[{"floor":4.0,"key":"AttackPotion"},{"floor":11.0,"key":"CultistPotion"},{"floor":23.0,"key":"DistilledChaos"},{"floor":31.0,"key":"Poison Potion"},{"floor":33.0,"key":"SpeedPotion"},{"floor":37.0,"key":"Swift Potion"},{"floor":44,"key":"Strength Potion"}],"is_trial":false,"path_per_floor":["M","?","?","M","?","R","E","M","T","M","?","M","R","$","R","B",null,"M","M","?","?","M","E","M","M","T","R","$","?","?","M","R","B",null,"M","?","M","?","?","R","M","E","T","M","$","R","M","?","R","B",null],"character_chosen":"THE_SILENT","items_purchased":["Membership Card","Acrobatics","Bullet Time","Question Card","Cloak And Dagger","Accuracy","Boot","Gambling Chip","GhostInAJar","GhostInAJar","Bag of Marbles","OrangePellets"],"campfire_rested":5,"item_purchase_floors":[14,14,14,14,28,28,28,45,45,45,45,45],"current_hp_per_floor":[59,48,48,48,48,48,48,46,46,40,40,25,25,25,44,15,53,46,44,44,44,41,41,29,14,14,33,33,33,33,33,52,33,58,58,58,52,37,37,56,46,26,26,21,21,21,21,21,40,13],"gold":201,"neow_bonus":"THREE_ENEMY_KILL","is_daily":false,"chose_seed":false,"campfire_upgraded":3,"win_rate":0.0,"timestamp":1612917007,"path_taken":["M","?","?","?","?","R","E","M","T","M","?","M","R","$","R","BOSS","M","?","?","?","M","E","?","M","T","R","$","?","?","M","R","BOSS","M","?","M","?","?","R","M","E","T","M","$","R","?","?","R","BOSS"],"items_purchased_type":["Relic","Card","Card","Relic","Card","Card","Relic","Relic","Potion","Potion","Relic","Relic"],"build_version":"2020-12-22","purchased_purges":3,"victory":true,"max_hp_per_floor":[66,66,66,66,66,66,66,66,66,66,66,66,66,66,66,66,66,66,66,66,66,66,66,66,66,66,66,66,66,66,66,66,66,66,66,66,66,66,66,66,66,66,66,66,66,66,66,66,66,66],"card_choices":[{"not_picked":["Flying Knee","Prepared"],"picked":"Poisoned Stab","floor":1.0},{"not_picked":["Quick Slash","Dodge and Roll"],"picked":"PiercingWail","floor":4.0},{"not_picked":["Riddle With Holes","PiercingWail"],"picked":"Backflip","floor":7.0},{"not_picked":["Slice","Well Laid Plans"],"picked":"Riddle With Holes","floor":8.0},{"not_picked":["Underhanded Strike","Deflect"],"picked":"Crippling Poison","floor":10.0},{"not_picked":["Endless Agony","Flying Knee"],"picked":"Blade Dance","floor":12.0},{"not_picked":["Doppelganger","Grand Finale","Die Die Die"],"picked":"After Image","floor":16.0},{"not_picked":["Dagger Throw","Cloak And Dagger","Predator"],"picked":"Blade Dance","floor":18.0},{"not_picked":["Poisoned Stab","Calculated Gamble","Caltrops"],"picked":"Adrenaline","floor":19.0},{"not_picked":["Backflip","PiercingWail","Reflex"],"picked":"Blade Dance","floor":22.0},{"not_picked":["Sucker Punch","Poisoned Stab","Dagger Spray+1"],"picked":"Catalyst+1","floor":23.0},{"not_picked":["Flying Knee","Backflip","Outmaneuver"],"picked":"Cloak And Dagger+1","floor":24.0},{"not_picked":["Masterful Stab+1","Blur","Footwork","Deflect"],"picked":"SKIP","floor":25.0},{"not_picked":["Leg Sweep","Bouncing Flask+1","Quick Slash"],"picked":"Blade Dance","floor":31.0},{"not_picked":["Outmaneuver+1","Concentrate","Deflect+1","Backstab"],"picked":"SKIP","floor":35.0},{"not_picked":["Bane","Slice+1","Leg Sweep"],"picked":"Backflip","floor":37.0},{"not_picked":["Quick Slash","Dagger Spray","Bouncing Flask+1"],"picked":"Acrobatics","floor":38.0},{"not_picked":["Dagger Throw","Heel Hook","Acrobatics","Predator"],"picked":"SKIP","floor":41.0},{"not_picked":["Flying Knee","Tools of the Trade","Riddle With Holes","PiercingWail+1"],"picked":"SKIP","floor":42.0},{"not_picked":["Outmaneuver","Poisoned Stab","Dagger Spray+1"],"picked":"Accuracy","floor":44},{"not_picked":["Prepared+1","Underhanded Strike","Backflip+1"],"picked":"Blade Dance","floor":47}],"player_experience":198662,"relics_obtained":[{"floor":7.0,"key":"Smiling Mask"},{"floor":9.0,"key":"Shuriken"},{"floor":23.0,"key":"Mercury Hourglass"},{"floor":38.0,"key":"StoneCalendar"},{"floor":42.0,"key":"Turnip"}],"event_choices":[{"damage_healed":0.0,"max_hp_gain":0.0,"max_hp_loss":0.0,"gold_gain":75.0,"event_name":"World of Goop","player_choice":"Gather Gold","floor":2.0,"gold_loss":0.0,"damage_taken":11.0},{"damage_healed":0.0,"max_hp_gain":0.0,"max_hp_loss":0.0,"gold_gain":0.0,"event_name":"FaceTrader","player_choice":"Trade","floor":3.0,"gold_loss":0.0,"damage_taken":0.0,"relics_obtained":["SsserpentHead"]},{"damage_healed":0.0,"max_hp_gain":0.0,"max_hp_loss":0.0,"gold_gain":0.0,"event_name":"Liars Game","player_choice":"Ignored","floor":5.0,"gold_loss":0.0,"damage_taken":0.0},{"damage_healed":0.0,"max_hp_gain":0.0,"max_hp_loss":0.0,"gold_gain":0.0,"event_name":"The Woman in Blue","player_choice":"Bought 1 Potion","floor":11.0,"gold_loss":0.0,"damage_taken":0.0},{"damage_healed":0.0,"max_hp_gain":0.0,"max_hp_loss":0.0,"gold_gain":0.0,"event_name":"Cursed Tome","player_choice":"Ignored","floor":20.0,"gold_loss":0.0,"damage_taken":0.0},{"damage_healed":0.0,"max_hp_gain":0.0,"max_hp_loss":0.0,"gold_gain":0.0,"event_name":"Duplicator","player_choice":"Copied","floor":21.0,"gold_loss":0.0,"damage_taken":0.0,"cards_obtained":["Adrenaline"]},{"cards_removed":["Strike_G"],"damage_healed":0.0,"max_hp_gain":0.0,"max_hp_loss":0.0,"gold_gain":0.0,"event_name":"Back to Basics","player_choice":"Elegance","floor":29.0,"gold_loss":0.0,"damage_taken":0.0},{"damage_healed":0.0,"max_hp_gain":0.0,"max_hp_loss":0.0,"gold_gain":0.0,"event_name":"The Library","player_choice":"Read","floor":30.0,"gold_loss":0.0,"damage_taken":0.0,"cards_obtained":["Blade Dance"]},{"damage_healed":0.0,"max_hp_gain":0.0,"max_hp_loss":0.0,"gold_gain":0.0,"event_name":"SensoryStone","player_choice":"Memory 1","floor":36.0,"gold_loss":0.0,"damage_taken":0.0},{"damage_healed":0.0,"max_hp_gain":0.0,"max_hp_loss":0.0,"gold_gain":0.0,"event_name":"MindBloom","player_choice":"Fight","floor":38.0,"gold_loss":0.0,"damage_taken":0.0},{"cards_removed":["Strike_G"],"damage_healed":0.0,"max_hp_gain":0.0,"max_hp_loss":0.0,"gold_gain":0.0,"event_name":"Designer","player_choice":"Upgrade and Remove","floor":39.0,"gold_loss":110.0,"damage_taken":0.0,"cards_upgraded":["Backflip"]},{"damage_healed":0,"gold_gain":0,"player_choice":"Ignored","damage_taken":0,"max_hp_gain":0,"max_hp_loss":0,"event_name":"Mysterious Sphere","floor":48,"gold_loss":0}],"is_beta":false,"boss_relics":[{"not_picked":["Busted Crown","Snecko Eye"],"picked":"Cursed Key"},{"not_picked":["Coffee Dripper","Ring of the Serpent"],"picked":"SlaversCollar"}],"items_purged_floors":[14,28,45],"is_endless":false,"potions_floor_spawned":[4,23,31,33,37,44],"ascension_level":17}}