{"host":"2r70pi9mmcwi9gz4","time":1612981254,"event":{"mods":["AchievementEnabler","BaseMod","Colored Map","Colored Powertips","Minty Spire (QoL Compilation)","Permanent Neow","Quick Restart","StSLib"],"gold_per_floor":[15,30,30,30,30,30,63,141,167,167,167,167,183,197,197,318,318,339,339,360,375,474,474,490,490,517,517,535,58,74,118,118,247,247,260,11,24,24,24,24,57,73,73,0,0,0,21,46,46,46],"floor_reached":51,"language":"ENG","playtime":2777,"items_purged":["Defend_B"],"score":710,"play_id":"7e57277e-afc7-45c6-b1e7-5603a5ef1bba","local_time":"20210210202054","is_ascension_mode":false,"campfire_choices":[{"floor":6.0,"key":"REST"},{"floor":12.0,"key":"REST"},{"floor":15.0,"key":"REST"},{"floor":23.0,"key":"REST"},{"floor":27.0,"key":"REST"},{"floor":32.0,"key":"REST"},{"floor":40.0,"key":"REST"},{"floor":46.0,"key":"REST"},{"floor":49.0,"key":"REST"}],"circlet_count":0,"master_deck":["Strike_B","Strike_B","Defend_B","Defend_B","Defend_B","Zap+1","Dualcast","Tempest","Ball Lightning","Darkness","Beam Cell","Leap","Meteor Strike","CurseOfTheBell","Conserve Battery","Leap+1","Conserve Battery","Machine Learning","Conserve Battery+1","Meteor Strike","Glacier+1","Madness","Madness","Conserve Battery+1"],"relics":["Cracked Core","StoneCalendar","Golden Idol","Odd Mushroom","Happy Flower","Ancient Tea Set","Calling Bell","Toy Ornithopter","Letter Opener","Du-Vu Doll","MutagenicStrength","PreservedInsect","Potion Belt","Sundial","Pear","Busted Crown","Membership Card","Gremlin Horn","Oddly Smooth Stone","Pocketwatch","Red Mask"],"acts_visited":["Exordium","TheCity","TheBeyond"],"potions_floor_usage":[50,50,50,50],"damage_taken":[{"damage":1.0,"enemies":"Cultist","floor":1.0,"turns":3.0},{"damage":10.0,"enemies":"2 Louse","floor":2.0,"turns":3.0},{"damage":20.0,"enemies":"The Mushroom Lair","floor":7.0,"turns":4.0},{"damage":29.0,"enemies":"Gremlin Nob","floor":8.0,"turns":4.0},{"damage":3.0,"enemies":"Small Slimes","floor":13.0,"turns":2.0},{"damage":0.0,"enemies":"3 Louse","floor":14.0,"turns":2.0},{"damage":17.0,"enemies":"Slime Boss","floor":16.0,"turns":7.0},{"damage":15.0,"enemies":"Spheric Guardian","floor":18.0,"turns":5.0},{"damage":20.0,"enemies":"3 Byrds","floor":20.0,"turns":4.0},{"damage":8.0,"enemies":"Snecko","floor":21.0,"turns":4.0},{"damage":0.0,"enemies":"Snake Plant","floor":24.0,"turns":2.0},{"damage":3.0,"enemies":"Centurion and Healer","floor":28.0,"turns":7.0},{"damage":11.0,"enemies":"Chosen and Byrds","floor":30.0,"turns":5.0},{"damage":16.0,"enemies":"Book of Stabbing","floor":31.0,"turns":5.0},{"damage":14.0,"enemies":"Collector","floor":33.0,"turns":9.0},{"damage":10.0,"enemies":"Orb Walker","floor":35.0,"turns":4.0},{"damage":13.0,"enemies":"3 Shapes","floor":37.0,"turns":4.0},{"damage":42.0,"enemies":"Giant Head","floor":41.0,"turns":8.0},{"damage":25.0,"enemies":"3 Darklings","floor":42.0,"turns":6.0},{"damage":9.0,"enemies":"Sphere and 2 Shapes","floor":47.0,"turns":6.0},{"damage":22.0,"enemies":"Transient","floor":48.0,"turns":5.0},{"damage":57,"enemies":"Donu and Deca","floor":50,"turns":12}],"seed_played":"2843550081475992871","potions_obtained":[{"floor":1.0,"key":"PowerPotion"},{"floor":7.0,"key":"SpeedPotion"},{"floor":16.0,"key":"Strength Potion"},{"floor":18.0,"key":"Strength Potion"},{"floor":30.0,"key":"Weak Potion"},{"floor":31.0,"key":"Dexterity Potion"},{"floor":33.0,"key":"Dexterity Potion"},{"floor":35.0,"key":"SpeedPotion"},{"floor":42.0,"key":"Fire Potion"},{"floor":47.0,"key":"Strength Potion"},{"floor":48.0,"key":"DistilledChaos"}],"is_trial":false,"path_per_floor":["M","M","?","?","$","R","?","?","T","$","?","R","M","M","R","B",null,"M","?","M","M","?","R","M","?","T","R","M","$","M","E","R","B",null,"M","$","M","?","?","R","E","M","T","?","?","R","M","M","R","B",null],"character_chosen":"DEFECT","items_purchased":["Potion Belt","Sundial","Membership Card","Fruit Juice","Block Potion","Dexterity Potion"],"campfire_rested":9,"item_purchase_floors":[29,29,36,36,36,36],"current_hp_per_floor":[74,64,46,39,39,61,41,12,12,12,12,34,31,31,53,36,75,60,60,40,32,32,54,54,54,54,75,72,72,61,60,85,81,85,75,85,72,61,61,88,51,26,26,26,26,53,44,27,54,17],"gold":46,"neow_bonus":"ONE_RARE_RELIC","is_daily":false,"chose_seed":false,"campfire_upgraded":0,"win_rate":0.0,"timestamp":1612981254,"path_taken":["M","M","?","?","$","R","?","?","T","$","?","R","M","M","R","BOSS","M","?","M","M","?","R","M","?","T","R","M","$","?","E","R","BOSS","M","$","M","?","?","R","E","?","T","?","?","R","M","M","R","BOSS"],"items_purchased_type":["Relic","Relic","Relic","Potion","Potion","Potion"],"build_version":"2020-12-22","purchased_purges":1,"victory":true,"max_hp_per_floor":[75,75,75,75,75,75,75,75,75,75,75,75,75,75,75,75,75,75,75,75,75,75,75,75,75,75,75,75,75,75,85,85,85,85,85,90,90,90,90,90,90,90,90,90,90,90,90,90,90,90],"card_choices":[{"not_picked":["Chill","Recycle"],"picked":"Tempest","floor":1.0},{"not_picked":["Chill","Sweeping Beam"],"picked":"Ball Lightning","floor":2.0},{"not_picked":["Coolheaded","Force Field"],"picked":"Darkness","floor":7.0},{"not_picked":["Coolheaded","Steam"],"picked":"Beam Cell","floor":8.0},{"not_picked":["Biased Cognition","Force Field","Blizzard"],"picked":"SKIP","floor":13.0},{"not_picked":["Sunder","Loop"],"picked":"Leap","floor":14.0},{"not_picked":["Buffer","All For One"],"picked":"Meteor Strike","floor":16.0},{"not_picked":["Leap","Turbo"],"picked":"Conserve Battery","floor":18.0},{"not_picked":["Hologram","Stack","Coolheaded"],"picked":"SKIP","floor":20.0},{"not_picked":["Electrodynamics","Genetic Algorithm"],"picked":"Leap+1","floor":21.0},{"not_picked":["White Noise","Loop"],"picked":"Conserve Battery","floor":24.0},{"not_picked":["Go for the Eyes","Ball Lightning"],"picked":"Conserve Battery+1","floor":28.0},{"not_picked":["Compile Driver","Doom and Gloom","Stack"],"picked":"SKIP","floor":30.0},{"not_picked":["Defragment","Stack","Static Discharge"],"picked":"SKIP","floor":31.0},{"not_picked":["Electrodynamics","Amplify"],"picked":"Meteor Strike","floor":33.0},{"not_picked":["Coolheaded"],"picked":"SKIP","floor":35.0},{"not_picked":[],"picked":"Glacier+1","floor":37.0},{"not_picked":["Hologram+1"],"picked":"SKIP","floor":41.0},{"not_picked":["FTL"],"picked":"SKIP","floor":42.0},{"not_picked":["Turbo+1"],"picked":"SKIP","floor":47.0},{"not_picked":["Hello World+1"],"picked":"SKIP","floor":48.0}],"player_experience":35328,"relics_obtained":[{"floor":7.0,"key":"Odd Mushroom"},{"floor":8.0,"key":"Happy Flower"},{"floor":9.0,"key":"Ancient Tea Set"},{"floor":17.0,"key":"Toy Ornithopter"},{"floor":17.0,"key":"Letter Opener"},{"floor":17.0,"key":"Du-Vu Doll"},{"floor":26.0,"key":"PreservedInsect"},{"floor":31.0,"key":"Pear"},{"floor":41.0,"key":"Oddly Smooth Stone"},{"floor":43.0,"key":"Pocketwatch"}],"event_choices":[{"damage_healed":0.0,"max_hp_gain":0.0,"max_hp_loss":0.0,"gold_gain":0.0,"event_name":"Golden Idol","player_choice":"Take Damage","floor":3.0,"gold_loss":0.0,"damage_taken":18.0,"relics_obtained":["Golden Idol"]},{"cards_removed":["Strike_B"],"damage_healed":0.0,"max_hp_gain":0.0,"max_hp_loss":0.0,"gold_gain":0.0,"event_name":"Golden Wing","player_choice":"Card Removal","floor":4.0,"gold_loss":0.0,"damage_taken":7.0},{"damage_healed":0.0,"max_hp_gain":0.0,"max_hp_loss":0.0,"gold_gain":0.0,"event_name":"Mushrooms","player_choice":"Fought Mushrooms","floor":7.0,"gold_loss":0.0,"damage_taken":0.0},{"damage_healed":0.0,"max_hp_gain":0.0,"max_hp_loss":0.0,"gold_gain":0.0,"event_name":"Dead Adventurer","player_choice":"Searched \u00272\u0027 times","floor":8.0,"gold_loss":0.0,"damage_taken":0.0},{"damage_healed":0.0,"max_hp_gain":0.0,"max_hp_loss":0.0,"gold_gain":0.0,"event_name":"Living Wall","player_choice":"Grow","floor":11.0,"gold_loss":0.0,"damage_taken":0.0,"cards_upgraded":["Zap"]},{"damage_healed":0.0,"max_hp_gain":0.0,"max_hp_loss":0.0,"gold_gain":0.0,"event_name":"Drug Dealer","player_choice":"Inject Mutagens","floor":19.0,"gold_loss":0.0,"damage_taken":0.0,"relics_obtained":["MutagenicStrength"]},{"damage_healed":0.0,"max_hp_gain":0.0,"max_hp_loss":0.0,"gold_gain":99.0,"event_name":"Nest","player_choice":"Stole From Cult","floor":22.0,"gold_loss":0.0,"damage_taken":0.0},{"damage_healed":0.0,"max_hp_gain":0.0,"max_hp_loss":0.0,"gold_gain":0.0,"cards_transformed":["Strike_B"],"event_name":"Transmorgrifier","player_choice":"Transformed","floor":25.0,"gold_loss":0.0,"damage_taken":0.0,"cards_obtained":["Machine Learning"]},{"damage_healed":0.0,"max_hp_gain":0.0,"max_hp_loss":0.0,"gold_gain":0.0,"event_name":"Winding Halls","player_choice":"Embrace Madness","floor":38.0,"gold_loss":0.0,"damage_taken":11.0,"cards_obtained":["Madness","Madness"]},{"damage_healed":0.0,"max_hp_gain":0.0,"max_hp_loss":0.0,"gold_gain":0.0,"event_name":"WeMeetAgain","player_choice":"Gave Potion","floor":39.0,"gold_loss":0.0,"damage_taken":0.0,"relics_obtained":["Gremlin Horn"]},{"damage_healed":0.0,"max_hp_gain":0.0,"max_hp_loss":0.0,"gold_gain":0.0,"event_name":"Tomb of Lord Red Mask","player_choice":"Paid","floor":44.0,"gold_loss":73.0,"damage_taken":0.0,"relics_obtained":["Red Mask"]},{"damage_healed":0.0,"max_hp_gain":0.0,"max_hp_loss":0.0,"gold_gain":0.0,"event_name":"Duplicator","player_choice":"Copied","floor":45.0,"gold_loss":0.0,"damage_taken":0.0,"cards_obtained":["Conserve Battery"]}],"is_beta":false,"boss_relics":[{"not_picked":["Philosopher\u0027s Stone","Runic Dome"],"picked":"Calling Bell"},{"not_picked":["Astrolabe","SacredBark"],"picked":"Busted Crown"}],"items_purged_floors":[29],"is_endless":false,"potions_floor_spawned":[1,7,16,18,20,30,31,33,35,42,47,48],"ascension_level":0}}