{"host":"mo4d2vii2wc3uyp7","time":1612940217,"event":{"mods":["AchievementEnabler","BaseMod","Colored Map","Highlight Path","Keyboard Shortcuts","Minty Spire (QoL Compilation)","Permanent Neow","Quick Restart","Shop Mod","StSLib","SuperFastMode","everything is the same but u backflip on backflip"],"gold_per_floor":[116,133,133,151,171,171,205,205,205,205,93,155,190,207,207,302,302,322,322,342,356,25,124,124,137,137,149,149,149,149,149,149,253,253,269,269,319,319,319],"floor_reached":38,"language":"KOR","playtime":1939,"items_purged":["Defend_G","Strike_G"],"score":573,"play_id":"54818ecb-b432-4e41-b712-85e928d65731","local_time":"20210210155657","is_ascension_mode":true,"campfire_choices":[{"data":"Neutralize","floor":6.0,"key":"SMITH"},{"floor":10.0,"key":"REST"},{"floor":15.0,"key":"REST"},{"floor":24.0,"key":"REST"},{"data":"Calculated Gamble","floor":28.0,"key":"SMITH"},{"floor":30.0,"key":"DIG"},{"floor":32.0,"key":"REST"}],"circlet_count":0,"master_deck":["AscendersBane","Strike_G","Strike_G+1","Strike_G+1","Defend_G","Defend_G","Defend_G","Defend_G","Survivor","Neutralize+1","Footwork","Poisoned Stab","Escape Plan","Flechettes","Caltrops","Bane","Deflect","Bullet Time","Quick Slash","Acrobatics","Prepared+1","Calculated Gamble+1","Dagger Throw+1"],"relics":["Ring of the Serpent","Regal Pillow","Kunai","Whetstone","Matryoshka","Ornamental Fan","Shovel","Akabeko","HornCleat","Eternal Feather","Anchor","InkBottle","Peace Pipe"],"acts_visited":["Exordium","TheCity","TheBeyond"],"potions_floor_usage":[],"damage_taken":[{"damage":4.0,"enemies":"Small Slimes","floor":1.0,"turns":5.0},{"damage":0.0,"enemies":"2 Louse","floor":2.0,"turns":4.0},{"damage":0.0,"enemies":"Jaw Worm","floor":4.0,"turns":7.0},{"damage":5.0,"enemies":"Blue Slaver","floor":5.0,"turns":5.0},{"damage":13.0,"enemies":"Lagavulin","floor":7.0,"turns":9.0},{"damage":24.0,"enemies":"3 Sentries","floor":12.0,"turns":10.0},{"damage":25.0,"enemies":"3 Sentries","floor":13.0,"turns":9.0},{"damage":8.0,"enemies":"2 Fungi Beasts","floor":14.0,"turns":4.0},{"damage":29.0,"enemies":"Hexaghost","floor":16.0,"turns":11.0},{"damage":16.0,"enemies":"Chosen","floor":18.0,"turns":8.0},{"damage":11.0,"enemies":"Spheric Guardian","floor":20.0,"turns":5.0},{"damage":21.0,"enemies":"Shelled Parasite and Fungi","floor":21.0,"turns":7.0},{"damage":14.0,"enemies":"Snake Plant","floor":25.0,"turns":5.0},{"damage":5.0,"enemies":"Snecko","floor":27.0,"turns":6.0},{"damage":59.0,"enemies":"Automaton","floor":33.0,"turns":17.0},{"damage":16.0,"enemies":"Orb Walker","floor":35.0,"turns":6.0},{"damage":20.0,"enemies":"Mind Bloom Boss Battle","floor":37.0,"turns":13.0},{"damage":33,"enemies":"3 Darklings","floor":38,"turns":3}],"seed_played":"4686894436592455116","potions_obtained":[{"floor":1.0,"key":"Energy Potion"},{"floor":14.0,"key":"Dexterity Potion"},{"floor":16.0,"key":"Explosive Potion"},{"floor":25.0,"key":"Explosive Potion"},{"floor":27.0,"key":"DuplicationPotion"},{"floor":35.0,"key":"SpeedPotion"}],"is_trial":false,"path_per_floor":["M","M","?","M","M","R","E","?","T","R","$","?","E","M","R","B",null,"M","?","M","M","$","?","R","M","T","M","R","?","R","?","R","B",null,"M","?","?","M"],"character_chosen":"THE_SILENT","items_purchased":["Caltrops","Calculated Gamble","Akabeko"],"campfire_rested":4,"item_purchase_floors":[11,22,22],"current_hp_per_floor":[59,59,56,56,51,51,38,31,31,67,67,43,18,10,46,17,57,41,41,30,9,9,9,45,31,31,26,38,38,50,37,75,16,60,44,44,24,0,0],"gold":319,"neow_bonus":"RANDOM_COMMON_RELIC","is_daily":false,"chose_seed":false,"campfire_upgraded":2,"win_rate":0.0,"timestamp":1612940217,"path_taken":["M","M","?","M","M","R","E","?","T","R","$","?","E","M","R","BOSS","M","?","M","M","$","?","R","M","T","M","R","?","R","?","R","BOSS","M","?","?","M"],"items_purchased_type":["Card","Card","Relic"],"build_version":"2020-12-22","purchased_purges":2,"victory":false,"max_hp_per_floor":[70,70,70,70,70,70,70,70,70,70,70,70,70,70,70,70,70,70,70,70,70,70,70,70,70,70,70,70,70,70,75,75,75,75,75,75,75,75,75],"card_choices":[{"not_picked":["Underhanded Strike","Choke"],"picked":"Footwork","floor":1.0},{"not_picked":["Cloak And Dagger","Underhanded Strike","Flying Knee"],"picked":"SKIP","floor":2.0},{"not_picked":["Expertise","Footwork"],"picked":"Poisoned Stab","floor":4.0},{"not_picked":["Dagger Throw","Outmaneuver"],"picked":"Escape Plan","floor":5.0},{"not_picked":["Deadly Poison","Grand Finale"],"picked":"Flechettes","floor":7.0},{"not_picked":["Quick Slash","Outmaneuver"],"picked":"Bane","floor":12.0},{"not_picked":["Expertise","Catalyst","Poisoned Stab"],"picked":"SKIP","floor":13.0},{"not_picked":["Predator","Slice"],"picked":"Deflect","floor":14.0},{"not_picked":["Unload","Phantasmal Killer"],"picked":"Bullet Time","floor":16.0},{"not_picked":["Sucker Punch+1","Distraction"],"picked":"Quick Slash","floor":18.0},{"not_picked":["Dash","Riddle With Holes"],"picked":"Acrobatics","floor":20.0},{"not_picked":["Acrobatics","Cloak And Dagger+1"],"picked":"Prepared+1","floor":21.0},{"not_picked":["Predator","Caltrops+1","Acrobatics"],"picked":"SKIP","floor":25.0},{"not_picked":["Poisoned Stab","Blur","Blade Dance"],"picked":"SKIP","floor":27.0},{"not_picked":["Accuracy","Quick Slash+1"],"picked":"Dagger Throw+1","floor":35.0}],"player_experience":608880,"relics_obtained":[{"floor":7.0,"key":"Whetstone"},{"floor":9.0,"key":"Matryoshka"},{"floor":12.0,"key":"Ornamental Fan"},{"floor":13.0,"key":"Shovel"},{"floor":26.0,"key":"HornCleat"},{"floor":26.0,"key":"Eternal Feather"},{"floor":30.0,"key":"InkBottle"},{"floor":37.0,"key":"Peace Pipe"}],"event_choices":[{"damage_healed":0.0,"max_hp_gain":0.0,"max_hp_loss":0.0,"gold_gain":0.0,"event_name":"Scrap Ooze","player_choice":"Success","floor":3.0,"gold_loss":0.0,"damage_taken":3.0,"relics_obtained":["Kunai"]},{"cards_removed":["Strike_G"],"damage_healed":0.0,"max_hp_gain":0.0,"max_hp_loss":0.0,"gold_gain":0.0,"event_name":"Golden Wing","player_choice":"Card Removal","floor":8.0,"gold_loss":0.0,"damage_taken":7.0},{"damage_healed":0.0,"max_hp_gain":0.0,"max_hp_loss":0.0,"gold_gain":0.0,"event_name":"Dead Adventurer","player_choice":"Searched \u00272\u0027 times","floor":12.0,"gold_loss":0.0,"damage_taken":0.0},{"damage_healed":0.0,"max_hp_gain":0.0,"max_hp_loss":0.0,"gold_gain":0.0,"event_name":"Vampires","player_choice":"Ignored","floor":19.0,"gold_loss":0.0,"damage_taken":0.0},{"damage_healed":0.0,"max_hp_gain":0.0,"max_hp_loss":0.0,"gold_gain":99.0,"event_name":"Nest","player_choice":"Stole From Cult","floor":23.0,"gold_loss":0.0,"damage_taken":0.0},{"damage_healed":0.0,"max_hp_gain":0.0,"max_hp_loss":0.0,"gold_gain":0.0,"event_name":"The Mausoleum","player_choice":"Opened","floor":29.0,"gold_loss":0.0,"damage_taken":0.0,"relics_obtained":["Anchor"]},{"damage_healed":0.0,"max_hp_gain":5.0,"max_hp_loss":0.0,"gold_gain":0.0,"event_name":"Forgotten Altar","player_choice":"Shed Blood","floor":31.0,"gold_loss":0.0,"damage_taken":18.0},{"damage_healed":0.0,"max_hp_gain":0.0,"max_hp_loss":0.0,"gold_gain":0.0,"event_name":"Tomb of Lord Red Mask","player_choice":"Ignored","floor":36.0,"gold_loss":0.0,"damage_taken":0.0},{"damage_healed":0.0,"max_hp_gain":0.0,"max_hp_loss":0.0,"gold_gain":0.0,"event_name":"MindBloom","player_choice":"Fight","floor":37.0,"gold_loss":0.0,"damage_taken":0.0}],"is_beta":false,"boss_relics":[{"not_picked":["Ectoplasm","Calling Bell"],"picked":"Ring of the Serpent"},{"not_picked":["Busted Crown","Fusion Hammer","Snecko Eye"]}],"items_purged_floors":[11,22],"is_endless":false,"potions_floor_spawned":[1,14,16,25,27,35],"killed_by":"3 Darklings","ascension_level":10}}