{"host":"3a1ypf1irl30q4k8","time":1612954710,"event":{"mods":["AchievementEnabler","BaseMod","Bestiary","Colored Map","Minty Spire (QoL Compilation)","Relic Stats","ojb\u0027s Info Mod"],"gold_per_floor":[119,130,130,144,33,53,53,73,73,86,99,112,187,205,205,306,306,324,15,26,37,37,37,37],"floor_reached":23,"language":"ENG","playtime":1242,"items_purged":["Strike_B"],"score":227,"play_id":"2ce0c969-6491-4b55-bd7f-61823c740807","local_time":"20210210105830","is_ascension_mode":true,"campfire_choices":[{"data":"Zap","floor":7.0,"key":"SMITH"},{"data":"Leap","floor":15.0,"key":"SMITH"}],"circlet_count":0,"master_deck":["Zap+1","Dualcast","Cold Snap","Streamline","Ball Lightning","Capacitor","Genetic Algorithm","Lockon","Leap+1","Compile Driver","Barrage","Rebound","Echo Form","Hyperbeam","Glacier","Auto Shields","Reprogram","Conserve Battery","Barrage","Hello World","Cold Snap","Defragment","Fusion+1","Tempest"],"relics":["Cracked Core","Bottled Flame","Pandora\u0027s Box","Runic Capacitor","Enchiridion"],"acts_visited":["Exordium","TheCity"],"potions_floor_usage":[18,23],"damage_taken":[{"damage":9.0,"enemies":"Jaw Worm","floor":1.0,"turns":3.0},{"damage":0.0,"enemies":"Cultist","floor":2.0,"turns":3.0},{"damage":7.0,"enemies":"Small Slimes","floor":4.0,"turns":3.0},{"damage":19.0,"enemies":"Blue Slaver","floor":6.0,"turns":3.0},{"damage":5.0,"enemies":"Looter","floor":8.0,"turns":3.0},{"damage":3.0,"enemies":"Exordium Wildlife","floor":10.0,"turns":2.0},{"damage":4.0,"enemies":"Exordium Thugs","floor":11.0,"turns":4.0},{"damage":1.0,"enemies":"2 Fungi Beasts","floor":12.0,"turns":3.0},{"damage":3.0,"enemies":"Exordium Wildlife","floor":14.0,"turns":3.0},{"damage":10.0,"enemies":"The Guardian","floor":16.0,"turns":12.0},{"damage":0,"enemies":"2 Thieves","floor":18,"turns":3},{"damage":10,"enemies":"Spheric Guardian","floor":20,"turns":5},{"damage":15,"enemies":"Centurion and Healer","floor":21,"turns":6},{"damage":53,"enemies":"Gremlin Leader","floor":23,"turns":4}],"seed_played":"-6619125271586071908","potions_obtained":[{"floor":4.0,"key":"Weak Potion"},{"floor":12.0,"key":"BlessingOfTheForge"},{"floor":14.0,"key":"Fruit Juice"},{"floor":16.0,"key":"AttackPotion"},{"floor":20,"key":"Block Potion"}],"is_trial":false,"path_per_floor":["M","M","?","M","$","M","R","M","T","M","M","M","?","M","R","B",null,"M","$","M","M","?","E"],"character_chosen":"DEFECT","items_purchased":["Capacitor","Runic Capacitor","Defragment","LiquidBronze"],"campfire_rested":0,"item_purchase_floors":[5,19,19,19],"current_hp_per_floor":[73,73,73,66,66,47,47,42,42,39,35,34,23,20,20,15,87,87,87,77,62,46,0,0],"gold":37,"neow_bonus":"TEN_PERCENT_HP_BONUS","is_daily":false,"chose_seed":false,"campfire_upgraded":2,"win_rate":0.0,"timestamp":1612954710,"path_taken":["M","M","?","M","$","M","R","?","T","?","M","M","?","M","R","BOSS","M","$","M","M","?","E"],"items_purchased_type":["Card","Relic","Card","Potion"],"build_version":"2020-12-22","purchased_purges":1,"victory":false,"max_hp_per_floor":[82,82,82,82,82,82,82,82,82,82,82,82,82,82,82,87,87,87,87,87,87,87,87,87],"relic_stats":{"counters":[14,57],"Pandora\u0027s Box":["Hyperbeam","Glacier","Auto Shields","Reprogram","Conserve Battery","Barrage","Hello World"],"obtain_stats":[{"Bottled Flame":9,"Enchiridion":22,"Pandora\u0027s Box":17,"Runic Capacitor":19,"Cracked Core":0},{"Bottled Flame":5,"Enchiridion":13,"Pandora\u0027s Box":10,"Runic Capacitor":11,"Cracked Core":0},{"Bottled Flame":15,"Enchiridion":53,"Pandora\u0027s Box":39,"Runic Capacitor":42,"Cracked Core":0}]},"card_choices":[{"not_picked":["Redo","Capacitor"],"picked":"Cold Snap","floor":1.0},{"not_picked":["Hologram","Gash"],"picked":"Streamline","floor":2.0},{"not_picked":["Stack","Barrage"],"picked":"Ball Lightning","floor":4.0},{"not_picked":["BootSequence","Ball Lightning"],"picked":"Genetic Algorithm","floor":6.0},{"not_picked":["Scrape","Beam Cell"],"picked":"Lockon","floor":8.0},{"not_picked":["Stack","Creative AI"],"picked":"Leap","floor":10.0},{"not_picked":["Recycle","Heatsinks"],"picked":"Compile Driver","floor":11.0},{"not_picked":["Lockon","Redo"],"picked":"Barrage","floor":12.0},{"not_picked":["Sweeping Beam","Capacitor"],"picked":"Rebound","floor":14.0},{"not_picked":["Thunder Strike","Core Surge"],"picked":"Echo Form","floor":16.0},{"not_picked":["Conserve Battery","Ball Lightning"],"picked":"Cold Snap","floor":18},{"not_picked":["Turbo","Leap"],"picked":"Fusion+1","floor":20},{"not_picked":["Barrage","Capacitor"],"picked":"Tempest","floor":21}],"player_experience":1379063,"relics_obtained":[{"floor":9.0,"key":"Bottled Flame"},{"floor":22,"key":"Enchiridion"}],"event_choices":[{"damage_healed":0.0,"max_hp_gain":0.0,"max_hp_loss":0.0,"gold_gain":0.0,"event_name":"NoteForYourself","player_choice":"Ignored","floor":3.0,"gold_loss":0.0,"damage_taken":0.0},{"damage_healed":0.0,"max_hp_gain":0.0,"max_hp_loss":0.0,"gold_gain":75.0,"event_name":"World of Goop","player_choice":"Gather Gold","floor":13.0,"gold_loss":0.0,"damage_taken":11.0},{"damage_healed":0,"gold_gain":0,"player_choice":"Obtained Book","damage_taken":16,"max_hp_gain":0,"max_hp_loss":0,"event_name":"Cursed Tome","floor":22,"gold_loss":0}],"is_beta":false,"boss_relics":[{"not_picked":["Velvet Choker","Philosopher\u0027s Stone"],"picked":"Pandora\u0027s Box"}],"items_purged_floors":[5],"is_endless":false,"potions_floor_spawned":[4,12,14,16,20],"killed_by":"Gremlin Leader","ascension_level":4}}