{"host":"vuc61qtciml73ybi","time":1612959416,"event":{"mods":["2.2 Compatiblity","BaseMod","Colored Map","Duelist Mod","Minty Spire (QoL Compilation)","StSLib"],"gold_per_floor":[143,205,205,219,231,266,280,280,280,280,280,280],"floor_reached":11,"language":"DEU","playtime":884,"items_purged":[],"score":98,"play_id":"a02747c4-e123-49a4-af4a-93231fb6698b","local_time":"20210210131656","is_ascension_mode":false,"campfire_choices":[{"data":"theDuelist:MudGolem","floor":10,"key":"SMITH"}],"circlet_count":0,"master_deck":["theDuelist:BeaverWarrior","theDuelist:BeaverWarrior","theDuelist:CastleWalls","theDuelist:CastleWalls","theDuelist:FinalFlame","theDuelist:GiantSoldier","theDuelist:GiantSoldier","theDuelist:ScrapFactory","theDuelist:Sparks","theDuelist:Sparks","theDuelist:MudGolem+1","theDuelist:DeltaMagnet","theDuelist:VendreadCharge","theDuelist:MillenniumGolem","theDuelist:RainbowNeos","theDuelist:VendreadCharge","theDuelist:SummoningCurse","theDuelist:VampireCurse","theDuelist:GravekeeperCurse"],"relics":["theDuelist:MillenniumPuzzle","theDuelist:CardPoolRelic","theDuelist:CardPoolBasicRelic","theDuelist:BoosterPackPoolRelic","theDuelist:CardPoolAddRelic","theDuelist:CardPoolMinusRelic","theDuelist:CardPoolSaveRelic","theDuelist:CardPoolOptionsRelic","White Beast Statue","Letter Opener"],"acts_visited":["Exordium"],"potions_floor_usage":[4],"damage_taken":[{"damage":1,"enemies":"Cultist","floor":1,"turns":4},{"damage":0,"enemies":"Small Slimes","floor":4,"turns":3},{"damage":0,"enemies":"2 Louse","floor":5,"turns":2},{"damage":13,"enemies":"Gremlin Nob","floor":6,"turns":5},{"damage":0,"enemies":"Looter","floor":7,"turns":3},{"damage":0,"enemies":"3 Sentries","floor":11,"turns":2}],"seed_played":"-1336286489892471839","potions_obtained":[{"floor":4,"key":"theDuelist:SealedPackC"},{"floor":7,"key":"theDuelist:BigTributeBottle"}],"is_trial":false,"path_per_floor":["M","?","?","M","M","E","M","?","T","R","E"],"character_chosen":"THE_DUELIST","items_purchased":[],"campfire_rested":0,"item_purchase_floors":[],"current_hp_per_floor":[87,87,87,87,87,74,74,86,86,86,86,86],"gold":280,"neow_bonus":"TEN_PERCENT_HP_BONUS","is_daily":false,"chose_seed":false,"campfire_upgraded":1,"win_rate":0.0,"timestamp":1612959416,"path_taken":["M","?","?","M","M","E","M","?","T","R","E"],"items_purchased_type":[],"build_version":"2020-12-22","purchased_purges":0,"victory":false,"max_hp_per_floor":[88,88,88,88,88,88,88,100,100,100,100,100],"card_choices":[{"not_picked":["theDuelist:DestroyerGolem","theDuelist:Fissure","theDuelist:LightningVortex","theDuelist:FuryFire"],"picked":"theDuelist:MudGolem","floor":1},{"not_picked":["theDuelist:LegendarySword","theDuelist:Predaponics","theDuelist:OnslaughtFireKings","theDuelist:DarkFactory"],"picked":"theDuelist:VendreadCharge","floor":4},{"not_picked":["theDuelist:BigFire","theDuelist:RainbowLife","theDuelist:Terraforming","theDuelist:DokiDoki"],"picked":"theDuelist:MillenniumGolem","floor":5},{"not_picked":["theDuelist:SpellShatteringArrow","theDuelist:PowerKaishin","theDuelist:FluteKuriboh","theDuelist:LegendarySword"],"picked":"theDuelist:RainbowNeos","floor":6},{"not_picked":["theDuelist:BerserkerCrush","theDuelist:DeltaAttacker","theDuelist:AfterGenocide","theDuelist:SevenCompleted"],"picked":"theDuelist:VendreadCharge","floor":7}],"player_experience":9827,"relics_obtained":[{"floor":6,"key":"White Beast Statue"},{"floor":9,"key":"Letter Opener"}],"event_choices":[{"damage_healed":0,"gold_gain":62,"player_choice":"Gained Gold","damage_taken":0,"max_hp_gain":0,"max_hp_loss":0,"event_name":"Golden Wing","floor":2,"gold_loss":0},{"damage_healed":0,"gold_gain":0,"player_choice":"Delta Electro","duelist":true,"damage_taken":0,"max_hp_gain":0,"max_hp_loss":0,"event_name":"Egyptian Village","floor":3,"gold_loss":0,"cards_obtained":["Delta Electromagnet Warrior"]},{"damage_healed":0,"gold_gain":0,"player_choice":"Break - +12 Max HP","duelist":true,"damage_taken":0,"max_hp_gain":0,"max_hp_loss":0,"event_name":"Tomb of the Nameless","floor":8,"gold_loss":0}],"is_beta":false,"boss_relics":[],"items_purged_floors":[],"is_endless":false,"potions_floor_spawned":[4,7],"killed_by":"3 Sentries","ascension_level":0}}