{"host":"mq7pyadb5kndcn8l","time":1612979232,"event":{"mods":["AchievementEnabler","Act Like it!","Arknights","Aspiration","BaseMod","Better Altar","Better Match","Better Note","Better Sensory Stone","Better Skull","Better Third Choice","BetterRewards","Block Reminder","CCEM2","Challenge The Spire","ChefMod","Colored Map","Colored Powertips","Conspire","Displayed Cursed Tome","Dota2Spire","Energized Spire","GifTheSpireLib","Highlight Path","Hubris","Infinite Spire","Mad Scientist","Marked Mod","Mimic Mod","Minty Spire (QoL Compilation)","Permanent Neow","QueenMod","Quick Restart","Random Character Button","Rare Cards Sparkle","Relic Filter","Relic Sorter","Reliquary","Replay The Spire","Reworked Bosses","Shade Mod","Shop Mod","Spicy Shops","Spikes Relics","Spire Arcade","StSLib","Stuff the Spire","SuperFastMode","The Blue Laboratory","Thieving Mod","Trackpad","Transform Curses","Wandering Minibosses"],"gold_per_floor":[118,128,78,97,97,128,128,98,137,162,176,176,101,135,135,232,332,342,448,467,467,484,518,518,518,518,538,538,548,113,127,127,240,240,267,298,298,337,373,373,412,412,412,449,449,516,570,625,625,625,625,625,579,652,652],"floor_reached":56,"language":"ENG","playtime":3309,"items_purged":["Strike_G","Strike_G","Strike_G","Strike_G","StuffTheSpire:BrimstoneBlast","Pain","Defend_G"],"score":1977,"play_id":"b7519711-145d-4f9a-9266-3e776d9c2035","local_time":"20210210124712","is_ascension_mode":true,"campfire_choices":[{"data":"Blur","floor":7.0,"key":"SMITH"},{"data":"Noxious Fumes","floor":12.0,"key":"SMITH"},{"data":"Crippling Poison","floor":15.0,"key":"SMITH"},{"floor":32.0,"key":"REST"},{"data":"Calculated Gamble","floor":40.0,"key":"SMITH"},{"floor":42.0,"key":"REST"},{"floor":49.0,"key":"RECALL"},{"data":"Prepared","floor":52.0,"key":"SMITH"}],"circlet_count":0,"master_deck":["Defend_G","Defend_G","Defend_G","Defend_G+1","Survivor+1","Neutralize+1","Reforge","Deadly Poison","Blur+1","Noxious Fumes+1","Dodge and Roll","Deadly Poison+1","Crippling Poison+1","Corpse Explosion","Backflip","Backflip","ReplayTheSpireMod:Necrosis","Calculated Gamble+1","Escape Plan+1","Prepared+1","Backflip","Catalyst+1"],"relics":["Ring of the Snake","PreservedInsect","MerchantsRug","Incense Burner","conspire:DeflatedDodgeball","StuffTheSpire:BottledEssence","Tiny Chest","StuffTheSpire:RubySignet","CCEMRelics:SpiritsEdge","Torii","Replay:Wanted Poster","energizedSpire:NeverEndingSparkler","conspire:RunicOctahedron","Happy Flower","Orichalcum","reliquary:FeatherDuster","infinitespire:EvilPickle","hubris:RunicObelisk","Dota2Spire:EchoSabre","Tough Bandages","Dota2Spire:Mjollnir","Replay:Mystery Machine"],"acts_visited":["Exordium","TheCity","TheBeyond","TheEnding"],"potions_floor_usage":[],"damage_taken":[{"damage":0.0,"enemies":"Small Slimes","floor":1.0,"turns":3.0},{"damage":0.0,"enemies":"2 Louse","floor":2.0,"turns":2.0},{"damage":0.0,"enemies":"ats:Genji","floor":4.0,"turns":3.0},{"damage":10.0,"enemies":"Lagavulin","floor":6.0,"turns":7.0},{"damage":0.0,"enemies":"Looter","floor":8.0,"turns":4.0},{"damage":4.0,"enemies":"Gremlin Gang","floor":9.0,"turns":8.0},{"damage":1.0,"enemies":"Replay:BlueRogue","floor":10.0,"turns":4.0},{"damage":0.0,"enemies":"Gremlin Gang","floor":11.0,"turns":2.0},{"damage":0.0,"enemies":"Gremlin Nob","floor":14.0,"turns":5.0},{"damage":2.0,"enemies":"Fading Forest","floor":16.0,"turns":11.0},{"damage":0.0,"enemies":"Shell Parasite","floor":18.0,"turns":5.0},{"damage":2.0,"enemies":"Spheric Guardian","floor":20.0,"turns":2.0},{"damage":2.0,"enemies":"Cultist and Chosen","floor":22.0,"turns":4.0},{"damage":0.0,"enemies":"conspire:Head Lice","floor":23.0,"turns":6.0},{"damage":14.0,"enemies":"Shelled Parasite and Fungi","floor":27.0,"turns":5.0},{"damage":3.0,"enemies":"Centurion and Healer","floor":29.0,"turns":6.0},{"damage":1.0,"enemies":"Snake Plant","floor":31.0,"turns":6.0},{"damage":62.0,"enemies":"Pondfish","floor":33.0,"turns":12.0},{"damage":0.0,"enemies":"Orb Walker","floor":35.0,"turns":6.0},{"damage":0.0,"enemies":"3 Shapes","floor":36.0,"turns":4.0},{"damage":0.0,"enemies":"Transient","floor":38.0,"turns":7.0},{"damage":17.0,"enemies":"Transient","floor":39.0,"turns":5.0},{"damage":0.0,"enemies":"Maw","floor":41.0,"turns":7.0},{"damage":0.0,"enemies":"conspire:MimicChest","floor":44.0,"turns":7.0},{"damage":1.0,"enemies":"R_Hoarder","floor":46.0,"turns":6.0},{"damage":0.0,"enemies":"Spire Growth","floor":47.0,"turns":5.0},{"damage":0.0,"enemies":"Jaw Worm Horde","floor":48.0,"turns":3.0},{"damage":40.0,"enemies":"Time Eater","floor":50.0,"turns":14.0},{"damage":0.0,"enemies":"Shield and Spear","floor":54.0,"turns":4.0},{"damage":53,"enemies":"The Heart","floor":55,"turns":8}],"seed_played":"6247231040664598253","potions_obtained":[{"floor":2.0,"key":"blueLaboratory:ArtistsPotion"},{"floor":4.0,"key":"blueLaboratory:Moonshine"},{"floor":10.0,"key":"SkillPotion"},{"floor":16.0,"key":"Swift Potion"},{"floor":31.0,"key":"Dota2Spire:HealingSalve"},{"floor":33.0,"key":"blueLaboratory:BubblePotion"},{"floor":41.0,"key":"blueLaboratory:FruitPunch"},{"floor":46.0,"key":"Poison Potion"},{"floor":54.0,"key":"ThievingMod:ThievingPotion"}],"is_trial":false,"path_per_floor":["M","M","?","M","?","E","R","M","MIM","E","M","R","?","E","R","B",null,"M","?","M","T","M","E","?","AVR","T","M","?","M","$","M","R","B",null,"M","M","?","MIM","M","R","M","R","T","?","?","E","M","M","R","B",null,"R","$","E","B",null],"character_chosen":"THE_SILENT","items_purchased":["PreservedInsect","MerchantsRug","Incense Burner","StuffTheSpire:BrimstoneBlast","War Paint","conspire:DeflatedDodgeball","StuffTheSpire:BottledEssence","StuffTheSpire:BrimstoneBlast","Reforge","reliquary:FeatherDuster","Catalyst+1"],"campfire_rested":2,"item_purchase_floors":[0,0,0,0,0,0,0,0,0,30,53],"current_hp_per_floor":[21,21,21,21,36,26,26,26,22,21,21,21,21,27,27,35,61,61,38,36,36,36,36,36,36,36,24,24,21,21,20,41,3,53,53,53,53,53,36,36,36,57,57,59,59,60,60,60,60,22,60,60,60,60,9],"gold":652,"neow_bonus":"","is_daily":false,"chose_seed":false,"campfire_upgraded":5,"win_rate":0.0,"timestamp":1612979232,"path_taken":["M","M","?","M","?","E","R","M","MIM","E","M","R","?","E","R","BOSS","M","?","?","?","M","E","?","AVR","T","M","?","M","$","M","R","BOSS","M","M","?","?","M","R","M","R","T","?","?","E","M","?","R","BOSS","R","$","E","BOSS"],"items_purchased_type":["Relic","Relic","Relic","Card","Relic","Relic","Relic","Card","Card","Relic","Card"],"build_version":"2020-12-22","purchased_purges":7,"victory":true,"max_hp_per_floor":[70,70,70,70,70,70,70,70,70,70,70,70,70,70,70,70,70,70,70,70,70,70,70,70,70,70,70,70,70,70,70,70,70,70,70,70,70,70,70,70,70,70,70,70,70,72,72,72,72,72,72,72,72,72,72],"card_choices":[{"not_picked":["StuffTheSpire:Injection","Tactician"],"picked":"Deadly Poison","floor":1.0},{"not_picked":["Deflect","Slice"],"picked":"Blur","floor":2.0},{"not_picked":["conspire:DoublingDagger","Dagger Throw","StuffTheSpire:ClusterCrunch"],"picked":"SKIP","floor":4.0},{"not_picked":["Infinite Blades","Terror"],"picked":"Noxious Fumes","floor":6.0},{"not_picked":["Outmaneuver","Flechettes","Slice"],"picked":"SKIP","floor":8.0},{"not_picked":["StuffTheSpire:Fury","Underhanded Strike"],"picked":"Dodge and Roll","floor":10.0},{"not_picked":["Deflect","Heel Hook","Acrobatics"],"picked":"SKIP","floor":11.0},{"not_picked":["Blade Dance","StuffTheSpire:BumpUp"],"picked":"Deadly Poison","floor":13.0},{"not_picked":["Storm of Steel","hubris:TrickCloak"],"picked":"Crippling Poison","floor":14.0},{"not_picked":["Unload","Envenom"],"picked":"Corpse Explosion","floor":16.0},{"not_picked":["Poisoned Stab","Hidden Blade","Bane"],"picked":"SKIP","floor":18.0},{"not_picked":["StuffTheSpire:BumpUp","Endless Agony","Crippling Poison"],"picked":"SKIP","floor":20.0},{"not_picked":["Dodge and Roll","StuffTheSpire:Python+1"],"picked":"Backflip","floor":22.0},{"not_picked":["Storm of Steel","Cloak And Dagger","Flying Knee"],"picked":"SKIP","floor":23.0},{"not_picked":["Expertise","Poisoned Stab","Deadly Poison"],"picked":"SKIP","floor":27.0},{"not_picked":["Distraction","Endless Agony","Slice+1"],"picked":"SKIP","floor":29.0},{"not_picked":["Predator+1","StuffTheSpire:FinalStruggle"],"picked":"Backflip","floor":31.0},{"not_picked":["StuffTheSpire:Injection","Deadly Poison","Quick Slash+1"],"picked":"SKIP","floor":35.0},{"not_picked":["Flying Knee+1","Terror"],"picked":"ReplayTheSpireMod:Necrosis","floor":36.0},{"not_picked":["Replay:Poison Smokescreen+1","Endless Agony+1"],"picked":"Calculated Gamble","floor":39.0},{"not_picked":["Blade Dance","Calculated Gamble+1"],"picked":"Escape Plan+1","floor":41.0},{"not_picked":["Predator","Crippling Poison"],"picked":"Prepared","floor":46.0},{"not_picked":["hubris:SlightOfHand","StuffTheSpire:Injection"],"picked":"Backflip","floor":47.0},{"not_picked":["Sucker Punch","Blade Dance","PiercingWail"],"picked":"SKIP","floor":48.0},{"not_picked":["ReplayTheSpireMod:Scrap Shanks+1","ReplayTheSpireMod:From All Sides","Poisoned Stab+1"],"picked":"SKIP","floor":54.0}],"player_experience":746122,"relics_obtained":[{"floor":6.0,"key":"Tiny Chest"},{"floor":9.0,"key":"StuffTheSpire:RubySignet"},{"floor":10.0,"key":"CCEMRelics:SpiritsEdge"},{"floor":14.0,"key":"Torii"},{"floor":23.0,"key":"Orichalcum"},{"floor":26.0,"key":"Du-Vu Doll"},{"floor":38.0,"key":"Dota2Spire:EchoSabre"},{"floor":43.0,"key":"Whetstone"},{"floor":44.0,"key":"Tough Bandages"},{"floor":46.0,"key":"Dota2Spire:Mjollnir"},{"floor":54.0,"key":"Replay:Mystery Machine"}],"event_choices":[{"cards_removed":["Strike_G"],"damage_healed":0.0,"max_hp_gain":0.0,"max_hp_loss":0.0,"gold_gain":0.0,"event_name":"The Cleric","player_choice":"Card Removal","floor":3.0,"gold_loss":50.0,"damage_taken":0.0},{"damage_healed":0.0,"max_hp_gain":0.0,"max_hp_loss":0.0,"gold_gain":0.0,"event_name":"betterMatch:BetterMatch","player_choice":"1","floor":13.0,"gold_loss":0.0,"damage_taken":0.0,"cards_obtained":["betterMatch:CommonCard","betterMatch:RareCard"]},{"damage_healed":0.0,"max_hp_gain":0.0,"max_hp_loss":0.0,"gold_gain":106.0,"event_name":"betterSkull:BetterSkull","player_choice":"RE GO ","floor":19.0,"gold_loss":0.0,"damage_taken":26.0,"cards_upgraded":[],"relics_obtained":["Happy Flower"]},{"damage_healed":0.0,"max_hp_gain":0.0,"max_hp_loss":0.0,"gold_gain":0.0,"event_name":"Lab","player_choice":"Got Potions","floor":45.0,"gold_loss":0.0,"damage_taken":0.0}],"is_beta":false,"boss_relics":[{"not_picked":["SacredBark","aspiration:RitualDagger"],"picked":"Replay:Grab Bag"},{"not_picked":["hubris:GrandSneckoEye","energizedSpire:EnergizedDie"],"picked":"Replay:Wanted Poster"},{"not_picked":["Cursed Key","energizedSpire:HighHeels"],"picked":"energizedSpire:NeverEndingSparkler"},{"not_picked":["Ring of the Serpent","aspiration:PoetsPen_weak"],"picked":"conspire:RunicOctahedron"},{"not_picked":["Coffee Dripper","hubris:TerracottaHorce"],"picked":"hubris:RunicObelisk"}],"items_purged_floors":[0,0,0,0,25,30,53],"is_endless":false,"potions_floor_spawned":[2,4,10,14,16,20,22,29,31,33,41,44,46,47,48,54],"ascension_level":7}}