{"host":"og21o26alpnbwmz8","time":1612973856,"event":{"mods":["100% Spire Juice","Act Like it!","Aspiration","BaseMod","Conspire","Downfall","Gensokyo","Halation","Hubris","Jedi Mod","Mimic Mod","Minty Spire (QoL Compilation)","Pale of the Ancients","Reliquary","Replay The Spire","Shop Mod","Spikes Relics","StSLib","The Alterego","The Blue Laboratory","The Marked","Waifu the Spire"],"gold_per_floor":[118,118,134,59,59,59,77,77,77],"floor_reached":8,"language":"ENG","playtime":104,"items_purged":["Moonworks:Strike"],"score":46,"play_id":"0edda959-80f8-49ec-ad71-ebcbabfa3a75","local_time":"20210210111736","is_ascension_mode":false,"campfire_choices":[{"data":"Moonworks:x16BigRocket","floor":6,"key":"SMITH"}],"circlet_count":0,"master_deck":["Moonworks:Strike","Moonworks:Strike","Moonworks:Strike","Moonworks:Defend","Moonworks:Defend","Moonworks:Defend","Moonworks:Defend","Moonworks:Ambush","Moonworks:LongDistanceShot","Moonworks:x16BigRocket+1"],"relics":["Moonworks:BrokenBomb","Moonworks:Homemark","NeowsBlessing","conspire:Flyswatter"],"acts_visited":["Exordium"],"potions_floor_usage":[],"damage_taken":[{"damage":0,"enemies":"2 Louse","floor":1,"turns":1},{"damage":0,"enemies":"Cultist","floor":3,"turns":1},{"damage":0,"enemies":"Small Slimes","floor":7,"turns":1},{"damage":18,"enemies":"3 Sentries","floor":8,"turns":3}],"seed_played":"8911202872689077175","potions_obtained":[{"floor":7,"key":"blueLaboratory:Moonshine"}],"is_trial":false,"path_per_floor":["M","?","M","$","?","R","M","E"],"character_chosen":"THE_STARBREAKER","items_purchased":[],"campfire_rested":0,"item_purchase_floors":[],"current_hp_per_floor":[60,60,60,60,57,57,57,39,39],"gold":77,"neow_bonus":"THREE_ENEMY_KILL","is_daily":false,"chose_seed":false,"campfire_upgraded":1,"win_rate":0.0,"timestamp":1612973856,"path_taken":["M","?","?","$","?","R","M","E"],"items_purchased_type":[],"build_version":"2020-12-22","purchased_purges":1,"victory":false,"max_hp_per_floor":[60,60,60,60,60,60,60,60,60],"card_choices":[{"not_picked":["Moonworks:ImOnFire","Moonworks:Assault"],"picked":"Moonworks:x16BigRocket","floor":1},{"not_picked":["Moonworks:MiracleRedBeanIceCream","Moonworks:DeployBits","Moonworks:CompletionReward"],"picked":"SKIP","floor":3},{"not_picked":["Moonworks:CompletionReward","Moonworks:Assault","Moonworks:BigMagnum"],"picked":"SKIP","floor":7}],"player_experience":245891,"relics_obtained":[],"event_choices":[{"damage_healed":0,"gold_gain":0,"player_choice":"Ignored","damage_taken":0,"max_hp_gain":0,"max_hp_loss":0,"event_name":"NoteForYourself","floor":2,"gold_loss":0},{"damage_healed":0,"gold_gain":0,"player_choice":"Success","damage_taken":3,"relics_obtained":["conspire:Flyswatter"],"max_hp_gain":0,"max_hp_loss":0,"event_name":"Scrap Ooze","floor":5,"gold_loss":0}],"is_beta":false,"boss_relics":[],"items_purged_floors":[4],"is_endless":false,"potions_floor_spawned":[7],"killed_by":"3 Sentries","ascension_level":0}}