{"host":"28p8ce41sjwa6lzf","time":1612975057,"event":{"mods":["BaseMod","Bestiary","Colored Map","Colored Powertips","Dark Map","Highlight Path","Minty Spire (QoL Compilation)","Permanent Neow","Quick Restart","Random Character Button","Rare Cards Sparkle","Relic Stats","StSLib","Unceasing Turn Reminder"],"gold_per_floor":[119,130,130,146,157,185,195,221,221,60,70,83,83,125,125,208,208,231,245,260,280,303,303,228,228,255,285,285,7,7,45,45,45,45],"floor_reached":33,"language":"ENG","playtime":2498,"items_purged":[],"score":668,"play_id":"5a7a493e-1afe-4df7-afa4-c9a0e4eccac0","local_time":"20210210103737","is_ascension_mode":true,"campfire_choices":[{"data":"Hemokinesis","floor":13.0,"key":"SMITH"},{"data":"Shrug It Off","floor":15.0,"key":"SMITH"},{"data":"Exhume","floor":23.0,"key":"SMITH"},{"data":"Feed","floor":25.0,"key":"SMITH"},{"floor":28.0,"key":"REST"},{"floor":30.0,"key":"REST"},{"floor":32,"key":"REST"}],"circlet_count":0,"master_deck":["AscendersBane","Strike_R","Strike_R","Strike_R","Strike_R","Defend_R","Defend_R","Defend_R","Defend_R","Bash","Headbutt","Fire Breathing","Double Tap","Thunderclap","Sword Boomerang","Hemokinesis+1","Feed+1","Feed","Shrug It Off+1","Sword Boomerang","Exhume+1","Impervious","Shrug It Off+1","Inflame","True Grit+1"],"relics":["Burning Blood","Toy Ornithopter","Red Skull","Self Forming Clay","White Beast Statue","DollysMirror","CeramicFish","SacredBark","Lizard Tail","Potion Belt","Regal Pillow"],"acts_visited":["Exordium","TheCity"],"potions_floor_usage":[31,31,31,33],"damage_taken":[{"damage":9.0,"enemies":"Jaw Worm","floor":1.0,"turns":5.0},{"damage":0.0,"enemies":"2 Louse","floor":2.0,"turns":4.0},{"damage":3.0,"enemies":"Small Slimes","floor":4.0,"turns":4.0},{"damage":9.0,"enemies":"2 Fungi Beasts","floor":5.0,"turns":2.0},{"damage":11.0,"enemies":"Gremlin Nob","floor":6.0,"turns":3.0},{"damage":13.0,"enemies":"Red Slaver","floor":7.0,"turns":4.0},{"damage":32.0,"enemies":"3 Sentries","floor":8.0,"turns":6.0},{"damage":8.0,"enemies":"Large Slime","floor":11.0,"turns":7.0},{"damage":10.0,"enemies":"2 Fungi Beasts","floor":12.0,"turns":3.0},{"damage":24.0,"enemies":"Lagavulin","floor":14.0,"turns":5.0},{"damage":42.0,"enemies":"The Guardian","floor":16.0,"turns":10.0},{"damage":12.0,"enemies":"2 Thieves","floor":18.0,"turns":4.0},{"damage":29.0,"enemies":"Chosen","floor":19.0,"turns":6.0},{"damage":11.0,"enemies":"3 Cultists","floor":20.0,"turns":4.0},{"damage":38.0,"enemies":"Cultist and Chosen","floor":21.0,"turns":9.0},{"damage":24.0,"enemies":"Sentry and Sphere","floor":22.0,"turns":4.0},{"damage":52.0,"enemies":"Book of Stabbing","floor":27.0,"turns":5.0},{"damage":24,"enemies":"Gremlin Leader","floor":31,"turns":4},{"damage":222,"enemies":"Collector","floor":33,"turns":13}],"seed_played":"-8393613602694098231","potions_obtained":[{"floor":1.0,"key":"Explosive Potion"},{"floor":5.0,"key":"DuplicationPotion"},{"floor":6.0,"key":"ColorlessPotion"},{"floor":7.0,"key":"SkillPotion"},{"floor":11.0,"key":"LiquidMemories"},{"floor":12.0,"key":"Explosive Potion"},{"floor":14.0,"key":"Explosive Potion"},{"floor":16.0,"key":"Fire Potion"},{"floor":18.0,"key":"Strength Potion"},{"floor":19.0,"key":"PowerPotion"},{"floor":20.0,"key":"Weak Potion"},{"floor":21.0,"key":"ColorlessPotion"},{"floor":22.0,"key":"Ancient Potion"},{"floor":27.0,"key":"Energy Potion"},{"floor":31,"key":"GamblersBrew"}],"is_trial":false,"path_per_floor":["M","M","?","M","M","E","M","E","T","$","M","M","R","E","R","B",null,"M","M","M","M","M","R","?","R","T","E","R","$","R","E","R","B"],"character_chosen":"IRONCLAD","items_purchased":["DollysMirror","Potion Belt","ColorlessPotion","BlessingOfTheForge"],"campfire_rested":3,"item_purchase_floors":[10,29,29,29],"current_hp_per_floor":[65,71,76,79,77,75,68,52,52,52,56,58,58,48,48,20,79,89,69,83,59,52,52,52,52,52,11,48,48,85,82,125,0,0],"gold":45,"neow_bonus":"RANDOM_COMMON_RELIC","is_daily":false,"chose_seed":false,"campfire_upgraded":4,"win_rate":0.0,"timestamp":1612975057,"path_taken":["M","M","?","M","M","E","M","E","T","$","M","M","R","E","R","BOSS","M","M","M","M","M","R","?","R","T","E","R","$","R","E","R","BOSS"],"items_purchased_type":["Relic","Relic","Potion","Potion"],"build_version":"2020-12-22","purchased_purges":0,"victory":false,"max_hp_per_floor":[75,75,80,80,80,80,80,80,80,80,86,92,92,95,95,98,98,104,107,116,119,125,125,125,125,125,125,125,125,125,125,125,125,125],"relic_stats":{"Lizard Tail":62,"Regal Pillow":6,"counters":[19,102],"Self Forming Clay":[192],"CeramicFish":45,"obtain_stats":[{"Potion Belt":29,"Lizard Tail":27,"Regal Pillow":31,"Self Forming Clay":8,"DollysMirror":10,"CeramicFish":14,"SacredBark":17,"Burning Blood":0,"Toy Ornithopter":0,"Red Skull":6,"White Beast Statue":9},{"Potion Belt":17,"Lizard Tail":17,"Regal Pillow":18,"Self Forming Clay":7,"DollysMirror":7,"CeramicFish":10,"SacredBark":11,"Burning Blood":0,"Toy Ornithopter":0,"Red Skull":5,"White Beast Statue":7},{"Potion Belt":85,"Lizard Tail":85,"Regal Pillow":89,"Self Forming Clay":28,"DollysMirror":28,"CeramicFish":43,"SacredBark":53,"Burning Blood":0,"Toy Ornithopter":0,"Red Skull":18,"White Beast Statue":28}],"Burning Blood":108,"Toy Ornithopter":79},"card_choices":[{"not_picked":["Evolve","Havoc"],"picked":"Headbutt","floor":1.0},{"not_picked":["Shockwave","Clothesline"],"picked":"Fire Breathing","floor":2.0},{"not_picked":["Perfected Strike","Intimidate"],"picked":"Double Tap","floor":4.0},{"not_picked":["Flex","Clash"],"picked":"Thunderclap","floor":5.0},{"not_picked":["Seeing Red","Cleave"],"picked":"Sword Boomerang","floor":6.0},{"not_picked":["Entrench","Body Slam"],"picked":"Hemokinesis","floor":7.0},{"not_picked":["Cleave","Brutality"],"picked":"Feed","floor":8.0},{"not_picked":["Anger","Sword Boomerang"],"picked":"Shrug It Off","floor":11.0},{"not_picked":["Twin Strike","True Grit"],"picked":"Sword Boomerang","floor":12.0},{"not_picked":["Ghostly Armor","True Grit"],"picked":"Exhume","floor":14.0},{"not_picked":["Fiend Fire","Offering"],"picked":"Impervious","floor":16.0},{"not_picked":["Reckless Charge","Headbutt"],"picked":"Shrug It Off+1","floor":18.0},{"not_picked":["Cleave","Pommel Strike","Sword Boomerang"],"picked":"SKIP","floor":19.0},{"not_picked":["Headbutt","Anger","Barricade"],"picked":"SKIP","floor":20.0},{"not_picked":["Warcry","Perfected Strike","Clothesline"],"picked":"SKIP","floor":21.0},{"not_picked":["Feel No Pain","Ghostly Armor"],"picked":"Inflame","floor":22.0},{"not_picked":["Thunderclap","Entrench","Sentinel"],"picked":"SKIP","floor":27.0},{"not_picked":["Body Slam","Pummel"],"picked":"True Grit+1","floor":31}],"player_experience":1018440,"relics_obtained":[{"floor":6.0,"key":"Red Skull"},{"floor":8.0,"key":"Self Forming Clay"},{"floor":9.0,"key":"White Beast Statue"},{"floor":14.0,"key":"CeramicFish"},{"floor":27.0,"key":"Lizard Tail"},{"floor":31,"key":"Regal Pillow"}],"event_choices":[{"damage_healed":0.0,"max_hp_gain":5.0,"max_hp_loss":0.0,"gold_gain":0.0,"event_name":"Big Fish","player_choice":"Donut","floor":3.0,"gold_loss":0.0,"damage_taken":0.0},{"cards_removed":["Strike_R"],"damage_healed":0.0,"max_hp_gain":0.0,"max_hp_loss":0.0,"gold_gain":0.0,"event_name":"Beggar","player_choice":"Gave Gold","floor":24.0,"gold_loss":75.0,"damage_taken":0.0}],"is_beta":false,"boss_relics":[{"not_picked":["Mark of Pain","Calling Bell"],"picked":"SacredBark"}],"items_purged_floors":[],"is_endless":false,"potions_floor_spawned":[1,5,6,7,11,12,14,16,18,19,20,21,22,27,31],"killed_by":"Collector","ascension_level":20}}