{"host":"prxrhpgaxnj4om9r","time":1612933710,"event":{"mods":["AchievementEnabler","BaseMod","DeckTracker","Keyboard Shortcuts","Minty Spire (QoL Compilation)"],"gold_per_floor":[113,131,206,206,306,336,336,380,380,141,185,185,185,203,203,301,301,339,379,579,494,494,494,547,566,566,22,22,22,82,101,101,205,205,265,265,4,47,0,0,0,50,50,110,110,110,110,151,151,151,151],"floor_reached":50,"language":"KOR","playtime":2470,"items_purged":[],"score":511,"play_id":"8958bec5-a12c-468b-a81f-be8adf5b8236","local_time":"20210210140830","is_ascension_mode":false,"campfire_choices":[{"floor":7,"key":"REST"},{"floor":13,"key":"RECALL"},{"floor":15,"key":"REST"},{"floor":23,"key":"REST"},{"floor":29,"key":"REST"},{"floor":32,"key":"REST"},{"floor":40,"key":"REST"},{"floor":46,"key":"REST"},{"floor":49,"key":"REST"}],"circlet_count":0,"master_deck":["Strike_P","Strike_P","Strike_P","Strike_P","Defend_P","Defend_P","Defend_P","Defend_P","Eruption","Vigilance","Halt","Evaluate","Wish","JustLucky","BowlingBash","FlurryOfBlows","Brilliance","Protect+1","Wish","FollowUp+1","Prostrate+1","Dramatic Entrance+1","FlyingSleeves+1","ForeignInfluence","DeusExMachina","Indignation+1","Madness","Madness","Consecrate+1","Prostrate+1","ReachHeaven+1","Perseverance","Prostrate+1"],"relics":["PureWater","Juzu Bracelet","TeardropLocket","Shuriken","Yang","Art of War","Fusion Hammer","Toy Ornithopter","Turnip","Molten Egg 2","Oddly Smooth Stone","SlaversCollar","Mummified Hand","Red Mask","Torii","Ice Cream","Pen Nib"],"acts_visited":["Exordium","TheCity","TheBeyond"],"potions_floor_usage":[6,6,6,11,16,24,24,30,33,33,44],"damage_taken":[{"damage":0,"enemies":"2 Louse","floor":1,"turns":2},{"damage":7,"enemies":"Jaw Worm","floor":2,"turns":4},{"damage":52,"enemies":"3 Sentries","floor":6,"turns":16},{"damage":0,"enemies":"Cultist","floor":8,"turns":3},{"damage":4,"enemies":"Gremlin Gang","floor":11,"turns":5},{"damage":0,"enemies":"Blue Slaver","floor":14,"turns":2},{"damage":10,"enemies":"Hexaghost","floor":16,"turns":7},{"damage":0,"enemies":"Chosen","floor":18,"turns":3},{"damage":4,"enemies":"Shell Parasite","floor":19,"turns":5},{"damage":54,"enemies":"Book of Stabbing","floor":24,"turns":8},{"damage":12,"enemies":"Snake Plant","floor":25,"turns":5},{"damage":4,"enemies":"Centurion and Healer","floor":30,"turns":5},{"damage":0,"enemies":"Cultist and Chosen","floor":31,"turns":5},{"damage":32,"enemies":"Champ","floor":33,"turns":10},{"damage":8,"enemies":"3 Shapes","floor":35,"turns":5},{"damage":0,"enemies":"Orb Walker","floor":38,"turns":3},{"damage":0,"enemies":"Mind Bloom Boss Battle","floor":42,"turns":4},{"damage":91,"enemies":"Nemesis","floor":44,"turns":7},{"damage":39,"enemies":"4 Shapes","floor":48,"turns":2},{"damage":27,"enemies":"Donu and Deca","floor":50,"turns":4}],"seed_played":"-4978126438639944601","potions_obtained":[{"floor":2,"key":"EntropicBrew"},{"floor":4,"key":"FairyPotion"},{"floor":4,"key":"Block Potion"},{"floor":6,"key":"SteroidPotion"},{"floor":11,"key":"SpeedPotion"},{"floor":14,"key":"AttackPotion"},{"floor":16,"key":"BottledMiracle"},{"floor":30,"key":"LiquidBronze"},{"floor":31,"key":"GamblersBrew"},{"floor":35,"key":"SmokeBomb"},{"floor":38,"key":"Weak Potion"}],"is_trial":false,"path_per_floor":["M","M","?","?","?","E","R","M","T","$","M","?","R","M","R","B",null,"M","M","?","?","?","R","E","M","T","$","?","R","M","M","R","B",null,"M","?","$","M","?","R","?","?","T","E","?","R","?","M","R","B"],"character_chosen":"WATCHER","items_purchased":["Yang","Molten Egg 2","Oddly Smooth Stone","Dramatic Entrance+1","SkillPotion","Mummified Hand"],"campfire_rested":8,"item_purchase_floors":[10,27,27,27,27,37],"current_hp_per_floor":[72,65,54,54,54,2,23,23,23,23,19,19,19,19,40,30,72,72,68,68,68,68,72,26,14,14,14,14,35,36,36,57,35,72,64,55,55,55,55,72,72,72,72,21,21,42,42,3,24,0,0],"gold":151,"neow_bonus":"RANDOM_COMMON_RELIC","is_daily":false,"chose_seed":false,"campfire_upgraded":0,"win_rate":0.0,"timestamp":1612933710,"path_taken":["M","M","?","?","?","E","R","M","T","$","M","?","R","M","R","BOSS","M","M","?","?","?","R","E","M","T","$","?","R","M","M","R","BOSS","M","?","$","M","?","R","?","?","T","E","?","R","?","M","R","BOSS"],"items_purchased_type":["Relic","Relic","Relic","Card","Potion","Relic"],"build_version":"2020-12-22","purchased_purges":0,"victory":false,"max_hp_per_floor":[72,72,72,72,72,72,72,72,72,72,72,72,72,72,72,72,72,72,72,72,72,72,72,72,72,72,72,72,72,72,72,72,72,72,72,72,72,72,72,72,72,72,72,72,72,72,72,72,72,72,72],"card_choices":[{"not_picked":["PathToVictory","EmptyBody"],"picked":"Halt","floor":1},{"not_picked":["Protect","EmptyFist"],"picked":"Evaluate","floor":2},{"not_picked":["SashWhip","EmptyBody"],"picked":"Wish","floor":6},{"not_picked":["Halt","EmptyMind"],"picked":"JustLucky","floor":8},{"not_picked":["Study","ThirdEye"],"picked":"BowlingBash","floor":11},{"not_picked":["Meditate","BowlingBash"],"picked":"FlurryOfBlows","floor":14},{"not_picked":["Establishment","Alpha"],"picked":"Brilliance","floor":16},{"not_picked":["EmptyFist","Wireheading"],"picked":"Protect+1","floor":18},{"not_picked":["CrushJoints","FlurryOfBlows"],"picked":"Wish","floor":19},{"not_picked":["JustLucky","Wireheading+1"],"picked":"FollowUp+1","floor":24},{"not_picked":["PathToVictory+1","EmptyFist"],"picked":"Prostrate+1","floor":25},{"not_picked":["Consecrate+1","ClearTheMind"],"picked":"FlyingSleeves+1","floor":30},{"not_picked":["Establishment","Crescendo"],"picked":"ForeignInfluence","floor":31},{"not_picked":["Omniscience","Wish"],"picked":"DeusExMachina","floor":33},{"not_picked":["WindmillStrike+1","DeceiveReality+1"],"picked":"Indignation+1","floor":35},{"not_picked":["WreathOfFlame","Worship"],"picked":"Consecrate+1","floor":38},{"not_picked":["FlurryOfBlows+1","Evaluate"],"picked":"ReachHeaven+1","floor":42},{"not_picked":["Halt+1","Study+1"],"picked":"Perseverance","floor":44},{"not_picked":["Study","JustLucky+1"],"picked":"Prostrate+1","floor":48}],"player_experience":353007,"relics_obtained":[{"floor":6,"key":"TeardropLocket"},{"floor":9,"key":"Shuriken"},{"floor":24,"key":"Turnip"},{"floor":42,"key":"Torii"},{"floor":43,"key":"Ice Cream"},{"floor":44,"key":"Pen Nib"}],"event_choices":[{"damage_healed":0,"gold_gain":75,"player_choice":"Gather Gold","damage_taken":11,"max_hp_gain":0,"max_hp_loss":0,"event_name":"World of Goop","floor":3,"gold_loss":0},{"damage_healed":0,"gold_gain":0,"player_choice":"Got Potions","damage_taken":0,"max_hp_gain":0,"max_hp_loss":0,"event_name":"Lab","floor":4,"gold_loss":0},{"damage_healed":0,"gold_gain":100,"player_choice":"Gold","damage_taken":0,"max_hp_gain":0,"max_hp_loss":0,"event_name":"Wheel of Change","floor":5,"gold_loss":0},{"damage_healed":0,"gold_gain":0,"player_choice":"Searched \u00271\u0027 times","damage_taken":0,"relics_obtained":["Art of War"],"max_hp_gain":0,"max_hp_loss":0,"event_name":"Dead Adventurer","floor":12,"gold_loss":0},{"damage_healed":0,"gold_gain":200,"player_choice":"Gold","damage_taken":0,"max_hp_gain":0,"max_hp_loss":0,"event_name":"Wheel of Change","floor":20,"gold_loss":0},{"damage_healed":0,"gold_gain":0,"player_choice":"Obtained Relic","damage_taken":0,"relics_obtained":["Toy Ornithopter"],"max_hp_gain":0,"max_hp_loss":0,"event_name":"Addict","floor":21,"gold_loss":85},{"damage_healed":0,"gold_gain":0,"player_choice":"Ignored","damage_taken":0,"max_hp_gain":0,"max_hp_loss":0,"event_name":"NoteForYourself","floor":22,"gold_loss":0},{"damage_healed":0,"gold_gain":0,"player_choice":"Ignored","damage_taken":0,"max_hp_gain":0,"max_hp_loss":0,"event_name":"Ghosts","floor":28,"gold_loss":0},{"damage_healed":0,"gold_gain":0,"player_choice":"Embrace Madness","damage_taken":9,"max_hp_gain":0,"max_hp_loss":0,"event_name":"Winding Halls","floor":36,"gold_loss":0,"cards_obtained":["Madness","Madness"]},{"damage_healed":0,"gold_gain":0,"player_choice":"Paid","damage_taken":0,"relics_obtained":["Red Mask"],"max_hp_gain":0,"max_hp_loss":0,"event_name":"Tomb of Lord Red Mask","floor":39,"gold_loss":47},{"damage_healed":0,"gold_gain":0,"player_choice":"Copied","damage_taken":0,"max_hp_gain":0,"max_hp_loss":0,"event_name":"Duplicator","floor":41,"gold_loss":0,"cards_obtained":["Prostrate"]},{"damage_healed":0,"gold_gain":0,"player_choice":"Fight","damage_taken":0,"max_hp_gain":0,"max_hp_loss":0,"event_name":"MindBloom","floor":42,"gold_loss":0},{"damage_healed":0,"gold_gain":0,"player_choice":"Ignored","damage_taken":0,"max_hp_gain":0,"max_hp_loss":0,"event_name":"Mysterious Sphere","floor":45,"gold_loss":0},{"damage_healed":0,"gold_gain":0,"player_choice":"Ignored","damage_taken":0,"max_hp_gain":0,"max_hp_loss":0,"event_name":"SecretPortal","floor":47,"gold_loss":0}],"is_beta":false,"boss_relics":[{"not_picked":["VioletLotus","Velvet Choker"],"picked":"Fusion Hammer"},{"not_picked":["Sozu","HolyWater"],"picked":"SlaversCollar"}],"items_purged_floors":[],"is_endless":false,"potions_floor_spawned":[2,6,11,14,16,18,30,31,35,38],"killed_by":"Donu and Deca","ascension_level":0}}