{"host":"2wp95sdfrgw3k439","time":1612916377,"event":{"mods":["BaseMod","Better Altar","Better Skull","Better Third Choice","Curses Come First","Minty Spire (QoL Compilation)","Permanent Neow","StSLib"],"gold_per_floor":[109,109,122,140,140,140,151,163,189,227,239,31,47,109,109,209,209,229,144,158,170,170,170],"floor_reached":22,"language":"ENG","playtime":758,"items_purged":["Burn"],"score":273,"play_id":"cc5ea387-07c6-4b5a-979a-bb69e9468404","local_time":"20210209171937","is_ascension_mode":true,"campfire_choices":[{"data":"Reboot","floor":6,"key":"SMITH"},{"floor":15,"key":"REST"}],"circlet_count":0,"master_deck":["Strike_B","Strike_B","Defend_B","Defend_B","Defend_B","Defend_B","Zap","Dualcast","White Noise+1","Reboot+1","BootSequence","Beam Cell","Leap","Sweeping Beam","Static Discharge","Lockon","Buffer","Go for the Eyes+1","Stack+1"],"relics":["Cracked Core","MawBank","Regal Pillow","DataDisk","Anchor","Sozu","Eternal Feather"],"acts_visited":["Exordium","TheCity"],"potions_floor_usage":[14],"damage_taken":[{"damage":0,"enemies":"2 Louse","floor":1,"turns":3},{"damage":0,"enemies":"Small Slimes","floor":3,"turns":3},{"damage":2,"enemies":"Jaw Worm","floor":4,"turns":3},{"damage":4,"enemies":"Blue Slaver","floor":7,"turns":3},{"damage":0,"enemies":"3 Louse","floor":8,"turns":3},{"damage":16,"enemies":"Lagavulin","floor":10,"turns":8},{"damage":4,"enemies":"Red Slaver","floor":13,"turns":3},{"damage":30,"enemies":"Gremlin Nob","floor":14,"turns":4},{"damage":37,"enemies":"Slime Boss","floor":16,"turns":10},{"damage":22,"enemies":"Spheric Guardian","floor":18,"turns":4},{"damage":13,"enemies":"2 Thieves","floor":20,"turns":4},{"damage":7,"enemies":"Snecko","floor":21,"turns":4},{"damage":21,"enemies":"Centurion and Healer","floor":22,"turns":2}],"seed_played":"-8054651564076582355","potions_obtained":[{"floor":1,"key":"SpeedPotion"},{"floor":7,"key":"LiquidBronze"},{"floor":8,"key":"PotionOfCapacity"}],"is_trial":false,"path_per_floor":["M","?","M","M","?","R","M","M","T","E","?","$","M","?","R","B",null,"M","?","M","M","M"],"character_chosen":"DEFECT","items_purchased":["DataDisk"],"campfire_rested":1,"item_purchase_floors":[12],"current_hp_per_floor":[50,50,50,48,48,48,44,44,44,28,53,53,49,19,56,19,61,39,39,26,19,0,0],"gold":170,"neow_bonus":"TRANSFORM_TWO_CARDS","is_daily":false,"chose_seed":false,"campfire_upgraded":1,"win_rate":0.0,"timestamp":1612916377,"path_taken":["M","?","M","M","?","R","M","M","T","E","?","?","?","?","R","BOSS","M","?","M","M","M"],"items_purchased_type":["Relic"],"build_version":"2020-12-22","purchased_purges":1,"victory":false,"max_hp_per_floor":[75,75,75,75,75,75,75,75,75,75,75,75,75,75,75,75,75,75,75,75,75,75,75],"card_choices":[{"not_picked":["Hello World","Stack"],"picked":"BootSequence","floor":1},{"not_picked":["Undo","Coolheaded"],"picked":"Beam Cell","floor":3},{"not_picked":["Heatsinks","BootSequence"],"picked":"Leap","floor":4},{"not_picked":["Redo","Compile Driver","Hologram"],"picked":"SKIP","floor":7},{"not_picked":["Redo","Compile Driver","Hologram"],"picked":"SKIP","floor":7},{"not_picked":["Go for the Eyes","Coolheaded"],"picked":"Sweeping Beam","floor":8},{"not_picked":["Stack","Beam Cell"],"picked":"Static Discharge","floor":10},{"not_picked":["Beam Cell","Barrage","Rebound"],"picked":"SKIP","floor":13},{"not_picked":["Cold Snap","Ball Lightning"],"picked":"Lockon","floor":14},{"not_picked":["Hyperbeam","Echo Form"],"picked":"Buffer","floor":16},{"not_picked":["Redo","Leap","Streamline"],"picked":"SKIP","floor":18},{"not_picked":["Skim","Ball Lightning"],"picked":"Go for the Eyes+1","floor":20},{"not_picked":["Skim","Doom and Gloom"],"picked":"Stack+1","floor":21}],"player_experience":571417,"relics_obtained":[{"floor":9,"key":"MawBank"},{"floor":10,"key":"Regal Pillow"},{"floor":14,"key":"Anchor"}],"event_choices":[{"damage_healed":0,"gold_gain":0,"player_choice":"Grow","damage_taken":0,"max_hp_gain":0,"max_hp_loss":0,"event_name":"Living Wall","floor":2,"gold_loss":0,"cards_upgraded":["White Noise"]},{"damage_healed":48,"gold_gain":0,"player_choice":"Embrace Burn","damage_taken":0,"max_hp_gain":0,"max_hp_loss":75,"event_name":"betterThird:BetterShining","floor":5,"gold_loss":0},{"damage_healed":25,"gold_gain":0,"player_choice":"Banana","damage_taken":0,"max_hp_gain":0,"max_hp_loss":0,"event_name":"Big Fish","floor":11,"gold_loss":0},{"damage_healed":0,"gold_gain":30,"player_choice":"Searched \u00273\u0027 times","damage_taken":0,"max_hp_gain":0,"max_hp_loss":0,"event_name":"Dead Adventurer","floor":14,"gold_loss":0},{"damage_healed":0,"gold_gain":0,"player_choice":"Obtained Relic","damage_taken":0,"relics_obtained":["Eternal Feather"],"max_hp_gain":0,"max_hp_loss":0,"event_name":"Addict","floor":19,"gold_loss":85}],"is_beta":false,"boss_relics":[{"not_picked":["Runic Pyramid","FrozenCore"],"picked":"Sozu"}],"items_purged_floors":[12],"is_endless":false,"potions_floor_spawned":[1,7,8],"killed_by":"Centurion and Healer","ascension_level":9}}