{"host":"c4wbe3youf5363qr","time":1612939961,"event":{"mods":["Act Like it!","BaseMod","Bestiary","Curses Come First","DeckTracker","Energized Spire","Minty Spire (QoL Compilation)","Relic Stats","Reliquary","StSLib","The Marked"],"gold_per_floor":[116,191,191,191,203,203,213,213,213,227,255,269,289,303,303,404,404,415,48,68,68,68],"floor_reached":21,"language":"ENG","playtime":1084,"items_purged":[],"score":183,"play_id":"0fff83b4-9db2-43c9-94b2-e38d774dfb15","local_time":"20210209225241","is_ascension_mode":false,"campfire_choices":[{"data":"theMarked:Polarize","floor":6.0,"key":"SMITH"},{"data":"theMarked:ResourceFulStrike","floor":8.0,"key":"SMITH"},{"floor":15.0,"key":"REST"}],"circlet_count":0,"master_deck":["theMarked:Strike","theMarked:Strike","theMarked:Strike","theMarked:Strike","theMarked:Strike","theMarked:Defend","theMarked:Defend","theMarked:Defend","theMarked:Defend","theMarked:SoldierOfQuellstein+1","theMarked:Memento","theMarked:Polarize+1","theMarked:ResourceFulStrike+1","theMarked:Standoff","theMarked:Aftermath","theMarked:Improvise","theMarked:WardOff","theMarked:TakeOffHeels","theMarked:EmpowerWeapon+1","theMarked:MysticalArsenal","theMarked:SuspiciousRaven","theMarked:Determination"],"relics":["theMarked:ArtifactOfAir","reliquary:IridiumChain","Lantern","reliquary:WritOfMandamus","Vajra"],"acts_visited":["Exordium","TheCity"],"potions_floor_usage":[],"damage_taken":[{"damage":0.0,"enemies":"Small Slimes","floor":1.0,"turns":3.0},{"damage":0.0,"enemies":"2 Louse","floor":5.0,"turns":2.0},{"damage":0.0,"enemies":"Cultist","floor":7.0,"turns":3.0},{"damage":2.0,"enemies":"2 Fungi Beasts","floor":10.0,"turns":3.0},{"damage":17.0,"enemies":"3 Sentries","floor":11.0,"turns":8.0},{"damage":0.0,"enemies":"3 Louse","floor":12.0,"turns":2.0},{"damage":8.0,"enemies":"Exordium Wildlife","floor":13.0,"turns":3.0},{"damage":2.0,"enemies":"Gremlin Gang","floor":14.0,"turns":3.0},{"damage":46.0,"enemies":"Hexaghost","floor":16.0,"turns":15.0},{"damage":10.0,"enemies":"Chosen","floor":18.0,"turns":4.0},{"damage":23.0,"enemies":"2 Thieves","floor":20.0,"turns":4.0},{"damage":0,"enemies":"Cultist and Chosen","floor":21,"turns":1}],"seed_played":"-5002252217548834956","potions_obtained":[{"floor":1.0,"key":"Explosive Potion"},{"floor":11.0,"key":"theMarked:SummonPotion"},{"floor":13.0,"key":"PowerPotion"},{"floor":14.0,"key":"Fire Potion"},{"floor":20,"key":"FearPotion"}],"is_trial":false,"path_per_floor":["M","?","?","?","M","R","M","R","T","M","E","M","M","M","R","B",null,"M","$","M","M"],"character_chosen":"THE_DEFAULT","items_purchased":["theMarked:MysticalArsenal","theMarked:SuspiciousRaven","Vajra"],"campfire_rested":1,"item_purchase_floors":[19,19,19],"current_hp_per_floor":[70,59,59,59,59,59,59,59,59,57,40,40,32,30,51,5,70,60,60,37,37,37],"gold":68,"neow_bonus":"UPGRADE_CARD","is_daily":false,"chose_seed":false,"campfire_upgraded":2,"win_rate":0.0,"timestamp":1612939961,"path_taken":["M","?","?","?","M","R","M","R","T","M","E","M","M","?","R","BOSS","M","$","M","M"],"items_purchased_type":["Card","Card","Relic"],"build_version":"2020-12-22","purchased_purges":0,"victory":false,"max_hp_per_floor":[70,70,70,70,70,70,70,70,70,70,70,70,70,70,70,70,70,70,70,70,70,70],"relic_stats":{"counters":[12,50],"obtain_stats":[{"theMarked:ArtifactOfAir":0,"Lantern":11,"Vajra":19,"reliquary:WritOfMandamus":17,"reliquary:IridiumChain":9},{"theMarked:ArtifactOfAir":0,"Lantern":5,"Vajra":10,"reliquary:WritOfMandamus":9,"reliquary:IridiumChain":3},{"theMarked:ArtifactOfAir":0,"Lantern":19,"Vajra":46,"reliquary:WritOfMandamus":42,"reliquary:IridiumChain":8}]},"card_choices":[{"not_picked":["theMarked:ResourceFulStrike","theMarked:BanishingStrike"],"picked":"theMarked:Memento","floor":1.0},{"not_picked":["theMarked:ResourceFulStrike","theMarked:Memento"],"picked":"theMarked:Polarize","floor":5.0},{"not_picked":["theMarked:WastefulAttack","theMarked:Convert"],"picked":"theMarked:ResourceFulStrike","floor":7.0},{"not_picked":["theMarked:RogueSparks","theMarked:WastefulAttack"],"picked":"theMarked:Standoff","floor":10.0},{"not_picked":["theMarked:FavorableWinds","theMarked:TheMission"],"picked":"theMarked:Aftermath","floor":11.0},{"not_picked":["theMarked:WastefulAttack","theMarked:Memento"],"picked":"theMarked:Improvise","floor":12.0},{"not_picked":["theMarked:Reabsorb","theMarked:Friction"],"picked":"theMarked:WardOff","floor":13.0},{"not_picked":["theMarked:WardOff","theMarked:TunnelVision","theMarked:HeightenedSenses"],"picked":"SKIP","floor":14.0},{"not_picked":["theMarked:Snap","theMarked:Toughness"],"picked":"theMarked:TakeOffHeels","floor":16.0},{"not_picked":["theMarked:Parkour","theMarked:Memento"],"picked":"theMarked:EmpowerWeapon+1","floor":18.0},{"not_picked":["theMarked:Parry","theMarked:Polarize+1"],"picked":"theMarked:Determination","floor":20}],"player_experience":328302,"relics_obtained":[{"floor":9.0,"key":"reliquary:IridiumChain"},{"floor":11.0,"key":"Lantern"}],"event_choices":[{"damage_healed":0.0,"max_hp_gain":0.0,"max_hp_loss":0.0,"gold_gain":75.0,"event_name":"World of Goop","player_choice":"Gather Gold","floor":2.0,"gold_loss":0.0,"damage_taken":11.0},{"damage_healed":0.0,"max_hp_gain":0.0,"max_hp_loss":0.0,"gold_gain":0.0,"event_name":"The Cleric","player_choice":"Leave","floor":3.0,"gold_loss":0.0,"damage_taken":0.0},{"damage_healed":0.0,"max_hp_gain":0.0,"max_hp_loss":0.0,"gold_gain":0.0,"event_name":"NoteForYourself","player_choice":"Ignored","floor":4.0,"gold_loss":0.0,"damage_taken":0.0}],"is_beta":false,"boss_relics":[{"not_picked":["Busted Crown","SlaversCollar"],"picked":"reliquary:WritOfMandamus"}],"items_purged_floors":[],"is_endless":false,"potions_floor_spawned":[1,11,13,14,20],"killed_by":"Cultist and Chosen","ascension_level":0}}