{"host":"7cp3z5w0tcrrm8ys","time":1612924248,"event":{"mods":["AchievementEnabler","BaseMod","DeckTracker","Minty Spire (QoL Compilation)","StSLib","SuperFastMode"],"gold_per_floor":[20,33,33,33,46,11,11,23,47,94,94,124,135,135,135,208,208,223,138,63,80,92,92,104,118,118,118,132,132,132,132],"floor_reached":30,"language":"KOR","playtime":623,"items_purged":[],"score":689,"play_id":"a44c7cc5-719b-404a-a119-1fccab484da9","local_time":"20210210113048","is_ascension_mode":true,"campfire_choices":[{"data":"Carnage","floor":7,"key":"SMITH"},{"data":"Seeing Red","floor":11,"key":"SMITH"},{"data":"Feed","floor":15,"key":"SMITH"},{"data":"Battle Trance","floor":23,"key":"SMITH"},{"data":"Shrug It Off","floor":27,"key":"SMITH"},{"floor":29,"key":"REST"}],"circlet_count":0,"master_deck":["AscendersBane","Strike_R","Strike_R","Defend_R","Defend_R","Defend_R","Defend_R","Bash","Carnage+1","Battle Trance+1","Infernal Blade","Seeing Red+1","Feed+1","Exhume","Whirlwind+1","Shrug It Off+1","Clothesline+1","Shrug It Off"],"relics":["Burning Blood","Red Skull","Potion Belt","Pen Nib","WarpedTongs","Mark of Pain","Toy Ornithopter","Charon\u0027s Ashes"],"acts_visited":["Exordium","TheCity"],"potions_floor_usage":[8,12,24,25,28],"damage_taken":[{"damage":47.0,"enemies":"Jaw Worm","floor":1.0,"turns":10.0},{"damage":0,"enemies":"2 Louse","floor":2,"turns":2},{"damage":6,"enemies":"Small Slimes","floor":5,"turns":2},{"damage":1,"enemies":"Exordium Thugs","floor":8,"turns":3},{"damage":0,"enemies":"Lagavulin","floor":12,"turns":3},{"damage":5,"enemies":"Large Slime","floor":13,"turns":4},{"damage":2,"enemies":"Slime Boss","floor":16,"turns":3},{"damage":9,"enemies":"Spheric Guardian","floor":18,"turns":3},{"damage":25,"enemies":"2 Thieves","floor":21,"turns":3},{"damage":23,"enemies":"Centurion and Healer","floor":22,"turns":5},{"damage":9,"enemies":"Snake Plant","floor":24,"turns":2},{"damage":14,"enemies":"Sentry and Sphere","floor":25,"turns":5},{"damage":26,"enemies":"Chosen and Byrds","floor":28,"turns":4},{"damage":73,"enemies":"Gremlin Leader","floor":30,"turns":5}],"seed_played":"6255993913780917799","potions_obtained":[{"floor":2,"key":"SkillPotion"},{"floor":5,"key":"DuplicationPotion"},{"floor":22,"key":"DistilledChaos"},{"floor":24,"key":"Explosive Potion"},{"floor":25,"key":"Fruit Juice"}],"is_trial":false,"path_per_floor":["M","M","?","$","M","?","R","M","T","T","R","E","M","?","R","B",null,"M","?","?","M","M","R","M","M","T","R","M","R","E"],"character_chosen":"IRONCLAD","items_purchased":[],"campfire_rested":1,"item_purchase_floors":[],"current_hp_per_floor":[27,33,33,33,33,51,51,56,56,56,56,62,63,63,63,71,77,74,74,74,59,46,46,48,53,53,53,43,73,0,0],"gold":132,"neow_bonus":"REMOVE_TWO","is_daily":false,"chose_seed":false,"campfire_upgraded":5,"win_rate":0.0,"timestamp":1612924248,"path_taken":["M","M","?","$","M","?","R","M","T","?","R","E","M","?","R","BOSS","M","?","?","M","M","R","M","M","T","R","M","R","E"],"items_purchased_type":[],"build_version":"2020-12-22","purchased_purges":0,"victory":false,"max_hp_per_floor":[75,75,75,75,75,75,75,75,75,75,75,75,75,75,75,79,79,79,79,79,83,87,87,87,95,95,95,100,100,100,100],"card_choices":[{"not_picked":["Sword Boomerang","Body Slam"],"picked":"Carnage","floor":1.0},{"not_picked":["Headbutt","Clash"],"picked":"Battle Trance","floor":2},{"not_picked":["Cleave","Shockwave","Headbutt"],"picked":"SKIP","floor":5},{"not_picked":["Wild Strike","Heavy Blade"],"picked":"Seeing Red","floor":8},{"not_picked":["Wild Strike","True Grit","Cleave"],"picked":"SKIP","floor":12},{"not_picked":["Wild Strike","Twin Strike"],"picked":"Feed","floor":13},{"not_picked":["Juggernaut","Berserk"],"picked":"Exhume","floor":16},{"not_picked":["Wild Strike","Intimidate","Iron Wave"],"picked":"SKIP","floor":18},{"not_picked":["Sentinel","Sword Boomerang+1"],"picked":"Whirlwind+1","floor":21},{"not_picked":["Body Slam","Thunderclap"],"picked":"Shrug It Off","floor":22},{"not_picked":["Rupture+1","Headbutt"],"picked":"Clothesline+1","floor":24},{"not_picked":["Flex","Cleave"],"picked":"Shrug It Off","floor":25},{"not_picked":["Sword Boomerang","Corruption","Twin Strike"],"picked":"SKIP","floor":28}],"player_experience":813094,"relics_obtained":[{"floor":9,"key":"Red Skull"},{"floor":10,"key":"Potion Belt"},{"floor":12,"key":"Pen Nib"},{"floor":26,"key":"Charon\u0027s Ashes"}],"event_choices":[{"damage_healed":0,"gold_gain":0,"cards_transformed":["Strike_R"],"player_choice":"Change","damage_taken":0,"max_hp_gain":0,"max_hp_loss":0,"event_name":"Living Wall","floor":3,"gold_loss":0,"cards_obtained":["Infernal Blade"]},{"damage_healed":18,"gold_gain":0,"player_choice":"Healed","damage_taken":0,"max_hp_gain":0,"max_hp_loss":0,"event_name":"The Cleric","floor":6,"gold_loss":35},{"damage_healed":0,"gold_gain":0,"player_choice":"Rummage","damage_taken":0,"relics_obtained":["WarpedTongs"],"max_hp_gain":0,"max_hp_loss":0,"event_name":"Accursed Blacksmith","floor":14,"gold_loss":0,"cards_obtained":["Pain"]},{"damage_healed":0,"gold_gain":0,"player_choice":"Obtained Relic","damage_taken":0,"relics_obtained":["Toy Ornithopter"],"max_hp_gain":0,"max_hp_loss":0,"event_name":"Addict","floor":19,"gold_loss":85},{"cards_removed":["Pain"],"damage_healed":0,"gold_gain":0,"player_choice":"Gave Gold","damage_taken":0,"max_hp_gain":0,"max_hp_loss":0,"event_name":"Beggar","floor":20,"gold_loss":75}],"is_beta":false,"boss_relics":[{"not_picked":["Runic Dome","Black Star"],"picked":"Mark of Pain"}],"items_purged_floors":[],"is_endless":false,"potions_floor_spawned":[2,5,22,24,25],"killed_by":"Gremlin Leader","ascension_level":20}}