{"host":"5ddwedapke4fsx0r","time":1612945637,"event":{"mods":["BaseMod","Downfall","Minty Spire (QoL Compilation)","Reliquary","Shade Mod","StSLib","The Clintock","The Construct","The Forsaken","The Gatherer","The Hierophant","The Servant 0.9.4","TheSurvivalist"],"gold_per_floor":[99,99,249,265,283,301,301,301,301,45,62,62,62,88,112,224,236,248,276,322,334,363,390,450,485,497,494,532,544,456,417,436,539,539,539,557,577,577,645,440,440,340,358,368,383,397,397,422,440,440],"floor_reached":51,"language":"ENG","playtime":2502,"items_purged":[],"score":712,"play_id":"ca946d4b-d2b1-48a2-b70f-cb07f99f4bba","local_time":"20210210092717","is_ascension_mode":false,"campfire_choices":[{"data":"Guardian:PrismaticBeam","floor":9,"key":"SMITH"},{"data":"Guardian:TwinSlam","floor":13,"key":"SMITH"},{"floor":18,"key":"RECALL"},{"data":"Guardian:BaubleBeam","floor":30,"key":"SMITH"},{"data":"Guardian:ExploitGems","floor":35,"key":"SMITH"},{"data":"Guardian:ConstructionForm","floor":42,"key":"SMITH"},{"data":"Guardian:GemFire","floor":47,"key":"SMITH"}],"circlet_count":0,"master_deck":["Guardian:Defend_Guardian","Guardian:Defend_Guardian","Guardian:Defend_Guardian","Guardian:CurlUp","Guardian:TwinSlam+1","Guardian:PrismaticBeam+1","Guardian:Preprogram","Guardian:CrystalBeam+1","Guardian:BaubleBeam+1","Guardian:BronzeOrb+1","Guardian:PrismaticBarrier+1","Guardian:GemFire+1","Slimebound:Tackle+1","Slimebound:Tackle+1","Slimebound:Tackle+1","Guardian:ExploitGems+1","Guardian:ExploitGems+1","Guardian:ConstructionForm+1","Guardian:Gem_Green"],"relics":["Guardian:ModeShifter","Guardian:PickAxe","Tiny Chest","Art of War","Kunai","MawBank","Red Mask","Nloth\u0027s Gift","Pen Nib","reliquary:Buckler","Boot","Nilry\u0027s Codex","downfall:HeartBlessingRed","Membership Card","reliquary:PorcupineQuills","Toxic Egg 2","Guardian:StasisSlotReductionRelic","Shuriken","Bottled Lightning","downfall:HeartBlessingBlue","Orichalcum"],"acts_visited":["Exordium","TheCity","TheBeyond"],"potions_floor_usage":[15,20,27,33,48],"damage_taken":[{"damage":3,"enemies":"Cultist","floor":4,"turns":4},{"damage":0,"enemies":"2 Louse","floor":5,"turns":3},{"damage":10,"enemies":"Small Slimes","floor":6,"turns":5},{"damage":0,"enemies":"downfall:FleeingMerchant","floor":10,"turns":4},{"damage":7,"enemies":"2 Fungi Beasts","floor":11,"turns":3},{"damage":0,"enemies":"3 Louse","floor":15,"turns":2},{"damage":35,"enemies":"WA_ARCHETYPE_RETAIN","floor":16,"turns":9},{"damage":0,"enemies":"Spheric Guardian","floor":19,"turns":3},{"damage":0,"enemies":"Masked Bandits","floor":20,"turns":4},{"damage":13,"enemies":"Chosen","floor":22,"turns":7},{"damage":0,"enemies":"Snecko","floor":23,"turns":2},{"damage":3,"enemies":"downfall:FleeingMerchant","floor":27,"turns":4},{"damage":5,"enemies":"Gremlin Leader","floor":28,"turns":2},{"damage":0,"enemies":"downfall:FleeingMerchant","floor":31,"turns":2},{"damage":9,"enemies":"Snake Plant","floor":32,"turns":3},{"damage":4,"enemies":"IC_MUSHROOM_ARCHETYPE","floor":33,"turns":2},{"damage":0,"enemies":"Orb Walker","floor":36,"turns":1},{"damage":0,"enemies":"3 Darklings","floor":37,"turns":1},{"damage":0,"enemies":"Sphere and 2 Shapes","floor":43,"turns":3},{"damage":0,"enemies":"Jaw Worm Horde","floor":44,"turns":1},{"damage":12,"enemies":"Writhing Mass","floor":45,"turns":3},{"damage":0,"enemies":"3 Darklings","floor":46,"turns":2},{"damage":11,"enemies":"Reptomancer","floor":48,"turns":3},{"damage":0,"enemies":"Jaw Worm Horde","floor":49,"turns":2},{"damage":4,"enemies":"DF_ARCHETYPE_ORBS","floor":50,"turns":2}],"seed_played":"2591234721227753139","potions_obtained":[{"floor":5,"key":"BlessingOfTheForge"},{"floor":6,"key":"Block Potion"},{"floor":15,"key":"CultistPotion"},{"floor":19,"key":"Regen Potion"},{"floor":23,"key":"Regen Potion"},{"floor":32,"key":"Energy Potion"},{"floor":44,"key":"hexamod:SoulburnPotion"},{"floor":49,"key":"Ancient Potion"}],"is_trial":false,"path_per_floor":["R","?","?","M","M","M","T","?","R","$","M","?","R","T","M","B",null,"R","M","?","?","M","M","T","T","?","$","E","?","R","$","M","B",null,"R","M","M","?","T","$","T","R","M","M","M","M","R","E","M","B",null],"character_chosen":"GUARDIAN","items_purchased":["Kunai","Membership Card","reliquary:PorcupineQuills","Toxic Egg 2","Guardian:Gem_Lightblue","Bottled Lightning","Guardian:ConstructionForm"],"campfire_rested":0,"item_purchase_floors":[10,31,31,31,31,40,40],"current_hp_per_floor":[80,77,77,74,74,64,64,58,58,58,51,51,51,51,51,16,80,80,80,80,80,67,67,67,67,67,78,73,57,57,57,48,44,80,80,80,80,80,80,80,80,90,90,90,78,78,78,76,76,72],"gold":440,"neow_bonus":"RANDOM_COMMON_RELIC","is_daily":false,"chose_seed":false,"campfire_upgraded":6,"win_rate":0.0,"timestamp":1612945637,"path_taken":["R","?","?","M","M","M","T","?","R","$","M","?","R","?","M","BOSS","R","M","?","?","?","M","T","?","?","$","E","?","R","$","M","BOSS","R","M","M","?","?","$","T","R","M","?","M","M","R","E","M","BOSS"],"items_purchased_type":["Relic","Relic","Relic","Relic","Card","Relic","Card"],"build_version":"2020-12-22","purchased_purges":0,"victory":true,"max_hp_per_floor":[80,80,80,80,80,80,80,80,80,80,80,80,80,80,80,80,80,80,80,80,80,80,80,80,80,80,80,80,80,80,80,80,80,80,80,80,80,80,80,80,80,90,90,90,90,90,90,90,90,90],"card_choices":[{"not_picked":["Guardian:ShieldSpikes","Guardian:RollAttack"],"picked":"Guardian:PrismaticBeam","floor":4},{"not_picked":["Guardian:BodySlam","Guardian:RollAttack"],"picked":"Guardian:Gem_Green","floor":5},{"not_picked":["Guardian:ShieldSpikes","Guardian:PiercingHide"],"picked":"Guardian:Preprogram","floor":6},{"not_picked":["Guardian:RollAttack","Guardian:EvasiveProtocol"],"picked":"Guardian:Gem_Blue","floor":10},{"not_picked":["Guardian:PiercingHide","Guardian:Gem_Red"],"picked":"Guardian:Gem_Yellow","floor":11},{"not_picked":["Guardian:Recover","Guardian:RollAttack"],"picked":"Guardian:CrystalBeam","floor":15},{"not_picked":["Guardian:FierceBash","Guardian:SphericShield"],"picked":"Guardian:BaubleBeam","floor":16},{"not_picked":["Guardian:Recover","Guardian:VentSteam"],"picked":"Guardian:BronzeOrb","floor":19},{"not_picked":["Guardian:Reroute","Guardian:TemporalStrike"],"picked":"Guardian:PrismaticBarrier+1","floor":20},{"not_picked":["Guardian:Recover","Guardian:Gem_Lightblue"],"picked":"Guardian:GemFire","floor":22},{"not_picked":["Guardian:Incinerate","Guardian:PolyBeam"],"picked":"Guardian:Gem_Green","floor":23},{"not_picked":["Guardian:VentSteam","Guardian:TemporalStrike"],"picked":"Guardian:ExploitGems","floor":27},{"not_picked":["Guardian:ChargeCore","Guardian:Suspension"],"picked":"Guardian:Gem_Lightblue","floor":28},{"not_picked":["Guardian:TemporalShield","Guardian:ChargeCore","Guardian:Orbwalk"],"picked":"SKIP","floor":31},{"not_picked":["Guardian:TimeBomb+1","Guardian:PrimingBeam","Guardian:CrystalBeam+1"],"picked":"SKIP","floor":32},{"not_picked":["Guardian:HyperBeam_Guardian","Guardian:RevengeProtocol"],"picked":"Guardian:ExploitGems+1","floor":33},{"not_picked":["Guardian:GemFinder","Guardian:Reroute+1","Guardian:SentryBeam"],"picked":"SKIP","floor":36},{"not_picked":["Guardian:Recover+1","Guardian:PrimingBeam+1"],"picked":"Guardian:Gem_Lightblue","floor":37},{"not_picked":["Guardian:CrystalBeam+1","Guardian:Preprogram+1"],"picked":"Guardian:Gem_Purple","floor":43},{"not_picked":["Guardian:EvasiveProtocol+1","Guardian:RefractedBeam","Guardian:PrimingBeam"],"picked":"SKIP","floor":44},{"not_picked":["Guardian:PrismaticBeam+1","Guardian:TimeCapacitor+1"],"picked":"Guardian:Gem_Red","floor":45},{"not_picked":["Guardian:GuardianWhirl+1","Guardian:StasisField+1","Guardian:TemporalStrike"],"picked":"SKIP","floor":46},{"not_picked":["Guardian:Orbwalk","Guardian:RevengeProtocol","Guardian:Gem_Fragmented"],"picked":"SKIP","floor":48},{"not_picked":["Guardian:Reroute+1","Guardian:Clone+1"],"picked":"Guardian:Gem_Green","floor":49}],"player_experience":567400,"relics_obtained":[{"floor":7,"key":"Art of War"},{"floor":14,"key":"MawBank"},{"floor":20,"key":"Red Mask"},{"floor":24,"key":"Pen Nib"},{"floor":25,"key":"reliquary:Buckler"},{"floor":28,"key":"Boot"},{"floor":29,"key":"Nilry\u0027s Codex"},{"floor":39,"key":"Shuriken"},{"floor":48,"key":"Orichalcum"}],"event_choices":[{"damage_healed":0,"gold_gain":0,"player_choice":"Success","damage_taken":3,"relics_obtained":["Tiny Chest"],"max_hp_gain":0,"max_hp_loss":0,"event_name":"Scrap Ooze","floor":2,"gold_loss":0},{"damage_healed":0,"gold_gain":0,"player_choice":"Fought Bandits","damage_taken":0,"max_hp_gain":0,"max_hp_loss":0,"event_name":"Masked Bandits","floor":20,"gold_loss":0},{"cards_removed":["Guardian:Defend_Guardian"],"damage_healed":0,"gold_gain":0,"player_choice":"Removed Skill","damage_taken":0,"max_hp_gain":0,"max_hp_loss":0,"event_name":"Falling","floor":38,"gold_loss":0}],"is_beta":false,"boss_relics":[{"not_picked":["reliquary:Craggleroot","Velvet Choker"],"picked":"Empty Cage"},{"not_picked":["construct:ClawGrip","Astrolabe"],"picked":"Guardian:StasisSlotReductionRelic"}],"items_purged_floors":[],"is_endless":false,"potions_floor_spawned":[5,6,15,19,23,32,44,45,49],"ascension_level":0}}