{"host":"15dd7v8o90xso62x","time":1612987830,"event":{"mods":["BaseMod","Minty Spire (QoL Compilation)","Quick Restart","StSLib","SuperFastMode"],"gold_per_floor":[13,32,42,55,55,55,90,101,101,112,145,159,159,179,179,256,256,256,256],"floor_reached":18,"language":"KOR","playtime":528,"items_purged":[],"score":552,"play_id":"f8c819b1-b64f-472a-b0f5-6e965b6e71fd","local_time":"20210211051030","is_ascension_mode":true,"campfire_choices":[{"data":"Eruption","floor":6.0,"key":"SMITH"},{"data":"Adaptation","floor":13.0,"key":"SMITH"},{"data":"CutThroughFate","floor":15.0,"key":"SMITH"}],"circlet_count":0,"master_deck":["AscendersBane","Strike_P","Strike_P","Strike_P","Defend_P","Defend_P","Defend_P","Eruption+1","Vigilance","CutThroughFate+1","SignatureMove","InnerPeace","Adaptation+1"],"relics":["PureWater","Happy Flower","Bottled Lightning","Sundial","Snecko Eye"],"acts_visited":["Exordium","TheCity"],"potions_floor_usage":[],"damage_taken":[{"damage":0.0,"enemies":"Cultist","floor":1.0,"turns":4.0},{"damage":2.0,"enemies":"Small Slimes","floor":2.0,"turns":3.0},{"damage":0.0,"enemies":"Jaw Worm","floor":3.0,"turns":2.0},{"damage":17.0,"enemies":"Exordium Wildlife","floor":4.0,"turns":5.0},{"damage":0.0,"enemies":"Gremlin Nob","floor":7.0,"turns":2.0},{"damage":11.0,"enemies":"Looter","floor":8.0,"turns":2.0},{"damage":4.0,"enemies":"Red Slaver","floor":10.0,"turns":2.0},{"damage":0.0,"enemies":"Lagavulin","floor":11.0,"turns":3.0},{"damage":6.0,"enemies":"Lots of Slimes","floor":12.0,"turns":4.0},{"damage":0.0,"enemies":"Blue Slaver","floor":14.0,"turns":3.0},{"damage":0,"enemies":"Slime Boss","floor":16,"turns":4},{"damage":0,"enemies":"2 Thieves","floor":18,"turns":1}],"seed_played":"3290691449530906573","potions_obtained":[{"floor":2.0,"key":"AttackPotion"},{"floor":4.0,"key":"Strength Potion"},{"floor":10.0,"key":"LiquidMemories"},{"floor":16,"key":"LiquidBronze"}],"is_trial":false,"path_per_floor":["M","M","M","M","?","R","E","M","T","M","E","M","R","M","R","B",null,"M"],"character_chosen":"WATCHER","items_purchased":[],"campfire_rested":0,"item_purchase_floors":[],"current_hp_per_floor":[61,59,59,42,42,42,42,31,31,27,27,21,21,21,21,21,56,56,56],"gold":256,"neow_bonus":"REMOVE_TWO","is_daily":false,"chose_seed":false,"campfire_upgraded":3,"win_rate":0.0,"timestamp":1612987830,"path_taken":["M","M","M","M","?","R","E","M","T","M","E","M","R","M","R","BOSS","M"],"items_purchased_type":[],"build_version":"2020-12-22","purchased_purges":0,"victory":false,"max_hp_per_floor":[68,68,68,68,68,68,68,68,68,68,68,68,68,68,68,68,68,68,68],"card_choices":[{"not_picked":["Crescendo","JustLucky"],"picked":"CutThroughFate","floor":1.0},{"not_picked":["FlurryOfBlows","JustLucky"],"picked":"SignatureMove","floor":2.0},{"not_picked":["CutThroughFate","Swivel"],"picked":"InnerPeace","floor":3.0},{"not_picked":["Blasphemy","ThirdEye","Evaluate"],"picked":"SKIP","floor":4.0},{"not_picked":["BowlingBash","PathToVictory","Omniscience"],"picked":"SKIP","floor":7.0},{"not_picked":["CrushJoints","FlyingSleeves","Conclude"],"picked":"SKIP","floor":8.0},{"not_picked":["ThirdEye","Prostrate","EmptyFist"],"picked":"SKIP","floor":10.0},{"not_picked":["FollowUp","ConjureBlade","Crescendo"],"picked":"SKIP","floor":11.0},{"not_picked":["SashWhip","ClearTheMind"],"picked":"Adaptation","floor":12.0},{"not_picked":["Pray","Vengeance","FlyingSleeves"],"picked":"SKIP","floor":14.0}],"player_experience":951861,"relics_obtained":[{"floor":7.0,"key":"Happy Flower"},{"floor":9.0,"key":"Bottled Lightning"},{"floor":11.0,"key":"Sundial"}],"event_choices":[{"damage_healed":0.0,"max_hp_gain":0.0,"max_hp_loss":0.0,"gold_gain":0.0,"event_name":"Liars Game","player_choice":"Ignored","floor":5.0,"gold_loss":0.0,"damage_taken":0.0}],"is_beta":false,"boss_relics":[{"not_picked":["Ectoplasm","Velvet Choker"],"picked":"Snecko Eye"}],"items_purged_floors":[],"is_endless":false,"potions_floor_spawned":[2,4,10,16],"killed_by":"2 Thieves","ascension_level":20}}