{"host":"37ccm3d17clopct7","time":1612950872,"event":{"mods":["BaseMod","GungeonMod","Hermit","Lobotomy","Minty Spire (QoL Compilation)","StSLib","The Bug Knight","The Cursed","The Hierophant","The Jungle","The Runesmith"],"gold_per_floor":[117,117,130,144,0,33,43,43,43,43,43,59,59,78,78,78,78],"floor_reached":16,"language":"KOR","playtime":635,"items_purged":[],"score":107,"play_id":"d79d51ed-245b-4971-8d35-383735eb600e","local_time":"20210210185432","is_ascension_mode":true,"campfire_choices":[{"floor":8,"key":"RECALL"},{"data":"Zap","floor":11,"key":"SMITH"},{"floor":15,"key":"REST"}],"circlet_count":0,"master_deck":["Strike_B","Strike_B","Strike_B","Defend_B","Defend_B","Defend_B","Defend_B","Zap+1","Dualcast","Steam","Double Energy","Redo","Sweeping Beam","Chill","Sweeping Beam"],"relics":["Cracked Core","NeowsBlessing","MealTicket","Potion Belt","Golden Idol"],"acts_visited":["Exordium"],"potions_floor_usage":[6,6,16,16],"damage_taken":[{"damage":0,"enemies":"Small Slimes","floor":1,"turns":1},{"damage":0,"enemies":"2 Louse","floor":3,"turns":1},{"damage":0,"enemies":"Cultist","floor":4,"turns":1},{"damage":27,"enemies":"Gremlin Nob","floor":6,"turns":4},{"damage":7,"enemies":"Lots of Slimes","floor":7,"turns":4},{"damage":0,"enemies":"Looter","floor":12,"turns":3},{"damage":11,"enemies":"Gremlin Gang","floor":14,"turns":4},{"damage":48,"enemies":"The Guardian","floor":16,"turns":11}],"seed_played":"-2206720526233127423","potions_obtained":[{"floor":1,"key":"SteroidPotion"},{"floor":4,"key":"Fire Potion"},{"floor":12,"key":"PowerPotion"},{"floor":14,"key":"ColorlessPotion"}],"is_trial":false,"path_per_floor":["M","?","M","M","$","E","M","R","T","?","R","M","?","M","R","B"],"character_chosen":"DEFECT","items_purchased":["MealTicket"],"campfire_rested":1,"item_purchase_floors":[5],"current_hp_per_floor":[75,75,75,75,75,48,41,41,41,23,23,23,23,12,34,0,0],"gold":78,"neow_bonus":"THREE_ENEMY_KILL","is_daily":false,"chose_seed":false,"campfire_upgraded":1,"win_rate":0.0,"timestamp":1612950872,"path_taken":["M","?","M","M","$","E","M","R","T","?","R","M","?","?","R","BOSS"],"items_purchased_type":["Relic"],"build_version":"2020-12-22","purchased_purges":0,"victory":false,"max_hp_per_floor":[75,75,75,75,75,75,75,75,75,75,75,75,75,75,75,75,75],"card_choices":[{"not_picked":["Ball Lightning","Fusion"],"picked":"Steam","floor":1},{"not_picked":["Doom and Gloom","Barrage","Rebound"],"picked":"SKIP","floor":3},{"not_picked":["Fusion","Static Discharge"],"picked":"Double Energy","floor":4},{"not_picked":["Rebound","All For One"],"picked":"Redo","floor":6},{"not_picked":["Leap","Cold Snap"],"picked":"Sweeping Beam","floor":7},{"not_picked":["Reinforced Body","Stack"],"picked":"Chill","floor":12},{"not_picked":["Rebound","Barrage"],"picked":"Sweeping Beam","floor":14}],"player_experience":165989,"relics_obtained":[{"floor":6,"key":"Potion Belt"}],"event_choices":[{"damage_healed":0,"gold_gain":0,"player_choice":"Ignored","damage_taken":0,"max_hp_gain":0,"max_hp_loss":0,"event_name":"Shining Light","floor":2,"gold_loss":0},{"damage_healed":0,"gold_gain":0,"player_choice":"Take Damage","damage_taken":18,"relics_obtained":["Golden Idol"],"max_hp_gain":0,"max_hp_loss":0,"event_name":"Golden Idol","floor":10,"gold_loss":0},{"cards_removed":["Strike_B"],"damage_healed":0,"gold_gain":0,"player_choice":"Offered Basic","damage_taken":0,"max_hp_gain":0,"max_hp_loss":0,"event_name":"Bonfire Elementals","floor":13,"gold_loss":0}],"is_beta":false,"boss_relics":[],"items_purged_floors":[],"is_endless":false,"potions_floor_spawned":[1,4,12,14],"killed_by":"The Guardian","ascension_level":1}}