{"host":"3y33rrrkia6pkpow","time":1612973355,"event":{"mods":["2.2 Compatiblity","AchievementEnabler","Act Like it!","BaseMod","BetterRewards","Block Reminder","Colored Map","Colored Powertips","DeckTracker","Faster Ascension Climbing","Gensokyo","Highlight Path","Infinite Spire","Minty Spire (QoL Compilation)","Quick Restart","Rare Cards Sparkle","Replay The Spire","Shop Mod","Spicy Shops","StSLib","Synergy Search","The Animator","The Blue Laboratory","Unknown Chances"],"gold_per_floor":[123,133,144,144,174,204,204,215,269,40,73,93,368,395,395,496,496,511,314,332,332,362,394,394,429,429,429,458,56,56,76,76,174,174,188,198,198,198,198,232,232,232,232,246,246,271,23,54,54,54],"floor_reached":51,"language":"ENG","playtime":7239,"items_purged":["animator:Defend","Doubt","Regret"],"score":1492,"play_id":"051118c2-fb29-430b-b8c9-31077a01ff0b","local_time":"20210210100915","is_ascension_mode":true,"campfire_choices":[{"floor":7.0,"key":"REST"},{"data":"animator:HououinKyouma","floor":15.0,"key":"SMITH"},{"data":"J.A.X.","floor":27.0,"key":"SMITH"},{"floor":30.0,"key":"REST"},{"data":"animator:AyaShameimaru","floor":32.0,"key":"SMITH"},{"floor":41,"key":"REST"},{"floor":49,"key":"REST"},{"data":"animator:HinaKagiyama","floor":49,"key":"SMITH"}],"circlet_count":0,"master_deck":["AscendersBane","animator:Strike_TenSura","animator:Defend_TenSura","animator:Defend","animator:Benimaru","animator:Shuna","animator:Shuna","animator:Yuuichirou","animator:HououinKyouma+1","animator:MisaKurobane","animator:Genos","animator:Shuna","animator:Emonzaemon","animator:GazelDwargon","animator:AyaShameimaru+1","animator:Emonzaemon","animator:Shinoa","animator:SanaeKochiya","animator:MetalKnight","animator:Shizu","ReplayTheSpireMod:Splinters","Voices","animator:Genos","animator:Genos","animator:Mikaela","animator:HiiragiShinya+1","animator:Geryuganshoop","animator:Hakurou","animator:CrowleyEusford","J.A.X.+1","animator:Hakurou","animator:Curse_GriefSeed","animator:HomuraAkemi+1","animator:AliceMargatroid+1","animator:Hakurou+1","animator:CrowleyEusford+1","animator:Hakurou","animator:Rimuru","animator:GazelDwargon","animator:AliceMargatroid+1","animator:Mikaela","Parasite","animator:Hakurou","animator:HinaKagiyama+1","animator:Curse_Dizziness","animator:FeridBathory+1","animator:HououinKyouma+1","animator:MarisaKirisame+1"],"relics":["animator:LivingPicture","animator:TheMissingPiece","animator:PurgingStone","Ice Cream","BargainBundle","Replay:Ringing Soul","animator:BattleDrones","Art of War","Juzu Bracelet","infinitespire:ShieldingShard","The Courier","Replay:Grab Bag","Cursed Key","Philosopher\u0027s Stone","animator:CursedBlade","Kintsugi","ReplayTheSpireMod:CursedCoin","ReplayTheSpireMod:Shallot","Onion Ring","Replay:Baseball","Golden Egg","Bottled Lightning","Counterbalance","infinitespire:Lucky Rock","Black Star","Shovel","Replay:Kaleidoscope","infinitespire:Magic Flask","Shuriken","Ancient Tea Set","Mummified Hand","Nunchaku"],"acts_visited":["Exordium","TheCity","TheBeyond"],"potions_floor_usage":[44],"damage_taken":[{"damage":1.0,"enemies":"Small Slimes","floor":1.0,"turns":3.0},{"damage":1.0,"enemies":"2 Louse","floor":2.0,"turns":2.0},{"damage":3.0,"enemies":"Cultist","floor":3.0,"turns":3.0},{"damage":7.0,"enemies":"2 Fungi Beasts","floor":5.0,"turns":4.0},{"damage":19.0,"enemies":"Gremlin Nob","floor":6.0,"turns":3.0},{"damage":2.0,"enemies":"Looter","floor":8.0,"turns":3.0},{"damage":0.0,"enemies":"Lagavulin","floor":11.0,"turns":7.0},{"damage":6.0,"enemies":"Large Slime","floor":12.0,"turns":5.0},{"damage":8.0,"enemies":"3 Sentries","floor":14.0,"turns":10.0},{"damage":8.0,"enemies":"Fading Forest","floor":16.0,"turns":11.0},{"damage":3.0,"enemies":"Chosen","floor":18.0,"turns":5.0},{"damage":0.0,"enemies":"Spheric Guardian","floor":20.0,"turns":3.0},{"damage":2.0,"enemies":"Cultist and Chosen","floor":22.0,"turns":7.0},{"damage":16.0,"enemies":"Replay:Snechameleon","floor":23.0,"turns":5.0},{"damage":2.0,"enemies":"Book of Stabbing","floor":25.0,"turns":3.0},{"damage":16.0,"enemies":"Nightmare","floor":28.0,"turns":6.0},{"damage":7.0,"enemies":"Snake Plant","floor":31.0,"turns":2.0},{"damage":9.0,"enemies":"Collector","floor":33.0,"turns":9.0},{"damage":9,"enemies":"3 Darklings","floor":35,"turns":3},{"damage":1,"enemies":"3 Shapes","floor":36,"turns":3},{"damage":32,"enemies":"Giant Head","floor":40,"turns":6},{"damage":15,"enemies":"Writhing Mass","floor":44,"turns":4},{"damage":19,"enemies":"R_Hoarder","floor":46,"turns":7},{"damage":18,"enemies":"Reptomancer","floor":48,"turns":5},{"damage":28,"enemies":"Donu and Deca","floor":50,"turns":6}],"seed_played":"-8334106148627595660","potions_obtained":[{"floor":8.0,"key":"FearPotion"},{"floor":11.0,"key":"Flashbang"},{"floor":14.0,"key":"Fruit Juice"},{"floor":20.0,"key":"Explosive Potion"},{"floor":23.0,"key":"SteroidPotion"},{"floor":25.0,"key":"blueLaboratory:BubblePotion"},{"floor":35,"key":"blueLaboratory:FrostheartPotion"},{"floor":44,"key":"blueLaboratory:FruitPunch"}],"is_trial":false,"path_per_floor":["M","M","M","?","M","E","R","M","T","$","E","M","?","E","R","B",null,"M","$","M","?","M","E","?","E","T","R","NM","$","R","M","R_BF","B",null,"M","M","?","?","?","E","R","?","T","M","?","E","$","E","R","B",null],"character_chosen":"THE_ANIMATOR","items_purchased":["Ice Cream","animator:Shuna","BargainBundle","animator:Yuuichirou","Replay:Ringing Soul","animator:HououinKyouma","animator:MisaKurobane","LiquidMemories","Energy Potion","blueLaboratory:RememoryPotion","animator:Emonzaemon","Juzu Bracelet","ReplayTheSpireMod:CursedCoin","ReplayTheSpireMod:Shallot","animator:Genos","animator:Mikaela","animator:AliceMargatroid","animator:Hakurou","Counterbalance","animator:CrowleyEusford","infinitespire:Lucky Rock","animator:FeridBathory","animator:HououinKyouma","animator:MarisaKirisame"],"campfire_rested":4,"item_purchase_floors":[0,0,0,0,0,0,0,0,0,0,10,10,19,19,19,19,29,29,29,29,29,47,47,47],"current_hp_per_floor":[50,52,52,52,48,32,57,58,58,61,64,61,64,60,60,64,99,99,107,110,113,114,101,104,105,108,108,95,98,142,138,138,133,150,144,146,146,146,146,117,164,164,167,155,158,139,142,124,176,148],"gold":54,"neow_bonus":"","is_daily":false,"chose_seed":true,"campfire_upgraded":4,"win_rate":0.0,"timestamp":1612973355,"path_taken":["M","M","M","?","M","E","R","M","T","$","E","M","?","E","R","BOSS","M","$","M","?","M","E","?","E","T","R","NM","$","R","M","R_BF","BOSS","M","M","?","?","?","E","R","?","T","M","?","E","$","E","R","BOSS"],"items_purchased_type":["Relic","Card","Relic","Card","Relic","Card","Card","Potion","Potion","Potion","Card","Relic","Relic","Relic","Card","Card","Card","Card","Relic","Card","Relic","Card","Card","Card"],"build_version":"2020-12-22","purchased_purges":3,"victory":true,"max_hp_per_floor":[72,75,78,78,81,84,84,87,87,90,93,96,99,103,103,107,110,113,121,124,127,130,133,136,139,142,142,145,148,148,151,151,155,155,158,161,161,161,161,164,164,164,167,170,173,173,176,176,176,176],"card_choices":[{"not_picked":["animator:SayakaMiki","animator:LizardPriest"],"picked":"animator:Genos","floor":1.0},{"not_picked":["animator:Emonzaemon","animator:Shichika"],"picked":"animator:Shuna","floor":2.0},{"not_picked":["animator:Spearman","animator:CrowleyEusford"],"picked":"animator:Emonzaemon","floor":3.0},{"not_picked":["animator:Vesta","animator:Kaijin"],"picked":"animator:GazelDwargon","floor":5.0},{"not_picked":["animator:LizardPriest","animator:AyaShameimaru"],"picked":"animator:OrihimeInoue","floor":6.0},{"not_picked":["animator:Tatsumaki","animator:Konayuki"],"picked":"animator:AyaShameimaru","floor":8.0},{"not_picked":["animator:Mitsuba","animator:Azekura"],"picked":"animator:Shinoa","floor":11.0},{"not_picked":["animator:SuikaIbuki","animator:AyaShameimaru"],"picked":"animator:SanaeKochiya","floor":12.0},{"not_picked":["animator:YukariYakumo","animator:UryuuIshida"],"picked":"animator:MetalKnight","floor":14.0},{"not_picked":["animator:HigakiRinne","animator:ZarakiKenpachi"],"picked":"animator:Shizu","floor":16.0},{"not_picked":["animator:MeguKakizaki","animator:Suiseiseki"],"picked":"animator:Genos","floor":18.0},{"not_picked":["animator:Shichika","animator:MeguKakizaki"],"picked":"animator:HiiragiShinya+1","floor":20.0},{"not_picked":["animator:Benimaru","animator:Millim"],"picked":"animator:Hakurou","floor":22.0},{"not_picked":["animator:YuukaKazami+1","animator:IrohaTamaki+1"],"picked":"animator:CrowleyEusford","floor":23.0},{"not_picked":["animator:YuukaKazami","animator:SayakaMiki"],"picked":"animator:Hakurou","floor":25.0},{"not_picked":["animator:SwordMaiden","animator:Genos"],"picked":"animator:HomuraAkemi","floor":28.0},{"not_picked":["animator:Benimaru","animator:Shion"],"picked":"animator:Hakurou","floor":31.0},{"not_picked":["animator:Shinku","animator:SwordMaiden"],"picked":"animator:Rimuru","floor":33.0},{"not_picked":["animator:Benimaru+1","animator:Souei"],"picked":"animator:GazelDwargon","floor":35},{"not_picked":["animator:Konayuki","animator:Suigintou+1"],"picked":"animator:AliceMargatroid+1","floor":36},{"not_picked":["animator:Shuna","animator:Kaijin"],"picked":"animator:Mikaela","floor":40},{"not_picked":["animator:GazelDwargon","animator:Shuna"],"picked":"animator:Hakurou","floor":44},{"not_picked":["animator:Shirosaki","animator:YachiyoNanami","animator:GoblinSlayer"],"picked":"SKIP","floor":46},{"not_picked":["animator:NoriSakurada+1","animator:Suiseiseki","animator:MamiTomoe+1"],"picked":"SKIP","floor":48}],"player_experience":1000880,"relics_obtained":[{"floor":6.0,"key":"animator:BattleDrones"},{"floor":9.0,"key":"Art of War"},{"floor":11.0,"key":"infinitespire:ShieldingShard"},{"floor":14.0,"key":"The Courier"},{"floor":23.0,"key":"Onion Ring"},{"floor":25.0,"key":"Replay:Baseball"},{"floor":26.0,"key":"Golden Egg"},{"floor":28.0,"key":"Bottled Lightning"},{"floor":40,"key":"Shovel"},{"floor":40,"key":"Replay:Kaleidoscope"},{"floor":43,"key":"infinitespire:Magic Flask"},{"floor":46,"key":"Shuriken"},{"floor":46,"key":"Ancient Tea Set"},{"floor":48,"key":"Mummified Hand"},{"floor":48,"key":"Nunchaku"}],"event_choices":[{"damage_healed":0.0,"max_hp_gain":0.0,"max_hp_loss":0.0,"gold_gain":0.0,"event_name":"Scrap Ooze","player_choice":"Fled","floor":4.0,"gold_loss":0.0,"damage_taken":0.0},{"damage_healed":0.0,"max_hp_gain":0.0,"max_hp_loss":0.0,"gold_gain":275.0,"event_name":"Golden Shrine","player_choice":"Desecrate","floor":13.0,"gold_loss":0.0,"damage_taken":0.0,"cards_obtained":["Regret"]},{"damage_healed":0.0,"max_hp_gain":0.0,"max_hp_loss":0.0,"gold_gain":0.0,"event_name":"The Library","player_choice":"Read","floor":21.0,"gold_loss":0.0,"damage_taken":0.0,"cards_obtained":["animator:Geryuganshoop"]},{"damage_healed":0.0,"max_hp_gain":0.0,"max_hp_loss":0.0,"gold_gain":0.0,"event_name":"Drug Dealer","player_choice":"Obtain J.A.X.","floor":24.0,"gold_loss":0.0,"damage_taken":0.0,"cards_obtained":["J.A.X."]},{"cards_removed":["animator:Shuna"],"damage_healed":0,"gold_gain":0,"player_choice":"Removed Skill","damage_taken":0,"max_hp_gain":0,"max_hp_loss":0,"event_name":"Falling","floor":37,"gold_loss":0}],"is_beta":false,"boss_relics":[{"not_picked":["Astrolabe","Calling Bell"],"picked":"Replay:Grab Bag"},{"not_picked":["ReplayTheSpireMod:DimensionalGlitch","Replay:Wanted Poster"],"picked":"Cursed Key"},{"not_picked":["Ectoplasm","Coffee Dripper"],"picked":"Philosopher\u0027s Stone"},{"not_picked":["SacredBark","animator:RacePiece"],"picked":"animator:CursedBlade"},{"not_picked":["ReplayTheSpireMod:SealedPack","animator:VividPicture"],"picked":"Kintsugi"},{"not_picked":["Replay:Ancient Bell","animator:CrumblingOrb"],"picked":"Black Star"}],"items_purged_floors":[0,19,29],"is_endless":false,"potions_floor_spawned":[8,11,14,20,23,25,35,44,46],"ascension_level":10}}