{"host":"si2ec0wbmfkjihef","time":1612981718,"event":{"mods":["AchievementEnabler","Act Like it!","BaseMod","BetterRewards","Colored Map","Colored Powertips","Energized Spire","Evolution","Gold Saver","Highlight Path","Infinite Spire","Minty Spire (QoL Compilation)","Quick Restart","Reworked Bosses","StSLib","The Jungle"],"gold_per_floor":[113,113,132,143,143,143,161,161,208,239,254,254,254,254],"floor_reached":13,"language":"DEU","playtime":659,"items_purged":[],"score":98,"play_id":"ed29e331-daff-4d05-a102-aee783b9c1ac","local_time":"20210210192838","is_ascension_mode":true,"campfire_choices":[{"data":"Zap","floor":6,"key":"SMITH"},{"floor":8,"key":"REST"},{"floor":12,"key":"REST"}],"circlet_count":0,"master_deck":["Strike_B","Strike_B","Strike_B","Strike_B","Defend_B","Defend_B","Defend_B","Defend_B","Zap+1","Dualcast","Coolheaded","Tempest","Loop","Genetic Algorithm"],"relics":["Cracked Core","EVO:Axolotl","NeowsBlessing","Centennial Puzzle","Vajra"],"acts_visited":["Exordium"],"potions_floor_usage":[],"damage_taken":[{"damage":0,"enemies":"infinitespire:Voidling","floor":1,"turns":1},{"damage":0,"enemies":"Jaw Worm","floor":3,"turns":1},{"damage":0,"enemies":"Cultist","floor":4,"turns":1},{"damage":14,"enemies":"2 Fungi Beasts","floor":7,"turns":5},{"damage":47,"enemies":"Lagavulin","floor":10,"turns":10},{"damage":10,"enemies":"Exordium Wildlife","floor":11,"turns":5},{"damage":72,"enemies":"Gremlin Nob","floor":13,"turns":4}],"seed_played":"-4059761800254552881","potions_obtained":[],"is_trial":false,"path_per_floor":["M","$","M","M","?","R","M","R","T","E","M","R","E"],"character_chosen":"DEFECT","items_purchased":[],"campfire_rested":2,"item_purchase_floors":[],"current_hp_per_floor":[75,75,75,75,75,75,61,75,75,28,18,40,0,0],"gold":254,"neow_bonus":"THREE_ENEMY_KILL","is_daily":false,"chose_seed":false,"campfire_upgraded":1,"win_rate":0.0,"timestamp":1612981718,"path_taken":["M","$","M","?","?","R","?","R","T","E","M","R","E"],"items_purchased_type":[],"build_version":"2020-12-22","purchased_purges":0,"victory":false,"max_hp_per_floor":[75,75,75,75,75,75,75,75,75,75,75,75,75,75],"card_choices":[{"not_picked":["Conserve Battery","Tempest"],"picked":"Coolheaded","floor":1},{"not_picked":["Stack","Sweeping Beam","Steam"],"picked":"SKIP","floor":3},{"not_picked":["Gash","Thunder Strike"],"picked":"Tempest","floor":4},{"not_picked":["Barrage","Chaos","Rebound"],"picked":"SKIP","floor":7},{"not_picked":["Cold Snap","Chaos"],"picked":"Loop","floor":10},{"not_picked":["Gash","Loop"],"picked":"Genetic Algorithm","floor":11}],"player_experience":101625,"relics_obtained":[{"floor":9,"key":"Centennial Puzzle"},{"floor":10,"key":"Vajra"}],"event_choices":[{"damage_healed":0,"gold_gain":0,"player_choice":"Bought 0 Potions","damage_taken":0,"max_hp_gain":0,"max_hp_loss":0,"event_name":"The Woman in Blue","floor":5,"gold_loss":0}],"is_beta":false,"boss_relics":[],"items_purged_floors":[],"is_endless":false,"potions_floor_spawned":[1,7,10],"killed_by":"Gremlin Nob","ascension_level":3}}