{"host":"mydft8i2zzydgggw","time":1612943549,"event":{"mods":["AchievementEnabler","BaseMod","Colored Map","Colored Powertips","DeckTracker","Keyboard Shortcuts","Minty Spire (QoL Compilation)","Rare Cards Sparkle","StSLib","SuperFastMode","everything is the same but u backflip on backflip"],"gold_per_floor":[12,27,38,58,74,99,99,116,116,147,147,159,32,58,58,153,153,171,187,187,286,211,211,240,240,240,240,273,293,310,344,344,439,439,453,466,483,502,502,535,535,545,569,569,616,634,665,682,682,682],"floor_reached":51,"language":"KOR","playtime":1993,"items_purged":["Strike_G"],"score":1277,"play_id":"240d7ad2-aaba-4a58-8d09-507b2d8a83b6","local_time":"20210210165229","is_ascension_mode":true,"campfire_choices":[{"data":"Prepared","floor":7,"key":"SMITH"},{"data":"Neutralize","floor":11,"key":"SMITH"},{"data":"Tactician","floor":15,"key":"SMITH"},{"data":"Adrenaline","floor":23,"key":"SMITH"},{"data":"Prepared","floor":25,"key":"SMITH"},{"data":"After Image","floor":32,"key":"SMITH"},{"data":"Phantasmal Killer","floor":41,"key":"SMITH"},{"floor":44,"key":"DIG"},{"data":"Calculated Gamble","floor":49,"key":"SMITH"}],"circlet_count":0,"master_deck":["Strike_G","Strike_G","Defend_G","Defend_G","Defend_G","Defend_G","Survivor","Neutralize+1","Blade Dance","Tactician+1","Dagger Throw","Prepared+1","Cloak And Dagger","Blade Dance","Acrobatics","PiercingWail","Prepared+1","Adrenaline+1","Backstab+1","Wraith Form v2","Escape Plan","Acrobatics","After Image+1","Reflex","Phantasmal Killer+1","Calculated Gamble+1","Endless Agony+1","Endless Agony","Underhanded Strike+1","Calculated Gamble+1"],"relics":["Ring of the Snake","Ginger","Turnip","White Beast Statue","InkBottle","Blue Candle","WristBlade","Red Mask","Question Card","Dream Catcher","Bottled Flame","SacredBark","Shovel","MealTicket","Toy Ornithopter","Gambling Chip","Juzu Bracelet"],"acts_visited":["Exordium","TheCity","TheBeyond"],"potions_floor_usage":[6,6,6,6,10,14,16,16,28,28,31,33,46,48,50,50,50],"damage_taken":[{"damage":0,"enemies":"Cultist","floor":1,"turns":4},{"damage":4,"enemies":"Small Slimes","floor":2,"turns":3},{"damage":1,"enemies":"2 Louse","floor":3,"turns":2},{"damage":1,"enemies":"Looter","floor":4,"turns":4},{"damage":4,"enemies":"Blue Slaver","floor":5,"turns":3},{"damage":10,"enemies":"3 Sentries","floor":6,"turns":7},{"damage":2,"enemies":"3 Louse","floor":8,"turns":3},{"damage":29,"enemies":"Gremlin Nob","floor":10,"turns":5},{"damage":0,"enemies":"Looter","floor":12,"turns":3},{"damage":6,"enemies":"Lagavulin","floor":14,"turns":9},{"damage":11,"enemies":"Hexaghost","floor":16,"turns":11},{"damage":0,"enemies":"Shell Parasite","floor":18,"turns":3},{"damage":23,"enemies":"2 Thieves","floor":19,"turns":4},{"damage":0,"enemies":"Masked Bandits","floor":24,"turns":2},{"damage":0,"enemies":"Gremlin Leader","floor":28,"turns":5},{"damage":7,"enemies":"Snake Plant","floor":29,"turns":4},{"damage":0,"enemies":"Cultist and Chosen","floor":30,"turns":3},{"damage":0,"enemies":"Slavers","floor":31,"turns":3},{"damage":25,"enemies":"Collector","floor":33,"turns":10},{"damage":10,"enemies":"3 Shapes","floor":35,"turns":2},{"damage":6,"enemies":"3 Darklings","floor":36,"turns":4},{"damage":4,"enemies":"4 Shapes","floor":37,"turns":4},{"damage":0,"enemies":"Jaw Worm Horde","floor":38,"turns":4},{"damage":0,"enemies":"Giant Head","floor":40,"turns":2},{"damage":0,"enemies":"Sphere and 2 Shapes","floor":42,"turns":2},{"damage":2,"enemies":"2 Orb Walkers","floor":45,"turns":2},{"damage":0,"enemies":"Writhing Mass","floor":46,"turns":3},{"damage":0,"enemies":"Reptomancer","floor":47,"turns":3},{"damage":12,"enemies":"Spire Growth","floor":48,"turns":3},{"damage":15,"enemies":"Donu and Deca","floor":50,"turns":6}],"seed_played":"-1324605762658951599","potions_obtained":[{"floor":1,"key":"EntropicBrew"},{"floor":6,"key":"Strength Potion"},{"floor":10,"key":"GamblersBrew"},{"floor":12,"key":"SpeedPotion"},{"floor":14,"key":"FearPotion"},{"floor":16,"key":"Ancient Potion"},{"floor":18,"key":"CunningPotion"},{"floor":19,"key":"Poison Potion"},{"floor":24,"key":"BlessingOfTheForge"},{"floor":28,"key":"Energy Potion"},{"floor":29,"key":"Swift Potion"},{"floor":31,"key":"EssenceOfSteel"},{"floor":33,"key":"Explosive Potion"},{"floor":37,"key":"GhostInAJar"},{"floor":38,"key":"LiquidMemories"},{"floor":46,"key":"Fire Potion"},{"floor":48,"key":"FearPotion"}],"is_trial":false,"path_per_floor":["M","M","M","M","M","E","R","M","T","E","R","M","$","E","R","B",null,"M","M","?","?","?","R","?","R","T","?","E","M","M","E","R","B",null,"M","M","M","M","?","E","R","M","T","R","?","M","E","M","R","B",null],"character_chosen":"THE_SILENT","items_purchased":["PiercingWail"],"campfire_rested":0,"item_purchase_floors":[13],"current_hp_per_floor":[63,59,58,57,53,58,58,56,56,27,27,27,27,21,21,10,55,55,32,32,32,32,32,32,32,32,55,55,48,48,48,48,23,58,48,42,38,38,38,38,38,38,38,38,36,41,41,34,34,34],"gold":682,"neow_bonus":"ONE_RARE_RELIC","is_daily":false,"chose_seed":false,"campfire_upgraded":8,"win_rate":0.0,"timestamp":1612943549,"path_taken":["M","?","M","M","M","E","R","?","T","E","R","M","?","E","R","BOSS","M","M","?","?","?","R","?","R","T","?","E","M","?","E","R","BOSS","M","M","M","M","?","E","R","M","T","R","?","M","E","M","R","BOSS"],"items_purchased_type":["Card"],"build_version":"2020-12-22","purchased_purges":1,"victory":true,"max_hp_per_floor":[70,70,70,70,70,70,70,70,70,70,70,70,70,70,70,70,70,70,70,70,70,70,70,70,70,70,70,70,70,70,70,70,70,70,70,70,70,70,66,66,66,66,66,66,66,66,66,66,66,66],"card_choices":[{"not_picked":["Terror","Predator"],"picked":"Blade Dance","floor":1},{"not_picked":["Bane","Setup","Riddle With Holes"],"picked":"SKIP","floor":2},{"not_picked":["Deflect","Underhanded Strike"],"picked":"Tactician","floor":3},{"not_picked":["All Out Attack","Endless Agony"],"picked":"Dagger Throw","floor":4},{"not_picked":["Flying Knee","Caltrops"],"picked":"Prepared","floor":5},{"not_picked":["Sucker Punch","Envenom"],"picked":"Cloak And Dagger","floor":6},{"not_picked":["Sucker Punch","Slice","Flying Knee"],"picked":"SKIP","floor":8},{"not_picked":["Dodge and Roll","Prepared"],"picked":"Blade Dance","floor":10},{"not_picked":["Endless Agony","Flying Knee"],"picked":"Acrobatics","floor":12},{"not_picked":["PiercingWail","Masterful Stab"],"picked":"Prepared","floor":14},{"not_picked":["Storm of Steel","Grand Finale"],"picked":"Adrenaline","floor":16},{"not_picked":["Dodge and Roll","Setup+1"],"picked":"Backstab+1","floor":18},{"not_picked":["Blur","Outmaneuver","All Out Attack+1"],"picked":"SKIP","floor":19},{"not_picked":["Infinite Blades","Caltrops"],"picked":"Acrobatics","floor":24},{"not_picked":["PiercingWail","Crippling Poison","Quick Slash"],"picked":"After Image","floor":28},{"not_picked":["Outmaneuver","Choke","Flying Knee","Acrobatics"],"picked":"SKIP","floor":29},{"not_picked":["Dodge and Roll","Poisoned Stab","Slice+1"],"picked":"Reflex","floor":30},{"not_picked":["Acrobatics","Die Die Die","Storm of Steel","Sucker Punch"],"picked":"SKIP","floor":31},{"not_picked":["Envenom","Wraith Form v2","Storm of Steel"],"picked":"Phantasmal Killer","floor":33},{"not_picked":["Deflect","Dash","Flying Knee","Bane+1"],"picked":"SKIP","floor":35},{"not_picked":["Slice+1","Prepared","Dagger Spray+1"],"picked":"Calculated Gamble","floor":36},{"not_picked":["Heel Hook","Dodge and Roll+1","PiercingWail+1"],"picked":"Endless Agony+1","floor":37},{"not_picked":["Dodge and Roll","Dagger Throw+1","Acrobatics+1"],"picked":"Endless Agony","floor":38},{"not_picked":["PiercingWail","All Out Attack+1","Caltrops+1","Distraction+1"],"picked":"SKIP","floor":40},{"not_picked":["Sucker Punch+1","Choke+1","Dash+1"],"picked":"Underhanded Strike+1","floor":42},{"not_picked":["Flechettes","Envenom","Infinite Blades","Sucker Punch"],"picked":"SKIP","floor":46},{"not_picked":["Deflect+1","Quick Slash","Deadly Poison","Storm of Steel"],"picked":"SKIP","floor":47},{"not_picked":["Bouncing Flask","Choke+1","Cloak And Dagger+1"],"picked":"Calculated Gamble+1","floor":48}],"player_experience":259123,"relics_obtained":[{"floor":6,"key":"Turnip"},{"floor":9,"key":"White Beast Statue"},{"floor":10,"key":"InkBottle"},{"floor":14,"key":"Blue Candle"},{"floor":24,"key":"Red Mask"},{"floor":26,"key":"Question Card"},{"floor":28,"key":"Dream Catcher"},{"floor":31,"key":"Bottled Flame"},{"floor":40,"key":"Shovel"},{"floor":43,"key":"MealTicket"},{"floor":44,"key":"Toy Ornithopter"},{"floor":45,"key":"Gambling Chip"},{"floor":47,"key":"Juzu Bracelet"}],"event_choices":[{"damage_healed":0,"gold_gain":0,"cards_transformed":["Strike_G","Defend_G"],"player_choice":"Became Test Subject","damage_taken":0,"max_hp_gain":0,"max_hp_loss":0,"event_name":"Drug Dealer","floor":20,"gold_loss":0,"cards_obtained":["Wraith Form v2","Escape Plan"]},{"damage_healed":0,"gold_gain":99,"player_choice":"Stole From Cult","damage_taken":0,"max_hp_gain":0,"max_hp_loss":0,"event_name":"Nest","floor":21,"gold_loss":0},{"cards_removed":["Strike_G"],"damage_healed":0,"gold_gain":0,"player_choice":"Gave Gold","damage_taken":0,"max_hp_gain":0,"max_hp_loss":0,"event_name":"Beggar","floor":22,"gold_loss":75},{"damage_healed":0,"gold_gain":0,"player_choice":"Fought Bandits","damage_taken":0,"max_hp_gain":0,"max_hp_loss":0,"event_name":"Masked Bandits","floor":24,"gold_loss":0},{"damage_healed":23,"gold_gain":0,"player_choice":"Heal","damage_taken":0,"max_hp_gain":0,"max_hp_loss":0,"event_name":"The Library","floor":27,"gold_loss":0},{"damage_healed":0,"gold_gain":0,"player_choice":"Max HP","damage_taken":0,"max_hp_gain":0,"max_hp_loss":4,"event_name":"Winding Halls","floor":39,"gold_loss":0},{"damage_healed":0,"gold_gain":0,"player_choice":"Fight","damage_taken":0,"max_hp_gain":0,"max_hp_loss":0,"event_name":"Mysterious Sphere","floor":45,"gold_loss":0}],"is_beta":false,"boss_relics":[{"not_picked":["Busted Crown","Sozu"],"picked":"WristBlade"},{"not_picked":["Velvet Choker","SlaversCollar"],"picked":"SacredBark"}],"items_purged_floors":[13],"is_endless":false,"potions_floor_spawned":[1,6,10,12,14,16,18,19,24,28,29,30,31,33,35,36,37,38,40,42,45,46,47,48],"ascension_level":9}}