{"host":"qmdmcz5nn4dzus5k","time":1612919159,"event":{"mods":["AchievementEnabler","BaseMod","Bestiary","BetterRewards","Card Filter","Displayed Cursed Tome","Minty Spire (QoL Compilation)","Quick Restart","Relic Filter","Remove Card Discount Mod","Replay The Spire","Spicy Shops","StSLib","The Marked","TheHero","Uncapped"],"gold_per_floor":[113,113,125,140,140,140,167,179,233,233,233,233,245,276,276,377,377,396,396,63,272,283,283,298,298,322,322,322,322,322,336,416,517,517,532,77,96,96,96],"floor_reached":38,"language":"ENG","playtime":2448,"items_purged":["Regret","theMarked:Defend","theMarked:Strike","Replay:Parry"],"score":532,"play_id":"ed4ed0b8-4c68-44b0-a0bc-9c4eb69a9e5e","local_time":"20210209200559","is_ascension_mode":false,"campfire_choices":[{"data":"theMarked:SoldierOfQuellstein","floor":6,"key":"SMITH"},{"floor":10,"key":"REST"},{"floor":12,"key":"REST"},{"floor":15,"key":"REST"},{"floor":23,"key":"REST"},{"floor":25,"key":"REST"},{"floor":27,"key":"REST"},{"floor":30,"key":"REST"}],"circlet_count":0,"master_deck":["theMarked:Strike+1","theMarked:Strike+1","theMarked:Strike+1","theMarked:Strike+1","theMarked:Defend+1","theMarked:Defend+1","theMarked:Defend+1","theMarked:SoldierOfQuellstein+1","theMarked:BanishingStrike+1","theMarked:Frustration","theMarked:BanishingStrike","theMarked:Opportunist","theMarked:AttractMetal","theMarked:EmpowerWeapon","theMarked:Aftermath","theMarked:Abjuration","theMarked:BindingBlade","theMarked:ComboAttacks","theMarked:BanishingStrike","theMarked:Generate+1","theMarked:Vacuum","Apotheosis","theMarked:MuscleMemory","theMarked:Determination"],"relics":["theMarked:ArtifactOfAir","Membership Card","Replay:Baseball","Chameleon Ring","Replay:Wax Seal","Juzu Bracelet","Whetstone","Black Star","Sling","Smiling Mask","theMarked:SpiritSword","Question Card"],"acts_visited":["Exordium","TheCity","TheBeyond"],"potions_floor_usage":[16,16,16,33],"damage_taken":[{"damage":5,"enemies":"Cultist","floor":1,"turns":4},{"damage":2,"enemies":"2 Louse","floor":3,"turns":2},{"damage":0,"enemies":"Small Slimes","floor":4,"turns":2},{"damage":26,"enemies":"Gremlin Nob","floor":7,"turns":4},{"damage":11,"enemies":"Exordium Wildlife","floor":8,"turns":3},{"damage":5,"enemies":"2 Fungi Beasts","floor":13,"turns":3},{"damage":26,"enemies":"Lagavulin","floor":14,"turns":7},{"damage":8,"enemies":"Slime Boss","floor":16,"turns":5},{"damage":14,"enemies":"3 Byrds","floor":18,"turns":6},{"damage":5,"enemies":"Spheric Guardian","floor":22,"turns":4},{"damage":31,"enemies":"Centurion and Healer","floor":24,"turns":6},{"damage":13,"enemies":"Snake Plant","floor":31,"turns":3},{"damage":42,"enemies":"Champ","floor":33,"turns":8},{"damage":22,"enemies":"3 Shapes","floor":35,"turns":5},{"damage":73,"enemies":"3 Darklings","floor":37,"turns":8},{"damage":16,"enemies":"Jaw Worm Horde","floor":38,"turns":1}],"seed_played":"4881616893918240360","potions_obtained":[{"floor":3,"key":"DistilledChaos"},{"floor":7,"key":"AttackPotion"},{"floor":14,"key":"Strength Potion"},{"floor":24,"key":"SteroidPotion"},{"floor":31,"key":"AttackPotion"},{"floor":37,"key":"Flashbang"}],"is_trial":false,"path_per_floor":["M","?","M","M","?","R","E","M","T","R","?","R","M","E","R","B",null,"M","?","$","?","M","R","M","R","T","R","?","?","R","M","R","B",null,"M","$","M","M"],"character_chosen":"THE_DEFAULT","items_purchased":["Membership Card","theMarked:BindingBlade","Sling","theMarked:ComboAttacks","Elixir","Apotheosis","FairyPotion","Question Card","theMarked:MuscleMemory"],"campfire_rested":7,"item_purchase_floors":[0,20,20,20,20,36,36,36,36],"current_hp_per_floor":[65,65,63,63,63,63,37,26,26,47,35,56,51,25,46,38,70,56,56,56,28,23,44,13,34,34,55,55,55,70,57,57,15,70,48,48,12,0,0],"gold":96,"neow_bonus":"","is_daily":false,"chose_seed":false,"campfire_upgraded":1,"win_rate":0.0,"timestamp":1612919159,"path_taken":["M","?","?","M","?","R","E","M","T","R","?","R","M","E","R","BOSS","M","?","$","?","M","R","M","R","T","R","?","?","R","M","R","BOSS","M","$","M","M"],"items_purchased_type":["Relic","Card","Relic","Card","Potion","Card","Potion","Relic","Card"],"build_version":"2020-12-22","purchased_purges":4,"victory":false,"max_hp_per_floor":[70,70,70,70,70,70,70,70,70,70,70,70,70,70,70,70,70,70,70,70,70,70,70,70,70,70,70,70,70,70,70,70,70,70,70,70,70,70,70],"card_choices":[{"not_picked":["theMarked:ElectricStrings","theMarked:Improvise"],"picked":"theMarked:BanishingStrike","floor":1},{"not_picked":["theMarked:Electrify","theMarked:ChainLightning"],"picked":"theMarked:Frustration","floor":3},{"not_picked":["theMarked:Parkour","theMarked:ChainLightning"],"picked":"theMarked:BanishingStrike","floor":4},{"not_picked":["theMarked:SwordAndMagic","theMarked:GodGivenPower"],"picked":"theMarked:Opportunist","floor":7},{"not_picked":["theMarked:Electrocute","theMarked:GodGivenPower"],"picked":"theMarked:AttractMetal","floor":8},{"not_picked":["theMarked:TheMission","theMarked:Seal"],"picked":"theMarked:EmpowerWeapon","floor":13},{"not_picked":["theMarked:Electrocute","theMarked:AttractMetal"],"picked":"theMarked:Aftermath","floor":14},{"not_picked":["theMarked:Vacuum","theMarked:UnarmedFury"],"picked":"theMarked:Abjuration","floor":16},{"not_picked":["theMarked:Panic","theMarked:Improvise","theMarked:ShockingTouch"],"picked":"SKIP","floor":18},{"not_picked":["theMarked:ElectricStrings+1","theMarked:Frustration+1"],"picked":"theMarked:BanishingStrike","floor":22},{"not_picked":["theMarked:Aftermath","theMarked:ResourceFulStrike+1","theMarked:WastefulAttack+1"],"picked":"SKIP","floor":24},{"not_picked":["theMarked:ChainLightning","theMarked:WastefulAttack+1"],"picked":"theMarked:Generate+1","floor":31},{"not_picked":["theMarked:SuspiciousRaven","theMarked:Levitate"],"picked":"theMarked:Vacuum","floor":33},{"not_picked":["theMarked:HeightenedSenses","theMarked:Parkour+1","theMarked:LightningStrikesTwice+1"],"picked":"SKIP","floor":35},{"not_picked":["theMarked:ChannelForce+1","theMarked:SwordAndMagic+1","theMarked:Memento+1"],"picked":"theMarked:Determination","floor":37}],"player_experience":68871,"relics_obtained":[{"floor":7,"key":"Chameleon Ring"},{"floor":9,"key":"Replay:Wax Seal"},{"floor":14,"key":"Whetstone"},{"floor":26,"key":"Smiling Mask"}],"event_choices":[{"damage_healed":0,"gold_gain":0,"player_choice":"Ignored","damage_taken":0,"max_hp_gain":0,"max_hp_loss":0,"event_name":"NoteForYourself","floor":2,"gold_loss":0},{"damage_healed":0,"gold_gain":0,"player_choice":"Box","damage_taken":0,"relics_obtained":["Replay:Baseball"],"max_hp_gain":0,"max_hp_loss":0,"event_name":"Big Fish","floor":5,"gold_loss":0,"cards_obtained":["Regret"]},{"damage_healed":0,"gold_gain":0,"player_choice":"Success","damage_taken":12,"relics_obtained":["Juzu Bracelet"],"max_hp_gain":0,"max_hp_loss":0,"event_name":"Scrap Ooze","floor":11,"gold_loss":0},{"damage_healed":0,"gold_gain":0,"player_choice":"Ignored","damage_taken":0,"max_hp_gain":0,"max_hp_loss":0,"event_name":"Vampires","floor":19,"gold_loss":0},{"damage_healed":0,"gold_gain":0,"player_choice":"Simplicity","damage_taken":0,"max_hp_gain":0,"max_hp_loss":0,"event_name":"Back to Basics","floor":29,"gold_loss":0,"cards_upgraded":["theMarked:Strike","theMarked:Strike","theMarked:Strike","theMarked:Defend","theMarked:Defend","theMarked:Defend"]}],"is_beta":false,"boss_relics":[{"not_picked":["Tiny House","ReplayTheSpireMod:DimensionalGlitch"],"picked":"Black Star"},{"not_picked":["theMarked:Eyepatch","Sozu"],"picked":"theMarked:SpiritSword"}],"items_purged_floors":[20,20,20,20],"is_endless":false,"potions_floor_spawned":[3,7,14,24,31,37],"killed_by":"Jaw Worm Horde","ascension_level":0}}