{"host":"o3b7ow6d1xe49css","time":1612954687,"event":{"mods":["Act Like it!","Aspiration","BaseMod","Bestiary","Better Altar","Better Match","Better Note","Better Sensory Stone","Better Skull","Better Third Choice","Colored Powertips","Conspire","Energized Spire","Force Act Four","GifTheSpireLib","Halation","Hermit","Hubris","Infinite Spire","Lobotomy","Minty Spire (QoL Compilation)","Quick Restart","Rare Cards Sparkle","Relic Filter Mod","Reliquary","Replay The Spire","Spicy Shops","Spikes Relics","Spire Arcade","StSLib","Stuff the Spire","The Blue Laboratory","Wandering Minibosses"],"gold_per_floor":[111,0,12,121,121,154,179,179,205,233,408,408,433,479,479,583,583,600,116,129,129,129,166,207,253,278,278,278,26,54,103,103,219,219,626,626,657,702,734,734,773,815,839,877,920,920,617,157,157,276,276,276,18,66,94],"floor_reached":56,"language":"ENG","playtime":2573,"items_purged":["StuffTheSpire:CuriosityCurse","Strike_B","Strike_B","Doubt","Strike_B","FIFO Queue"],"score":1948,"play_id":"14b77553-36ac-4c47-a1cb-ca082770beaa","local_time":"20210210015807","daily_mods":["Heirloom","Flight"],"is_ascension_mode":true,"campfire_choices":[{"floor":8,"key":"REST"},{"floor":12,"key":"REST"},{"floor":15,"key":"DIG"},{"data":"Biased Cognition","floor":27,"key":"SMITH"},{"floor":32,"key":"RECALL"},{"data":"infinitespire:NeuralNetwork","floor":40,"key":"SMITH"},{"floor":49,"key":"REST"},{"data":"hubris:PowerSurge","floor":52,"key":"SMITH"}],"circlet_count":0,"master_deck":["Defend_B","Defend_B","Zap","Dualcast","UniverseFragment","Electrodynamics","Ball Lightning","Biased Cognition+1","hubris:PowerSurge+1","Ball Lightning","Leap","Echo Form","Hologram","Coolheaded+1","Cold Snap+1","Gash+1","Core Surge","infinitespire:NeuralNetwork+1","Tempest+1","FIFO Queue","Self Repair+1","Core Surge+1","Seek+1"],"relics":["Cracked Core","Ring of Chaos","CrustySpines","CogitoBucket","Dead Branch","Ice Cream","Replay:Mystery Machine","Tiny Chest","Garlic","ReplayFunnel","Toy Ornithopter","StuffTheSpire:Experiment12","CosmicIsotope","Orrery","Matryoshka","Replay:Bandana","infinitespire:Midas Blood","hubris:64BitClover","Regal Pillow","StuffTheSpire:Mouthbags","Geode","conspire:TopHat","Replay:Kaleidoscope","ResearcherNote","Pocketwatch","energizedSpire:DeadBattery","wanderingMiniBosses:LockLocket","infinitespire:Bottled Soul","Replay:Baseball","reliquary:OuijaBoard","halation:PrussianBluePaint","infinitespire:PuzzleCube","DataDisk","aspiration:MysteriousAuxiliaryCore","hubris:MobiusCoin","Unceasing Top","Astrolabe","Ring of Chaos","LugNut","ReplayTheSpireMod:Lightbulb"],"acts_visited":["Exordium","TheCity","TheBeyond","Exordium","TheEnding"],"potions_floor_usage":[6,16,23,23,23,24,30,31,41,41,41,44,45,45,54,55,55],"damage_taken":[{"damage":0,"enemies":"Cultist","floor":1,"turns":4},{"damage":0,"enemies":"2 Louse","floor":3,"turns":2},{"damage":7,"enemies":"Jaw Worm","floor":4,"turns":6},{"damage":21,"enemies":"Lagavulin","floor":6,"turns":6},{"damage":25,"enemies":"3 Sentries","floor":7,"turns":3},{"damage":17,"enemies":"Lagavulin","floor":10,"turns":5},{"damage":0,"enemies":"3 Sentries","floor":13,"turns":2},{"damage":0,"enemies":"Slime Boss","floor":16,"turns":4},{"damage":0,"enemies":"conspire:FuzzyDice","floor":18,"turns":3},{"damage":0,"enemies":"Chosen","floor":20,"turns":3},{"damage":0,"enemies":"Gremlin Leader","floor":23,"turns":5},{"damage":0,"enemies":"Slavers","floor":24,"turns":4},{"damage":12,"enemies":"conspire:SneckoGhost","floor":25,"turns":5},{"damage":2,"enemies":"Snake Plant","floor":30,"turns":4},{"damage":0,"enemies":"Nightmare","floor":31,"turns":5},{"damage":4,"enemies":"Automaton","floor":33,"turns":5},{"damage":0,"enemies":"Orb Walker","floor":35,"turns":5},{"damage":0,"enemies":"3 Darklings","floor":37,"turns":4},{"damage":2,"enemies":"Writhing Mass","floor":39,"turns":5},{"damage":0,"enemies":"Nightmare","floor":41,"turns":6},{"damage":11,"enemies":"Nemesis","floor":42,"turns":3},{"damage":0,"enemies":"Giant Head","floor":44,"turns":7},{"damage":21,"enemies":"R_Hoarder","floor":45,"turns":5},{"damage":16,"enemies":"Time Eater","floor":50,"turns":6},{"damage":16,"enemies":"Shield and Spear","floor":54,"turns":2},{"damage":14,"enemies":"The Heart","floor":55,"turns":7}],"seed_played":"-2609186207356966969","potions_obtained":[{"floor":4,"key":"blueLaboratory:AbyssPotion"},{"floor":6,"key":"blueLaboratory:AbyssPotion"},{"floor":7,"key":"blueLaboratory:BottleOfRum"},{"floor":13,"key":"AttackPotion"},{"floor":16,"key":"PowerPotion"},{"floor":21,"key":"EntropicBrew"},{"floor":21,"key":"LifebloodPotion"},{"floor":21,"key":"infinitespire:BlackPotion"},{"floor":24,"key":"Weak Potion"},{"floor":25,"key":"Block Potion"},{"floor":30,"key":"blueLaboratory:ArtificerPotion"},{"floor":31,"key":"blueLaboratory:ConsumingVoid"},{"floor":37,"key":"SkillPotion"},{"floor":45,"key":"FearPotion"},{"floor":54,"key":"LiquidBronze"}],"is_trial":true,"path_per_floor":["M","$","M","M","?","E","E","R","T","E","?","R","E","T","R","B",null,"M","$","M","?","T","E","E","E","T","R","AVR","$","M","NM","R","B",null,"M","AVR","M","T","M","R","NM","E","T","E","E","T","$","$","R","B",null,"R","$","E","B",null],"character_chosen":"DEFECT","items_purchased":["Gash+1","DistilledChaos","Orrery","Matryoshka","Core Surge","hubris:MobiusCoin","FIFO Queue","blueLaboratory:TeslaPotion","Unceasing Top","LugNut"],"campfire_rested":3,"item_purchase_floors":[2,2,19,19,29,47,47,47,48,53],"current_hp_per_floor":[75,75,75,68,68,47,22,44,44,27,27,49,49,49,49,54,70,70,70,70,70,70,75,75,63,63,63,63,63,66,71,71,67,73,73,73,73,73,71,71,75,64,64,69,58,58,58,58,75,59,74,74,74,63,59],"gold":94,"neow_bonus":"","is_daily":false,"chose_seed":false,"campfire_upgraded":3,"win_rate":0.0,"timestamp":1612954687,"path_taken":["M","?","M","M","?","E","E","R","T","E","?","R","E","?","R","BOSS","M","$","M","?","?","E","E","E","T","R","AVR","$","?","NM","R","BOSS","M","AVR","M","?","?","R","NM","E","T","E","E","?","$","$","R","BOSS","R","$","E","BOSS"],"items_purchased_type":["Card","Potion","Relic","Relic","Card","Relic","Card","Potion","Relic","Relic"],"build_version":"2020-12-22","purchased_purges":6,"victory":true,"max_hp_per_floor":[75,75,75,75,75,75,75,75,75,75,75,75,75,75,75,75,75,75,75,75,75,75,75,75,75,75,75,75,75,75,75,75,75,75,75,75,75,75,75,75,75,75,75,75,75,75,75,75,75,75,75,75,75,75,75],"card_choices":[{"not_picked":["CherryBlossoms","BeautyBeast","ShyLook"],"picked":"Singing Bowl","floor":1},{"not_picked":["VoidDream","QueenOfHatred"],"picked":"UniverseFragment","floor":1},{"not_picked":["Aggregate","Doom and Gloom","Rebound"],"picked":"SKIP","floor":1},{"not_picked":["conspire:Rain","StuffTheSpire:LoadUp"],"picked":"Electrodynamics","floor":3},{"not_picked":["PunishingBird","MHz","Wellcheers"],"picked":"Singing Bowl","floor":3},{"not_picked":["Compile Driver","StuffTheSpire:Plugnplay"],"picked":"Ball Lightning","floor":4},{"not_picked":["Mercenary","HeroicMonk","Bloodbath"],"picked":"Singing Bowl","floor":4},{"not_picked":["Barrage","BootSequence"],"picked":"Biased Cognition","floor":6},{"not_picked":["Beam Cell","Hello World"],"picked":"hubris:PowerSurge","floor":7},{"not_picked":["ReplaySolidLightProjector","Recycle"],"picked":"Ball Lightning","floor":10},{"not_picked":["Undo","Chill"],"picked":"Leap","floor":13},{"not_picked":["QueenOfHatred","OldLady","FairyFestival"],"picked":"Singing Bowl","floor":18},{"not_picked":["Beam Cell","Streamline","Panic Button"],"picked":"SKIP","floor":18},{"not_picked":["Barrage","Conserve Battery"],"picked":"Echo Form","floor":19},{"not_picked":["Beam Cell","Compile Driver+1"],"picked":"Hologram","floor":19},{"not_picked":["StuffTheSpire:Plugnplay","FTL"],"picked":"Coolheaded+1","floor":19},{"not_picked":["Conserve Battery","Blizzard"],"picked":"Cold Snap+1","floor":20},{"not_picked":["RedShoes","QueenBee","CrumblingArmor"],"picked":"Singing Bowl","floor":20},{"not_picked":["Steam","Creative AI","Streamline"],"picked":"SKIP","floor":23},{"not_picked":["White Noise","Barrage","Aggregate"],"picked":"SKIP","floor":24},{"not_picked":["Melter","Cold Snap","Rebound+1"],"picked":"SKIP","floor":25},{"not_picked":["Hologram+1","Gash+1","Coolheaded"],"picked":"SKIP","floor":30},{"not_picked":["Sweeping Beam","ReplayTheSpireMod:Omega Cannon","ReplayTheSpireMod:Reroute Power"],"picked":"SKIP","floor":31},{"not_picked":["Chaos+1","Streamline","StuffTheSpire:GlassShard"],"picked":"SKIP","floor":35},{"not_picked":["Ball Lightning+1","Redo+1","Go for the Eyes"],"picked":"SKIP","floor":37},{"not_picked":["ReplayTheSpireMod:Repulse","Conserve Battery+1","Reprogram"],"picked":"SKIP","floor":39},{"not_picked":["FTL","Streamline"],"picked":"Tempest+1","floor":41},{"not_picked":["Steam+1","StuffTheSpire:Plugnplay+1","Reprogram"],"picked":"SKIP","floor":42},{"not_picked":["Conserve Battery","ReplayRNGCard","StuffTheSpire:SnapShoot+1"],"picked":"SKIP","floor":44},{"not_picked":["Rebound","Genetic Algorithm+1","Stack"],"picked":"SKIP","floor":45},{"not_picked":["Compile Driver","Heatsinks+1","ReplayTheSpireMod:GoodbyeWorld+1"],"picked":"SKIP","floor":54}],"player_experience":1344860,"relics_obtained":[{"floor":6,"key":"Ice Cream"},{"floor":7,"key":"Replay:Mystery Machine"},{"floor":9,"key":"Tiny Chest"},{"floor":10,"key":"Garlic"},{"floor":13,"key":"ReplayFunnel"},{"floor":14,"key":"Toy Ornithopter"},{"floor":15,"key":"StuffTheSpire:Experiment12"},{"floor":22,"key":"Replay:Bandana"},{"floor":22,"key":"infinitespire:Midas Blood"},{"floor":23,"key":"hubris:64BitClover"},{"floor":24,"key":"Regal Pillow"},{"floor":25,"key":"StuffTheSpire:Mouthbags"},{"floor":26,"key":"Geode"},{"floor":26,"key":"conspire:TopHat"},{"floor":31,"key":"Pocketwatch"},{"floor":35,"key":"wanderingMiniBosses:LockLocket"},{"floor":38,"key":"Replay:Baseball"},{"floor":41,"key":"reliquary:OuijaBoard"},{"floor":42,"key":"halation:PrussianBluePaint"},{"floor":44,"key":"infinitespire:PuzzleCube"},{"floor":45,"key":"DataDisk"},{"floor":46,"key":"aspiration:MysteriousAuxiliaryCore"},{"floor":54,"key":"ReplayTheSpireMod:Lightbulb"}],"event_choices":[{"damage_healed":0,"gold_gain":175,"player_choice":"AGREE","damage_taken":233,"max_hp_gain":0,"max_hp_loss":0,"event_name":"betterThird:BetterSerpent","floor":11,"gold_loss":0},{"damage_healed":0,"gold_gain":0,"player_choice":"Got Potions","damage_taken":0,"max_hp_gain":0,"max_hp_loss":0,"event_name":"Lab","floor":21,"gold_loss":0}],"is_beta":false,"boss_relics":[{"not_picked":["reliquary:RedPaperclip","hubris:GrandSneckoEye"],"picked":"CosmicIsotope"},{"not_picked":["halation:SmartPhone","Velvet Choker"],"picked":"energizedSpire:DeadBattery"},{"not_picked":["hubris:ScarierMask","aspiration:FutureDiary"],"picked":"Astrolabe"}],"items_purged_floors":[19,28,29,36,47,48],"is_endless":true,"potions_floor_spawned":[4,6,7,10,13,16,24,25,30,31,33,35,37,45,50,54],"ascension_level":5}}