{"host":"Jinnai","time":1612921387,"event":{"mods":["BaseMod","Bestiary","Block Reminder","Colored Map","Colored Powertips","Curses Come First","Highlight Path","Minty Spire (QoL Compilation)","Permanent Neow","Potion Indicator Mod","Quick Restart","Relic Stats","StSLib","ojb\u0027s Info Mod"],"gold_per_floor":[118,43,56,72,86,117,134,134,134,146,146,156,56,72,72,167,217,227,30,49,82,98,98,197,232,232,242,259,259,259],"floor_reached":29,"language":"ENG","playtime":1147,"items_purged":["Strike_P","Strike_P","Strike_P"],"score":301,"play_id":"4db044c8-7ce1-4cf0-a166-5f005632b2ff","local_time":"20210209204307","is_ascension_mode":false,"campfire_choices":[{"floor":8,"key":"REST"},{"floor":15,"key":"REST"},{"data":"Eruption","floor":23,"key":"SMITH"}],"circlet_count":0,"master_deck":["Strike_P","Defend_P","Eruption+1","Vigilance+1","FlurryOfBlows","EmptyFist+1","EmptyBody","Adaptation","FlurryOfBlows+1","InnerPeace"],"relics":["PureWater","Blue Candle","Molten Egg 2","Tiny House","Red Mask","Toxic Egg 2","Frozen Egg 2"],"acts_visited":["Exordium","TheCity"],"potions_floor_usage":[14,28,29,29,29,29],"damage_taken":[{"damage":3,"enemies":"Small Slimes","floor":1,"turns":3},{"damage":0,"enemies":"Cultist","floor":3,"turns":2},{"damage":0,"enemies":"2 Louse","floor":4,"turns":1},{"damage":2,"enemies":"2 Fungi Beasts","floor":5,"turns":4},{"damage":37,"enemies":"3 Sentries","floor":6,"turns":7},{"damage":5,"enemies":"Looter","floor":7,"turns":2},{"damage":18,"enemies":"Gremlin Gang","floor":10,"turns":3},{"damage":0,"enemies":"Large Slime","floor":12,"turns":4},{"damage":0,"enemies":"Lots of Slimes","floor":14,"turns":3},{"damage":0,"enemies":"Slime Boss","floor":16,"turns":5},{"damage":17,"enemies":"Shell Parasite","floor":18,"turns":6},{"damage":3,"enemies":"3 Byrds","floor":20,"turns":4},{"damage":10,"enemies":"Masked Bandits","floor":21,"turns":3},{"damage":2,"enemies":"Shelled Parasite and Fungi","floor":22,"turns":3},{"damage":42,"enemies":"Gremlin Leader","floor":25,"turns":6},{"damage":25,"enemies":"Snecko","floor":27,"turns":4},{"damage":4,"enemies":"Chosen and Byrds","floor":28,"turns":5},{"damage":9,"enemies":"Snake Plant","floor":29,"turns":2}],"seed_played":"8961434143688486062","potions_obtained":[{"floor":4,"key":"Ancient Potion"},{"floor":7,"key":"Energy Potion"},{"floor":10,"key":"Dexterity Potion"},{"floor":14,"key":"EntropicBrew"},{"floor":17,"key":"FairyPotion"}],"is_trial":false,"path_per_floor":["M","$","M","M","M","E","M","R","T","M","?","M","$","M","R","B",null,"M","$","M","?","M","R","?","E","T","M","M","M"],"character_chosen":"WATCHER","items_purchased":["InnerPeace"],"campfire_rested":2,"item_purchase_floors":[19],"current_hp_per_floor":[48,48,48,48,46,9,4,25,25,7,7,7,7,7,28,28,77,60,60,57,47,45,45,45,3,3,8,4,0,0],"gold":259,"neow_bonus":"REMOVE_TWO","is_daily":false,"chose_seed":false,"campfire_upgraded":1,"win_rate":0.0,"timestamp":1612921387,"path_taken":["M","$","M","M","M","E","M","R","T","M","?","M","$","M","R","BOSS","M","$","?","?","M","R","?","E","T","M","M","M"],"items_purchased_type":["Card"],"build_version":"2020-12-18","purchased_purges":3,"victory":false,"max_hp_per_floor":[72,72,72,72,72,72,72,72,72,72,72,72,72,72,72,72,77,77,77,77,77,77,77,77,77,77,77,77,77,77],"relic_stats":{"counters":[18,67],"Blue Candle":[0],"obtain_stats":[{"Tiny House":17,"Blue Candle":6,"Molten Egg 2":9,"Red Mask":21,"PureWater":0,"Toxic Egg 2":25,"Frozen Egg 2":26},{"Tiny House":10,"Blue Candle":5,"Molten Egg 2":6,"Red Mask":13,"PureWater":0,"Toxic Egg 2":15,"Frozen Egg 2":15},{"Tiny House":34,"Blue Candle":17,"Molten Egg 2":19,"Red Mask":47,"PureWater":0,"Toxic Egg 2":56,"Frozen Egg 2":56}]},"card_choices":[{"not_picked":["BowlingBash","CrushJoints","Protect"],"picked":"SKIP","floor":1},{"not_picked":["PathToVictory","Worship","EmptyBody"],"picked":"SKIP","floor":3},{"not_picked":["EmptyBody","CutThroughFate","Wireheading"],"picked":"SKIP","floor":4},{"not_picked":["FlyingSleeves","Nirvana"],"picked":"FlurryOfBlows","floor":5},{"not_picked":["Vengeance","Wish","CutThroughFate"],"picked":"SKIP","floor":6},{"not_picked":["CutThroughFate","ClearTheMind","Weave"],"picked":"SKIP","floor":7},{"not_picked":["DeceiveReality","EmptyBody"],"picked":"EmptyFist+1","floor":10},{"not_picked":["EmptyBody","Ragnarok+1","CarveReality+1"],"picked":"SKIP","floor":12},{"not_picked":["Sanctity","Perseverance"],"picked":"Adaptation","floor":14},{"not_picked":["Wallop+1","PathToVictory+1"],"picked":"FlurryOfBlows+1","floor":18},{"not_picked":["BowlingBash+1","EmptyBody","Consecrate+1"],"picked":"SKIP","floor":20},{"not_picked":["Halt","ClearTheMind","InnerPeace"],"picked":"SKIP","floor":22},{"not_picked":["Evaluate+1","FlyingSleeves+1","ReachHeaven+1"],"picked":"SKIP","floor":25},{"not_picked":["BowlingBash+1","Sanctity+1","Evaluate+1"],"picked":"SKIP","floor":27},{"not_picked":["Swivel+1","Protect+1","Nirvana+1"],"picked":"SKIP","floor":28}],"player_experience":1703420,"relics_obtained":[{"floor":6,"key":"Blue Candle"},{"floor":9,"key":"Molten Egg 2"},{"floor":21,"key":"Red Mask"},{"floor":25,"key":"Toxic Egg 2"},{"floor":26,"key":"Frozen Egg 2"}],"event_choices":[{"damage_healed":0,"gold_gain":0,"cards_transformed":["Defend_P"],"player_choice":"Transformed","damage_taken":0,"max_hp_gain":0,"max_hp_loss":0,"event_name":"Transmorgrifier","floor":11,"gold_loss":0,"cards_obtained":["EmptyBody"]},{"damage_healed":0,"gold_gain":0,"player_choice":"Fought Bandits","damage_taken":0,"max_hp_gain":0,"max_hp_loss":0,"event_name":"Masked Bandits","floor":21,"gold_loss":0},{"damage_healed":0,"gold_gain":99,"player_choice":"Stole From Cult","damage_taken":0,"max_hp_gain":0,"max_hp_loss":0,"event_name":"Nest","floor":24,"gold_loss":0}],"is_beta":true,"boss_relics":[{"not_picked":["Black Star","SlaversCollar"],"picked":"Tiny House"}],"items_purged_floors":[2,13,19],"is_endless":false,"potions_floor_spawned":[4,7,10,14,18,20,25],"killed_by":"Snake Plant","ascension_level":0}}