{"host":"j5shy70asow5koz5","time":1612984688,"event":{"mods":["2.2 Compatiblity","Act Like it!","Arknights","BaseMod","Colored Map","Marisa£¨Ùöéë¡¡Øª×âÞÞ£©","Minty Spire (QoL Compilation)","Prisma Mod","StSLib","SuperFastMode","Td1madao Mod","The Disciple","The Gatherer","The Servant 0.9.4","Waifu the Spire"],"gold_per_floor":[109,125,125,145,145,180,180,197,197,213,213,227,247,247,247,348,348,366,383,12,27,102,102,113,147,170,196,28,28,59,71,71,176,226,242,255,255,16,33,33,83,99,99,153,184,204,224,241,241,241],"floor_reached":51,"language":"KOR","playtime":1834,"items_purged":["ats:Strike G","ats:Armor Crushing Shot","ats:Defend"],"score":743,"play_id":"3185eb2c-ef1e-408e-8e46-d2fdff438c33","local_time":"20210211041808","is_ascension_mode":false,"campfire_choices":[{"data":"ats:Burning Ground","floor":7.0,"key":"SMITH"},{"data":"ats:Closed Bolt Burst Fire","floor":11.0,"key":"SMITH"},{"floor":15.0,"key":"REST"},{"data":"ats:Emotion Absorption","floor":23.0,"key":"SMITH"},{"floor":29.0,"key":"REST"},{"data":"ats:Guardian Obelisk","floor":32.0,"key":"SMITH"},{"data":"ats:Soul Absorption","floor":40.0,"key":"SMITH"},{"data":"ats:Flame Of Heaven","floor":49,"key":"SMITH"}],"circlet_count":0,"master_deck":["ats:Strike C","ats:Defend","ats:Defend","ats:Defend","ats:Emotion Absorption+1","ats:Closed Bolt Burst Fire+1","ats:Sashimi Platter","ats:Burning Ground+1","Decay","ats:Guardian Obelisk+1","ats:Ignite","ats:Very Hot Blade","ats:Flame Of Heaven+1","ats:Nebulous Foxfire+1","ats:Shell Defense+1","ats:Ignite","ats:Very Hot Blade+1","ats:Sunburst+1","ats:Apocalypse+1","ats:Absolute Focus","ats:Volcano+1","ats:Beaten Up","ats:Encircling Forest+1","ats:Soul Absorption+1","ats:Literary Storm+1","ats:Song Of Battle+1","ats:Calcification","ats:Absolute Focus"],"relics":["ats:Sanity","ats:Originium","Shuriken","Mummified Hand","Black Star","Bottled Lightning","Molten Egg 2","Unceasing Top","Bronze Scales","Eternal Feather","ats:Berate","Letter Opener","Gremlin Horn","Tiny House","FossilizedHelix","Potion Belt","CatCart","ats:Lavender","HornCleat"],"acts_visited":["Exordium","TheCity","TheBeyond"],"potions_floor_usage":[44,44,45,47],"damage_taken":[{"damage":2.0,"enemies":"2 Louse","floor":1.0,"turns":3.0},{"damage":6.0,"enemies":"Cultist","floor":2.0,"turns":3.0},{"damage":7.0,"enemies":"Small Slimes","floor":4.0,"turns":4.0},{"damage":30.0,"enemies":"Gremlin Nob","floor":6.0,"turns":4.0},{"damage":18.0,"enemies":"Red Slaver","floor":8.0,"turns":3.0},{"damage":3.0,"enemies":"Blue Slaver","floor":10.0,"turns":3.0},{"damage":15.0,"enemies":"Exordium Wildlife","floor":12.0,"turns":4.0},{"damage":0.0,"enemies":"2 Fungi Beasts","floor":13.0,"turns":2.0},{"damage":35.0,"enemies":"Slime Boss","floor":16.0,"turns":7.0},{"damage":22.0,"enemies":"Shell Parasite","floor":18.0,"turns":4.0},{"damage":24.0,"enemies":"3 Byrds","floor":19.0,"turns":4.0},{"damage":9.0,"enemies":"Snecko","floor":21.0,"turns":5.0},{"damage":22.0,"enemies":"Snake Plant","floor":24.0,"turns":3.0},{"damage":30.0,"enemies":"Gremlin Leader","floor":25.0,"turns":6.0},{"damage":29.0,"enemies":"Slavers","floor":27.0,"turns":5.0},{"damage":15.0,"enemies":"Gremlin Leader","floor":30.0,"turns":5.0},{"damage":17.0,"enemies":"Centurion and Healer","floor":31.0,"turns":3.0},{"damage":31.0,"enemies":"Collector","floor":33.0,"turns":5.0},{"damage":8.0,"enemies":"Orb Walker","floor":35.0,"turns":3.0},{"damage":34.0,"enemies":"3 Darklings","floor":36.0,"turns":4.0},{"damage":8.0,"enemies":"Sphere and 2 Shapes","floor":39.0,"turns":3.0},{"damage":32.0,"enemies":"Mind Bloom Boss Battle","floor":41.0,"turns":5.0},{"damage":24,"enemies":"Spire Growth","floor":42,"turns":4},{"damage":24,"enemies":"Orin","floor":44,"turns":7},{"damage":27,"enemies":"Reptomancer","floor":45,"turns":4},{"damage":24,"enemies":"Transient","floor":46,"turns":5},{"damage":16,"enemies":"3 Darklings","floor":47,"turns":4},{"damage":10,"enemies":"Maw","floor":48,"turns":6},{"damage":129,"enemies":"Donu and Deca","floor":50,"turns":9}],"seed_played":"8743933186784086671","potions_obtained":[{"floor":1.0,"key":"Fire Potion"},{"floor":8.0,"key":"Swift Potion"},{"floor":13.0,"key":"Explosive Potion"},{"floor":18.0,"key":"ats:Emergency Sanity Potion"},{"floor":21.0,"key":"SteroidPotion"},{"floor":24.0,"key":"ats:Top Emergency Sanity Potion"},{"floor":34.0,"key":"GamblersBrew"},{"floor":39.0,"key":"BlessingOfTheForge"},{"floor":42,"key":"ats:Burn Small Potion"},{"floor":46,"key":"Energy Potion"}],"is_trial":false,"path_per_floor":["M","M","?","M","?","E","R","M","T","M","R","M","M","?","R","B",null,"M","M","$","M","?","R","M","E","T","E","$","R","E","M","R","B",null,"M","M","T","$","M","R","?","M","T","?","E","M","M","M","R","B",null],"character_chosen":"DOCTOR_CLASS","items_purchased":["Bottled Lightning","ColorlessPotion","ats:Sunburst+1","ats:Soul Absorption","ats:Burn Big Potion"],"campfire_rested":2,"item_purchase_floors":[20,20,28,38,38],"current_hp_per_floor":[70,66,66,65,65,48,48,36,36,39,39,31,31,24,45,23,72,65,47,47,62,55,55,39,29,29,22,22,52,43,35,47,37,77,72,54,54,54,62,77,50,36,36,44,36,50,53,77,77,26],"gold":241,"neow_bonus":"THREE_CARDS","is_daily":false,"chose_seed":false,"campfire_upgraded":6,"win_rate":0.0,"timestamp":1612984688,"path_taken":["M","M","?","?","?","E","R","?","T","M","R","M","M","?","R","BOSS","M","M","$","M","?","R","M","E","T","E","$","R","E","M","R","BOSS","M","M","?","$","M","R","?","?","T","?","E","M","M","M","R","BOSS"],"items_purchased_type":["Relic","Potion","Card","Card","Potion"],"build_version":"2020-12-22","purchased_purges":3,"victory":true,"max_hp_per_floor":[72,72,72,72,72,72,72,72,72,72,72,72,72,72,72,72,72,72,72,72,72,72,72,72,72,72,72,72,72,72,72,72,72,77,77,77,77,77,77,77,77,77,77,77,77,77,77,77,77,77],"card_choices":[{"not_picked":["ats:Consecutive Shot Auto","ats:Leaping Hammer"],"picked":"ats:Closed Bolt Burst Fire","floor":0.0},{"not_picked":["ats:Apocalypse","ats:Neurotoxin"],"picked":"ats:Sashimi Platter","floor":1.0},{"not_picked":["ats:Spore Proliferation","ats:Revitalization","ats:Poison Spread"],"picked":"SKIP","floor":2.0},{"not_picked":["ats:Curse Doll","ats:Overload"],"picked":"ats:Burning Ground","floor":4.0},{"not_picked":["ats:Blood Oath","ats:Very Hot Blade"],"picked":"ats:Guardian Obelisk","floor":6.0},{"not_picked":["ats:Support Order","ats:Hook Shot"],"picked":"ats:Ignite","floor":8.0},{"not_picked":["ats:Explosion Area Strengthen","ats:Blood Oath"],"picked":"ats:Very Hot Blade","floor":10.0},{"not_picked":["ats:Neurotoxin","ats:Hammer On"],"picked":"ats:Flame Of Heaven","floor":12.0},{"not_picked":["ats:Consecutive Shot Auto","ats:Blood Oath","ats:Hammer On"],"picked":"SKIP","floor":13.0},{"not_picked":["ats:Wolf Pack","ats:Durian"],"picked":"ats:Nebulous Foxfire","floor":16.0},{"not_picked":["ats:Hammer On","ats:Closed Bolt Burst Fire"],"picked":"ats:Shell Defense+1","floor":18.0},{"not_picked":["ats:Flexible Camouflage","ats:Collapsing Strike","ats:Very Hot Blade"],"picked":"SKIP","floor":19.0},{"not_picked":["ats:Directed Diagnosis","ats:Leaping Hammer"],"picked":"ats:Ignite","floor":21.0},{"not_picked":["ats:Flexible Camouflage","ats:Explosion Area Strengthen","ats:Spore Proliferation"],"picked":"SKIP","floor":24.0},{"not_picked":["ats:Song Of Battle","ats:Encircling Forest"],"picked":"ats:Very Hot Blade+1","floor":25.0},{"not_picked":["ats:Phantom","ats:Poison Spread+1","ats:Flexible Camouflage"],"picked":"SKIP","floor":27.0},{"not_picked":["ats:True Silver Slash+1","ats:Revitalization"],"picked":"ats:Apocalypse+1","floor":30.0},{"not_picked":["ats:Powerful Strike+1","ats:Hammer On+1"],"picked":"ats:Absolute Focus","floor":31.0},{"not_picked":["ats:Wolf Pack+1","ats:Dogmatic Field"],"picked":"ats:Volcano+1","floor":33.0},{"not_picked":["ats:Leaping Hammer+1","ats:Steam Pump"],"picked":"ats:Beaten Up","floor":34.0},{"not_picked":["ats:Poison Spread+1","ats:Flexible Camouflage"],"picked":"ats:Encircling Forest+1","floor":35.0},{"not_picked":["ats:Consecutive Shot Auto+1","ats:Sword Rain+1","ats:Flexible Camouflage+1"],"picked":"SKIP","floor":36.0},{"not_picked":["ats:Shell Defense+1","ats:Absolute Focus"],"picked":"ats:Literary Storm+1","floor":39.0},{"not_picked":["ats:Cat Scratch+1","ats:Encircling Forest"],"picked":"ats:Song Of Battle+1","floor":42},{"not_picked":["ats:Phantom","ats:Counter Healing Mode+1"],"picked":"ats:Calcification","floor":45},{"not_picked":["ats:Very Hot Blade+1","ats:LN2 Cannon+1"],"picked":"ats:Absolute Focus","floor":46},{"not_picked":["ats:Apocalypse+1","ats:Shell Defense+1","ats:Neurotoxin"],"picked":"SKIP","floor":47},{"not_picked":["ats:Blood Oath+1","ats:Ignite+1","ats:Thermite Blade+1"],"picked":"SKIP","floor":48}],"player_experience":98287,"relics_obtained":[{"floor":6.0,"key":"ats:Originium"},{"floor":6.0,"key":"Shuriken"},{"floor":9.0,"key":"Mummified Hand"},{"floor":25.0,"key":"ats:Originium"},{"floor":25.0,"key":"Molten Egg 2"},{"floor":25.0,"key":"Unceasing Top"},{"floor":26.0,"key":"Bronze Scales"},{"floor":27.0,"key":"ats:Originium"},{"floor":27.0,"key":"Eternal Feather"},{"floor":27.0,"key":"ats:Berate"},{"floor":30.0,"key":"ats:Originium"},{"floor":30.0,"key":"Letter Opener"},{"floor":30.0,"key":"Gremlin Horn"},{"floor":41.0,"key":"FossilizedHelix"},{"floor":43,"key":"Potion Belt"},{"floor":44,"key":"CatCart"},{"floor":45,"key":"ats:Lavender"},{"floor":45,"key":"HornCleat"}],"event_choices":[{"cards_removed":["ats:Strike V"],"damage_healed":0.0,"max_hp_gain":0.0,"max_hp_loss":0.0,"gold_gain":0.0,"event_name":"Bonfire Elementals","player_choice":"Offered Basic","floor":3.0,"gold_loss":0.0,"damage_taken":0.0},{"damage_healed":0.0,"max_hp_gain":0.0,"max_hp_loss":0.0,"gold_gain":0.0,"event_name":"Wheel of Change","player_choice":"Cursed","floor":5.0,"gold_loss":0.0,"damage_taken":0.0,"cards_obtained":["Decay"]},{"cards_removed":["ats:Strike S"],"damage_healed":0.0,"max_hp_gain":0.0,"max_hp_loss":0.0,"gold_gain":0.0,"event_name":"Golden Wing","player_choice":"Card Removal","floor":14.0,"gold_loss":0.0,"damage_taken":7.0},{"damage_healed":0.0,"max_hp_gain":0.0,"max_hp_loss":0.0,"gold_gain":75.0,"event_name":"FaceTrader","player_choice":"Touch","floor":22.0,"gold_loss":0.0,"damage_taken":7.0},{"damage_healed":0.0,"max_hp_gain":0.0,"max_hp_loss":0.0,"gold_gain":0.0,"event_name":"MindBloom","player_choice":"Fight","floor":41.0,"gold_loss":0.0,"damage_taken":0.0},{"damage_healed":0,"gold_gain":0,"player_choice":"Fight","damage_taken":0,"max_hp_gain":0,"max_hp_loss":0,"event_name":"OrinTheCat","floor":44,"gold_loss":0}],"is_beta":false,"boss_relics":[{"not_picked":["Sozu","Runic Dome"],"picked":"Black Star"},{"not_picked":["SacredBark","Coffee Dripper"],"picked":"Tiny House"}],"items_purged_floors":[20,28,38],"is_endless":false,"potions_floor_spawned":[1,8,13,18,21,24,39,41,42,46],"ascension_level":0}}