{"host":"bavx0eibpuvdy04q","time":1613000247,"event":{"mods":["BaseMod","BetterRewards","Friendly Minions","Hermit","Hubris","Infinite Spire","KinomotoSakuraMod(????)","Kiyohime????","Koishi","LagranYue(???·?)","Marisa????????","Minty Spire (QoL Compilation)","Prisma Mod","Remilia??????","Replay The Spire","StSLib","The Administrix","The Alterego","The Animator","The Construct","The Cursed","The Disciple","The Hierophant","The Mystic","The Necromancer","The Runesmith","The Senshi","The Servant 0.9.4","Yakumo Yukari mod","Yuri Mod"],"gold_per_floor":[110,125,136,136,61,95,95,113,144,222,222,232,232,232],"floor_reached":14,"language":"ENG","playtime":1072,"items_purged":["yuri:yuriStrike"],"score":100,"play_id":"a9e4a285-cfe4-46c1-8cf7-cbc3651d1a88","local_time":"20210210163727","is_ascension_mode":false,"campfire_choices":[{"data":"yuri:Oolong","floor":7,"key":"SMITH"},{"data":"yuri:CalmingAura","floor":12,"key":"SMITH"}],"circlet_count":0,"master_deck":["yuri:yuriStrike","yuri:yuriStrike","yuri:yuriStrike","yuri:yuriDefend","yuri:yuriDefend","yuri:yuriDefend","yuri:yuriDefend","yuri:yuriDefend","yuri:Oolong+1","yuri:yuriStab","yuri:CalmingAura+1","yuri:DejaVu","yuri:yuriQuickStrike","yuri:ReloadGame","yuri:GrowingInsanity","yuri:GreenTea","yuri:SeeingDouble"],"relics":["yuri:yuriKnife","LagranYue:RandomDrawCardRelic","NeowsBlessing","hubris:Teleporter","Ornamental Fan","hubris:DisguiseKit"],"acts_visited":["Exordium"],"potions_floor_usage":[14],"damage_taken":[{"damage":0,"enemies":"Cultist","floor":1,"turns":1},{"damage":0,"enemies":"2 Louse","floor":2,"turns":1},{"damage":0,"enemies":"Jaw Worm","floor":3,"turns":1},{"damage":13,"enemies":"3 Sentries","floor":6,"turns":14},{"damage":7,"enemies":"Red Slaver","floor":8,"turns":3},{"damage":16,"enemies":"Replay:BlueRogue","floor":10,"turns":8},{"damage":7,"enemies":"Blue Slaver","floor":13,"turns":6},{"damage":77,"enemies":"Gremlin Nob","floor":14,"turns":6}],"seed_played":"-7848722031660033355","potions_obtained":[{"floor":2,"key":"PanachePotion"},{"floor":6,"key":"SmokeBomb"}],"is_trial":false,"path_per_floor":["M","M","M","?","$","E","R","M","E","T","R","M","E"],"character_chosen":"YURI","items_purchased":[],"campfire_rested":0,"item_purchase_floors":[],"current_hp_per_floor":[80,80,80,73,73,64,64,64,55,55,55,61,0,0],"gold":232,"neow_bonus":"THREE_ENEMY_KILL","is_daily":false,"chose_seed":false,"campfire_upgraded":2,"win_rate":0.0,"timestamp":1613000247,"path_taken":["M","?","M","?","$","E","R","M","E","?","R","?","E"],"items_purchased_type":[],"build_version":"2020-12-22","purchased_purges":1,"victory":false,"max_hp_per_floor":[80,80,80,80,80,80,80,80,80,80,80,80,80,80],"card_choices":[{"not_picked":["yuri:AdaptiveAI","yuri:yuriHeavyStrike"],"picked":"yuri:CalmingAura","floor":1},{"not_picked":["yuri:MultiDip","yuri:ThrowingKnives"],"picked":"yuri:DejaVu","floor":2},{"not_picked":["yuri:GlitchedStrike","yuri:ThornRemove"],"picked":"yuri:yuriQuickStrike","floor":3},{"not_picked":["yuri:BookGreen","yuri:Stare"],"picked":"yuri:ReloadGame","floor":6},{"not_picked":["yuri:StealPen","yuri:InduceGlitch"],"picked":"yuri:GrowingInsanity","floor":8},{"not_picked":["yuri:DebugCard","yuri:HeavierStrike"],"picked":"yuri:GreenTea","floor":10},{"not_picked":["yuri:TPose","yuri:GlitchedStrike","Wild Strike"],"picked":"yuri:SeeingDouble","floor":13}],"player_experience":112245,"relics_obtained":[{"floor":6,"key":"hubris:Teleporter"},{"floor":10,"key":"Ornamental Fan"},{"floor":11,"key":"hubris:DisguiseKit"}],"event_choices":[{"cards_removed":["yuri:yuriStrike"],"damage_healed":0,"gold_gain":0,"player_choice":"Card Removal","damage_taken":7,"max_hp_gain":0,"max_hp_loss":0,"event_name":"Golden Wing","floor":4,"gold_loss":0}],"is_beta":false,"boss_relics":[],"items_purged_floors":[5],"is_endless":false,"potions_floor_spawned":[2,6],"killed_by":"Gremlin Nob","ascension_level":0}}