{"host":"ndpbn7fqb3wjbd7p","time":1613001100,"event":{"mods":["AchievementEnabler","Act Like it!","AlwaysNeverKeys","BaseMod","Better Vampires","Block Reminder","Colored Powertips","DeckTracker","Defuse TimeMaze Blight","Friendly Minions","Hermit","Highlight Path","MarisaÅiñ∂âJÅ@ñÇóùçπÅj","Minty Spire (QoL Compilation)","Permanent Neow","Shade Mod","StSLib","SuperFastMode","Synergy Search","The Mystic","Unceasing Turn Reminder","Wandering Minibosses"],"gold_per_floor":[110,110,121,134,150,150,150,185,185,110,110,121,101,101,101,101,101],"floor_reached":16,"language":"ENG","playtime":701,"items_purged":["Dualcast"],"score":165,"play_id":"23943a12-67b2-4150-8215-b2abb96e7ba9","local_time":"20210211005140","is_ascension_mode":true,"campfire_choices":[{"data":"Loop","floor":7,"key":"SMITH"},{"data":"Defend_B","floor":11,"key":"PURGE"},{"data":"Zap","floor":15,"key":"PURGE"}],"circlet_count":0,"master_deck":["AscendersBane","Strike_B","Strike_B","Strike_B","Defend_B","Defend_B","Defend_B","Steam Power+1","Coolheaded","Coolheaded","Loop+1","Gash","Conserve Battery"],"relics":["Coffee Dripper","Kunai","Peace Pipe"],"acts_visited":["Exordium"],"potions_floor_usage":[8,16],"damage_taken":[{"damage":7,"enemies":"2 Louse","floor":1,"turns":2},{"damage":3,"enemies":"Jaw Worm","floor":3,"turns":4},{"damage":0,"enemies":"Small Slimes","floor":4,"turns":4},{"damage":22,"enemies":"Exordium Thugs","floor":5,"turns":6},{"damage":22,"enemies":"Gremlin Nob","floor":8,"turns":6},{"damage":4,"enemies":"Looter","floor":12,"turns":3},{"damage":16,"enemies":"Slime Boss","floor":16,"turns":3}],"seed_played":"4728725076905022715","potions_obtained":[{"floor":1,"key":"PowerPotion"},{"floor":12,"key":"ColorlessPotion"}],"is_trial":false,"path_per_floor":["M","?","M","M","M","?","R","E","T","$","R","M","?","?","R","B"],"character_chosen":"DEFECT","items_purchased":[],"campfire_rested":0,"item_purchase_floors":[],"current_hp_per_floor":[61,61,58,58,36,36,36,14,14,14,14,10,10,10,10,0,0],"gold":101,"neow_bonus":"BOSS_RELIC","is_daily":false,"chose_seed":false,"campfire_upgraded":1,"win_rate":0.0,"timestamp":1613001100,"path_taken":["M","?","M","M","M","?","R","E","T","$","R","M","?","?","R","BOSS"],"items_purchased_type":[],"build_version":"2020-12-22","purchased_purges":1,"victory":false,"max_hp_per_floor":[75,75,75,75,75,75,75,75,75,75,75,75,75,75,75,75,75],"card_choices":[{"not_picked":["Double Energy","Turbo"],"picked":"Steam Power","floor":1},{"not_picked":["Rebound","Steam"],"picked":"Coolheaded","floor":3},{"not_picked":["Compile Driver","Sweeping Beam"],"picked":"Coolheaded","floor":4},{"not_picked":["Force Field","Hologram"],"picked":"Loop","floor":5},{"not_picked":["Meteor Strike","Barrage"],"picked":"Gash","floor":8},{"not_picked":["Streamline","Redo"],"picked":"Conserve Battery","floor":12}],"player_experience":1226001,"relics_obtained":[{"floor":8,"key":"Kunai"},{"floor":9,"key":"Peace Pipe"}],"event_choices":[{"damage_healed":0,"gold_gain":0,"player_choice":"Ignored","damage_taken":0,"max_hp_gain":0,"max_hp_loss":0,"event_name":"Liars Game","floor":2,"gold_loss":0},{"cards_removed":["Strike_B"],"damage_healed":0,"gold_gain":0,"player_choice":"Forget","damage_taken":0,"max_hp_gain":0,"max_hp_loss":0,"event_name":"Living Wall","floor":6,"gold_loss":0},{"damage_healed":0,"gold_gain":0,"player_choice":"Left Gold","damage_taken":0,"max_hp_gain":0,"max_hp_loss":0,"event_name":"World of Goop","floor":13,"gold_loss":20},{"damage_healed":0,"gold_gain":0,"player_choice":"Upgraded","damage_taken":0,"max_hp_gain":0,"max_hp_loss":0,"event_name":"Upgrade Shrine","floor":14,"gold_loss":0,"cards_upgraded":["Steam Power"]}],"is_beta":false,"boss_relics":[],"items_purged_floors":[10],"is_endless":false,"potions_floor_spawned":[1,12],"killed_by":"Slime Boss","ascension_level":13}}