{"host":"8nctav4lo34mnono","time":1613001505,"event":{"mods":["BaseMod","Bestiary","Highlight Path","Minty Spire (QoL Compilation)","Relic Stats","Slay the Relics Exporter"],"gold_per_floor":[110,110,124,138,213,240,240,270,270,286,296,296,296,324,324,429,429,442,461,476,491,501,501,501,529,575,575,137,137,150,181,181,181,181],"floor_reached":33,"language":"ENG","playtime":1873,"items_purged":["Strike_G"],"score":409,"play_id":"b53d2e49-b780-4e9c-815e-e72af580e283","local_time":"20210210235825","is_ascension_mode":true,"campfire_choices":[{"data":"Neutralize","floor":7,"key":"SMITH"},{"floor":13,"key":"REST"},{"floor":15,"key":"REST"},{"floor":23,"key":"REST"},{"floor":27,"key":"REST"},{"data":"Footwork","floor":29,"key":"SMITH"},{"floor":32,"key":"REST"}],"circlet_count":0,"master_deck":["Strike_G","Strike_G","Strike_G","Defend_G","Defend_G","Defend_G","Defend_G","Survivor","Neutralize+1","Cloak And Dagger","Caltrops","Blade Dance","Cloak And Dagger","Footwork+1","Predator","Acrobatics","Pain","Poisoned Stab","Adrenaline","Accuracy+1","Calculated Gamble","Outmaneuver","Dagger Throw+1","Cloak And Dagger+1","Footwork","Leg Sweep","Calculated Gamble","Cloak And Dagger+1"],"relics":["Ring of the Snake","Pen Nib","FossilizedHelix","Torii","White Beast Statue","WarpedTongs","Boot","Empty Cage","Eternal Feather","Pantograph","Bag of Preparation","Lantern","Anchor","Dream Catcher"],"acts_visited":["Exordium","TheCity"],"potions_floor_usage":[6,14,14,16,25,25,25,31,33,33],"damage_taken":[{"damage":1,"enemies":"Jaw Worm","floor":1,"turns":4},{"damage":4,"enemies":"Cultist","floor":3,"turns":4},{"damage":7,"enemies":"Small Slimes","floor":4,"turns":4},{"damage":6,"enemies":"3 Sentries","floor":6,"turns":6},{"damage":19,"enemies":"Lagavulin","floor":8,"turns":9},{"damage":0,"enemies":"Red Slaver","floor":10,"turns":4},{"damage":0,"enemies":"Blue Slaver","floor":11,"turns":4},{"damage":15,"enemies":"3 Sentries","floor":14,"turns":6},{"damage":13,"enemies":"Slime Boss","floor":16,"turns":9},{"damage":4,"enemies":"3 Byrds","floor":18,"turns":1},{"damage":0,"enemies":"Chosen","floor":19,"turns":4},{"damage":30,"enemies":"Snake Plant","floor":20,"turns":3},{"damage":10,"enemies":"3 Cultists","floor":21,"turns":4},{"damage":15,"enemies":"Snecko","floor":22,"turns":4},{"damage":17,"enemies":"Slavers","floor":25,"turns":5},{"damage":4,"enemies":"Shelled Parasite and Fungi","floor":30,"turns":4},{"damage":42,"enemies":"Book of Stabbing","floor":31,"turns":7},{"damage":75,"enemies":"Champ","floor":33,"turns":13}],"seed_played":"6600933543922068015","potions_obtained":[{"floor":0,"key":"AttackPotion"},{"floor":0,"key":"ColorlessPotion"},{"floor":0,"key":"LiquidMemories"},{"floor":1,"key":"Energy Potion"},{"floor":6,"key":"Energy Potion"},{"floor":10,"key":"Block Potion"},{"floor":14,"key":"Strength Potion"},{"floor":16,"key":"BlessingOfTheForge"},{"floor":18,"key":"LiquidMemories"},{"floor":19,"key":"Energy Potion"},{"floor":25,"key":"DuplicationPotion"},{"floor":30,"key":"Poison Potion"},{"floor":31,"key":"Weak Potion"}],"is_trial":false,"path_per_floor":["M","?","M","M","?","E","R","E","T","M","M","?","R","E","R","B",null,"M","M","M","M","M","R","T","E","T","R","$","R","M","E","R","B"],"character_chosen":"THE_SILENT","items_purchased":["Lantern","Anchor","Footwork"],"campfire_rested":5,"item_purchase_floors":[28,28,28],"current_hp_per_floor":[69,69,65,58,47,41,41,22,22,22,22,22,43,28,49,36,62,58,58,28,18,3,24,24,7,7,43,43,58,54,12,48,0,0],"gold":181,"neow_bonus":"THREE_SMALL_POTIONS","is_daily":false,"chose_seed":false,"campfire_upgraded":2,"win_rate":0.0,"timestamp":1613001505,"path_taken":["M","?","?","M","?","E","R","E","T","M","M","?","R","E","R","BOSS","M","M","M","M","?","R","?","E","T","R","$","R","M","E","R","BOSS"],"items_purchased_type":["Relic","Relic","Card"],"build_version":"2020-12-22","purchased_purges":1,"victory":false,"max_hp_per_floor":[70,70,70,70,70,70,70,70,70,70,70,70,70,70,70,70,70,70,70,70,70,70,70,70,70,70,70,70,70,70,70,70,70,70],"relic_stats":{"Dream Catcher":1,"Torii":15,"counters":[18,95],"Pantograph":22,"Eternal Feather":45,"Pen Nib":[24],"Bag of Preparation":[6],"Boot":[80],"obtain_stats":[{"Lantern":28,"Torii":8,"Eternal Feather":24,"Pen Nib":2,"Bag of Preparation":26,"Boot":14,"Empty Cage":17,"White Beast Statue":9,"WarpedTongs":12,"Anchor":28,"Dream Catcher":31,"Pantograph":25,"FossilizedHelix":6,"Ring of the Snake":0},{"Lantern":15,"Torii":5,"Eternal Feather":14,"Pen Nib":1,"Bag of Preparation":15,"Boot":8,"Empty Cage":9,"White Beast Statue":5,"WarpedTongs":7,"Anchor":15,"Dream Catcher":17,"Pantograph":15,"FossilizedHelix":4,"Ring of the Snake":0},{"Lantern":71,"Torii":27,"Eternal Feather":66,"Pen Nib":4,"Bag of Preparation":71,"Boot":41,"Empty Cage":50,"White Beast Statue":27,"WarpedTongs":35,"Anchor":71,"Dream Catcher":82,"Pantograph":71,"FossilizedHelix":18,"Ring of the Snake":0}],"Ring of the Snake":[36],"WarpedTongs":[57]},"card_choices":[{"not_picked":["Choke","Outmaneuver"],"picked":"Cloak And Dagger","floor":1},{"not_picked":["Well Laid Plans","Heel Hook"],"picked":"Caltrops","floor":3},{"not_picked":["Flechettes","Flying Knee"],"picked":"Blade Dance","floor":4},{"not_picked":["Endless Agony","Reflex"],"picked":"Cloak And Dagger","floor":6},{"not_picked":["Cloak And Dagger","Prepared"],"picked":"Footwork","floor":8},{"not_picked":["Bouncing Flask","Night Terror"],"picked":"Predator","floor":10},{"not_picked":["Well Laid Plans","Dodge and Roll"],"picked":"Acrobatics","floor":11},{"not_picked":["Quick Slash","PiercingWail"],"picked":"Poisoned Stab","floor":14},{"not_picked":["Bullet Time","Tools of the Trade"],"picked":"Adrenaline","floor":16},{"not_picked":["Eviscerate","Flying Knee"],"picked":"Accuracy+1","floor":18},{"not_picked":["Infinite Blades","Deadly Poison+1"],"picked":"Calculated Gamble","floor":19},{"not_picked":["Choke","Dash"],"picked":"Outmaneuver","floor":20},{"not_picked":["Bouncing Flask","Dodge and Roll"],"picked":"Dagger Throw+1","floor":21},{"not_picked":["Finisher+1","Underhanded Strike+1","Deadly Poison"],"picked":"SKIP","floor":22},{"not_picked":["Blur+1","Outmaneuver"],"picked":"Cloak And Dagger+1","floor":25},{"not_picked":["Poisoned Stab","Quick Slash+1"],"picked":"Leg Sweep","floor":30},{"not_picked":["Dash","Flying Knee"],"picked":"Calculated Gamble","floor":31},{"not_picked":["Deadly Poison+1","Dagger Spray"],"picked":"Cloak And Dagger+1","floor":32}],"player_experience":374179,"relics_obtained":[{"floor":2,"key":"Pen Nib"},{"floor":6,"key":"FossilizedHelix"},{"floor":8,"key":"Torii"},{"floor":9,"key":"White Beast Statue"},{"floor":14,"key":"Boot"},{"floor":24,"key":"Eternal Feather"},{"floor":25,"key":"Pantograph"},{"floor":26,"key":"Bag of Preparation"},{"floor":31,"key":"Dream Catcher"}],"event_choices":[{"damage_healed":0,"gold_gain":0,"player_choice":"Relic","damage_taken":0,"max_hp_gain":0,"max_hp_loss":0,"event_name":"Wheel of Change","floor":2,"gold_loss":0},{"damage_healed":0,"gold_gain":75,"player_choice":"Gather Gold","damage_taken":11,"max_hp_gain":0,"max_hp_loss":0,"event_name":"World of Goop","floor":5,"gold_loss":0},{"damage_healed":0,"gold_gain":0,"player_choice":"Rummage","damage_taken":0,"relics_obtained":["WarpedTongs"],"max_hp_gain":0,"max_hp_loss":0,"event_name":"Accursed Blacksmith","floor":12,"gold_loss":0,"cards_obtained":["Pain"]}],"is_beta":false,"boss_relics":[{"not_picked":["Runic Dome","Sozu"],"picked":"Empty Cage"}],"items_purged_floors":[28],"is_endless":false,"potions_floor_spawned":[1,6,10,11,14,16,18,19,20,21,22,25,30,31],"killed_by":"Champ","ascension_level":5}}