{"host":"ewslc4o3o167ipk9","time":1613000632,"event":{"mods":["BaseMod","Colored Powertips","GifTheSpireLib","HexUI Lib","Minty Spire (QoL Compilation)","Quick Restart","Shop Mod","StSLib","The Alterego","The Bug Knight","The Trickster"],"gold_per_floor":[119,129,149,149,149,224,224,224],"floor_reached":7,"language":"ENG","playtime":362,"items_purged":[],"score":41,"play_id":"94008128-e977-4682-868f-d2f0711ceace","local_time":"20210210184352","is_ascension_mode":false,"campfire_choices":[],"circlet_count":0,"master_deck":["alterego_mod:Strike","alterego_mod:Strike","alterego_mod:Strike","alterego_mod:Strike","alterego_mod:Defend","alterego_mod:Defend","alterego_mod:Defend","alterego_mod:Defend","alterego_mod:Impale","alterego_mod:BigMeatyClaws","alterego_mod:BrynhildrsRune","alterego_mod:Birthday","alterego_mod:Pet","alterego_mod:IndependentAction"],"relics":["alterego_mod:MasochisticConstitution","NeowsBlessing","Golden Idol","Unceasing Top"],"acts_visited":["Exordium"],"potions_floor_usage":[7],"damage_taken":[{"damage":0,"enemies":"Cultist","floor":1,"turns":1},{"damage":0,"enemies":"2 Louse","floor":2,"turns":1},{"damage":0,"enemies":"Small Slimes","floor":3,"turns":2},{"damage":37,"enemies":"Gremlin Nob","floor":7,"turns":5}],"seed_played":"603272582344220576","potions_obtained":[{"floor":2,"key":"ColorlessPotion"}],"is_trial":false,"path_per_floor":["M","M","M","?","?","?","E"],"character_chosen":"The_Alterego","items_purchased":[],"campfire_rested":0,"item_purchase_floors":[],"current_hp_per_floor":[70,70,70,53,46,35,0,0],"gold":224,"neow_bonus":"THREE_ENEMY_KILL","is_daily":false,"chose_seed":false,"campfire_upgraded":0,"win_rate":0.0,"timestamp":1613000632,"path_taken":["M","M","?","?","?","?","E"],"items_purchased_type":[],"build_version":"2020-12-22","purchased_purges":0,"victory":false,"max_hp_per_floor":[70,70,70,70,70,70,70,70],"card_choices":[{"not_picked":["alterego_mod:DeftHands","alterego_mod:BusterCard"],"picked":"alterego_mod:Birthday","floor":1},{"not_picked":["alterego_mod:Support","alterego_mod:Lift"],"picked":"alterego_mod:Pet","floor":2},{"not_picked":["alterego_mod:DeftHands","alterego_mod:HighServant"],"picked":"alterego_mod:IndependentAction","floor":3}],"player_experience":48567,"relics_obtained":[],"event_choices":[{"damage_healed":0,"gold_gain":0,"player_choice":"Take Damage","damage_taken":17,"relics_obtained":["Golden Idol"],"max_hp_gain":0,"max_hp_loss":0,"event_name":"Golden Idol","floor":4,"gold_loss":0},{"damage_healed":0,"gold_gain":0,"player_choice":"Success","damage_taken":7,"relics_obtained":["Unceasing Top"],"max_hp_gain":0,"max_hp_loss":0,"event_name":"Scrap Ooze","floor":5,"gold_loss":0},{"damage_healed":0,"gold_gain":75,"player_choice":"Gather Gold","damage_taken":11,"max_hp_gain":0,"max_hp_loss":0,"event_name":"World of Goop","floor":6,"gold_loss":0}],"is_beta":false,"boss_relics":[],"items_purged_floors":[],"is_endless":false,"potions_floor_spawned":[2],"killed_by":"Gremlin Nob","ascension_level":0}}