{"host":"x730sfaw5rd1mxd8","time":1613001556,"event":{"mods":["BaseMod","BetterRewards","Colored Powertips","Highlight Path","Minty Spire (QoL Compilation)","Relic Sorter","Relic Stats","Replay The Spire","StSLib"],"gold_per_floor":[118,136,136,211,231,263,277,312,339,364,380,380,407,2,2,81,81,92,106,139,184,204,234,234,249,276,290,290,290,290],"floor_reached":29,"language":"ENG","playtime":2041,"items_purged":["Strike_G","Strike_G","Strike_G","Strike_G","Strike_G"],"score":780,"play_id":"3b65243d-4476-4519-9f6c-ea16b01a88aa","local_time":"20210210185916","is_ascension_mode":true,"campfire_choices":[{"data":"Replay:Bag of Tricks","floor":12,"key":"SMITH"},{"floor":15,"key":"REST"},{"data":"Neutralize","floor":24,"key":"SMITH"}],"circlet_count":0,"master_deck":["AscendersBane","Defend_G","Defend_G","Defend_G","Defend_G","Defend_G","Survivor","Neutralize+1","Well Laid Plans+1","Skewer+1","Backstab","Noxious Fumes","Blade Dance","Choke","Bouncing Flask","Eviscerate","Poisoned Stab","Crippling Poison","ReplayTheSpireMod:Scrap Shanks","Replay:Bag of Tricks+1","Dagger Throw","ReplayTheSpireMod:Speed Training+1","Tools of the Trade","Clumsy","Deflect+1","Dagger Spray+1","Noxious Fumes+1","ReplayTheSpireMod:Speed Training+1","Necronomicurse"],"relics":["Ring of the Snake","ReplayTheSpireMod:Lightbulb","TheAbacus","Guide Book","Bottled Tornado","ClockworkSouvenir","Onion Ring","Mercury Hourglass","Question Card","Unceasing Top","Regal Pillow","Smiling Mask","Omamori","Odd Mushroom","Replay:WaspNest","Membership Card","Byrd Skull","Replay:Ancient Bell","Anchor","Meat on the Bone","Calipers","Red Mask","Blue Candle","Replay:Baseball","PreservedInsect","Necronomicon"],"acts_visited":["Exordium","TheCity"],"potions_floor_usage":[6,8,16,23,29,29,29],"damage_taken":[{"damage":0,"enemies":"2 Louse","floor":1,"turns":1},{"damage":0,"enemies":"Small Slimes","floor":2,"turns":1},{"damage":0,"enemies":"Cultist","floor":5,"turns":2},{"damage":6,"enemies":"Gremlin Nob","floor":6,"turns":3},{"damage":0,"enemies":"2 Fungi Beasts","floor":7,"turns":2},{"damage":9,"enemies":"3 Sentries","floor":8,"turns":4},{"damage":1,"enemies":"The Mushroom Lair","floor":10,"turns":3},{"damage":5,"enemies":"Red Slaver","floor":11,"turns":2},{"damage":5,"enemies":"Replay:BlueRogue","floor":13,"turns":5},{"damage":18,"enemies":"Slime Boss","floor":16,"turns":6},{"damage":3,"enemies":"2 Thieves","floor":18,"turns":3},{"damage":5,"enemies":"3 Byrds","floor":19,"turns":4},{"damage":3,"enemies":"Masked Bandits","floor":20,"turns":3},{"damage":0,"enemies":"Centurion and Healer","floor":22,"turns":6},{"damage":11,"enemies":"Book of Stabbing","floor":23,"turns":3},{"damage":10,"enemies":"Snake Plant","floor":25,"turns":4},{"damage":18,"enemies":"Snecko","floor":27,"turns":4},{"damage":21,"enemies":"Gremlin Leader","floor":29,"turns":2}],"seed_played":"-8067950427777186199","potions_obtained":[{"floor":2,"key":"BlessingOfTheForge"},{"floor":7,"key":"Explosive Potion"},{"floor":10,"key":"SmokeBomb"},{"floor":11,"key":"EntropicBrew"},{"floor":13,"key":"SkillPotion"},{"floor":21,"key":"DistilledChaos"},{"floor":23,"key":"Block Potion"}],"is_trial":false,"path_per_floor":["M","M","?","?","M","E","M","E","T","?","M","R","E","$","R","B",null,"M","M","?","?","M","E","R","M","T","M","?","E"],"character_chosen":"THE_SILENT","items_purchased":["ReplayTheSpireMod:Lightbulb","Well Laid Plans","TheAbacus","Skewer","Backstab","Guide Book","Bottled Tornado","ClockworkSouvenir","Noxious Fumes","Onion Ring","Mercury Hourglass","Blade Dance","Choke","Bouncing Flask","Question Card","Eviscerate","Membership Card","Byrd Skull","ReplayTheSpireMod:Speed Training+1"],"campfire_rested":1,"item_purchase_floors":[0,0,0,0,0,0,0,0,0,0,0,0,0,0,0,0,14,14,14],"current_hp_per_floor":[59,59,64,53,53,47,47,38,38,37,32,32,27,27,63,45,65,62,57,54,26,38,39,39,41,41,35,14,0,0],"gold":290,"neow_bonus":"","is_daily":false,"chose_seed":false,"campfire_upgraded":2,"win_rate":0.0,"timestamp":1613001556,"path_taken":["M","M","?","?","M","E","M","E","T","?","M","R","E","$","R","BOSS","M","M","?","?","?","E","R","M","T","M","?","E"],"items_purchased_type":["Relic","Card","Relic","Card","Card","Relic","Relic","Relic","Card","Relic","Relic","Card","Card","Card","Relic","Card","Relic","Relic","Card"],"build_version":"2020-12-22","purchased_purges":5,"victory":false,"max_hp_per_floor":[66,66,71,71,71,71,71,71,71,71,71,71,71,71,71,71,71,71,71,71,71,71,71,71,71,71,71,71,71,71],"relic_stats":{"Regal Pillow":15,"counters":[388,1631],"Blue Candle":[8],"PreservedInsect":45,"Question Card":22,"Smiling Mask":426,"Mercury Hourglass":[238],"TheAbacus":[24],"Necronomicon":[1],"obtain_stats":[{"TwistedFunnel":0,"Replay:Accelerometer":26,"Golden Egg":29,"Vampiric Spirits":0,"Whetstone":55,"Bottled Tornado":54,"Boot":55,"Sling":55,"Blood Vial":20,"Replay:Wanted Poster":34,"Replay:Ringing Soul":48,"Sundial":10,"Replay:Bronze Core":17,"MealTicket":27,"Fusion Hammer":36,"Necronomicon":22,"Replay:Bottled Flurry":30,"Kunai":26,"Replay:Wax Seal":10,"Electric Blood":17,"Replay:Bottled Steam":43,"Pear":46,"Blue Candle":30,"Counterbalance":0,"Tingsha":0,"Eternal Feather":21,"Pen Nib":48,"Replay:Ancient Bell":17,"Paper Crane":8,"Akabeko":43,"SlaversCollar":17,"Snecko Scales":34,"Bird Faced Urn":12,"Snecko Eye":34,"Mark of Pain":0,"StrikeDummy":6,"Unceasing Top":27,"Abe\u0027s Treasure":17,"Ring of the Serpent":34,"Regal Pillow":0,"Lantern":25,"Singing Bowl":10,"Torii":0,"Magic Flower":11,"Painkiller Herb":19,"StoneCalendar":30,"Bag of Preparation":55,"Replay:Multitool":44,"Cursed Key":34,"Smiling Mask":41,"Burning Blood":0,"Pet Ghost":23,"Replay:Rubber Ducky":55,"Matryoshka":0,"Shovel":0,"Chemical X":21,"Replay:Bottled Eggs":48,"InkBottle":0,"Ring of the Snake":0,"Potion Belt":0,"Lee\u0027s Waffle":54,"The Specimen":25,"Golden Idol":11,"Basket Of Snakes":39,"Thread and Needle":0,"The Courier":14,"PreservedInsect":22,"Omamori":23,"Frozen Egg 2":0,"MawBank":31,"Replay:Arrowhead":9,"Busted Crown":17,"Ornamental Fan":55,"Bloody Idol":19,"Orrery":0,"Turnip":46,"Art of War":40,"Durian":0,"Bottled Lightning":47,"ReplayTheSpireMod:Ring of Challenge":38,"ReplayTheSpireMod:Onyx Gauntlets":34,"ReplayTheSpireMod:Lightbulb":30,"Toy Ornithopter":26,"Ice Cream":14,"Divine Protection":45,"Calipers":32,"Gremlin Horn":9,"Nilry\u0027s Codex":23,"Vajra":28,"Sozu":17,"Centennial Puzzle":9,"HornCleat":14,"DollysMirror":30,"Strawberry":28,"Honey Jar":34,"Prayer Wheel":0,"Iron Hammer":0,"Toxic Egg 2":0,"Byrd Skull":11,"Happy Flower":55,"Replay:Grab Bag":34,"Oddly Smooth Stone":26,"Ring of Chaos":47,"Replay:Kaleidoscope":25,"Letter Opener":41,"War Paint":54,"Question Card":0,"Du-Vu Doll":0,"OrangePellets":0,"Bottled Flame":15,"Replay:Baseball":0,"Shuriken":12,"Bronze Scales":12,"Simple Rune":55,"Onion Ring":54,"Molten Egg 2":43,"ReplayTheSpireMod:TigerMarble":17,"Grinning Jar":23,"Pocketwatch":0,"Meat on the Bone":38,"Darkstone Periapt":5,"ReplayFunnel":55,"Mango":6,"Snake Skull":29,"Incense Burner":45,"Juzu Bracelet":43,"ClockworkSouvenir":45,"Dream Catcher":43,"Nunchaku":24,"Replay:Bandana":10,"TheAbacus":0,"Mummified Hand":48,"Pantograph":23,"Gambling Chip":24,"Tiny Chest":29,"Red Mask":22,"Replay:Bottled Snecko":8,"Red Skull":6,"Gremlin Food":44,"BargainBundle":7,"ReplayTheSpireMod:Ninjato":40,"Replay:Towering Pillar of Hats":10,"Quantum Egg":46,"Guide Book":0,"Replay:WaspNest":0,"Orichalcum":56,"Odd Mushroom":10,"Medical Kit":42,"White Beast Statue":53,"Mercury Hourglass":0,"Calling Bell":17,"Anchor":11,"CaptainsWheel":43,"Pondfish Scales":55,"ChewingGum":34,"Snack Pack":8,"Coffee Dripper":17,"Bag of Marbles":11,"Membership Card":0},{"TwistedFunnel":186,"Replay:Accelerometer":294,"Golden Egg":355,"Vampiric Spirits":61,"Whetstone":91,"Bottled Tornado":218,"Boot":91,"Sling":91,"Blood Vial":26,"Replay:Wanted Poster":297,"Replay:Ringing Soul":275,"Sundial":256,"Replay:Bronze Core":349,"MealTicket":58,"Fusion Hammer":80,"Necronomicon":168,"Replay:Bottled Flurry":236,"Kunai":142,"Replay:Wax Seal":224,"Electric Blood":51,"Replay:Bottled Steam":119,"Pear":122,"Blue Candle":30,"Counterbalance":279,"Tingsha":93,"Eternal Feather":200,"Pen Nib":153,"Replay:Ancient Bell":380,"Paper Crane":66,"Akabeko":212,"SlaversCollar":24,"Snecko Scales":115,"Bird Faced Urn":22,"Snecko Eye":326,"Mark of Pain":0,"StrikeDummy":98,"Unceasing Top":143,"Abe\u0027s Treasure":229,"Ring of the Serpent":268,"Regal Pillow":93,"Lantern":294,"Singing Bowl":21,"Torii":186,"Magic Flower":49,"Painkiller Herb":72,"StoneCalendar":174,"Bag of Preparation":91,"Replay:Multitool":120,"Cursed Key":31,"Smiling Mask":211,"Burning Blood":0,"Pet Ghost":56,"Replay:Rubber Ducky":91,"Matryoshka":61,"Shovel":279,"Chemical X":200,"Replay:Bottled Eggs":245,"InkBottle":219,"Ring of the Snake":0,"Potion Belt":126,"Lee\u0027s Waffle":277,"The Specimen":76,"Golden Idol":5,"Basket Of Snakes":82,"Thread and Needle":309,"The Courier":7,"PreservedInsect":11,"Omamori":293,"Frozen Egg 2":14,"MawBank":79,"Replay:Arrowhead":131,"Busted Crown":8,"Ornamental Fan":91,"Bloody Idol":319,"Orrery":126,"Turnip":38,"Art of War":36,"Durian":186,"Bottled Lightning":365,"ReplayTheSpireMod:Ring of Challenge":81,"ReplayTheSpireMod:Onyx Gauntlets":268,"ReplayTheSpireMod:Lightbulb":205,"Toy Ornithopter":171,"Ice Cream":23,"Divine Protection":182,"Calipers":296,"Gremlin Horn":20,"Nilry\u0027s Codex":75,"Vajra":77,"Sozu":258,"Centennial Puzzle":5,"HornCleat":257,"DollysMirror":144,"Strawberry":13,"Honey Jar":237,"Prayer Wheel":93,"Iron Hammer":248,"Toxic Egg 2":156,"Byrd Skull":66,"Happy Flower":91,"Replay:Grab Bag":268,"Oddly Smooth Stone":57,"Ring of Chaos":122,"Replay:Kaleidoscope":204,"Letter Opener":362,"War Paint":185,"Question Card":186,"Du-Vu Doll":309,"OrangePellets":93,"Bottled Flame":70,"Replay:Baseball":93,"Shuriken":226,"Bronze Scales":6,"Simple Rune":91,"Onion Ring":247,"Molten Egg 2":304,"ReplayTheSpireMod:TigerMarble":164,"Grinning Jar":169,"Pocketwatch":41,"Meat on the Bone":117,"Darkstone Periapt":18,"ReplayFunnel":91,"Mango":19,"Snake Skull":78,"Incense Burner":87,"Juzu Bracelet":333,"ClockworkSouvenir":151,"Dream Catcher":37,"Nunchaku":75,"Replay:Bandana":100,"TheAbacus":370,"Mummified Hand":183,"Pantograph":12,"Gambling Chip":27,"Tiny Chest":266,"Red Mask":140,"Replay:Bottled Snecko":161,"Red Skull":47,"Gremlin Food":87,"BargainBundle":223,"ReplayTheSpireMod:Ninjato":149,"Replay:Towering Pillar of Hats":66,"Quantum Egg":87,"Guide Book":93,"Replay:WaspNest":61,"Orichalcum":92,"Odd Mushroom":377,"Medical Kit":119,"White Beast Statue":368,"Mercury Hourglass":61,"Calling Bell":164,"Anchor":66,"CaptainsWheel":86,"Pondfish Scales":91,"ChewingGum":176,"Snack Pack":48,"Coffee Dripper":137,"Bag of Marbles":161,"Membership Card":61},{"TwistedFunnel":766,"Replay:Accelerometer":1268,"Golden Egg":1525,"Vampiric Spirits":244,"Whetstone":364,"Bottled Tornado":916,"Boot":364,"Sling":364,"Blood Vial":107,"Replay:Wanted Poster":1276,"Replay:Ringing Soul":1193,"Sundial":1097,"Replay:Bronze Core":1503,"MealTicket":230,"Fusion Hammer":315,"Necronomicon":684,"Replay:Bottled Flurry":1006,"Kunai":570,"Replay:Wax Seal":943,"Electric Blood":208,"Replay:Bottled Steam":471,"Pear":484,"Blue Candle":123,"Counterbalance":1218,"Tingsha":376,"Eternal Feather":815,"Pen Nib":627,"Replay:Ancient Bell":1602,"Paper Crane":257,"Akabeko":879,"SlaversCollar":100,"Snecko Scales":459,"Bird Faced Urn":86,"Snecko Eye":1378,"Mark of Pain":0,"StrikeDummy":392,"Unceasing Top":574,"Abe\u0027s Treasure":971,"Ring of the Serpent":1158,"Regal Pillow":376,"Lantern":1268,"Singing Bowl":82,"Torii":766,"Magic Flower":200,"Painkiller Herb":279,"StoneCalendar":706,"Bag of Preparation":364,"Replay:Multitool":475,"Cursed Key":130,"Smiling Mask":874,"Burning Blood":0,"Pet Ghost":224,"Replay:Rubber Ducky":364,"Matryoshka":244,"Shovel":1218,"Chemical X":815,"Replay:Bottled Eggs":1055,"InkBottle":925,"Ring of the Snake":0,"Potion Belt":505,"Lee\u0027s Waffle":1204,"The Specimen":292,"Golden Idol":17,"Basket Of Snakes":325,"Thread and Needle":1312,"The Courier":25,"PreservedInsect":40,"Omamori":1267,"Frozen Egg 2":51,"MawBank":304,"Replay:Arrowhead":520,"Busted Crown":30,"Ornamental Fan":364,"Bloody Idol":1345,"Orrery":505,"Turnip":156,"Art of War":146,"Durian":766,"Bottled Lightning":1556,"ReplayTheSpireMod:Ring of Challenge":318,"ReplayTheSpireMod:Onyx Gauntlets":1158,"ReplayTheSpireMod:Lightbulb":842,"Toy Ornithopter":696,"Ice Cream":93,"Divine Protection":740,"Calipers":1273,"Gremlin Horn":78,"Nilry\u0027s Codex":288,"Vajra":296,"Sozu":1110,"Centennial Puzzle":17,"HornCleat":1103,"DollysMirror":580,"Strawberry":48,"Honey Jar":1014,"Prayer Wheel":376,"Iron Hammer":1074,"Toxic Egg 2":649,"Byrd Skull":257,"Happy Flower":364,"Replay:Grab Bag":1158,"Oddly Smooth Stone":226,"Ring of Chaos":484,"Replay:Kaleidoscope":837,"Letter Opener":1550,"War Paint":758,"Question Card":766,"Du-Vu Doll":1312,"OrangePellets":376,"Bottled Flame":268,"Replay:Baseball":376,"Shuriken":952,"Bronze Scales":20,"Simple Rune":364,"Onion Ring":1066,"Molten Egg 2":1291,"ReplayTheSpireMod:TigerMarble":674,"Grinning Jar":689,"Pocketwatch":170,"Meat on the Bone":463,"Darkstone Periapt":65,"ReplayFunnel":364,"Mango":73,"Snake Skull":300,"Incense Burner":344,"Juzu Bracelet":1411,"ClockworkSouvenir":618,"Dream Catcher":151,"Nunchaku":288,"Replay:Bandana":399,"TheAbacus":1574,"Mummified Hand":745,"Pantograph":44,"Gambling Chip":111,"Tiny Chest":1149,"Red Mask":561,"Replay:Bottled Snecko":663,"Red Skull":189,"Gremlin Food":344,"BargainBundle":937,"ReplayTheSpireMod:Ninjato":609,"Replay:Towering Pillar of Hats":257,"Quantum Egg":344,"Guide Book":376,"Replay:WaspNest":244,"Orichalcum":369,"Odd Mushroom":1589,"Medical Kit":471,"White Beast Statue":1566,"Mercury Hourglass":244,"Calling Bell":674,"Anchor":257,"CaptainsWheel":341,"Pondfish Scales":364,"ChewingGum":717,"Snack Pack":196,"Coffee Dripper":549,"Bag of Marbles":663,"Membership Card":244}],"Unceasing Top":[0],"Ring of the Snake":[218],"Meat on the Bone":48},"card_choices":[{"not_picked":["Heel Hook","Sucker Punch","Prepared"],"picked":"Poisoned Stab","floor":1},{"not_picked":["Acrobatics","Hidden Blade","Poisoned Stab","Deadly Poison"],"picked":"SKIP","floor":2},{"not_picked":["Hidden Blade","Prepared","Slice"],"picked":"Crippling Poison","floor":5},{"not_picked":["ReplayTheSpireMod:Necrosis","Eviscerate","Acrobatics","Skewer"],"picked":"SKIP","floor":6},{"not_picked":["Dodge and Roll","Flying Knee","Quick Slash"],"picked":"ReplayTheSpireMod:Scrap Shanks","floor":7},{"not_picked":["Draining Mist","Cloak And Dagger","Blade Dance","Deflect"],"picked":"SKIP","floor":8},{"not_picked":["Prepared","Bane","Dagger Throw"],"picked":"Replay:Bag of Tricks","floor":11},{"not_picked":["Sucker Punch","Noxious Fumes","Bane"],"picked":"Dagger Throw","floor":13},{"not_picked":["Die Die Die","ReplayTheSpireMod:Necrosis","Burst"],"picked":"Tools of the Trade","floor":16},{"not_picked":["Delirium","Overencumbered","Shame"],"picked":"Decay","floor":17},{"not_picked":["Doubt","Shame","Normality"],"picked":"ReplayTheSpireMod:Doomed","floor":17},{"not_picked":["Pain","Parasite","Decay"],"picked":"Clumsy","floor":17},{"not_picked":["Crippling Poison","Slice","Predator"],"picked":"Deflect+1","floor":18},{"not_picked":["Infinite Blades","Dagger Throw","Backflip","Fluid Movement"],"picked":"SKIP","floor":19},{"not_picked":["Distraction","Sneak Up","Cloak And Dagger"],"picked":"Dagger Spray+1","floor":20},{"not_picked":["Setup","Masterful Stab","Outmaneuver"],"picked":"Noxious Fumes+1","floor":22},{"not_picked":["Glass Knife","Outmaneuver","Flechettes","Heel Hook"],"picked":"SKIP","floor":23},{"not_picked":["Glass Knife","Outmaneuver","Flechettes","Heel Hook"],"picked":"SKIP","floor":23},{"not_picked":["Poisoned Stab","Backflip","Flying Knee","Dodge and Roll"],"picked":"SKIP","floor":25},{"not_picked":["Draining Mist","Masterful Stab","Bane"],"picked":"ReplayTheSpireMod:Speed Training+1","floor":27}],"player_experience":4135596,"relics_obtained":[{"floor":6,"key":"Regal Pillow"},{"floor":8,"key":"Smiling Mask"},{"floor":9,"key":"Omamori"},{"floor":10,"key":"Odd Mushroom"},{"floor":13,"key":"Replay:WaspNest"},{"floor":20,"key":"Red Mask"},{"floor":21,"key":"Blue Candle"},{"floor":23,"key":"Replay:Baseball"},{"floor":26,"key":"PreservedInsect"},{"floor":28,"key":"Necronomicon"}],"event_choices":[{"damage_healed":0,"gold_gain":0,"player_choice":"Donut","damage_taken":0,"max_hp_gain":5,"max_hp_loss":0,"event_name":"Big Fish","floor":3,"gold_loss":0},{"damage_healed":0,"gold_gain":75,"player_choice":"Gather Gold","damage_taken":11,"max_hp_gain":0,"max_hp_loss":0,"event_name":"World of Goop","floor":4,"gold_loss":0},{"damage_healed":0,"gold_gain":0,"player_choice":"Fought Mushrooms","damage_taken":0,"max_hp_gain":0,"max_hp_loss":0,"event_name":"Mushrooms","floor":10,"gold_loss":0},{"damage_healed":0,"gold_gain":0,"player_choice":"Fought Bandits","damage_taken":0,"max_hp_gain":0,"max_hp_loss":0,"event_name":"Masked Bandits","floor":20,"gold_loss":0},{"damage_healed":0,"gold_gain":0,"player_choice":"Obtained Book","damage_taken":21,"max_hp_gain":0,"max_hp_loss":0,"event_name":"Cursed Tome","floor":28,"gold_loss":0}],"is_beta":false,"boss_relics":[{"not_picked":["Pandora\u0027s Box","Velvet Choker"],"picked":"Replay:Ancient Bell"},{"not_picked":["Simple Rune","Akabeko"],"picked":"Anchor"},{"not_picked":["Iron Hammer","Chameleon Ring"],"picked":"Meat on the Bone"},{"not_picked":["Replay:Arrowhead","StoneCalendar"],"picked":"Calipers"}],"items_purged_floors":[0,0,0,0,14],"is_endless":false,"potions_floor_spawned":[2,7,10,11,13,22,23],"killed_by":"Gremlin Leader","ascension_level":20}}