{"host":"m9osufisr3agwk96","time":1613000255,"event":{"mods":["AchievementEnabler","Aspiration","BaseMod","Colored Map","Colored Powertips","Downfall","Friendly Minions","Hermit","Highlight Path","Hubris","Minty Spire (QoL Compilation)","Rare Cards Sparkle","Reliquary","Replay The Spire","Shop Mod","StSLib"],"gold_per_floor":[99,112,129,129,129,142,142,153,153,303,314,314,314,328,341,441,441,441,441,460,460,144,157,182,201,201,38,38,51,51,71,84,84,84,84],"floor_reached":33,"language":"ENG","playtime":2003,"items_purged":["downfall:Icky","Injury"],"score":266,"play_id":"2f99e9d9-2981-4e51-9f43-317222e5bf7d","local_time":"20210210153735","is_ascension_mode":false,"campfire_choices":[{"data":"sneckomod:SerpentMind","floor":1,"key":"SMITH"},{"floor":9,"key":"REST"},{"data":"sneckomod:TrashToTreasure","floor":18,"key":"SMITH"},{"floor":28,"key":"REST"},{"floor":30,"key":"REST"}],"circlet_count":0,"master_deck":["sneckomod:Strike","sneckomod:Strike","sneckomod:Strike","sneckomod:Defend","sneckomod:Defend","sneckomod:Defend","sneckomod:TailWhip+1","sneckomod:SnekBite","sneckomod:Unknown","sneckomod:Unknown","sneckomod:SerpentMind+1","sneckomod:UnknownUncommonAttack","sneckomod:SlitherStrike","sneckomod:SnakeSap","sneckomod:Nope","sneckomod:TrashToTreasure+1","sneckomod:SoulRoll+1","sneckomod:UnknownBlock+1","sneckomod:UnknownRareSkill+1","sneckomod:UnknownClassBLUE+1","sneckomod:SerpentIdol+1","sneckomod:UnknownDraw+1","sneckomod:UnknownUncommonPower","sneckomod:UnknownRareAttack","sneckomod:SoulCleanse+1","sneckomod:UnknownX+1","sneckomod:DiceBoulder+1","Echo Form","sneckomod:PureSnecko+1","sneckomod:PureSnecko+1","sneckomod:UnknownClassTHE_CHAMP_GRAY+1","sneckomod:UnknownClassBLUE+1"],"relics":["sneckomod:SneckoSoul","hubris:Icosahedron","Toxic Egg 2","hubris:ScarierMask","reliquary:PorcupineQuills","aspiration:Lifesprig","Prayer Wheel"],"acts_visited":["Exordium","TheCity"],"potions_floor_usage":[3,11,16,16,22,25,29,31,31,33],"damage_taken":[{"damage":2,"enemies":"2 Louse","floor":2,"turns":3},{"damage":6,"enemies":"Jaw Worm","floor":3,"turns":3},{"damage":0,"enemies":"Small Slimes","floor":6,"turns":3},{"damage":9,"enemies":"Blue Slaver","floor":8,"turns":4},{"damage":15,"enemies":"Large Slime","floor":11,"turns":11},{"damage":9,"enemies":"2 Fungi Beasts","floor":14,"turns":2},{"damage":24,"enemies":"3 Louse","floor":15,"turns":3},{"damage":20,"enemies":"SI_SHIV_ARCHETYPE","floor":16,"turns":8},{"damage":0,"enemies":"Chosen","floor":19,"turns":1},{"damage":9,"enemies":"Sentry and Sphere","floor":20,"turns":3},{"damage":0,"enemies":"downfall:FleeingMerchant","floor":22,"turns":4},{"damage":55,"enemies":"Snake Plant","floor":23,"turns":7},{"damage":7,"enemies":"Snecko","floor":25,"turns":4},{"damage":0,"enemies":"downfall:FleeingMerchant","floor":27,"turns":4},{"damage":11,"enemies":"3 Cultists","floor":29,"turns":5},{"damage":12,"enemies":"Shelled Parasite and Fungi","floor":31,"turns":3},{"damage":23,"enemies":"Centurion and Healer","floor":32,"turns":4},{"damage":54,"enemies":"DF_ARCHETYPE_CLAW","floor":33,"turns":5}],"seed_played":"-1711119510834005395","potions_obtained":[{"floor":2,"key":"Fire Potion"},{"floor":6,"key":"Reflective Coating"},{"floor":14,"key":"hexamod:SoulburnPotion"},{"floor":15,"key":"LiquidMemories"},{"floor":16,"key":"Energy Potion"},{"floor":20,"key":"LifebloodPotion"},{"floor":23,"key":"Block Potion"},{"floor":29,"key":"Regen Potion"},{"floor":32,"key":"Block Potion"}],"is_trial":false,"path_per_floor":["R","M","M","?","?","M","T","M","R","?","M","?","?","M","M","B",null,"R","M","M","?","$","M","T","M","?","$","R","M","R","M","M","B"],"character_chosen":"THE_SNECKO","items_purchased":["reliquary:PorcupineQuills","sneckomod:UnknownUncommonPower","hexamod:SoulburnPotion"],"campfire_rested":3,"item_purchase_floors":[22,22,27],"current_hp_per_floor":[90,88,82,82,82,82,82,73,90,90,75,75,75,66,42,22,90,90,90,86,86,86,31,31,24,24,24,51,40,67,64,41,0,0,0],"gold":84,"neow_bonus":"ONE_RANDOM_RARE_CARD","is_daily":false,"chose_seed":false,"campfire_upgraded":2,"win_rate":0.0,"timestamp":1613000255,"path_taken":["R","M","M","?","?","M","T","?","R","?","M","?","?","M","M","BOSS","R","M","M","?","$","M","T","M","?","$","R","M","R","M","M","BOSS"],"items_purchased_type":["Relic","Card","Potion"],"build_version":"2020-12-22","purchased_purges":2,"victory":false,"max_hp_per_floor":[90,90,90,90,90,90,90,90,90,90,90,90,90,90,90,90,90,90,90,90,90,90,90,90,90,90,90,90,90,90,90,90,90,90,90],"card_choices":[{"not_picked":["sneckomod:QuickBite","sneckomod:SoulDraw"],"picked":"sneckomod:UnknownUncommonAttack","floor":2},{"not_picked":["sneckomod:SoulDraw","sneckomod:ImprovisedGuard"],"picked":"sneckomod:SlitherStrike","floor":3},{"not_picked":["sneckomod:UnknownUncommonAttack","sneckomod:UnknownCommonAttack"],"picked":"sneckomod:SnakeSap","floor":6},{"not_picked":["sneckomod:UnknownExhaust","sneckomod:PureSnecko"],"picked":"sneckomod:Nope","floor":8},{"not_picked":["sneckomod:DiceCrush","sneckomod:UnknownRarePower"],"picked":"sneckomod:TrashToTreasure","floor":11},{"not_picked":["sneckomod:SoulDraw+1","sneckomod:UnknownCommonSkill+1"],"picked":"sneckomod:SoulRoll+1","floor":14},{"not_picked":["sneckomod:DiceBlock+1","sneckomod:UnknownX+1"],"picked":"sneckomod:UnknownBlock+1","floor":15},{"not_picked":["sneckomod:MorePower","sneckomod:SoulExchange+1"],"picked":"sneckomod:UnknownRareSkill+1","floor":16},{"not_picked":["sneckomod:Rotation+1","sneckomod:DiceBlock+1"],"picked":"sneckomod:UnknownClassBLUE+1","floor":19},{"not_picked":["sneckomod:Unknown1Cost+1","sneckomod:SoulDraw+1"],"picked":"sneckomod:SerpentIdol+1","floor":20},{"not_picked":["sneckomod:QuickBite","sneckomod:UnknownUncommonPower"],"picked":"sneckomod:UnknownDraw+1","floor":22},{"not_picked":["sneckomod:QuickMove+1","sneckomod:UnknownClassDEFAULT_GRAY_COLOR+1"],"picked":"sneckomod:UnknownRareAttack","floor":23},{"not_picked":["sneckomod:SnekBeam","sneckomod:UnknownCommonAttack"],"picked":"sneckomod:SoulCleanse+1","floor":25},{"not_picked":["sneckomod:CheapStock+1","sneckomod:UnknownCommonSkill+1"],"picked":"sneckomod:UnknownX+1","floor":27},{"not_picked":["sneckomod:SerpentIdol+1","sneckomod:IronFang"],"picked":"sneckomod:DiceBoulder+1","floor":29},{"not_picked":["sneckomod:SoulDraw+1","sneckomod:WideSting"],"picked":"sneckomod:PureSnecko+1","floor":31},{"not_picked":["sneckomod:DiceBlock+1","sneckomod:DiceCrush+1"],"picked":"sneckomod:PureSnecko+1","floor":31},{"not_picked":["sneckomod:CheapStock+1","sneckomod:SoulRoll+1"],"picked":"sneckomod:UnknownClassTHE_CHAMP_GRAY+1","floor":32},{"not_picked":["sneckomod:UnknownStrike+1","sneckomod:DefensiveFlair+1"],"picked":"sneckomod:UnknownClassBLUE+1","floor":32}],"player_experience":452464,"relics_obtained":[{"floor":24,"key":"aspiration:Lifesprig"}],"event_choices":[],"is_beta":false,"boss_relics":[{"not_picked":["aspiration:DefectSkillbook","Cursed Key"],"picked":"hubris:ScarierMask"}],"items_purged_floors":[22,27],"is_endless":false,"potions_floor_spawned":[2,6,14,15,16,20,23,29,32],"killed_by":"DF_ARCHETYPE_CLAW","ascension_level":0}}