{"host":"gbgc43u9lfev3bcz","time":1613001424,"event":{"mods":["BaseMod","Better Note","Challenge The Spire","Colored Map","Downfall","Minty Spire (QoL Compilation)","StSLib"],"gold_per_floor":[110,110,110,127,17,17,17,50,50,67,85,118,128,159,159,235,235,251,263,263,263],"floor_reached":20,"language":"ENG","playtime":993,"items_purged":[],"score":430,"play_id":"e628e941-c652-4e8a-b398-8c5d5d311ed0","local_time":"20210210175704","is_ascension_mode":true,"campfire_choices":[{"data":"Calculated Gamble","floor":6,"key":"SMITH"},{"data":"1","floor":15,"key":"LIFT"}],"circlet_count":0,"master_deck":["AscendersBane","Strike_G+1","Strike_G","Strike_G","Strike_G+1","Defend_G+1","Defend_G","Defend_G","Defend_G","Defend_G","Survivor","Neutralize+1","Calculated Gamble+1","Escape Plan","Infinite Blades","Flying Knee","Backflip","Acrobatics","Backflip","Calculated Gamble","Leg Sweep","Malaise","Envenom","Riddle With Holes"],"relics":["Ring of the Snake","NeowsBlessing","FaceOfCleric","Whetstone","Kunai","Pear","Girya","WristBlade"],"acts_visited":["Exordium","TheCity"],"potions_floor_usage":[14,18,19],"damage_taken":[{"damage":0,"enemies":"Cultist","floor":1,"turns":1},{"damage":0,"enemies":"Small Slimes","floor":4,"turns":1},{"damage":0,"enemies":"Gremlin Nob","floor":8,"turns":1},{"damage":0,"enemies":"Jaw Worm","floor":10,"turns":4},{"damage":2,"enemies":"Red Slaver","floor":11,"turns":4},{"damage":10,"enemies":"3 Sentries","floor":12,"turns":9},{"damage":0,"enemies":"Blue Slaver","floor":13,"turns":4},{"damage":10,"enemies":"Lagavulin","floor":14,"turns":6},{"damage":9,"enemies":"Hexaghost","floor":16,"turns":18},{"damage":23,"enemies":"2 Thieves","floor":18,"turns":4},{"damage":30,"enemies":"3 Byrds","floor":19,"turns":8},{"damage":16,"enemies":"Snake Plant","floor":20,"turns":3}],"seed_played":"-6446587199944715527","potions_obtained":[{"floor":8,"key":"Weak Potion"},{"floor":12,"key":"Block Potion"},{"floor":13,"key":"AttackPotion"},{"floor":16,"key":"champ:CounterPotion"}],"is_trial":false,"path_per_floor":["M","?","?","M","$","R","?","E","T","M","M","E","M","E","R","B",null,"M","M","M"],"character_chosen":"THE_SILENT","items_purchased":["Infinite Blades","Flying Knee"],"campfire_rested":0,"item_purchase_floors":[5,5],"current_hp_per_floor":[59,39,32,32,32,32,32,33,33,34,33,34,35,26,26,18,67,45,16,0,0],"gold":263,"neow_bonus":"THREE_ENEMY_KILL","is_daily":false,"chose_seed":false,"campfire_upgraded":1,"win_rate":0.0,"timestamp":1613001424,"path_taken":["M","?","?","?","?","R","?","E","T","M","M","E","M","E","R","BOSS","M","M","M"],"items_purchased_type":["Card","Card"],"build_version":"2020-12-22","purchased_purges":0,"victory":false,"max_hp_per_floor":[66,66,66,66,66,66,66,67,67,68,69,80,81,82,82,83,83,84,85,85,85],"card_choices":[{"not_picked":["Dagger Throw","Dodge and Roll"],"picked":"Calculated Gamble","floor":1},{"not_picked":["PiercingWail","Sucker Punch"],"picked":"Escape Plan","floor":4},{"not_picked":["Infinite Blades","Poisoned Stab"],"picked":"Backflip","floor":8},{"not_picked":["Flying Knee","Masterful Stab"],"picked":"Acrobatics","floor":10},{"not_picked":["Dagger Spray","Acrobatics"],"picked":"Backflip","floor":11},{"not_picked":["Heel Hook","Quick Slash"],"picked":"Calculated Gamble","floor":12},{"not_picked":["Endless Agony","Prepared"],"picked":"Leg Sweep","floor":13},{"not_picked":["Flying Knee","Slice"],"picked":"Malaise","floor":14},{"not_picked":["Bullet Time","Grand Finale"],"picked":"Envenom","floor":16},{"not_picked":["Dagger Throw","Acrobatics","Slice+1"],"picked":"SKIP","floor":18},{"not_picked":["Deadly Poison","Underhanded Strike+1"],"picked":"Riddle With Holes","floor":19}],"player_experience":571403,"relics_obtained":[{"floor":8,"key":"Whetstone"},{"floor":9,"key":"Kunai"},{"floor":12,"key":"Pear"},{"floor":14,"key":"Girya"}],"event_choices":[{"damage_healed":0,"gold_gain":0,"player_choice":"Entered Light","damage_taken":20,"max_hp_gain":0,"max_hp_loss":0,"event_name":"Shining Light","floor":2,"gold_loss":0,"cards_upgraded":["Defend_G","Neutralize"]},{"cards_removed":["Strike_G"],"damage_healed":0,"gold_gain":0,"player_choice":"Card Removal","damage_taken":7,"max_hp_gain":0,"max_hp_loss":0,"event_name":"Golden Wing","floor":3,"gold_loss":0},{"damage_healed":0,"gold_gain":0,"player_choice":"Trade","damage_taken":0,"relics_obtained":["FaceOfCleric"],"max_hp_gain":0,"max_hp_loss":0,"event_name":"FaceTrader","floor":7,"gold_loss":0}],"is_beta":false,"boss_relics":[{"not_picked":["Black Star","SlaversCollar"],"picked":"WristBlade"}],"items_purged_floors":[],"is_endless":false,"potions_floor_spawned":[8,12,13,16],"killed_by":"Snake Plant","ascension_level":17}}