{"host":"15sbyzswzncjigmz","time":1613000873,"event":{"mods":["AchievementEnabler","BaseMod","Bestiary","Block Reminder","Colored Map","Colored Powertips","DeckTracker","Minty Spire (QoL Compilation)","Relic Stats","StSLib","Weighted Paths"],"gold_per_floor":[119,138,138,218,218,252,2,36,36,63,78,88,114,133,133,229,229,229,229,229,229,229,229,21,21,21,21,21,21,21,21,21,21,21,21,21,21,21,21,21,21,21,21,21,21,21,21,21,21,21,21],"floor_reached":50,"language":"ENG","playtime":5580,"items_purged":[],"score":651,"play_id":"fa9ba5b2-1557-480a-9ff5-e16a866998fd","local_time":"20210210174753","is_ascension_mode":true,"campfire_choices":[{"floor":15,"key":"REST"},{"floor":23,"key":"REST"},{"floor":30,"key":"REST"},{"floor":32,"key":"REST"},{"floor":40,"key":"REST"},{"floor":45,"key":"RECALL"},{"floor":49,"key":"REST"}],"circlet_count":0,"master_deck":["Strike_G+1","Strike_G+1","Strike_G+1","Strike_G+1","Strike_G+1","Defend_G+1","Defend_G+1","Defend_G+1","Survivor","Neutralize","Terror","Dash","Flying Knee","Reflex","Predator","Flying Knee","Prepared","Endless Agony","Venomology","PiercingWail+1","Accuracy","Well Laid Plans+1","Cloak And Dagger","Metamorphosis","Endless Agony","Storm of Steel","Corpse Explosion","Sucker Punch+1","Quick Slash+1","Night Terror","Dagger Spray+1","Sucker Punch+1","Blade Dance+1","Panacea"],"relics":["Ring of the Snake","NeowsBlessing","Tough Bandages","Mercury Hourglass","Letter Opener","Pear","Strawberry","Calipers","Ectoplasm","Ancient Tea Set","Lantern","Enchiridion","WristBlade","WingedGreaves","Molten Egg 2","MealTicket"],"acts_visited":["Exordium","TheCity","TheBeyond"],"potions_floor_usage":[16,16,22,22,27,27,27,33,37,41,41,46,50,50],"damage_taken":[{"damage":0,"enemies":"Small Slimes","floor":1,"turns":1},{"damage":0,"enemies":"Cultist","floor":2,"turns":1},{"damage":0,"enemies":"Lagavulin","floor":6,"turns":1},{"damage":14,"enemies":"3 Sentries","floor":8,"turns":9},{"damage":9,"enemies":"Gremlin Nob","floor":10,"turns":4},{"damage":0,"enemies":"2 Louse","floor":11,"turns":2},{"damage":0,"enemies":"2 Fungi Beasts","floor":12,"turns":2},{"damage":19,"enemies":"3 Sentries","floor":13,"turns":6},{"damage":6,"enemies":"Exordium Thugs","floor":14,"turns":3},{"damage":29,"enemies":"The Guardian","floor":16,"turns":8},{"damage":0,"enemies":"Chosen","floor":18,"turns":4},{"damage":7,"enemies":"Shell Parasite","floor":21,"turns":4},{"damage":29,"enemies":"Snake Plant","floor":22,"turns":4},{"damage":12,"enemies":"Book of Stabbing","floor":27,"turns":4},{"damage":10,"enemies":"Cultist and Chosen","floor":28,"turns":5},{"damage":74,"enemies":"Champ","floor":33,"turns":11},{"damage":0,"enemies":"3 Shapes","floor":35,"turns":2},{"damage":42,"enemies":"3 Darklings","floor":37,"turns":4},{"damage":16,"enemies":"4 Shapes","floor":39,"turns":3},{"damage":31,"enemies":"Giant Head","floor":41,"turns":6},{"damage":33,"enemies":"Nemesis","floor":46,"turns":5},{"damage":118,"enemies":"Time Eater","floor":50,"turns":9}],"seed_played":"-4714538171609644306","potions_obtained":[{"floor":8,"key":"Dexterity Potion"},{"floor":10,"key":"Fire Potion"},{"floor":13,"key":"LiquidBronze"},{"floor":14,"key":"SkillPotion"},{"floor":16,"key":"Poison Potion"},{"floor":33,"key":"Explosive Potion"},{"floor":35,"key":"SkillPotion"},{"floor":41,"key":"Poison Potion"}],"is_trial":false,"path_per_floor":["M","M","$","?","?","E","$","E","T","E","M","M","E","M","R","B",null,"M","?","?","M","M","R","$","?","T","E","M","$","R","?","R","B",null,"M","?","M","?","M","R","E","?","T","?","R","E","?","$","R","B"],"character_chosen":"THE_SILENT","items_purchased":["Mercury Hourglass","Cloak And Dagger","Metamorphosis"],"campfire_rested":6,"item_purchase_floors":[7,24,24],"current_hp_per_floor":[70,70,70,70,70,70,70,56,66,64,64,64,45,39,65,36,87,87,70,70,63,34,61,61,61,61,49,39,39,66,50,77,3,92,92,92,50,50,34,61,30,30,30,80,80,47,47,62,80,0,0],"gold":21,"neow_bonus":"THREE_ENEMY_KILL","is_daily":false,"chose_seed":false,"campfire_upgraded":0,"win_rate":0.0,"timestamp":1613000873,"path_taken":["M","M","$","?","?","E","$","E","T","E","M","M","E","?","R","BOSS","M","?","?","?","M","R","?","?","T","E","M","$","R","?","R","BOSS","M","?","?","?","?","R","E","?","T","?","R","E","?","?","R","BOSS"],"items_purchased_type":["Relic","Card","Card"],"build_version":"2020-12-22","purchased_purges":0,"victory":false,"max_hp_per_floor":[70,70,70,70,70,70,70,70,80,87,87,87,87,87,87,87,87,87,92,92,92,92,92,92,92,92,92,92,92,92,92,92,92,92,92,92,92,92,92,92,92,92,92,80,80,80,80,80,80,80,80],"relic_stats":{"Tough Bandages":[123],"counters":[22,94],"MealTicket":15,"Ectoplasm":354,"Letter Opener":[85],"obtain_stats":[{"Lantern":27,"Pear":9,"Calipers":13,"NeowsBlessing":0,"Enchiridion":31,"Letter Opener":8,"Ancient Tea Set":26,"Mercury Hourglass":7,"Tough Bandages":6,"WristBlade":34,"Strawberry":10,"Molten Egg 2":41,"MealTicket":46,"Ectoplasm":17,"WingedGreaves":36,"Ring of the Snake":0},{"Lantern":14,"Pear":4,"Calipers":8,"NeowsBlessing":0,"Enchiridion":15,"Letter Opener":4,"Ancient Tea Set":13,"Mercury Hourglass":3,"Tough Bandages":3,"WristBlade":16,"Strawberry":5,"Molten Egg 2":20,"MealTicket":21,"Ectoplasm":10,"WingedGreaves":17,"Ring of the Snake":0},{"Lantern":49,"Pear":11,"Calipers":24,"NeowsBlessing":0,"Enchiridion":54,"Letter Opener":11,"Ancient Tea Set":45,"Mercury Hourglass":3,"Tough Bandages":3,"WristBlade":65,"Strawberry":15,"Molten Egg 2":80,"MealTicket":85,"Ectoplasm":34,"WingedGreaves":67,"Ring of the Snake":0}],"Ring of the Snake":[47],"Mercury Hourglass":[358]},"card_choices":[{"not_picked":["Prepared","Acrobatics"],"picked":"Terror","floor":1},{"not_picked":["Escape Plan","Flying Knee"],"picked":"Masterful Stab","floor":2},{"not_picked":["Dagger Throw","Outmaneuver"],"picked":"Dash","floor":6},{"not_picked":["Dagger Spray","Dagger Throw"],"picked":"Flying Knee","floor":8},{"not_picked":["Slice","Riddle With Holes"],"picked":"Reflex","floor":10},{"not_picked":["Night Terror","Cloak And Dagger"],"picked":"Predator","floor":11},{"not_picked":["Deflect","Acrobatics"],"picked":"Flying Knee","floor":12},{"not_picked":["Deadly Poison","Expertise"],"picked":"Prepared","floor":13},{"not_picked":["Dodge and Roll","Dagger Throw"],"picked":"Endless Agony","floor":14},{"not_picked":["Envenom","Burst"],"picked":"Venomology","floor":16},{"not_picked":["Dagger Throw","Backflip"],"picked":"PiercingWail+1","floor":18},{"not_picked":["Sucker Punch","Deflect+1"],"picked":"Accuracy","floor":21},{"not_picked":["Slice","Tactician+1"],"picked":"Well Laid Plans+1","floor":22},{"not_picked":["Calculated Gamble","Catalyst"],"picked":"Endless Agony","floor":27},{"not_picked":["Dagger Spray","Cloak And Dagger"],"picked":"Storm of Steel","floor":28},{"not_picked":["After Image","Phantasmal Killer"],"picked":"Corpse Explosion","floor":33},{"not_picked":["Bouncing Flask","Dagger Spray"],"picked":"Sucker Punch+1","floor":35},{"not_picked":["Backflip+1","Burst"],"picked":"Quick Slash+1","floor":37},{"not_picked":["Reflex","Predator+1"],"picked":"Dagger Spray+1","floor":39},{"not_picked":["Backflip+1","Prepared"],"picked":"Sucker Punch+1","floor":41},{"not_picked":["Wraith Form v2","Expertise"],"picked":"Blade Dance+1","floor":46},{"not_picked":["Finesse","Trip"],"picked":"Panacea","floor":47}],"player_experience":161239,"relics_obtained":[{"floor":6,"key":"Tough Bandages"},{"floor":8,"key":"Letter Opener"},{"floor":9,"key":"Pear"},{"floor":10,"key":"Strawberry"},{"floor":13,"key":"Calipers"},{"floor":26,"key":"Ancient Tea Set"},{"floor":27,"key":"Lantern"},{"floor":31,"key":"Enchiridion"},{"floor":41,"key":"Molten Egg 2"},{"floor":46,"key":"MealTicket"}],"event_choices":[{"damage_healed":0,"gold_gain":80,"player_choice":"Gained Gold","damage_taken":0,"max_hp_gain":0,"max_hp_loss":0,"event_name":"Golden Wing","floor":4,"gold_loss":0},{"cards_removed":["Masterful Stab"],"damage_healed":0,"gold_gain":0,"player_choice":"Offered Uncommon","damage_taken":0,"max_hp_gain":0,"max_hp_loss":0,"event_name":"Bonfire Elementals","floor":5,"gold_loss":0},{"damage_healed":0,"gold_gain":0,"player_choice":"Shed Blood","damage_taken":22,"max_hp_gain":5,"max_hp_loss":0,"event_name":"Forgotten Altar","floor":19,"gold_loss":0},{"damage_healed":0,"gold_gain":0,"player_choice":"Ignored","damage_taken":0,"max_hp_gain":0,"max_hp_loss":0,"event_name":"Beggar","floor":20,"gold_loss":0},{"damage_healed":0,"gold_gain":0,"player_choice":"Simplicity","damage_taken":0,"max_hp_gain":0,"max_hp_loss":0,"event_name":"Back to Basics","floor":25,"gold_loss":0,"cards_upgraded":["Strike_G","Strike_G","Strike_G","Strike_G","Strike_G","Defend_G","Defend_G","Defend_G","Defend_G","Defend_G"]},{"damage_healed":0,"gold_gain":0,"player_choice":"Obtained Book","damage_taken":16,"max_hp_gain":0,"max_hp_loss":0,"event_name":"Cursed Tome","floor":31,"gold_loss":0},{"damage_healed":0,"gold_gain":0,"player_choice":"Gave Potion","damage_taken":0,"relics_obtained":["WingedGreaves"],"max_hp_gain":0,"max_hp_loss":0,"event_name":"WeMeetAgain","floor":36,"gold_loss":0},{"damage_healed":0,"gold_gain":0,"cards_transformed":["Defend_G"],"player_choice":"Transformed","damage_taken":0,"max_hp_gain":0,"max_hp_loss":0,"event_name":"Transmorgrifier","floor":38,"gold_loss":0,"cards_obtained":["Night Terror"]},{"cards_removed":["Defend_G"],"damage_healed":0,"gold_gain":0,"player_choice":"Removed Skill","damage_taken":0,"max_hp_gain":0,"max_hp_loss":0,"event_name":"Falling","floor":42,"gold_loss":0},{"damage_healed":80,"gold_gain":0,"player_choice":"Heal","damage_taken":0,"max_hp_gain":0,"max_hp_loss":12,"event_name":"The Moai Head","floor":44,"gold_loss":0},{"damage_healed":0,"gold_gain":0,"player_choice":"Memory 1","damage_taken":0,"max_hp_gain":0,"max_hp_loss":0,"event_name":"SensoryStone","floor":47,"gold_loss":0}],"is_beta":false,"boss_relics":[{"not_picked":["Coffee Dripper","Velvet Choker"],"picked":"Ectoplasm"},{"not_picked":["Runic Dome","Philosopher\u0027s Stone"],"picked":"WristBlade"}],"items_purged_floors":[],"is_endless":false,"potions_floor_spawned":[8,10,13,14,16,18,33,35,41],"killed_by":"Time Eater","ascension_level":2}}