{"host":"och2iitg9ibgz06n","time":1613000370,"event":{"mods":["Abigail Mod","AchievementEnabler","Aspiration","BaseMod","Colored Powertips","Dio Mod","Hubris","Hyrulean Relics","Infinite Spire","Minty Spire (QoL Compilation)","Replay The Spire","Small Relic Pack","StSLib","The Animator","The Bug Knight","The Hierophant","The Jungle","The Saiyan","TheHero","Wandering Minibosses","everything is the same but u backflip on backflip","slay the spire mod where everything is the same but ironclad has a cowboy hat"],"gold_per_floor":[364,364,243,243,263,263,289,289,289,306,336,346,357,389,389,389,389],"floor_reached":16,"language":"ENG","playtime":801,"items_purged":["Decay"],"score":182,"play_id":"6dc26dbb-48af-4c2a-af52-7f794002e876","local_time":"20210210173930","is_ascension_mode":true,"campfire_choices":[{"data":"dioMod:DominatingPresence","floor":6,"key":"SMITH"},{"floor":8,"key":"REST"},{"data":"dioMod:PathToHeaven","floor":15,"key":"SMITH"}],"circlet_count":0,"master_deck":["dioMod:Strike","dioMod:Strike","dioMod:Strike","dioMod:Strike","Bite+1","dioMod:Defend","dioMod:Defend+1","dioMod:Defend","dioMod:DarkRebirth+1","dioMod:Muda+1","dioMod:UltimateSacrifice+1","dioMod:DominatingPresence+1","dioMod:BloodShield","dioMod:Roundabout","dioMod:BloodShield","dioMod:Hiss","dioMod:SadisticLaugh","dioMod:PathToHeaven+1"],"relics":["dioMod:VampireBlood","Centennial Puzzle","Iron Hammer","Odd Mushroom","Whetstone"],"acts_visited":["Exordium"],"potions_floor_usage":[16,16],"damage_taken":[{"damage":11,"enemies":"Jaw Worm","floor":1,"turns":6},{"damage":8,"enemies":"Small Slimes","floor":5,"turns":2},{"damage":25,"enemies":"Lagavulin","floor":7,"turns":5},{"damage":0,"enemies":"2 Louse","floor":10,"turns":2},{"damage":13,"enemies":"The Mushroom Lair","floor":11,"turns":5},{"damage":4,"enemies":"Exordium Thugs","floor":12,"turns":4},{"damage":8,"enemies":"3 Louse","floor":13,"turns":3},{"damage":8,"enemies":"HollowMod:MossKnight","floor":14,"turns":2},{"damage":141,"enemies":"Fading Forest","floor":16,"turns":9}],"seed_played":"-4234205493369455765","potions_obtained":[{"floor":7,"key":"BlessingOfTheForge"},{"floor":11,"key":"Ancient Potion"},{"floor":13,"key":"Block Potion"}],"is_trial":false,"path_per_floor":["M","?","$","?","M","R","E","R","T","M","?","M","M","E","R","B"],"character_chosen":"THE_DEFAULT","items_purchased":["dioMod:Muda"],"campfire_rested":1,"item_purchase_floors":[3],"current_hp_per_floor":[66,51,51,51,53,53,39,61,61,69,69,75,75,75,75,0,0],"gold":389,"neow_bonus":"TWO_FIFTY_GOLD","is_daily":false,"chose_seed":false,"campfire_upgraded":2,"win_rate":0.0,"timestamp":1613000370,"path_taken":["M","?","$","?","M","R","E","R","T","M","?","M","M","E","R","BOSS"],"items_purchased_type":["Card"],"build_version":"2020-12-22","purchased_purges":1,"victory":false,"max_hp_per_floor":[75,75,75,75,75,75,75,75,75,75,75,75,75,75,75,75,75],"card_choices":[{"not_picked":["dioMod:VengefulMuda","dioMod:TripleThreat"],"picked":"dioMod:DarkRebirth","floor":1},{"not_picked":["dioMod:TripleThreat","dioMod:StreetSign"],"picked":"dioMod:DominatingPresence","floor":5},{"not_picked":["dioMod:Minions","dioMod:CautiousMuda"],"picked":"dioMod:BloodShield","floor":7},{"not_picked":["dioMod:CoffinBath","dioMod:FlyAway"],"picked":"dioMod:Roundabout","floor":10},{"not_picked":["dioMod:CautiousMuda","dioMod:SlashThroughTime"],"picked":"dioMod:BloodShield","floor":11},{"not_picked":["dioMod:Muda","dioMod:DarkRebirth"],"picked":"dioMod:Hiss","floor":12},{"not_picked":["dioMod:LaserVision","dioMod:DisarmingVoice"],"picked":"dioMod:SadisticLaugh","floor":13},{"not_picked":["dioMod:WRYYY","dioMod:Muda"],"picked":"dioMod:PathToHeaven","floor":14}],"player_experience":498353,"relics_obtained":[{"floor":7,"key":"Centennial Puzzle"},{"floor":9,"key":"Iron Hammer"},{"floor":11,"key":"Odd Mushroom"},{"floor":14,"key":"Whetstone"}],"event_choices":[{"damage_healed":0,"gold_gain":0,"player_choice":"Entered Light","damage_taken":15,"max_hp_gain":0,"max_hp_loss":0,"event_name":"Shining Light","floor":2,"gold_loss":0,"cards_upgraded":["dioMod:Defend","dioMod:DarkRebirth"]},{"damage_healed":0,"gold_gain":0,"player_choice":"Fought Mushrooms","damage_taken":0,"max_hp_gain":0,"max_hp_loss":0,"event_name":"Mushrooms","floor":11,"gold_loss":0}],"is_beta":false,"boss_relics":[],"items_purged_floors":[3],"is_endless":false,"potions_floor_spawned":[7,11,13,14],"killed_by":"Fading Forest","ascension_level":7}}