{"host":"d73an99q9oevilk5","time":1613000151,"event":{"mods":["2.2 Compatiblity","AchievementEnabler","Act Like it!","Aspiration","BaseMod","Beaked The Cultist","Better Third Choice","BetterRewards","Colored Map","Colored Powertips","Conspire","Downfall","GifTheSpireLib","GungeonMod","Halation","Hubris","Infinite Spire","Marisa????????","Mimic Mod","Minty Spire (QoL Compilation)","Quick Restart","Relic Sorter","Reliquary","Replay The Spire","Shop Mod","Spikes Relics","StSLib","Stuff the Spire","The Bug Knight","The Cursed","The Jungle","The Necromancer","The Saiyan","Waifu the Spire","egg","slay the spire mod where everything is the same but ironclad has a cowboy hat"],"gold_per_floor":[116,113,113,124,124,124,152,163,190,43,43,58,58,69,69,164,164,175,175,175,194,207,207,224,250,327,337,347,415,255,288,288,388,388,404,404,456,476,487,513,513,534,602,185,204,204,222,122,122,122],"floor_reached":51,"language":"ENG","playtime":2014,"items_purged":["Overencumbered","Wraith"],"score":1044,"play_id":"230da481-97a0-4170-a49e-03bdeb5503b9","local_time":"20210210163551","is_ascension_mode":false,"campfire_choices":[{"data":"conspire:Banana","floor":11.0,"key":"SMITH"},{"data":"beaked:CrazyRituals","floor":15.0,"key":"SMITH"},{"data":"beaked:KnowThyFoe","floor":23.0,"key":"SMITH"},{"data":"beaked:Ceremony","floor":41.0,"key":"SMITH"},{"data":"beaked:KnowThyFoe","floor":49,"key":"SMITH"}],"circlet_count":0,"master_deck":["beaked:Strike_Y","beaked:Strike_Y","beaked:Strike_Y+1","beaked:Strike_Y","beaked:Strike_Y","beaked:Strike_Y","beaked:Defend_Y","beaked:Defend_Y","beaked:Defend_Y","beaked:Defend_Y","beaked:Ceremony+1","beaked:Ceremony","beaked:CrazyRituals+1","conspire:Banana+1","beaked:CursingBlood","beaked:CrazyRituals","infinitespire:DeathsTouch+1","beaked:KnowThyFoe+1","beaked:Brace","beaked:MaddeningMurmurs+1","beaked:Foresight","beaked:Foresight","beaked:KnowThyFoe+1","beaked:WarriorEssence","ReplayTheSpireMod:RavenHex+1","beaked:CrazyRituals+1","The Bomb"],"relics":["beaked:MendingPlumage","Iron Hammer","hubris:BundleOfHerbs","Calipers","DemoMod:WhiteGuonStone","ReplayTheSpireMod:CursedCoin","Ice Cream","WarpedTongs","Quantum Egg","Nunchaku","Toolbox","theJungle:WildStrawberry","hubris:SlimyHat","DemoMod:MemoryAlloy","Lantern","ReplayTheSpireMod:Shallot","hubris:RunicObelisk","aspiration:EmptySkull","WizardHat","hubris:MysteriousPyramids","Pear","ShockBauble"],"acts_visited":["Exordium","Exordium","TheBeyond"],"potions_floor_usage":[],"damage_taken":[{"damage":0.0,"enemies":"conspire:RoseBush","floor":1.0,"turns":4.0},{"damage":10.0,"enemies":"Cultist","floor":4.0,"turns":4.0},{"damage":31.0,"enemies":"Lagavulin","floor":7.0,"turns":6.0},{"damage":8.0,"enemies":"Small Slimes","floor":8.0,"turns":4.0},{"damage":16.0,"enemies":"Blue Slaver","floor":12.0,"turns":4.0},{"damage":10.0,"enemies":"conspire:2 RoseBushes","floor":14.0,"turns":5.0},{"damage":9.0,"enemies":"Fading Forest","floor":16.0,"turns":11.0},{"damage":43.0,"enemies":"theJungle:5_Spyders","floor":18.0,"turns":7.0},{"damage":17.0,"enemies":"theJungle:Flameango_and_Byrd","floor":21.0,"turns":5.0},{"damage":3.0,"enemies":"theJungle:2_Snecko_Cultists","floor":22.0,"turns":3.0},{"damage":0.0,"enemies":"theJungle:Lyon","floor":24.0,"turns":3.0},{"damage":3.0,"enemies":"theJungle:2_Phrogs","floor":25.0,"turns":6.0},{"damage":17.0,"enemies":"theJungle:JungleHuntersEncounter","floor":27.0,"turns":6.0},{"damage":50.0,"enemies":"theJungle:2_Snecko_Cultists","floor":28.0,"turns":5.0},{"damage":7.0,"enemies":"theJungle:MamaSnecko","floor":31.0,"turns":5.0},{"damage":100.0,"enemies":"theJungle:TotemBoss","floor":33.0,"turns":9.0},{"damage":20.0,"enemies":"3 Darklings","floor":35.0,"turns":4.0},{"damage":52.0,"enemies":"2 Orb Walkers","floor":37.0,"turns":3.0},{"damage":2.0,"enemies":"Orb Walker","floor":38.0,"turns":4.0},{"damage":13.0,"enemies":"Jaw Worm Horde","floor":39.0,"turns":5.0},{"damage":1.0,"enemies":"R_Hoarder","floor":40.0,"turns":6.0},{"damage":0.0,"enemies":"Maw","floor":42.0,"turns":6.0},{"damage":0.0,"enemies":"Jaw Worm Horde","floor":45.0,"turns":3.0},{"damage":12,"enemies":"Spire Growth","floor":47,"turns":5},{"damage":42,"enemies":"Time Eater","floor":50,"turns":7}],"seed_played":"-8326814085753878673","potions_obtained":[{"floor":8.0,"key":"LiquidMemories"},{"floor":14.0,"key":"Explosive Potion"},{"floor":21.0,"key":"Dexterity Potion"},{"floor":25.0,"key":"Explosive Potion"},{"floor":27.0,"key":"Adrenaline Potion"},{"floor":29.0,"key":"FairyPotion"},{"floor":33.0,"key":"Dexterity Potion"},{"floor":37.0,"key":"Elixir"},{"floor":39.0,"key":"SkillPotion"}],"is_trial":false,"path_per_floor":["M","$","?","M","?","?","E","M","T","$","R","M","?","M","R","B",null,"M","?","?","M","M","R","M","E","T","M","M","?","$","E","R_BF","B",null,"M","AVR","?","M","M","E","R","M","T","$","M","?","M","$","R","B",null],"character_chosen":"BEAKED_THE_CULTIST","items_purchased":["Iron Hammer","beaked:CrazyRituals","conspire:Banana","ReplayTheSpireMod:CursedCoin","beaked:CrazyRituals","Toolbox","beaked:KnowThyFoe","ShockBauble","The Bomb"],"campfire_rested":0,"item_purchase_floors":[0,0,0,2,2,10,30,44,44],"current_hp_per_floor":[51,51,51,52,52,52,44,47,47,47,47,44,29,39,39,61,61,41,34,34,37,44,44,60,76,76,78,42,22,22,39,63,48,82,73,73,27,40,49,83,83,86,96,96,98,98,100,100,100,94],"gold":122,"neow_bonus":"","is_daily":false,"chose_seed":false,"campfire_upgraded":5,"win_rate":0.0,"timestamp":1613000151,"path_taken":["M","$","?","?","?","?","E","M","T","$","R","?","?","M","R","BOSS","M","?","?","?","M","R","M","E","T","M","M","?","$","E","R_BF","BOSS","M","AVR","?","M","M","E","R","M","T","$","M","?","M","?","R","BOSS"],"items_purchased_type":["Relic","Card","Card","Relic","Card","Relic","Card","Relic","Card"],"build_version":"2020-12-22","purchased_purges":2,"victory":true,"max_hp_per_floor":[51,51,51,53,53,53,54,55,55,55,55,57,57,59,59,61,61,63,70,70,72,72,72,74,76,76,78,80,80,80,80,80,82,82,84,84,84,84,84,84,84,86,96,96,98,98,100,100,100,103],"card_choices":[{"not_picked":["beaked:DigDeep","beaked:Overexert","beaked:MimicHuntress"],"picked":"SKIP","floor":1.0},{"not_picked":["beaked:Redirect","ReplayTheSpireMod:Prepare the Ceremony","beaked:Insight"],"picked":"SKIP","floor":4.0},{"not_picked":["beaked:Negation","beaked:MimicHuntress","beaked:Recite"],"picked":"SKIP","floor":7.0},{"not_picked":["beaked:Devastation","beaked:HuntressEssence","beaked:Cower"],"picked":"SKIP","floor":8.0},{"not_picked":["beaked:Tradeoff","beaked:StunningBlow","beaked:WindBringer"],"picked":"SKIP","floor":12.0},{"not_picked":["infinitespire:UltimateForm","infinitespire:Collect"],"picked":"infinitespire:DeathsTouch","floor":13.0},{"not_picked":["beaked:Devastation","beaked:Cower","beaked:BloodForTheGods"],"picked":"SKIP","floor":14.0},{"not_picked":["beaked:Caw","beaked:FullHouse"],"picked":"beaked:KnowThyFoe","floor":16.0},{"not_picked":["beaked:Redirect+1","beaked:Daydream"],"picked":"beaked:Brace","floor":18.0},{"not_picked":["beaked:FeelMyPain","beaked:SurvivalInstinct","beaked:Insight"],"picked":"SKIP","floor":21.0},{"not_picked":["beaked:Redirect+1","beaked:DigDeep+1"],"picked":"beaked:MaddeningMurmurs+1","floor":22.0},{"not_picked":["beaked:Roost","beaked:Evade"],"picked":"beaked:Foresight","floor":24.0},{"not_picked":["beaked:Resilience+1","beaked:BounceBack","beaked:Struggle+1"],"picked":"SKIP","floor":25.0},{"not_picked":["beaked:Windmill","beaked:RitualOfBody","beaked:CursingBlood"],"picked":"SKIP","floor":27.0},{"not_picked":["beaked:Evade+1","beaked:Redirect"],"picked":"beaked:Foresight","floor":28.0},{"not_picked":["beaked:Evade+1","beaked:DesperateSwing","beaked:Tradeoff"],"picked":"SKIP","floor":31.0},{"not_picked":["beaked:Recite+1","beaked:TuckingFeathers"],"picked":"beaked:WarriorEssence","floor":35.0},{"not_picked":["DemoMod:Spice+1","beaked:BarbedWire"],"picked":"ReplayTheSpireMod:RavenHex+1","floor":37.0},{"not_picked":["beaked:Flinch+1","beaked:RitualOfBody+1","DemoMod:Spice+1"],"picked":"SKIP","floor":38.0},{"not_picked":["DemoMod:Spice","beaked:WarriorEssence+1"],"picked":"beaked:CrazyRituals+1","floor":39.0},{"not_picked":["beaked:MimicWarrior","beaked:SacrificialAttack+1","beaked:Recite+1"],"picked":"SKIP","floor":39.0},{"not_picked":["beaked:DigDeep","beaked:MimicHuntress","beaked:Poke+1"],"picked":"SKIP","floor":40.0},{"not_picked":["beaked:FeelMyPain","beaked:MimicHuntress+1","beaked:MachineEssence"],"picked":"SKIP","floor":42.0},{"not_picked":["beaked:Cower+1","beaked:Redirect","beaked:DesperateSwing"],"picked":"SKIP","floor":45.0},{"not_picked":["beaked:DesperateSwing","beaked:MimicWarrior","ReplayTheSpireMod:RavenHex"],"picked":"SKIP","floor":47}],"player_experience":1887920,"relics_obtained":[{"floor":7.0,"key":"Quantum Egg"},{"floor":9.0,"key":"Nunchaku"},{"floor":25.0,"key":"hubris:SlimyHat"},{"floor":26.0,"key":"DemoMod:MemoryAlloy"},{"floor":29.0,"key":"Lantern"},{"floor":31.0,"key":"ReplayTheSpireMod:Shallot"},{"floor":37.0,"key":"WizardHat"},{"floor":40.0,"key":"hubris:MysteriousPyramids"},{"floor":43.0,"key":"Pear"}],"event_choices":[{"damage_healed":0.0,"max_hp_gain":0.0,"max_hp_loss":0.0,"gold_gain":0.0,"event_name":"WeMeetAgain","player_choice":"Gave Potion","floor":3.0,"gold_loss":0.0,"damage_taken":0.0,"relics_obtained":["Ice Cream"]},{"damage_healed":0.0,"max_hp_gain":0.0,"max_hp_loss":0.0,"gold_gain":0.0,"event_name":"Accursed Blacksmith","player_choice":"Rummage","floor":6.0,"gold_loss":0.0,"damage_taken":0.0,"relics_obtained":["WarpedTongs"],"cards_obtained":["Pain"]},{"cards_removed":["Pain"],"damage_healed":0.0,"max_hp_gain":0.0,"max_hp_loss":0.0,"gold_gain":0.0,"event_name":"Fountain of Cleansing","player_choice":"Removed Curses","floor":20.0,"gold_loss":0.0,"damage_taken":0.0},{"damage_healed":0.0,"max_hp_gain":0.0,"max_hp_loss":0.0,"gold_gain":0.0,"event_name":"Mysterious Sphere","player_choice":"Fight","floor":37.0,"gold_loss":0.0,"damage_taken":0.0},{"damage_healed":0,"gold_gain":0,"player_choice":"Ignored","damage_taken":0,"max_hp_gain":0,"max_hp_loss":0,"event_name":"OrinTheCat","floor":46,"gold_loss":0}],"is_beta":false,"boss_relics":[{"not_picked":["StuffTheSpire:RunicConfusion","StuffTheSpire:ModemDavis","conspire:SeveredTorchhead"]},{"not_picked":["aspiration:FutureDiary","halation:PinkAlligatorPlush"],"picked":"hubris:RunicObelisk"}],"items_purged_floors":[2,48],"is_endless":false,"potions_floor_spawned":[8,14,21,25,27,33,37,39,42,45,47],"ascension_level":0}}