{"host":"cy3pd5cut10e7v8y","time":1613000165,"event":{"mods":["AchievementEnabler","Act Like it!","BaseMod","Colored Map","Colored Powertips","Koishi","Minty Spire (QoL Compilation)","StSLib","The Animator","Waifu the Spire"],"gold_per_floor":[361,5,21,36,211,211,244,244,244,244,299,311,329,329,329,453,453,476,64,64,64,83,83,96,96,96,45,144,162,37,71,71,195,195,214,547,547,1546,1546,1546,1098,1115,1115,1126,1139,332,342,342,342,342],"floor_reached":51,"language":"ENG","playtime":2487,"items_purged":["Decay","Doubt","Writhe","Normality","Normality"],"score":738,"play_id":"90e8d4d3-11a4-4c3e-81c0-0b357d7c9b2b","local_time":"20210211003605","is_ascension_mode":false,"campfire_choices":[{"data":"Finisher","floor":6,"key":"SMITH"},{"data":"Cloak And Dagger","floor":8,"key":"SMITH"},{"floor":15,"key":"REST"},{"data":"A Thousand Cuts","floor":23,"key":"SMITH"},{"floor":32,"key":"REST"},{"data":"Burst","floor":40,"key":"SMITH"},{"data":"Infinite Blades","floor":49,"key":"SMITH"}],"circlet_count":0,"master_deck":["Strike_G","Strike_G","Strike_G","Strike_G+1","Defend_G","Defend_G","Defend_G","Defend_G","Defend_G","Survivor","Neutralize","Cloak And Dagger+1","Finisher+1","Backstab+1","A Thousand Cuts+1","Blade Dance","Infinite Blades+1","Blade Dance","Die Die Die","Escape Plan","Burst+1","Footwork","Terror","Infinite Blades+1","Cloak And Dagger","Backstab+1","A Thousand Cuts+1","Bullet Time"],"relics":["Ring of the Serpent","Blood Vial","Ginger","Matryoshka","Incense Burner","Ninja Scroll","Pear","Potion Belt","Lizard Tail","Nunchaku","WristBlade","Pen Nib","MealTicket","Molten Egg 2","Bronze Scales","DollysMirror"],"acts_visited":["Exordium","TheCity","TheBeyond"],"potions_floor_usage":[7,16,33,33,50,50,50,50,50],"damage_taken":[{"damage":0,"enemies":"2 Louse","floor":1,"turns":3},{"damage":4,"enemies":"Jaw Worm","floor":3,"turns":4},{"damage":0,"enemies":"Small Slimes","floor":4,"turns":3},{"damage":16,"enemies":"3 Sentries","floor":7,"turns":14},{"damage":8,"enemies":"3 Sentries","floor":11,"turns":8},{"damage":3,"enemies":"Exordium Wildlife","floor":12,"turns":2},{"damage":0,"enemies":"Looter","floor":13,"turns":1},{"damage":49,"enemies":"Hexaghost","floor":16,"turns":16},{"damage":3,"enemies":"Chosen","floor":18,"turns":5},{"damage":0,"enemies":"3 Byrds","floor":22,"turns":4},{"damage":0,"enemies":"Sentry and Sphere","floor":24,"turns":4},{"damage":15,"enemies":"Centurion and Healer","floor":29,"turns":8},{"damage":16,"enemies":"Book of Stabbing","floor":31,"turns":4},{"damage":58,"enemies":"Automaton","floor":33,"turns":11},{"damage":11,"enemies":"3 Shapes","floor":35,"turns":2},{"damage":8,"enemies":"3 Darklings","floor":42,"turns":2},{"damage":2,"enemies":"4 Shapes","floor":44,"turns":5},{"damage":0,"enemies":"Maw","floor":45,"turns":5},{"damage":10,"enemies":"3 Darklings","floor":47,"turns":2},{"damage":106,"enemies":"Time Eater","floor":50,"turns":9}],"seed_played":"-2510923548138671344","potions_obtained":[{"floor":1,"key":"EssenceOfSteel"},{"floor":3,"key":"SpeedPotion"},{"floor":16,"key":"SpeedPotion"},{"floor":24,"key":"Dexterity Potion"},{"floor":35,"key":"Fire Potion"},{"floor":47,"key":"DistilledChaos"}],"is_trial":false,"path_per_floor":["M","$","M","M","?","R","E","R","T","?","?","M","M","?","R","B",null,"M","$","?","?","M","R","M","?","T","$","?","M","$","E","R","B",null,"M","?","?","?","?","R","$","M","T","M","M","$","M","?","R","B",null],"character_chosen":"THE_SILENT","items_purchased":["Cloak And Dagger","Finisher","Blood Vial","Ninja Scroll","Blade Dance","Blade Dance","Footwork","Pen Nib","Terror","Bronze Scales","DuplicationPotion","SteroidPotion","Block Potion","Backstab+1","DollysMirror","Bullet Time"],"campfire_rested":2,"item_purchase_floors":[2,2,2,19,19,27,41,41,41,46,46,46,46,46,46,46],"current_hp_per_floor":[70,70,66,68,68,68,54,54,54,40,34,33,35,35,54,7,65,62,62,62,72,74,74,75,61,61,61,61,48,48,34,58,2,80,69,69,69,69,69,69,69,63,63,63,65,80,70,70,70,10],"gold":342,"neow_bonus":"TWO_FIFTY_GOLD","is_daily":false,"chose_seed":false,"campfire_upgraded":5,"win_rate":0.0,"timestamp":1613000165,"path_taken":["M","$","M","M","?","R","E","R","T","?","?","M","?","?","R","BOSS","M","$","?","?","M","R","M","?","T","?","?","?","$","E","R","BOSS","M","?","?","?","?","R","$","M","T","M","?","$","M","?","R","BOSS"],"items_purchased_type":["Card","Card","Relic","Relic","Card","Card","Card","Relic","Card","Relic","Potion","Potion","Potion","Card","Relic","Card"],"build_version":"2020-12-22","purchased_purges":5,"victory":true,"max_hp_per_floor":[70,70,70,70,70,70,70,70,70,70,70,70,70,65,65,65,65,65,65,65,75,75,75,75,80,80,80,80,80,80,80,80,80,80,80,80,80,80,80,80,80,80,80,80,80,80,80,80,80,80],"card_choices":[{"not_picked":["Bane","Sucker Punch","Underhanded Strike"],"picked":"SKIP","floor":1},{"not_picked":["All Out Attack","Dagger Spray","Prepared"],"picked":"SKIP","floor":3},{"not_picked":["Calculated Gamble","Backflip","Distraction"],"picked":"SKIP","floor":4},{"not_picked":["Sucker Punch","Acrobatics"],"picked":"Backstab","floor":7},{"not_picked":["Unload","Finisher","Dash"],"picked":"SKIP","floor":12},{"not_picked":["Unload","Finisher","Dash"],"picked":"SKIP","floor":12},{"not_picked":["Dagger Spray","Poisoned Stab","Quick Slash"],"picked":"SKIP","floor":13},{"not_picked":["Die Die Die","Corpse Explosion"],"picked":"A Thousand Cuts","floor":16},{"not_picked":["Poisoned Stab","Escape Plan","Flying Knee+1"],"picked":"SKIP","floor":18},{"not_picked":["Leg Sweep","Flying Knee","Dodge and Roll+1"],"picked":"SKIP","floor":22},{"not_picked":["Dash","Noxious Fumes","Dagger Spray"],"picked":"SKIP","floor":24},{"not_picked":["Prepared","Acrobatics+1"],"picked":"Die Die Die","floor":29},{"not_picked":["Distraction+1","Outmaneuver"],"picked":"Escape Plan","floor":31},{"not_picked":["Storm of Steel","Glass Knife"],"picked":"Burst","floor":33},{"not_picked":["Quick Slash","Endless Agony+1","Outmaneuver"],"picked":"SKIP","floor":35},{"not_picked":["Choke+1","Calculated Gamble+1","Dodge and Roll"],"picked":"SKIP","floor":42},{"not_picked":["Endless Agony+1","Blade Dance"],"picked":"Infinite Blades","floor":44},{"not_picked":["Poisoned Stab+1","PiercingWail+1"],"picked":"Cloak And Dagger","floor":45},{"not_picked":["Caltrops","Bane+1","Backflip+1"],"picked":"SKIP","floor":47}],"player_experience":184017,"relics_obtained":[{"floor":7,"key":"Ginger"},{"floor":9,"key":"Matryoshka"},{"floor":11,"key":"Incense Burner"},{"floor":26,"key":"Potion Belt"},{"floor":26,"key":"Lizard Tail"},{"floor":31,"key":"Nunchaku"},{"floor":43,"key":"MealTicket"},{"floor":43,"key":"Molten Egg 2"}],"event_choices":[{"damage_healed":0,"gold_gain":175,"player_choice":"AGREE","damage_taken":0,"max_hp_gain":0,"max_hp_loss":0,"event_name":"Liars Game","floor":5,"gold_loss":0,"cards_obtained":["Doubt"]},{"damage_healed":0,"gold_gain":0,"player_choice":"Entered Light","damage_taken":14,"max_hp_gain":0,"max_hp_loss":0,"event_name":"Shining Light","floor":10,"gold_loss":0,"cards_upgraded":["Strike_G","Backstab"]},{"damage_healed":0,"gold_gain":0,"player_choice":"Searched \u00271\u0027 times","damage_taken":0,"max_hp_gain":0,"max_hp_loss":0,"event_name":"Dead Adventurer","floor":11,"gold_loss":0},{"damage_healed":0,"gold_gain":0,"player_choice":"Lose Max HP","damage_taken":0,"relics_obtained":["Golden Idol"],"max_hp_gain":0,"max_hp_loss":5,"event_name":"Golden Idol","floor":14,"gold_loss":0},{"damage_healed":0,"gold_gain":0,"player_choice":"Read","damage_taken":0,"max_hp_gain":0,"max_hp_loss":0,"event_name":"The Library","floor":20,"gold_loss":0,"cards_obtained":["Infinite Blades"]},{"damage_healed":0,"gold_gain":0,"player_choice":"Opened","damage_taken":0,"relics_obtained":["Pear"],"max_hp_gain":0,"max_hp_loss":0,"event_name":"The Mausoleum","floor":21,"gold_loss":0,"cards_obtained":["Writhe"]},{"damage_healed":0,"gold_gain":0,"player_choice":"Shed Blood","damage_taken":19,"max_hp_gain":5,"max_hp_loss":0,"event_name":"Forgotten Altar","floor":25,"gold_loss":0},{"damage_healed":0,"gold_gain":99,"player_choice":"Stole From Cult","damage_taken":0,"max_hp_gain":0,"max_hp_loss":0,"event_name":"Nest","floor":28,"gold_loss":0},{"damage_healed":0,"gold_gain":333,"player_choice":"Gave Idol","damage_taken":0,"max_hp_gain":0,"max_hp_loss":0,"event_name":"The Moai Head","floor":36,"relics_lost":["Golden Idol"],"gold_loss":0},{"damage_healed":0,"gold_gain":0,"player_choice":"Ignored","damage_taken":0,"max_hp_gain":0,"max_hp_loss":0,"event_name":"Tomb of Lord Red Mask","floor":37,"gold_loss":0},{"damage_healed":0,"gold_gain":999,"player_choice":"Gold","damage_taken":0,"max_hp_gain":0,"max_hp_loss":0,"event_name":"MindBloom","floor":38,"gold_loss":0,"cards_obtained":["Normality","Normality"]},{"damage_healed":0,"gold_gain":0,"player_choice":"Forge","damage_taken":0,"max_hp_gain":0,"max_hp_loss":0,"event_name":"Accursed Blacksmith","floor":39,"gold_loss":0,"cards_upgraded":["Infinite Blades"]},{"cards_removed":["Strike_G"],"damage_healed":0,"gold_gain":0,"player_choice":"Removed Attack","damage_taken":0,"max_hp_gain":0,"max_hp_loss":0,"event_name":"Falling","floor":48,"gold_loss":0}],"is_beta":false,"boss_relics":[{"not_picked":["Fusion Hammer","HoveringKite"],"picked":"Ring of the Serpent"},{"not_picked":["Runic Dome","SacredBark"],"picked":"WristBlade"}],"items_purged_floors":[2,19,30,41,46],"is_endless":false,"potions_floor_spawned":[1,3,16,24,35,47],"ascension_level":0}}