{"host":"47ceihhszt3bzrh1","time":1613000367,"event":{"mods":["BaseMod","Colored Map","Downfall","Minty Spire (QoL Compilation)","Permanent Neow","Quick Restart","StSLib"],"gold_per_floor":[117,42,55,5,25,25,54,54,54,71,71,106,118,134,134,229,229,239,270,294,307,307,333,344,375,401,428,428,338,238,257,257,356,356,369,381,433,60,60,95,95,95,95],"floor_reached":42,"language":"ENG","playtime":2393,"items_purged":["Strike_R","Strike_R","Strike_R"],"score":519,"play_id":"678a546c-f3d9-4c08-b765-1b2fffb5e140","local_time":"20210210183927","is_ascension_mode":false,"campfire_choices":[{"data":"Body Slam","floor":6,"key":"SMITH"},{"data":"Bash","floor":11,"key":"SMITH"},{"data":"Rampage","floor":15,"key":"SMITH"},{"floor":28,"key":"REST"},{"floor":32,"key":"REST"},{"floor":41,"key":"REST"}],"circlet_count":0,"master_deck":["Defend_R","Defend_R","Defend_R","Defend_R","Bash+1","Thunderclap","Metallicize","Body Slam+1","Fire Breathing+1","Pommel Strike","Power Through+1","Rampage+1","Fire Breathing+1","Barricade+1","True Grit+1","Rampage+1","Battle Trance","Disarm+1","Reckless Charge+1","Reaper","Inflame+1","Entrench+1","The Bomb"],"relics":["Burning Blood","Frozen Egg 2","CultistMask","Letter Opener","Nunchaku","Velvet Choker","Red Mask","Happy Flower","Bottled Lightning","PreservedInsect","Bronze Scales","Paper Frog","Mark of Pain","Unceasing Top","Bottled Tornado","Shuriken"],"acts_visited":["Exordium","TheCity","TheBeyond"],"potions_floor_usage":[12,23,25,25,25,25,27,33],"damage_taken":[{"damage":6,"enemies":"Cultist","floor":1,"turns":4},{"damage":10,"enemies":"Jaw Worm","floor":3,"turns":4},{"damage":0,"enemies":"2 Louse","floor":5,"turns":3},{"damage":41,"enemies":"Lagavulin","floor":7,"turns":11},{"damage":3,"enemies":"Exordium Wildlife","floor":10,"turns":6},{"damage":6,"enemies":"3 Sentries","floor":12,"turns":5},{"damage":0,"enemies":"Looter","floor":13,"turns":3},{"damage":9,"enemies":"3 Louse","floor":14,"turns":4},{"damage":29,"enemies":"The Guardian","floor":16,"turns":10},{"damage":9,"enemies":"Spheric Guardian","floor":18,"turns":5},{"damage":36,"enemies":"Masked Bandits","floor":19,"turns":6},{"damage":7,"enemies":"Shell Parasite","floor":21,"turns":5},{"damage":13,"enemies":"Slavers","floor":23,"turns":6},{"damage":15,"enemies":"Snake Plant","floor":24,"turns":4},{"damage":0,"enemies":"Book of Stabbing","floor":25,"turns":5},{"damage":14,"enemies":"Slavers","floor":27,"turns":4},{"damage":7,"enemies":"3 Cultists","floor":31,"turns":5},{"damage":6,"enemies":"Champ","floor":33,"turns":9},{"damage":5,"enemies":"3 Shapes","floor":35,"turns":4},{"damage":6,"enemies":"3 Darklings","floor":36,"turns":4},{"damage":78,"enemies":"2 Orb Walkers","floor":37,"turns":5},{"damage":6,"enemies":"Nemesis","floor":40,"turns":5},{"damage":44,"enemies":"Reptomancer","floor":42,"turns":2}],"seed_played":"902109848707516111","potions_obtained":[{"floor":3,"key":"Swift Potion"},{"floor":5,"key":"ElixirPotion"},{"floor":10,"key":"hexamod:SoulburnPotion"},{"floor":12,"key":"Strength Potion"},{"floor":16,"key":"EntropicBrew"},{"floor":23,"key":"Swift Potion"},{"floor":25,"key":"Energy Potion"},{"floor":27,"key":"Swift Potion"},{"floor":37,"key":"Strength Potion"}],"is_trial":false,"path_per_floor":["M","$","M","?","M","R","E","?","T","M","R","E","M","M","R","B",null,"M","?","T","M","?","E","M","E","T","E","R","?","$","M","R","B",null,"M","M","?","$","?","E","R","E"],"character_chosen":"IRONCLAD","items_purchased":["Bottled Tornado"],"campfire_rested":3,"item_purchase_floors":[38],"current_hp_per_floor":[80,80,76,76,80,80,45,45,45,48,48,48,54,51,51,28,80,77,47,47,46,31,24,15,21,21,13,38,38,38,37,62,62,85,85,85,13,13,13,13,38,0,0],"gold":95,"neow_bonus":"","is_daily":false,"chose_seed":false,"campfire_upgraded":3,"win_rate":0.0,"timestamp":1613000367,"path_taken":["M","$","M","?","M","R","E","?","T","M","R","E","M","?","R","BOSS","M","?","?","M","?","E","?","E","T","E","R","?","$","M","R","BOSS","M","M","?","$","?","E","R","E"],"items_purchased_type":["Relic"],"build_version":"2020-12-22","purchased_purges":3,"victory":false,"max_hp_per_floor":[80,80,80,80,80,80,80,80,80,80,80,80,80,80,80,80,80,80,80,80,80,85,85,85,85,85,85,85,85,85,85,85,85,85,85,85,85,85,85,85,85,85,85],"card_choices":[{"not_picked":["Sword Boomerang","Body Slam"],"picked":"Thunderclap","floor":1},{"not_picked":["Dark Embrace","Perfected Strike"],"picked":"Metallicize","floor":3},{"not_picked":["Sword Boomerang","Berserk"],"picked":"Body Slam","floor":5},{"not_picked":["Flex","Thunderclap"],"picked":"Fire Breathing+1","floor":7},{"not_picked":["Hemokinesis","Intimidate"],"picked":"Pommel Strike","floor":10},{"not_picked":["Thunderclap","Carnage"],"picked":"Power Through","floor":12},{"not_picked":["Body Slam","Headbutt"],"picked":"Rampage","floor":13},{"not_picked":["True Grit","Armaments"],"picked":"Fire Breathing+1","floor":14},{"not_picked":["Feed","Demon Form+1"],"picked":"Barricade+1","floor":16},{"not_picked":["Anger","Seeing Red"],"picked":"True Grit+1","floor":18},{"not_picked":["Iron Wave","Bloodletting"],"picked":"Rampage+1","floor":19},{"not_picked":["Clothesline","Armaments+1"],"picked":"Battle Trance","floor":21},{"not_picked":["Perfected Strike","Anger"],"picked":"Disarm+1","floor":23},{"not_picked":["Seeing Red","Armaments"],"picked":"Reckless Charge+1","floor":24},{"not_picked":["Headbutt","Clash","Twin Strike"],"picked":"SKIP","floor":25},{"not_picked":["Brutality+1","Bloodletting","Dark Embrace+1"],"picked":"SKIP","floor":27},{"not_picked":["Headbutt","Shrug It Off+1","Thunderclap+1"],"picked":"SKIP","floor":31},{"not_picked":["Corruption+1","Double Tap"],"picked":"Reaper","floor":33},{"not_picked":["Fire Breathing+1","Pummel+1"],"picked":"Inflame+1","floor":35},{"not_picked":["Headbutt","Body Slam"],"picked":"Entrench+1","floor":36},{"not_picked":["Metamorphosis","Mind Blast"],"picked":"The Bomb","floor":39},{"not_picked":["Twin Strike","Second Wind+1","Perfected Strike+1"],"picked":"SKIP","floor":40}],"player_experience":0,"relics_obtained":[{"floor":7,"key":"Frozen Egg 2"},{"floor":9,"key":"Letter Opener"},{"floor":12,"key":"Nunchaku"},{"floor":19,"key":"Red Mask"},{"floor":20,"key":"Happy Flower"},{"floor":23,"key":"Bottled Lightning"},{"floor":25,"key":"PreservedInsect"},{"floor":26,"key":"Bronze Scales"},{"floor":27,"key":"Paper Frog"},{"floor":37,"key":"Unceasing Top"},{"floor":40,"key":"Shuriken"}],"event_choices":[{"cards_removed":["Strike_R"],"damage_healed":0,"gold_gain":0,"player_choice":"Card Removal","damage_taken":0,"max_hp_gain":0,"max_hp_loss":0,"event_name":"The Cleric","floor":4,"gold_loss":50},{"damage_healed":0,"gold_gain":0,"player_choice":"Trade","damage_taken":0,"relics_obtained":["CultistMask"],"max_hp_gain":0,"max_hp_loss":0,"event_name":"FaceTrader","floor":8,"gold_loss":0},{"damage_healed":0,"gold_gain":0,"player_choice":"Fought Bandits","damage_taken":0,"max_hp_gain":0,"max_hp_loss":0,"event_name":"Masked Bandits","floor":19,"gold_loss":0},{"damage_healed":0,"gold_gain":0,"player_choice":"Shed Blood","damage_taken":20,"max_hp_gain":5,"max_hp_loss":0,"event_name":"Forgotten Altar","floor":22,"gold_loss":0},{"cards_removed":["Strike_R"],"damage_healed":0,"gold_gain":0,"player_choice":"Upgrade and Remove","damage_taken":0,"max_hp_gain":0,"max_hp_loss":0,"event_name":"Designer","floor":29,"gold_loss":90,"cards_upgraded":["Power Through"]},{"damage_healed":0,"gold_gain":0,"player_choice":"Fight","damage_taken":0,"max_hp_gain":0,"max_hp_loss":0,"event_name":"Mysterious Sphere","floor":37,"gold_loss":0},{"damage_healed":0,"gold_gain":0,"player_choice":"Memory 1","damage_taken":0,"max_hp_gain":0,"max_hp_loss":0,"event_name":"SensoryStone","floor":39,"gold_loss":0}],"is_beta":false,"boss_relics":[{"not_picked":["Runic Cube","Black Blood"],"picked":"Velvet Choker"},{"not_picked":["Sozu","Busted Crown"],"picked":"Mark of Pain"}],"items_purged_floors":[2,30,38],"is_endless":false,"potions_floor_spawned":[3,5,10,12,16,18,19,23,25,27,37,40],"killed_by":"Reptomancer","ascension_level":0}}