{"host":"23qk1co0p3p8qz56","time":1613001095,"event":{"mods":["100% Spire Juice","AchievementEnabler","Act Like it!","Arknights","BaseMod","Better Note","Better Third Choice","BetterRewards","CapriCore","Chen","Colored Map","Downfall","Duelist Mod","Friendly Minions","Gensokyo","Gold Saver","KinomotoSakuraMod(ñÿîVñ{?)","Koishi","LagranYue(ùfäiòNÅEåé)","Lobotomy","LobotomyExtend","Mari Mod (Legacy)","Mari\u0027s V1 Patch","MarisaÅiñ∂âJÅ@ñÇóùçπÅj","Minty Spire (QoL Compilation)","Prisma Mod","ReimuÅiîé??öÎÅj","RemiliaÅiÂQïƒ‰ª?Åj","StSLib","The Administrix","The Alterego","The Animator","The Gatherer","The Immortal","The Senshi","Waifu the Spire","WarShipGirlsR/??è≠èóR mod","Yakumo Yukari mod","Yohane!","Yuyuko"],"gold_per_floor":[399,399,353,353,365,365,377,377,377,397,411,411,425,441,441,544,544,544,373,383,236,255,255,255,255,279,305,317,339,366,378,390,402,402],"floor_reached":33,"language":"ENG","playtime":4178,"items_purged":["Bash","Strike_R"],"score":239,"play_id":"07ab4ab6-12c6-4265-b941-3db2fcf9643a","local_time":"20210210165135","is_ascension_mode":false,"campfire_choices":[{"data":"Shrug It Off","floor":6,"key":"SMITH"},{"data":"Body Slam","floor":12,"key":"SMITH"},{"data":"Iron Wave","floor":15,"key":"SMITH"},{"data":"Shrug It Off","floor":23,"key":"SMITH"},{"data":"Disarm","floor":25,"key":"SMITH"},{"data":"Iron Wave","floor":32,"key":"SMITH"}],"circlet_count":0,"master_deck":["Strike_R","Strike_R","Strike_R","Strike_R","Defend_R","Defend_R","Defend_R","Defend_R","Disarm+1","Shrug It Off+1","Body Slam+1","Iron Wave+1","Good Instincts+1","Metallicize+1","Shrug It Off+1","Intimidate+1","Iron Wave+1"],"relics":["Burning Blood","LagranYue:RandomDrawCardRelic","NeowsBlessing","LetterFromLob","White Beast Statue","MawBank"],"acts_visited":["Exordium","TheCity"],"potions_floor_usage":[16,16,16,20,27,29,30,33,33],"damage_taken":[{"damage":0,"enemies":"Small Slimes","floor":1,"turns":1},{"damage":0,"enemies":"Jaw Worm","floor":5,"turns":1},{"damage":0,"enemies":"2 Louse","floor":7,"turns":1},{"damage":18,"enemies":"Large Slime","floor":10,"turns":9},{"damage":1,"enemies":"Blue Slaver","floor":11,"turns":4},{"damage":2,"enemies":"2 Fungi Beasts","floor":13,"turns":4},{"damage":10,"enemies":"3 Louse","floor":14,"turns":5},{"damage":28,"enemies":"Hexaghost","floor":16,"turns":9},{"damage":4,"enemies":"Chosen","floor":20,"turns":8},{"damage":7,"enemies":"Spheric Guardian","floor":22,"turns":7},{"damage":40,"enemies":"Cultist and Chosen","floor":27,"turns":15},{"damage":9,"enemies":"Centurion and Healer","floor":29,"turns":11},{"damage":0,"enemies":"3 Cultists","floor":30,"turns":7},{"damage":108,"enemies":"Automaton","floor":33,"turns":12}],"seed_played":"-8586458962540445871","potions_obtained":[{"floor":1,"key":"hexamod:SoulburnPotion"},{"floor":4,"key":"Energy Potion"},{"floor":4,"key":"Ancient Potion"},{"floor":10,"key":"BlessingOfTheForge"},{"floor":16,"key":"Fruit Juice"},{"floor":20,"key":"LiquidBronze"},{"floor":22,"key":"GamblersBrew"},{"floor":27,"key":"SkillPotion"},{"floor":29,"key":"ColorlessPotion"},{"floor":30,"key":"GamblersBrew"}],"is_trial":false,"path_per_floor":["M","?","$","?","M","R","M","?","T","M","M","R","M","M","R","B",null,"M","$","M","$","M","R","?","R","T","M","?","M","M","?","R","B"],"character_chosen":"IRONCLAD","items_purchased":["Shrug It Off","Good Instincts","Shrug It Off"],"campfire_rested":0,"item_purchase_floors":[3,19,21],"current_hp_per_floor":[80,80,80,80,80,80,80,80,80,68,73,73,77,73,73,51,80,80,80,85,85,84,84,84,84,84,50,85,82,85,85,85,0,0],"gold":402,"neow_bonus":"THREE_ENEMY_KILL","is_daily":false,"chose_seed":false,"campfire_upgraded":6,"win_rate":0.0,"timestamp":1613001095,"path_taken":["M","?","?","?","M","R","?","?","T","M","M","R","M","M","R","BOSS","M","$","M","$","M","R","?","R","T","M","?","M","M","?","R","BOSS"],"items_purchased_type":["Card","Card","Card"],"build_version":"2020-12-22","purchased_purges":2,"victory":false,"max_hp_per_floor":[80,80,80,80,80,80,80,80,80,80,80,80,80,80,80,80,80,80,80,85,85,85,85,85,85,85,85,85,85,85,85,85,85,85],"card_choices":[{"not_picked":["Headbutt","Anger"],"picked":"Disarm","floor":1},{"not_picked":["Pommel Strike","Cleave","Fire Breathing"],"picked":"SKIP","floor":5},{"not_picked":["Disarm","Pommel Strike","Second Wind"],"picked":"SKIP","floor":7},{"not_picked":["Warcry","Heavy Blade","Thunderclap"],"picked":"SKIP","floor":10},{"not_picked":["Whirlwind","Shrug It Off"],"picked":"Body Slam","floor":11},{"not_picked":["Rampage","Cleave"],"picked":"Iron Wave","floor":13},{"not_picked":["Clash","Brutality","Flex"],"picked":"SKIP","floor":14},{"not_picked":["Second Wind","Rampage+1"],"picked":"Metallicize+1","floor":20},{"not_picked":["Rampage","Heavy Blade+1"],"picked":"Intimidate+1","floor":22},{"not_picked":["Inflame","Hemokinesis"],"picked":"Entrench","floor":27},{"not_picked":["Uppercut+1","Thunderclap"],"picked":"Iron Wave","floor":29},{"not_picked":["Anger","Heavy Blade","Carnage+1"],"picked":"SKIP","floor":30}],"player_experience":137081,"relics_obtained":[{"floor":1,"key":"LetterFromLob"},{"floor":9,"key":"White Beast Statue"},{"floor":26,"key":"MawBank"}],"event_choices":[{"damage_healed":0,"gold_gain":0,"player_choice":"Bought 0 Potions","damage_taken":0,"max_hp_gain":0,"max_hp_loss":0,"event_name":"The Woman in Blue","floor":2,"gold_loss":0},{"damage_healed":0,"gold_gain":0,"player_choice":"Got Potions","damage_taken":0,"max_hp_gain":0,"max_hp_loss":0,"event_name":"Lab","floor":4,"gold_loss":0},{"damage_healed":0,"gold_gain":0,"player_choice":"Forge","damage_taken":0,"max_hp_gain":0,"max_hp_loss":0,"event_name":"Accursed Blacksmith","floor":24,"gold_loss":0,"cards_upgraded":["Good Instincts"]},{"cards_removed":["Entrench"],"damage_healed":35,"gold_gain":0,"player_choice":"Offered Uncommon","damage_taken":0,"max_hp_gain":0,"max_hp_loss":0,"event_name":"Bonfire Elementals","floor":28,"gold_loss":0},{"damage_healed":0,"gold_gain":0,"player_choice":"Ignored","damage_taken":0,"max_hp_gain":0,"max_hp_loss":0,"event_name":"betterNote:BetterNote","floor":31,"gold_loss":0,"cards_obtained":["animator:Wiz"]}],"is_beta":false,"boss_relics":[{"not_picked":[]}],"items_purged_floors":[19,21],"is_endless":false,"potions_floor_spawned":[1,10,11,13,14,16,20,22,27,29,30],"killed_by":"Automaton","ascension_level":0}}