{"host":"61r95uy0hn86b9iu","time":1613001034,"event":{"mods":["AchievementEnabler","BaseMod","Better Vampires","BetterRewards","Colored Powertips","Hubris","Minty Spire (QoL Compilation)","Shop Mod","StSLib"],"gold_per_floor":[113,113,113,132,5,5,18,31,31,41,41,68,68,68,68,140,140,156,81,99,99,99,99,110,133,145,207,219,244,256,268,268],"floor_reached":33,"language":"ENG","playtime":1114,"items_purged":["Heatsinks"],"score":718,"play_id":"eda333fd-319c-4219-8542-42059c2eafe4","local_time":"20210210175034","is_ascension_mode":true,"campfire_choices":[{"floor":6.0,"key":"REST"},{"floor":15.0,"key":"REST"},{"floor":24.0,"key":"REST"},{"floor":27.0,"key":"REST"},{"floor":29,"key":"REST"},{"floor":32,"key":"REST"}],"circlet_count":0,"master_deck":["AscendersBane","Strike_B+1","Strike_B+1","Strike_B+1","Defend_B+1","Defend_B+1","Defend_B+1","Defend_B+1","Zap+1","Steam Power","Rainbow","Sweeping Beam","White Noise","Glacier","Loop","Leap","Capacitor","Double Energy","Electrodynamics","Defragment"],"relics":["Cracked Core","Turnip","hubris:Towel","hubris:Teleporter","Sozu","MawBank"],"acts_visited":["Exordium","TheCity"],"potions_floor_usage":[],"damage_taken":[{"damage":2.0,"enemies":"Jaw Worm","floor":1.0,"turns":3.0},{"damage":2.0,"enemies":"Small Slimes","floor":4.0,"turns":3.0},{"damage":4.0,"enemies":"2 Louse","floor":7.0,"turns":3.0},{"damage":0.0,"enemies":"Looter","floor":8.0,"turns":3.0},{"damage":9.0,"enemies":"Exordium Wildlife","floor":10.0,"turns":5.0},{"damage":25.0,"enemies":"3 Sentries","floor":12.0,"turns":7.0},{"damage":10.0,"enemies":"Hexaghost","floor":16.0,"turns":13.0},{"damage":22.0,"enemies":"3 Byrds","floor":18.0,"turns":4.0},{"damage":23.0,"enemies":"Chosen","floor":20.0,"turns":7.0},{"damage":18.0,"enemies":"Snake Plant","floor":25.0,"turns":5.0},{"damage":14,"enemies":"Centurion and Healer","floor":30,"turns":7},{"damage":85,"enemies":"Champ","floor":33,"turns":16}],"seed_played":"6380677134582856461","potions_obtained":[{"floor":4.0,"key":"Ancient Potion"},{"floor":7.0,"key":"SkillPotion"},{"floor":12.0,"key":"Weak Potion"}],"is_trial":false,"path_per_floor":["M","?","?","M","$","R","M","M","T","M","?","E","?","$","R","B",null,"M","?","M","$","?","R","M","T","R","?","R","M","R","B"],"character_chosen":"DEFECT","items_purchased":["Sweeping Beam","Glacier","Loop"],"campfire_rested":6,"item_purchase_floors":[0,5,5],"current_hp_per_floor":[51,30,30,28,28,49,45,45,45,36,36,11,11,11,32,22,59,37,37,14,14,14,35,17,17,38,38,59,45,66,0,0],"gold":268,"neow_bonus":"","is_daily":false,"chose_seed":false,"campfire_upgraded":0,"win_rate":0.0,"timestamp":1613001034,"path_taken":["M","?","?","M","$","R","M","M","T","M","?","E","?","?","R","BOSS","M","?","M","$","?","R","M","T","R","?","R","M","R","BOSS"],"items_purchased_type":["Card","Card","Card"],"build_version":"2020-12-22","purchased_purges":1,"victory":false,"max_hp_per_floor":[71,71,71,71,71,71,71,71,71,71,71,71,71,71,71,71,71,71,71,71,71,71,71,71,71,71,71,71,71,71,71,71],"card_choices":[{"not_picked":["Stack","Redo","Rebound"],"picked":"SKIP","floor":1.0},{"not_picked":["FTL","Streamline"],"picked":"White Noise","floor":4.0},{"not_picked":["hubris:PowerSurge","Barrage"],"picked":"Leap","floor":7.0},{"not_picked":["Redo","Turbo"],"picked":"Capacitor","floor":8.0},{"not_picked":["Stack","Coolheaded","Leap"],"picked":"SKIP","floor":10.0},{"not_picked":["Creative AI","Leap"],"picked":"Double Energy","floor":12.0},{"not_picked":["Multi-Cast","Creative AI"],"picked":"Electrodynamics","floor":16.0},{"not_picked":["Lockon","Turbo"],"picked":"Defragment","floor":18.0},{"not_picked":["BootSequence","Redo","Fusion"],"picked":"SKIP","floor":20.0},{"not_picked":["Aggregate","White Noise","Static Discharge"],"picked":"SKIP","floor":25.0},{"not_picked":["Coolheaded","White Noise","Skim"],"picked":"SKIP","floor":30}],"player_experience":3346362,"relics_obtained":[{"floor":9.0,"key":"Turnip"},{"floor":12.0,"key":"hubris:Teleporter"},{"floor":26.0,"key":"MawBank"}],"event_choices":[{"damage_healed":0.0,"max_hp_gain":0.0,"max_hp_loss":0.0,"gold_gain":0.0,"event_name":"Shining Light","player_choice":"Entered Light","floor":2.0,"gold_loss":0.0,"damage_taken":21.0,"cards_upgraded":["Strike_B","Zap"]},{"damage_healed":0.0,"max_hp_gain":0.0,"max_hp_loss":0.0,"gold_gain":0.0,"event_name":"Golden Wing","player_choice":"Ignored","floor":3.0,"gold_loss":0.0,"damage_taken":0.0},{"damage_healed":0.0,"max_hp_gain":0.0,"max_hp_loss":0.0,"gold_gain":0.0,"event_name":"Scrap Ooze","player_choice":"Fled","floor":13.0,"gold_loss":0.0,"damage_taken":0.0},{"cards_removed":["Strike_B"],"damage_healed":0.0,"max_hp_gain":0.0,"max_hp_loss":0.0,"gold_gain":0.0,"event_name":"Beggar","player_choice":"Gave Gold","floor":19.0,"gold_loss":75.0,"damage_taken":0.0},{"damage_healed":0.0,"max_hp_gain":0.0,"max_hp_loss":0.0,"gold_gain":0.0,"event_name":"Back to Basics","player_choice":"Simplicity","floor":23.0,"gold_loss":0.0,"damage_taken":0.0,"cards_upgraded":["Strike_B","Strike_B","Defend_B","Defend_B","Defend_B","Defend_B"]},{"damage_healed":0,"gold_gain":100,"player_choice":"Bet on Murderer","damage_taken":0,"max_hp_gain":0,"max_hp_loss":0,"event_name":"The Joust","floor":28,"gold_loss":50}],"is_beta":false,"boss_relics":[{"not_picked":["Pandora\u0027s Box","FrozenCore"],"picked":"Sozu"}],"items_purged_floors":[0],"is_endless":false,"potions_floor_spawned":[4,7,12,20],"killed_by":"Champ","ascension_level":19}}