{"host":"n23juj4d9qam5hh1","time":1613000781,"event":{"mods":["BaseMod","Better Note","BetterRewards","Bossed Relics","Curses Come First","Displayed Cursed Tome","Infinite Spire","Minty Spire (QoL Compilation)","Relic Stats","StSLib","Thieving Mod"],"gold_per_floor":[110,110,127,147,161,161,171,181,204,215,215,72,86,105,105,204,204,221,241,259,234,234,234],"floor_reached":22,"language":"ENG","playtime":1186,"items_purged":[],"score":221,"play_id":"5bff6d79-513c-4e62-88fa-5617ca139115","local_time":"20210210184621","is_ascension_mode":true,"campfire_choices":[{"data":"Dualcast","floor":6.0,"key":"SMITH"},{"floor":15.0,"key":"REST"}],"circlet_count":0,"master_deck":["Strike_B","Strike_B","Strike_B","Defend_B","Defend_B","Defend_B","Defend_B","Zap","Dualcast+1","Reinforced Body","Storm","Doom and Gloom","Sweeping Beam","BootSequence","Defragment","Reboot","Panacea","Static Discharge","Turbo","Electrodynamics","Heatsinks","Consume+1","Leap"],"relics":["Cracked Core","Pen Nib","Smiling Mask","Runic Capacitor"],"acts_visited":["Exordium","TheCity"],"potions_floor_usage":[22],"damage_taken":[{"damage":0.0,"enemies":"2 Louse","floor":1.0,"turns":2.0},{"damage":0.0,"enemies":"infinitespire:Voidling","floor":3.0,"turns":3.0},{"damage":2.0,"enemies":"Jaw Worm","floor":4.0,"turns":5.0},{"damage":9.0,"enemies":"Red Slaver","floor":5.0,"turns":4.0},{"damage":3.0,"enemies":"3 Louse","floor":7.0,"turns":3.0},{"damage":0.0,"enemies":"Large Slime","floor":8.0,"turns":4.0},{"damage":0.0,"enemies":"2 Fungi Beasts","floor":10.0,"turns":2.0},{"damage":18.0,"enemies":"Exordium Thugs","floor":13.0,"turns":4.0},{"damage":15.0,"enemies":"Large Slime","floor":14.0,"turns":4.0},{"damage":43.0,"enemies":"Hexaghost","floor":16.0,"turns":9.0},{"damage":15,"enemies":"Spheric Guardian","floor":18,"turns":4},{"damage":21,"enemies":"Shell Parasite","floor":19,"turns":5},{"damage":19,"enemies":"Snecko","floor":20,"turns":4},{"damage":31,"enemies":"3 Cultists","floor":22,"turns":4}],"seed_played":"-3079282375018942398","potions_obtained":[{"floor":1.0,"key":"EssenceOfSteel"},{"floor":3.0,"key":"Regen Potion"},{"floor":7.0,"key":"Explosive Potion"},{"floor":8.0,"key":"CultistPotion"},{"floor":20,"key":"Energy Potion"}],"is_trial":false,"path_per_floor":["M","?","M","M","M","R","M","M","T","M","?","$","M","M","R","B",null,"M","M","M","$","M"],"character_chosen":"DEFECT","items_purchased":["Runic Capacitor","Leap"],"campfire_rested":1,"item_purchase_floors":[12,21],"current_hp_per_floor":[75,75,75,73,64,64,61,61,61,61,61,61,43,33,55,12,75,60,39,20,20,0,0],"gold":234,"neow_bonus":"RANDOM_COMMON_RELIC","is_daily":false,"chose_seed":false,"campfire_upgraded":1,"win_rate":0.0,"timestamp":1613000781,"path_taken":["M","?","M","M","M","R","M","M","T","?","?","$","M","M","R","BOSS","M","M","M","$","M"],"items_purchased_type":["Relic","Card"],"build_version":"2020-12-22","purchased_purges":0,"victory":false,"max_hp_per_floor":[75,75,75,75,75,75,75,75,75,75,75,75,75,75,75,75,75,75,75,75,75,75,75],"relic_stats":{"counters":[14,57],"Pen Nib":[5],"Smiling Mask":0,"obtain_stats":[{"Pen Nib":0,"Runic Capacitor":12,"Cracked Core":0,"Smiling Mask":9},{"Pen Nib":0,"Runic Capacitor":7,"Cracked Core":0,"Smiling Mask":6},{"Pen Nib":0,"Runic Capacitor":23,"Cracked Core":0,"Smiling Mask":21}]},"card_choices":[{"not_picked":["Stack","Go for the Eyes"],"picked":"Reinforced Body","floor":1.0},{"not_picked":["Genetic Algorithm","Sweeping Beam"],"picked":"Storm","floor":3.0},{"not_picked":["Tempest","Double Energy"],"picked":"Doom and Gloom","floor":4.0},{"not_picked":["Meteor Strike","Blizzard"],"picked":"Sweeping Beam","floor":5.0},{"not_picked":["Ball Lightning","Beam Cell"],"picked":"BootSequence","floor":7.0},{"not_picked":["Genetic Algorithm","Rebound","Recycle"],"picked":"SKIP","floor":8.0},{"not_picked":["Lockon","Conserve Battery"],"picked":"Defragment","floor":10.0},{"not_picked":["Hologram","Rip and Tear"],"picked":"Static Discharge","floor":13.0},{"not_picked":["Leap","Hello World"],"picked":"Turbo","floor":14.0},{"not_picked":["Multi-Cast","Meteor Strike"],"picked":"Electrodynamics","floor":16.0},{"not_picked":["Static Discharge","Streamline"],"picked":"Heatsinks","floor":18},{"not_picked":["Chaos","Barrage+1"],"picked":"Consume+1","floor":19},{"not_picked":["Streamline","Doom and Gloom","Static Discharge"],"picked":"SKIP","floor":20}],"player_experience":291643,"relics_obtained":[{"floor":9.0,"key":"Smiling Mask"}],"event_choices":[{"cards_removed":["Strike_B"],"damage_healed":0.0,"max_hp_gain":0.0,"max_hp_loss":0.0,"gold_gain":0.0,"event_name":"Bonfire Elementals","player_choice":"Offered Basic","floor":2.0,"gold_loss":0.0,"damage_taken":0.0},{"damage_healed":0.0,"max_hp_gain":0.0,"max_hp_loss":0.0,"gold_gain":0.0,"event_name":"Match and Keep!","player_choice":"2 cards matched","floor":11.0,"gold_loss":0.0,"damage_taken":0.0,"cards_obtained":["Reboot","Panacea"]}],"is_beta":false,"boss_relics":[{"not_picked":["Coffee Dripper","Runic Dome","Snecko Eye"]}],"items_purged_floors":[],"is_endless":false,"potions_floor_spawned":[1,3,7,8,20],"killed_by":"3 Cultists","ascension_level":4}}