{"host":"qc8p2flj7wsy3zpg","time":1613000584,"event":{"mods":["BaseMod","Highlight Path","Minty Spire (QoL Compilation)","Monster List Patch","Relic Stats","StSLib"],"gold_per_floor":[99,99,21,21,21,21,21,21,21,21,21,21,21,21,21,21,21,21,21,0,0,0,0,0,0,0,0,0,0,0,0,0,0,0],"floor_reached":33,"language":"ENG","playtime":589,"items_purged":[],"score":257,"play_id":"9ec9374f-a053-4bc5-bcbe-bc6b7debf23e","local_time":"20210210174304","is_ascension_mode":false,"campfire_choices":[{"data":"Cloak And Dagger","floor":6.0,"key":"SMITH"},{"data":"Bouncing Flask","floor":13.0,"key":"SMITH"},{"floor":15.0,"key":"REST"},{"floor":23,"key":"REST"},{"data":"RitualDagger","floor":28,"key":"SMITH"},{"floor":32,"key":"REST"}],"circlet_count":0,"master_deck":["Strike_G+1","Strike_G+1","Strike_G+1","Strike_G+1","Strike_G+1","Defend_G+1","Defend_G+1","Defend_G+1","Defend_G+1","Defend_G+1","Survivor","Neutralize","Cloak And Dagger+1","Predator+1","Bouncing Flask+1","Quick Slash","Bane","Endless Agony","Dash","Die Die Die","Deadly Poison+1","Slice","RitualDagger+1","Backstab","Poisoned Stab","Dagger Spray+1"],"relics":["Ectoplasm","GremlinMask","Toy Ornithopter","Philosopher\u0027s Stone","Bird Faced Urn","Juzu Bracelet"],"acts_visited":["Exordium","TheCity"],"potions_floor_usage":[31,31],"damage_taken":[{"damage":0.0,"enemies":"2 Louse","floor":1.0,"turns":3.0},{"damage":1.0,"enemies":"Jaw Worm","floor":2.0,"turns":4.0},{"damage":0.0,"enemies":"Cultist","floor":7.0,"turns":3.0},{"damage":7.0,"enemies":"Gremlin Gang","floor":8.0,"turns":4.0},{"damage":10.0,"enemies":"Large Slime","floor":10.0,"turns":3.0},{"damage":1.0,"enemies":"2 Fungi Beasts","floor":11.0,"turns":3.0},{"damage":5.0,"enemies":"Exordium Wildlife","floor":14.0,"turns":3.0},{"damage":24.0,"enemies":"The Guardian","floor":16.0,"turns":9.0},{"damage":0.0,"enemies":"Spheric Guardian","floor":18.0,"turns":3.0},{"damage":11.0,"enemies":"2 Thieves","floor":20.0,"turns":3.0},{"damage":5,"enemies":"Centurion and Healer","floor":29,"turns":5},{"damage":28,"enemies":"Snake Plant","floor":30,"turns":3},{"damage":37,"enemies":"Book of Stabbing","floor":31,"turns":5},{"damage":51,"enemies":"Automaton","floor":33,"turns":6}],"seed_played":"163094107309311503","potions_obtained":[{"floor":2.0,"key":"SpeedPotion"},{"floor":8.0,"key":"SpeedPotion"},{"floor":16.0,"key":"DistilledChaos"},{"floor":18.0,"key":"Regen Potion"}],"is_trial":false,"path_per_floor":["M","M","$","?","?","R","M","M","T","M","M","$","R","M","R","B",null,"M","?","M","?","?","R","?","?","T","$","R","M","M","E","R","B"],"character_chosen":"THE_SILENT","items_purchased":["Predator"],"campfire_rested":3,"item_purchase_floors":[3],"current_hp_per_floor":[70,69,69,55,55,55,55,48,48,38,37,37,37,32,53,29,70,70,70,64,48,48,69,63,50,50,50,50,45,17,4,26,0,0],"gold":0,"neow_bonus":"BOSS_RELIC","is_daily":false,"chose_seed":false,"campfire_upgraded":3,"win_rate":0.0,"timestamp":1613000584,"path_taken":["M","M","$","?","?","R","M","?","T","M","M","$","R","?","R","BOSS","M","?","M","?","?","R","?","?","T","$","R","M","?","E","R","BOSS"],"items_purchased_type":["Card"],"build_version":"2020-12-22","purchased_purges":0,"victory":false,"max_hp_per_floor":[70,70,70,70,70,70,70,70,70,70,70,70,70,70,70,70,70,70,70,70,70,70,70,70,75,75,75,75,75,75,75,75,75,75],"relic_stats":{"counters":[14,57],"Bird Faced Urn":[0],"Ectoplasm":373,"Juzu Bracelet":0,"obtain_stats":[{"Bird Faced Urn":26,"GremlinMask":5,"Philosopher\u0027s Stone":17,"Ectoplasm":0,"Juzu Bracelet":31,"Toy Ornithopter":9,"Ring of the Snake":0},{"Bird Faced Urn":10,"GremlinMask":2,"Philosopher\u0027s Stone":8,"Ectoplasm":0,"Juzu Bracelet":13,"Toy Ornithopter":4,"Ring of the Snake":0},{"Bird Faced Urn":38,"GremlinMask":7,"Philosopher\u0027s Stone":32,"Ectoplasm":0,"Juzu Bracelet":51,"Toy Ornithopter":14,"Ring of the Snake":0}],"Toy Ornithopter":15},"card_choices":[{"not_picked":["PiercingWail","Deflect"],"picked":"Cloak And Dagger","floor":2.0},{"not_picked":["Dodge and Roll","Dash"],"picked":"Bouncing Flask","floor":7.0},{"not_picked":["Deflect","Endless Agony"],"picked":"Quick Slash","floor":8.0},{"not_picked":["Well Laid Plans","Flying Knee"],"picked":"Bane","floor":10.0},{"not_picked":["Deflect","Wraith Form v2"],"picked":"Endless Agony","floor":11.0},{"not_picked":["Bane","Outmaneuver"],"picked":"Dash","floor":14.0},{"not_picked":["Venomology","Doppelganger"],"picked":"Die Die Die","floor":16.0},{"not_picked":["Underhanded Strike","Well Laid Plans+1"],"picked":"Deadly Poison+1","floor":18.0},{"not_picked":["PiercingWail","Deadly Poison"],"picked":"Slice","floor":20.0},{"not_picked":["Blur","Reflex"],"picked":"Backstab","floor":29},{"not_picked":["Flying Knee+1","Sucker Punch"],"picked":"Poisoned Stab","floor":30},{"not_picked":["Eviscerate+1","Slice"],"picked":"Dagger Spray+1","floor":31}],"player_experience":2361380,"relics_obtained":[{"floor":9.0,"key":"Toy Ornithopter"},{"floor":26,"key":"Bird Faced Urn"},{"floor":31,"key":"Juzu Bracelet"}],"event_choices":[{"damage_healed":0.0,"max_hp_gain":0.0,"max_hp_loss":0.0,"gold_gain":0.0,"event_name":"Shining Light","player_choice":"Entered Light","floor":4.0,"gold_loss":0.0,"damage_taken":14.0,"cards_upgraded":["Predator","Strike_G"]},{"damage_healed":0.0,"max_hp_gain":0.0,"max_hp_loss":0.0,"gold_gain":0.0,"event_name":"FaceTrader","player_choice":"Trade","floor":5.0,"gold_loss":0.0,"damage_taken":0.0,"relics_obtained":["GremlinMask"]},{"damage_healed":0.0,"max_hp_gain":0.0,"max_hp_loss":0.0,"gold_gain":0.0,"event_name":"Back to Basics","player_choice":"Simplicity","floor":19.0,"gold_loss":0.0,"damage_taken":0.0,"cards_upgraded":["Strike_G","Strike_G","Strike_G","Strike_G","Defend_G","Defend_G","Defend_G","Defend_G","Defend_G"]},{"damage_healed":0,"gold_gain":0,"player_choice":"Obtained Book","damage_taken":16,"max_hp_gain":0,"max_hp_loss":0,"event_name":"Cursed Tome","floor":21,"gold_loss":0},{"damage_healed":0,"gold_gain":0,"player_choice":"Joined the Cult","damage_taken":6,"max_hp_gain":0,"max_hp_loss":0,"event_name":"Nest","floor":24,"gold_loss":0,"cards_obtained":["RitualDagger"]},{"damage_healed":0,"gold_gain":0,"player_choice":"Shed Blood","damage_taken":18,"max_hp_gain":5,"max_hp_loss":0,"event_name":"Forgotten Altar","floor":25,"gold_loss":0}],"is_beta":false,"boss_relics":[{"not_picked":["WristBlade","Coffee Dripper"],"picked":"Philosopher\u0027s Stone"}],"items_purged_floors":[],"is_endless":false,"potions_floor_spawned":[2,8,16,18],"killed_by":"Automaton","ascension_level":0}}