{"host":"hx5bui4di82vxq8x","time":1613000344,"event":{"mods":["Act Like it!","Arknights","BaseMod","Colored Powertips","Dota2Spire","Friendly Minions","Minty Spire (QoL Compilation)","Quick Restart","Replay The Spire","Spicy Shops","StSLib"],"gold_per_floor":[118,134,152,152,167,167,194,194,194,205,205,205,205,45,45,45,45],"floor_reached":16,"language":"ZHS","playtime":750,"items_purged":[],"score":100,"play_id":"a336488a-0e73-45cd-a85a-b52c949087f2","local_time":"20210211073904","is_ascension_mode":false,"campfire_choices":[{"data":"ats:Composite Medical Shells","floor":6,"key":"SMITH"},{"data":"ats:Apocalypse","floor":8,"key":"SMITH"},{"floor":15,"key":"REST"}],"circlet_count":0,"master_deck":["ats:Strike C","ats:Strike G","ats:Strike V","ats:Armor Crushing Shot","ats:Defend","ats:Defend","ats:Defend","ats:Defend","ats:Emotion Absorption","ats:True Silver Slash","ats:Chain Hook","ats:Composite Medical Shells+1","ats:Soul Absorption+1","ats:Healing Drone+1","ats:Apocalypse+1","ats:Guard Mode","Injury","Bandage Up","ats:Apocalypse"],"relics":["ats:Sanity","ats:Originium","Dota2Spire:MaskOfMadness","Golden Idol"],"acts_visited":["Exordium"],"potions_floor_usage":[],"damage_taken":[{"damage":3,"enemies":"Small Slimes","floor":1,"turns":3},{"damage":5,"enemies":"Jaw Worm","floor":2,"turns":4},{"damage":4,"enemies":"ats:Genji","floor":3,"turns":3},{"damage":23,"enemies":"2 Fungi Beasts","floor":5,"turns":6},{"damage":66,"enemies":"Lagavulin","floor":7,"turns":11},{"damage":38,"enemies":"Exordium Thugs","floor":10,"turns":7},{"damage":95,"enemies":"Fading Forest","floor":16,"turns":11}],"seed_played":"6300227486792505458","potions_obtained":[{"floor":7,"key":"Strength Potion"},{"floor":10,"key":"Strength Potion"}],"is_trial":false,"path_per_floor":["M","M","M","?","M","R","E","R","T","M","?","?","?","$","R","B"],"character_chosen":"DOCTOR_CLASS","items_purchased":["Bandage Up","ats:Apocalypse"],"campfire_rested":1,"item_purchase_floors":[14,14],"current_hp_per_floor":[69,64,60,60,49,49,16,16,16,14,14,14,14,14,35,0,0],"gold":45,"neow_bonus":"ONE_RANDOM_RARE_CARD","is_daily":false,"chose_seed":false,"campfire_upgraded":2,"win_rate":0.0,"timestamp":1613000344,"path_taken":["M","M","M","?","M","R","E","R","T","?","?","?","?","$","R","BOSS"],"items_purchased_type":["Card","Card"],"build_version":"2020-12-22","purchased_purges":0,"victory":false,"max_hp_per_floor":[72,72,72,72,72,72,72,72,72,72,72,72,72,72,72,72,72],"card_choices":[{"not_picked":["ats:Guard Mode","ats:Leaping Hammer"],"picked":"ats:Chain Hook","floor":1},{"not_picked":["ats:Counter Healing Mode","ats:Automatic Cover"],"picked":"ats:Composite Medical Shells","floor":2},{"not_picked":["ats:Very Hot Blade","ats:Part Time Job"],"picked":"ats:Soul Absorption","floor":3},{"not_picked":["ats:Guard Mode","ats:Revitalization"],"picked":"ats:Apocalypse","floor":5},{"not_picked":["ats:Ignite","ats:Very Hot Blade","ats:Cat Scratch"],"picked":"SKIP","floor":7},{"not_picked":["ats:Very Hot Blade","ats:Ignite"],"picked":"ats:Guard Mode","floor":10}],"player_experience":425847,"relics_obtained":[{"floor":7,"key":"ats:Originium"},{"floor":7,"key":"Dota2Spire:MaskOfMadness"}],"event_choices":[{"damage_healed":0,"gold_gain":0,"cards_transformed":["ats:Strike S"],"player_choice":"Transformed","damage_taken":0,"max_hp_gain":0,"max_hp_loss":0,"event_name":"Transmorgrifier","floor":4,"gold_loss":0,"cards_obtained":["ats:Healing Drone"]},{"damage_healed":0,"gold_gain":0,"player_choice":"Take Wound","damage_taken":0,"relics_obtained":["Golden Idol"],"max_hp_gain":0,"max_hp_loss":0,"event_name":"Golden Idol","floor":11,"gold_loss":0,"cards_obtained":["Injury"]},{"damage_healed":0,"gold_gain":0,"player_choice":"Upgraded","damage_taken":0,"max_hp_gain":0,"max_hp_loss":0,"event_name":"Upgrade Shrine","floor":13,"gold_loss":0,"cards_upgraded":["ats:Soul Absorption"]}],"is_beta":false,"boss_relics":[],"items_purged_floors":[],"is_endless":false,"potions_floor_spawned":[7,10],"killed_by":"Fading Forest","ascension_level":0}}