{"host":"xsuxkwaivmtd234a","time":1613000204,"event":{"mods":["BaseMod","Colored Map","Filter the Spire","Minty Spire (QoL Compilation)","Relic Stats","StSLib"],"gold_per_floor":[109,126,126,142,152,152,182,202,226,1,1,1,36,110,110,239,239,253,253,272,287,386,420,420,458,458,458,458,472,512,536,536,662,662,676,676,695,181,514,541,552,577,577,625,657,657,446,458,458,458,458,458,39,74,74,74],"floor_reached":55,"language":"ENG","playtime":2727,"items_purged":["Strike_R","Defend_R","Defend_R","Defend_R"],"score":1116,"play_id":"d9d408ad-eae4-4612-b331-a197b37ef15c","local_time":"20210210183644","is_ascension_mode":true,"campfire_choices":[{"data":"Whirlwind","floor":6.0,"key":"SMITH"},{"data":"Bash","floor":11.0,"key":"SMITH"},{"data":"Sword Boomerang","floor":15.0,"key":"SMITH"},{"floor":24.0,"key":"REST"},{"floor":27.0,"key":"REST"},{"data":"Immolate","floor":32.0,"key":"SMITH"},{"floor":46,"key":"REST"},{"floor":49,"key":"RECALL"},{"data":"Panacea","floor":52,"key":"SMITH"}],"circlet_count":0,"master_deck":["Defend_R+1","Bash+1","Whirlwind+1","Sword Boomerang+1","Power Through+1","Impervious","Dropkick","Immolate+1","Rage","Dropkick","Fire Breathing","Ghostly Armor+1","Barricade","Impervious","Disarm+1","Panacea+1","Battle Trance+1","Shrug It Off","Shockwave","Flame Barrier","Metallicize","Demon Form","Reaper"],"relics":["Burning Blood","Ginger","Blue Candle","Anchor","Vajra","War Paint","Bag of Preparation","Philosopher\u0027s Stone","Smiling Mask","Omamori","Pen Nib","Singing Bowl","Mark of Pain","Pear","Blood Vial","StrikeDummy","Torii","Thread and Needle","Ancient Tea Set","ClockworkSouvenir","Pocketwatch"],"acts_visited":["Exordium","TheCity","TheBeyond","TheEnding"],"potions_floor_usage":[41,42,54,54,54],"damage_taken":[{"damage":12.0,"enemies":"Jaw Worm","floor":1.0,"turns":3.0},{"damage":6.0,"enemies":"2 Louse","floor":2.0,"turns":2.0},{"damage":0.0,"enemies":"Small Slimes","floor":4.0,"turns":3.0},{"damage":9.0,"enemies":"Blue Slaver","floor":5.0,"turns":5.0},{"damage":35.0,"enemies":"3 Sentries","floor":7.0,"turns":6.0},{"damage":0.0,"enemies":"Large Slime","floor":8.0,"turns":4.0},{"damage":3.0,"enemies":"Gremlin Nob","floor":13.0,"turns":3.0},{"damage":13.0,"enemies":"Lagavulin Event","floor":14.0,"turns":5.0},{"damage":22.0,"enemies":"The Guardian","floor":16.0,"turns":13.0},{"damage":10.0,"enemies":"Spheric Guardian","floor":18.0,"turns":4.0},{"damage":0.0,"enemies":"Chosen","floor":20.0,"turns":3.0},{"damage":0.0,"enemies":"Snecko","floor":21.0,"turns":4.0},{"damage":41.0,"enemies":"Gremlin Leader","floor":23.0,"turns":7.0},{"damage":31.0,"enemies":"Slavers","floor":25.0,"turns":5.0},{"damage":0.0,"enemies":"3 Cultists","floor":29.0,"turns":5.0},{"damage":5.0,"enemies":"Gremlin Leader","floor":30.0,"turns":5.0},{"damage":2.0,"enemies":"Centurion and Healer","floor":31.0,"turns":7.0},{"damage":14.0,"enemies":"Automaton","floor":33.0,"turns":14.0},{"damage":23.0,"enemies":"3 Darklings","floor":35.0,"turns":3.0},{"damage":6.0,"enemies":"3 Shapes","floor":37.0,"turns":5.0},{"damage":0.0,"enemies":"Giant Head","floor":40.0,"turns":9.0},{"damage":0,"enemies":"3 Darklings","floor":41,"turns":1},{"damage":24,"enemies":"Nemesis","floor":42,"turns":9},{"damage":16,"enemies":"2 Orb Walkers","floor":44,"turns":2},{"damage":32,"enemies":"Giant Head","floor":45,"turns":10},{"damage":0,"enemies":"Transient","floor":48,"turns":5},{"damage":0,"enemies":"Time Eater","floor":50,"turns":17},{"damage":27,"enemies":"Shield and Spear","floor":54,"turns":7},{"damage":124,"enemies":"The Heart","floor":55,"turns":9}],"seed_played":"-5918949567030040898","potions_obtained":[{"floor":2.0,"key":"FearPotion"},{"floor":4.0,"key":"ElixirPotion"},{"floor":7.0,"key":"EssenceOfSteel"},{"floor":21.0,"key":"GamblersBrew"},{"floor":23.0,"key":"AttackPotion"},{"floor":30.0,"key":"SteroidPotion"},{"floor":33.0,"key":"FearPotion"},{"floor":40.0,"key":"Strength Potion"},{"floor":45,"key":"SkillPotion"}],"is_trial":false,"path_per_floor":["M","M","?","M","M","R","E","M","T","$","R","?","E","?","R","B",null,"M","?","M","M","?","E","R","E","T","R","?","M","E","M","R","B",null,"M","?","M","$","?","E","M","E","T","?","E","R","$","M","R","B",null,"R","$","E","B"],"character_chosen":"IRONCLAD","items_purchased":["Vajra","Pear","Blood Vial","Shrug It Off","Flame Barrier","Energy Potion","LiquidMemories","Demon Form","Reaper","ClockworkSouvenir"],"campfire_rested":3,"item_purchase_floors":[10,38,38,38,47,47,47,53,53,53],"current_hp_per_floor":[66,66,59,65,62,62,33,39,39,39,39,39,42,35,35,19,55,51,51,57,63,63,28,48,23,23,43,43,49,52,58,58,50,66,49,49,49,59,59,69,79,65,65,59,35,61,61,69,69,77,86,86,86,91,0,0],"gold":74,"neow_bonus":"ONE_RARE_RELIC","is_daily":false,"chose_seed":false,"campfire_upgraded":5,"win_rate":0.0,"timestamp":1613000204,"path_taken":["M","M","?","M","M","R","E","M","T","$","R","?","E","?","R","BOSS","M","?","M","M","?","E","R","E","T","R","?","M","E","M","R","BOSS","M","?","M","$","?","E","?","E","T","?","E","R","$","M","R","BOSS","R","$","E","BOSS"],"items_purchased_type":["Relic","Relic","Relic","Card","Card","Potion","Potion","Card","Card","Relic"],"build_version":"2020-12-22","purchased_purges":4,"victory":false,"max_hp_per_floor":[72,72,72,72,72,72,72,72,72,72,72,67,67,67,67,67,67,67,67,67,67,67,67,67,67,67,67,67,67,69,71,71,71,71,71,71,71,81,81,83,85,87,87,89,89,89,89,89,89,89,89,89,89,91,91,91],"relic_stats":{"Singing Bowl":14,"Torii":24,"counters":[29,175],"Blue Candle":[0],"Pen Nib":[13],"Bag of Preparation":[42],"Ginger":[13],"War Paint":["Power Through","Defend_R"],"Smiling Mask":225,"Burning Blood":168,"Blood Vial":16,"obtain_stats":[{"Pear":38,"Singing Bowl":30,"Torii":42,"Golden Idol":12,"Blue Candle":7,"Vajra":10,"Thread and Needle":44,"Pen Nib":26,"Bag of Preparation":14,"Omamori":25,"Ginger":0,"War Paint":13,"Smiling Mask":23,"Ancient Tea Set":45,"Burning Blood":0,"ClockworkSouvenir":53,"Blood Vial":38,"Anchor":9,"Philosopher\u0027s Stone":17,"Mark of Pain":34,"StrikeDummy":40,"Pocketwatch":54},{"Pear":20,"Singing Bowl":16,"Torii":23,"Golden Idol":6,"Blue Candle":5,"Vajra":6,"Thread and Needle":24,"Pen Nib":14,"Bag of Preparation":8,"Omamori":14,"Ginger":0,"War Paint":7,"Smiling Mask":13,"Ancient Tea Set":25,"Burning Blood":0,"ClockworkSouvenir":27,"Blood Vial":20,"Anchor":6,"Philosopher\u0027s Stone":9,"Mark of Pain":18,"StrikeDummy":21,"Pocketwatch":28},{"Pear":106,"Singing Bowl":77,"Torii":125,"Golden Idol":23,"Blue Candle":19,"Vajra":23,"Thread and Needle":127,"Pen Nib":67,"Bag of Preparation":31,"Omamori":67,"Ginger":0,"War Paint":26,"Smiling Mask":62,"Ancient Tea Set":137,"Burning Blood":0,"ClockworkSouvenir":159,"Blood Vial":106,"Anchor":23,"Philosopher\u0027s Stone":44,"Mark of Pain":98,"StrikeDummy":115,"Pocketwatch":166}],"Pocketwatch":[9]},"card_choices":[{"not_picked":["Headbutt","Disarm"],"picked":"Whirlwind","floor":1.0},{"not_picked":["Second Wind","True Grit","Blood for Blood"],"picked":"SKIP","floor":2.0},{"not_picked":["Twin Strike","Thunderclap"],"picked":"Sword Boomerang","floor":4.0},{"not_picked":["Warcry","Twin Strike"],"picked":"Power Through","floor":5.0},{"not_picked":["Heavy Blade","Armaments"],"picked":"Impervious","floor":7.0},{"not_picked":["Cleave","Anger","Sword Boomerang"],"picked":"SKIP","floor":8.0},{"not_picked":["Heavy Blade","Flex"],"picked":"Dropkick","floor":13.0},{"not_picked":["Impervious","Limit Break"],"picked":"Immolate","floor":16.0},{"not_picked":["Armaments","Anger","Cleave+1"],"picked":"SKIP","floor":18.0},{"not_picked":["Shrug It Off+1","Cleave+1"],"picked":"Fire Breathing","floor":20.0},{"not_picked":["Fire Breathing","Sword Boomerang"],"picked":"Ghostly Armor+1","floor":21.0},{"not_picked":["Iron Wave+1","Perfected Strike"],"picked":"Barricade","floor":23.0},{"not_picked":["Havoc","Bloodletting","Blood for Blood"],"picked":"SKIP","floor":25.0},{"not_picked":["Anger","Ghostly Armor","Rage"],"picked":"SKIP","floor":29.0},{"not_picked":["Warcry","Pommel Strike","Sever Soul"],"picked":"Singing Bowl","floor":30.0},{"not_picked":["Armaments","Warcry+1","Pommel Strike"],"picked":"Singing Bowl","floor":31.0},{"not_picked":["Immolate","Corruption"],"picked":"Impervious","floor":33.0},{"not_picked":["Evolve+1","Seeing Red"],"picked":"Disarm+1","floor":35.0},{"not_picked":["Madness","Purity"],"picked":"Panacea","floor":36.0},{"not_picked":["Headbutt","True Grit"],"picked":"Battle Trance+1","floor":37.0},{"not_picked":["Anger","Havoc","Intimidate"],"picked":"Singing Bowl","floor":40.0},{"not_picked":["Shrug It Off","Cleave","Wild Strike+1"],"picked":"Singing Bowl","floor":41},{"not_picked":["Battle Trance+1","True Grit+1","Reckless Charge"],"picked":"Singing Bowl","floor":42},{"not_picked":["Pummel+1","Battle Trance+1","Wild Strike"],"picked":"Singing Bowl","floor":44},{"not_picked":["Sword Boomerang","Pommel Strike"],"picked":"Shockwave","floor":45},{"not_picked":["Armaments","Perfected Strike+1"],"picked":"Metallicize","floor":48},{"not_picked":["Headbutt+1","Reckless Charge","Flex+1"],"picked":"Singing Bowl","floor":54}],"player_experience":1234416,"relics_obtained":[{"floor":7.0,"key":"Blue Candle"},{"floor":9.0,"key":"Anchor"},{"floor":13.0,"key":"War Paint"},{"floor":14.0,"key":"Bag of Preparation"},{"floor":23.0,"key":"Smiling Mask"},{"floor":25.0,"key":"Omamori"},{"floor":26.0,"key":"Pen Nib"},{"floor":30.0,"key":"Singing Bowl"},{"floor":40.0,"key":"StrikeDummy"},{"floor":42,"key":"Torii"},{"floor":44,"key":"Thread and Needle"},{"floor":45,"key":"Ancient Tea Set"},{"floor":54,"key":"Pocketwatch"}],"event_choices":[{"cards_removed":["Strike_R"],"damage_healed":0.0,"max_hp_gain":0.0,"max_hp_loss":0.0,"gold_gain":0.0,"event_name":"Golden Wing","player_choice":"Card Removal","floor":3.0,"gold_loss":0.0,"damage_taken":7.0},{"damage_healed":0.0,"max_hp_gain":0.0,"max_hp_loss":5.0,"gold_gain":0.0,"event_name":"Golden Idol","player_choice":"Lose Max HP","floor":12.0,"gold_loss":0.0,"damage_taken":0.0,"relics_obtained":["Golden Idol"]},{"damage_healed":0.0,"max_hp_gain":0.0,"max_hp_loss":0.0,"gold_gain":30.0,"event_name":"Dead Adventurer","player_choice":"Searched \u00273\u0027 times","floor":14.0,"gold_loss":0.0,"damage_taken":0.0},{"damage_healed":0.0,"max_hp_gain":0.0,"max_hp_loss":0.0,"gold_gain":0.0,"cards_transformed":["Strike_R","Strike_R"],"event_name":"Drug Dealer","player_choice":"Became Test Subject","floor":19.0,"gold_loss":0.0,"damage_taken":0.0,"cards_obtained":["Rage","Dropkick"]},{"damage_healed":0.0,"max_hp_gain":0.0,"max_hp_loss":0.0,"gold_gain":99.0,"event_name":"Nest","player_choice":"Stole From Cult","floor":22.0,"gold_loss":0.0,"damage_taken":0.0},{"cards_removed":["Strike_R"],"damage_healed":0.0,"max_hp_gain":0.0,"max_hp_loss":0.0,"gold_gain":0.0,"event_name":"Back to Basics","player_choice":"Elegance","floor":28.0,"gold_loss":0.0,"damage_taken":0.0},{"damage_healed":0.0,"max_hp_gain":0.0,"max_hp_loss":0.0,"gold_gain":0.0,"event_name":"SensoryStone","player_choice":"Memory 1","floor":36.0,"gold_loss":0.0,"damage_taken":0.0},{"damage_healed":0.0,"max_hp_gain":0.0,"max_hp_loss":0.0,"gold_gain":333.0,"event_name":"The Moai Head","player_choice":"Gave Idol","floor":39.0,"relics_lost":["Golden Idol"],"gold_loss":0.0,"damage_taken":0.0},{"damage_healed":0,"gold_gain":0,"player_choice":"Fight","damage_taken":0,"max_hp_gain":0,"max_hp_loss":0,"event_name":"Mysterious Sphere","floor":44,"gold_loss":0}],"is_beta":false,"boss_relics":[{"not_picked":["Sozu","Calling Bell"],"picked":"Philosopher\u0027s Stone"},{"not_picked":["Busted Crown","Black Star"],"picked":"Mark of Pain"}],"items_purged_floors":[10,38,47,53],"is_endless":false,"potions_floor_spawned":[2,4,7,21,23,30,33,40,45,48],"killed_by":"The Heart","ascension_level":5}}