{"host":"xkmvu47k9fdstweo","time":1613000233,"event":{"mods":["BaseMod","Colored Map","Conspire","HololiveMod","Hubris","Minty Spire (QoL Compilation)","Quick Restart","Shop Mod","StSLib"],"gold_per_floor":[335,410,85,104,104,135,135,147,225,225,257,284,333,353,353,429,429,443,14,14,39,39,66,66,118,118,157,184,59,103,220,220,309,309,338,338,374,414,426,458,470,470,495,550,90,90,132,132,132,194,243,243,243,18,73,130],"floor_reached":57,"language":"ENG","playtime":2082,"items_purged":["Decay","Hololive_Strike","Hololive_Strike","Hololive_Defend","Hololive_Defend"],"score":3672,"play_id":"f1dd5a7d-fff1-423f-8db2-fd6e00c9dc62","local_time":"20210210183713","is_ascension_mode":true,"campfire_choices":[{"data":"Hololive_CallAkiRosenthal","floor":7.0,"key":"SMITH"},{"data":"Hololive_CallYozoraMel","floor":15.0,"key":"SMITH"},{"data":"Hololive_CallHoshimachiSuisei","floor":24.0,"key":"SMITH"},{"data":"Hololive_Spy","floor":32.0,"key":"SMITH"},{"data":"Hololive_CocoNews","floor":42.0,"key":"SMITH"},{"data":"Hololive_WolfAndLamb","floor":46.0,"key":"SMITH"},{"floor":49.0,"key":"RECALL"},{"data":"Hololive_CocoNews","floor":53.0,"key":"SMITH"}],"circlet_count":0,"master_deck":["AscendersBane","Hololive_HuntDinosaur","Hololive_CallShirakamiFubuki","Hololive_CallAyundaRisu","Hololive_CallRoboco","Hololive_CallOkamiMio","Hololive_CallShiroganeNoel+1","Hololive_CallAiraniIofifteen","Hololive_Yoholoon","Hololive_CocoNews+1","Hololive_CallAkiRosenthal+1","Hololive_Psychosis","Hololive_CallSakuraMiko","Hololive_Trident","Hololive_CallHoshimachiSuisei+1","Hololive_CallYozoraMel+1","Hololive_Thief","Hololive_RevenueBasedLive","Hololive_CocoNews+1","Hololive_CallTsunomakiWatame","Hololive_CallAkaiHaato","Hololive_CallShiranuiFlare","Hololive_Rebound","Hololive_RevenueBasedLive","Hololive_MaximGun","Hololive_Spy+1","Hololive_DurableLive","Hololive_CallOzoraSubaru","Hololive_CallMurasakiShion","Hololive_CocoNews+1","Hololive_CallRoboco+1","Hololive_CallNatsuiroMatsuri","Hololive_CallDoris+1","Hololive_WolfAndLamb+1","Hololive_Nanodesu","Hololive_Psychosis","Hololive_StrengthChampion+1"],"relics":["Hololive_TheStar","Potion Belt","hubris:Towel","Thread and Needle","conspire:BottledYoYo","hubris:SlimyHat","PreservedInsect","Coffee Dripper","Bottled Tornado","hubris:Icosahedron","Red Mask","conspire:TopHat","Blue Candle","Lantern","Orichalcum","Matryoshka","SlaversCollar","Letter Opener","hubris:CrystalStatue","Vajra","Lizard Tail","Happy Flower","Hololive_FriedShrimpLion","hubris:DeckOfHolding","StoneCalendar"],"acts_visited":["Exordium","TheCity","TheBeyond","TheEnding"],"potions_floor_usage":[56,56],"damage_taken":[{"damage":0.0,"enemies":"conspire:RoseBush","floor":1.0,"turns":2.0},{"damage":0.0,"enemies":"Small Slimes","floor":4.0,"turns":3.0},{"damage":0.0,"enemies":"Gremlin Nob","floor":6.0,"turns":3.0},{"damage":0.0,"enemies":"2 Louse","floor":8.0,"turns":2.0},{"damage":0.0,"enemies":"Lagavulin","floor":11.0,"turns":4.0},{"damage":0.0,"enemies":"Large Slime","floor":12.0,"turns":4.0},{"damage":0.0,"enemies":"3 Sentries","floor":13.0,"turns":5.0},{"damage":0.0,"enemies":"Blue Slaver","floor":14.0,"turns":2.0},{"damage":0.0,"enemies":"Hexaghost","floor":16.0,"turns":5.0},{"damage":0.0,"enemies":"conspire:FuzzyDice","floor":18.0,"turns":4.0},{"damage":0.0,"enemies":"Masked Bandits","floor":21.0,"turns":3.0},{"damage":0.0,"enemies":"Gremlin Leader","floor":23.0,"turns":5.0},{"damage":0.0,"enemies":"conspire:Head Lice","floor":25.0,"turns":4.0},{"damage":0.0,"enemies":"conspire:MimicChest","floor":27.0,"turns":5.0},{"damage":0.0,"enemies":"3 Byrds","floor":28.0,"turns":3.0},{"damage":0.0,"enemies":"Book of Stabbing","floor":30.0,"turns":3.0},{"damage":0.0,"enemies":"Sentry and Sphere","floor":31.0,"turns":4.0},{"damage":0.0,"enemies":"conspire:MysteriousRune","floor":33.0,"turns":4.0},{"damage":0.0,"enemies":"3 Shapes","floor":35.0,"turns":3.0},{"damage":0.0,"enemies":"3 Darklings","floor":37.0,"turns":4.0},{"damage":0.0,"enemies":"Jaw Worm Horde","floor":38.0,"turns":3.0},{"damage":20.0,"enemies":"4 Shapes","floor":39.0,"turns":4.0},{"damage":0.0,"enemies":"Giant Head","floor":40.0,"turns":4.0},{"damage":0.0,"enemies":"Writhing Mass","floor":41.0,"turns":3.0},{"damage":0.0,"enemies":"2 Orb Walkers","floor":44.0,"turns":3.0},{"damage":0.0,"enemies":"Nemesis","floor":47.0,"turns":3.0},{"damage":0.0,"enemies":"hubris:GrandSnecko","floor":50.0,"turns":5.0},{"damage":0.0,"enemies":"Donu and Deca","floor":51.0,"turns":8.0},{"damage":0.0,"enemies":"Shield and Spear","floor":55.0,"turns":4.0},{"damage":0,"enemies":"The Heart","floor":56,"turns":7}],"seed_played":"6589128348002383169","potions_obtained":[{"floor":1.0,"key":"PowerPotion"},{"floor":6.0,"key":"Swift Potion"},{"floor":11.0,"key":"BlessingOfTheForge"},{"floor":13.0,"key":"LiquidMemories"},{"floor":27.0,"key":"DuplicationPotion"},{"floor":33.0,"key":"Energy Potion"},{"floor":44.0,"key":"EssenceOfSteel"},{"floor":55.0,"key":"SteroidPotion"}],"is_trial":false,"path_per_floor":["M","?","$","M","?","E","R","M","T","?","E","M","E","M","R","B",null,"M","$","?","?","?","E","R","E","T","?","M","$","E","M","R","B",null,"M","?","M","M","M","E","M","R","T","?","$","R","E","T","R","B","B",null,"R","$","E","B",null],"character_chosen":"Hololive_HololiveCharacter","items_purchased":["Hololive_Yoholoon","Potion Belt","Bottled Tornado","Hololive_CocoNews","Happy Flower","Hololive_WolfAndLamb","Hololive_Psychosis"],"campfire_rested":0,"item_purchase_floors":[3,3,19,19,45,45,54],"current_hp_per_floor":[27,16,16,16,16,16,16,16,16,16,16,16,16,16,16,21,28,30,30,30,30,30,30,30,30,30,30,30,30,30,30,30,30,30,30,28,30,30,15,15,22,22,22,30,30,30,30,30,30,30,30,30,30,30,30,30],"gold":130,"neow_bonus":"TWO_FIFTY_GOLD","is_daily":false,"chose_seed":false,"campfire_upgraded":7,"win_rate":0.0,"timestamp":1613000233,"path_taken":["M","?","$","M","?","E","R","M","T","?","E","M","E","M","R","BOSS","M","$","?","?","?","E","R","E","T","?","M","$","E","M","R","BOSS","M","?","M","M","M","E","?","R","T","?","$","R","E","?","R","BOSS","BOSS","R","$","E","BOSS"],"items_purchased_type":["Card","Relic","Relic","Card","Relic","Card","Card"],"build_version":"2020-12-22","purchased_purges":5,"victory":true,"max_hp_per_floor":[30,30,30,30,30,30,30,30,30,30,30,30,30,30,30,30,30,30,30,30,30,30,30,30,30,30,30,30,30,30,30,30,30,30,30,30,30,30,30,30,30,30,30,30,30,30,30,30,30,30,30,30,30,30,30,30],"card_choices":[{"not_picked":["Hololive_CallTokoyamiTowa","Hololive_Trident","Hololive_CallShirakamiFubuki"],"picked":"Hololive_CallAiraniIofifteen","floor":1.0},{"not_picked":["Hololive_Sequa","Hololive_CallShishiroBotan","Hololive_Rebound"],"picked":"Hololive_CocoNews","floor":4.0},{"not_picked":["Hololive_RevenueBasedLive","Hololive_CallSpadeEcho","Hololive_CallAiraniIofifteen"],"picked":"Hololive_CallAkiRosenthal","floor":6.0},{"not_picked":["Hololive_CallAyundaRisu","Hololive_CallAZKi","Hololive_FlareMind"],"picked":"Hololive_Psychosis","floor":8.0},{"not_picked":["Hololive_StrengthChampion","Hololive_HuntDinosaur","Hololive_CallOmaruPolka"],"picked":"Hololive_CallSakuraMiko","floor":11.0},{"not_picked":["Hololive_Watashimo","Hololive_HuntDinosaur","Hololive_LuckPotion"],"picked":"Hololive_Trident","floor":12.0},{"not_picked":["Hololive_LuckPotion","Hololive_Psychosis","Hololive_RevenueBasedLive"],"picked":"Hololive_CallHoshimachiSuisei","floor":13.0},{"not_picked":["Hololive_LuckPotion","Hololive_CallRosalyn","Hololive_Sequa"],"picked":"Hololive_CallYozoraMel","floor":14.0},{"not_picked":["Hololive_Recruit","Hololive_MaximGun","Hololive_IdolExercise"],"picked":"Hololive_Thief","floor":16.0},{"not_picked":["Hololive_CallOmaruPolka+1","Hololive_Rebound","Hololive_CallYozoraMel"],"picked":"Hololive_RevenueBasedLive","floor":18.0},{"not_picked":["Hololive_WolfAndLamb","Hololive_CallArtia+1","Hololive_CallAkiRosenthal"],"picked":"Hololive_CallTsunomakiWatame","floor":21.0},{"not_picked":["Hololive_CallHoshimachiSuisei","Hololive_Watashimo","Hololive_CallYogiri"],"picked":"Hololive_CallAkaiHaato","floor":23.0},{"not_picked":["Hololive_CocoNews","Hololive_StrengthChampion","Hololive_LuckPotion"],"picked":"Hololive_CallShiranuiFlare","floor":25.0},{"not_picked":["Hololive_CallTsunomakiWatame","Hololive_LuckPotion","Hololive_Sequa"],"picked":"Hololive_Rebound","floor":27.0},{"not_picked":["Hololive_CallAyundaRisu","Hololive_CocoNews","Hololive_LuckPotion+1"],"picked":"Hololive_RevenueBasedLive","floor":28.0},{"not_picked":["Hololive_Sequa","Hololive_CallNakiriAyame","Hololive_FlyingPonyTail"],"picked":"Hololive_MaximGun","floor":30.0},{"not_picked":["Hololive_CocoNews","Hololive_ManjiGathering","Hololive_Breathe"],"picked":"Hololive_Spy","floor":31.0},{"not_picked":["Hololive_ASMR","Hololive_Rebirth","Hololive_MaximGun"],"picked":"Hololive_DurableLive","floor":33.0},{"not_picked":["Hololive_Watashimo+1","Hololive_CocoNews","Hololive_RevenueBasedLive"],"picked":"Hololive_CallOzoraSubaru","floor":35.0},{"not_picked":["Hololive_CallFriendA","Hololive_OvertimeWork","Hololive_LuckPotion"],"picked":"Hololive_CallMurasakiShion","floor":37.0},{"not_picked":["Hololive_StrengthChampion","Hololive_RevenueBasedLive","Hololive_Psychosis+1","Hololive_FlareMind"],"picked":"SKIP","floor":38.0},{"not_picked":["Hololive_Sequa+1","Hololive_HuntDinosaur","Hololive_CallNakiriAyame"],"picked":"Hololive_CocoNews+1","floor":39.0},{"not_picked":["Hololive_CallManoAloe","Hololive_MaximGun","Hololive_OvertimeWork"],"picked":"Hololive_CallRoboco+1","floor":40.0},{"not_picked":["Hololive_FlyingPonyTail","Hololive_Psychosis","Hololive_Trident+1"],"picked":"Hololive_CallNatsuiroMatsuri","floor":41.0},{"not_picked":["Hololive_Psychosis","Hololive_CallShiroganeNoel","Hololive_StrengthChampion","Hololive_Rebound"],"picked":"Hololive_CallDoris+1","floor":44.0},{"not_picked":["Hololive_Yoholoon","Hololive_Drill","Hololive_CallYozoraMel"],"picked":"Hololive_Nanodesu","floor":47.0},{"not_picked":["Hololive_Rebound+1","Hololive_Psychosis+1","Hololive_CallYogiri"],"picked":"Hololive_StrengthChampion+1","floor":55.0}],"player_experience":353032,"relics_obtained":[{"floor":6.0,"key":"Thread and Needle"},{"floor":9.0,"key":"conspire:BottledYoYo"},{"floor":11.0,"key":"hubris:SlimyHat"},{"floor":13.0,"key":"PreservedInsect"},{"floor":21.0,"key":"Red Mask"},{"floor":23.0,"key":"conspire:TopHat"},{"floor":25.0,"key":"Blue Candle"},{"floor":26.0,"key":"Lantern"},{"floor":27.0,"key":"Orichalcum"},{"floor":30.0,"key":"Matryoshka"},{"floor":40.0,"key":"Letter Opener"},{"floor":43.0,"key":"hubris:CrystalStatue"},{"floor":43.0,"key":"Vajra"},{"floor":44.0,"key":"Lizard Tail"},{"floor":47.0,"key":"Hololive_FriedShrimpLion"},{"floor":48.0,"key":"hubris:DeckOfHolding"},{"floor":55.0,"key":"StoneCalendar"}],"event_choices":[{"damage_healed":0.0,"max_hp_gain":0.0,"max_hp_loss":0.0,"gold_gain":75.0,"event_name":"World of Goop","player_choice":"Gather Gold","floor":2.0,"gold_loss":0.0,"damage_taken":11.0},{"damage_healed":0.0,"max_hp_gain":0.0,"max_hp_loss":0.0,"gold_gain":0.0,"event_name":"Masked Bandits","player_choice":"Fought Bandits","floor":21.0,"gold_loss":0.0,"damage_taken":0.0},{"damage_healed":0.0,"max_hp_gain":0.0,"max_hp_loss":0.0,"gold_gain":0.0,"event_name":"Ghosts","player_choice":"Ignored","floor":22.0,"gold_loss":0.0,"damage_taken":0.0},{"damage_healed":0.0,"max_hp_gain":0.0,"max_hp_loss":0.0,"gold_gain":0.0,"event_name":"The Woman in Blue","player_choice":"Bought 0 Potions","floor":36.0,"gold_loss":0.0,"damage_taken":0.0},{"damage_healed":0.0,"max_hp_gain":0.0,"max_hp_loss":0.0,"gold_gain":0.0,"event_name":"Mysterious Sphere","player_choice":"Fight","floor":44.0,"gold_loss":0.0,"damage_taken":0.0}],"is_beta":false,"boss_relics":[{"not_picked":["Calling Bell","Ectoplasm"],"picked":"Coffee Dripper"},{"not_picked":["Pandora\u0027s Box","SacredBark"],"picked":"SlaversCollar"}],"items_purged_floors":[3,19,29,45,54],"is_endless":false,"potions_floor_spawned":[1,6,11,13,21,27,28,33,35,39,40,44,47,55],"ascension_level":20}}