{"host":"6r762osam2bvfm66","time":1613001440,"event":{"mods":["BaseMod","Bestiary","Colored Map","Highlight Path","Minty Spire (QoL Compilation)"],"gold_per_floor":[99,99,99,99,99,99,99,99,99,84,84,84,84,84,84,84,84,24,24,24,24,24,24,24,24,24,24,24,24,24],"floor_reached":29,"language":"ENG","playtime":1697,"items_purged":[],"score":434,"play_id":"fb19e450-31ae-4cfb-abd5-82179276a83b","local_time":"20210210175720","is_ascension_mode":true,"campfire_choices":[{"data":"Adaptation","floor":11,"key":"SMITH"},{"data":"TalkToTheHand","floor":15,"key":"SMITH"},{"data":"TalkToTheHand","floor":23,"key":"SMITH"},{"floor":25,"key":"REST"}],"circlet_count":0,"master_deck":["Strike_P+1","Strike_P+1","Strike_P+1","Strike_P+1","Defend_P+1","Defend_P+1","Defend_P+1","Defend_P+1","Eruption","Vigilance","FollowUp","SandsOfTime","EmptyFist","MentalFortress","TalkToTheHand+1","Discovery","BowlingBash","CutThroughFate","Adaptation+1","Tantrum","ClearTheMind","TalkToTheHand+1","MasterReality","EmptyMind","EmptyBody","Pray+1","Adaptation","Fasting2+1"],"relics":["Ectoplasm","Orichalcum","Potion Belt","MealTicket","Black Star","Blood Vial","Centennial Puzzle","Smiling Mask","CaptainsWheel","GoldenEye"],"acts_visited":["Exordium","TheCity"],"potions_floor_usage":[14,14,24,29,29,29,29,29],"damage_taken":[{"damage":0,"enemies":"2 Louse","floor":1,"turns":2},{"damage":0,"enemies":"Cultist","floor":2,"turns":3},{"damage":6,"enemies":"Jaw Worm","floor":3,"turns":2},{"damage":1,"enemies":"2 Fungi Beasts","floor":4,"turns":2},{"damage":9,"enemies":"Lagavulin","floor":6,"turns":5},{"damage":0,"enemies":"3 Louse","floor":7,"turns":3},{"damage":2,"enemies":"Blue Slaver","floor":8,"turns":3},{"damage":0,"enemies":"Looter","floor":10,"turns":2},{"damage":4,"enemies":"Gremlin Gang","floor":12,"turns":3},{"damage":0,"enemies":"3 Sentries","floor":14,"turns":2},{"damage":0,"enemies":"Hexaghost","floor":16,"turns":6},{"damage":26,"enemies":"2 Thieves","floor":18,"turns":4},{"damage":7,"enemies":"3 Byrds","floor":21,"turns":5},{"damage":20,"enemies":"Snake Plant","floor":22,"turns":4},{"damage":24,"enemies":"Gremlin Leader","floor":24,"turns":5},{"damage":0,"enemies":"Book of Stabbing","floor":27,"turns":5},{"damage":41,"enemies":"Gremlin Leader","floor":29,"turns":2}],"seed_played":"6199979414530204424","potions_obtained":[{"floor":1,"key":"GamblersBrew"},{"floor":4,"key":"Energy Potion"},{"floor":7,"key":"BottledMiracle"},{"floor":12,"key":"SkillPotion"},{"floor":14,"key":"Weak Potion"},{"floor":18,"key":"Swift Potion"},{"floor":24,"key":"Block Potion"},{"floor":27,"key":"AttackPotion"}],"is_trial":false,"path_per_floor":["M","M","M","M","?","E","M","M","T","M","R","M","?","E","R","B",null,"M","$","?","M","M","R","E","R","T","E","?","E"],"character_chosen":"WATCHER","items_purchased":[],"campfire_rested":1,"item_purchase_floors":[],"current_hp_per_floor":[72,72,66,65,65,56,56,54,54,54,54,50,36,36,36,36,72,46,61,61,54,34,34,10,31,31,33,33,0,0],"gold":24,"neow_bonus":"BOSS_RELIC","is_daily":false,"chose_seed":false,"campfire_upgraded":3,"win_rate":0.0,"timestamp":1613001440,"path_taken":["M","M","M","M","?","E","M","M","T","?","R","M","?","E","R","BOSS","M","$","?","M","M","R","E","R","T","E","?","E"],"items_purchased_type":[],"build_version":"2020-12-22","purchased_purges":0,"victory":false,"max_hp_per_floor":[72,72,72,72,72,72,72,72,72,72,72,72,72,72,72,72,72,72,72,72,72,72,72,72,72,72,72,72,72,72],"card_choices":[{"not_picked":["Crescendo","SashWhip"],"picked":"FollowUp","floor":1},{"not_picked":["Crescendo","CrushJoints"],"picked":"SandsOfTime","floor":2},{"not_picked":["WindmillStrike","WaveOfTheHand"],"picked":"EmptyFist","floor":3},{"not_picked":["FlurryOfBlows","FlyingSleeves"],"picked":"MentalFortress","floor":4},{"not_picked":["ForeignInfluence","Consecrate"],"picked":"BowlingBash","floor":6},{"not_picked":["Halt","BowlingBash"],"picked":"CutThroughFate","floor":7},{"not_picked":["Worship","Study"],"picked":"Adaptation","floor":8},{"not_picked":["Nirvana","LikeWater"],"picked":"Tantrum","floor":10},{"not_picked":["FollowUp","Judgement"],"picked":"ClearTheMind","floor":12},{"not_picked":["Evaluate","EmptyBody"],"picked":"TalkToTheHand","floor":14},{"not_picked":["Alpha","Ragnarok"],"picked":"MasterReality","floor":16},{"not_picked":["Vengeance","CutThroughFate+1"],"picked":"EmptyMind","floor":18},{"not_picked":["Protect","Evaluate","CutThroughFate+1"],"picked":"SKIP","floor":21},{"not_picked":["FlyingSleeves+1","Sanctity"],"picked":"Pray+1","floor":22},{"not_picked":["FollowUp","Alpha"],"picked":"Adaptation","floor":24},{"not_picked":["PathToVictory+1","SashWhip"],"picked":"Fasting2+1","floor":27}],"player_experience":75683,"relics_obtained":[{"floor":6,"key":"Orichalcum"},{"floor":9,"key":"Potion Belt"},{"floor":14,"key":"MealTicket"},{"floor":24,"key":"Blood Vial"},{"floor":24,"key":"Centennial Puzzle"},{"floor":26,"key":"Smiling Mask"},{"floor":27,"key":"CaptainsWheel"},{"floor":27,"key":"GoldenEye"}],"event_choices":[{"damage_healed":0,"gold_gain":0,"player_choice":"2 cards matched","damage_taken":0,"max_hp_gain":0,"max_hp_loss":0,"event_name":"Match and Keep!","floor":5,"gold_loss":0,"cards_obtained":["TalkToTheHand","Discovery"]},{"damage_healed":0,"gold_gain":0,"player_choice":"Entered Light","damage_taken":14,"max_hp_gain":0,"max_hp_loss":0,"event_name":"Shining Light","floor":13,"gold_loss":0,"cards_upgraded":["Strike_P","Defend_P"]},{"damage_healed":0,"gold_gain":0,"player_choice":"Read","damage_taken":0,"max_hp_gain":0,"max_hp_loss":0,"event_name":"The Library","floor":20,"gold_loss":0,"cards_obtained":["EmptyBody"]},{"damage_healed":0,"gold_gain":0,"player_choice":"Simplicity","damage_taken":0,"max_hp_gain":0,"max_hp_loss":0,"event_name":"Back to Basics","floor":28,"gold_loss":0,"cards_upgraded":["Strike_P","Strike_P","Strike_P","Defend_P","Defend_P","Defend_P"]}],"is_beta":false,"boss_relics":[{"not_picked":["Empty Cage","Calling Bell"],"picked":"Black Star"}],"items_purged_floors":[],"is_endless":false,"potions_floor_spawned":[1,4,7,8,12,14,18,24,27],"killed_by":"Gremlin Leader","ascension_level":3}}