{"host":"och2iitg9ibgz06n","time":1613000756,"event":{"mods":["Abigail Mod","AchievementEnabler","Aspiration","BaseMod","Colored Powertips","Dio Mod","Hubris","Hyrulean Relics","Infinite Spire","Minty Spire (QoL Compilation)","Replay The Spire","Small Relic Pack","StSLib","The Animator","The Bug Knight","The Hierophant","The Jungle","The Saiyan","TheHero","Wandering Minibosses","everything is the same but u backflip on backflip","slay the spire mod where everything is the same but ironclad has a cowboy hat"],"gold_per_floor":[118,136,155,173,193,227,227,227,227],"floor_reached":8,"language":"ENG","playtime":375,"items_purged":[],"score":81,"play_id":"4c23d6e2-c9ad-47e4-ac21-e0742fbac880","local_time":"20210210174556","is_ascension_mode":true,"campfire_choices":[{"floor":7,"key":"REST"}],"circlet_count":0,"master_deck":["dioMod:Strike","dioMod:Strike","dioMod:Strike","dioMod:Strike","Bite","dioMod:Defend","dioMod:Defend","dioMod:Defend","dioMod:Defend","dioMod:StreetSign","dioMod:ComposedMuda","dioMod:SadisticLaugh","dioMod:SecretPlan","dioMod:GoodbyeJojo","dioMod:Hiss"],"relics":["dioMod:VampireBlood","aspiration:DSix","hubris:OldNail"],"acts_visited":["Exordium"],"potions_floor_usage":[],"damage_taken":[{"damage":6,"enemies":"Cultist","floor":1,"turns":4},{"damage":8,"enemies":"2 Louse","floor":2,"turns":3},{"damage":40,"enemies":"Small Slimes","floor":3,"turns":7},{"damage":21,"enemies":"Looter","floor":4,"turns":4},{"damage":23,"enemies":"3 Louse","floor":5,"turns":7},{"damage":32,"enemies":"Gremlin Nob","floor":6,"turns":4},{"damage":55,"enemies":"Lagavulin","floor":8,"turns":6}],"seed_played":"1088338091985979239","potions_obtained":[{"floor":5,"key":"SpeedPotion"},{"floor":6,"key":"GamblersBrew"}],"is_trial":false,"path_per_floor":["M","M","M","M","M","E","R","E"],"character_chosen":"THE_DEFAULT","items_purchased":[],"campfire_rested":1,"item_purchase_floors":[],"current_hp_per_floor":[69,71,50,36,35,10,32,0,0],"gold":227,"neow_bonus":"DSIX","is_daily":false,"chose_seed":false,"campfire_upgraded":0,"win_rate":0.0,"timestamp":1613000756,"path_taken":["M","M","?","M","M","E","R","E"],"items_purchased_type":[],"build_version":"2020-12-22","purchased_purges":0,"victory":false,"max_hp_per_floor":[75,75,75,75,75,75,75,75,75],"card_choices":[{"not_picked":["dioMod:DaggerToss","dioMod:DisarmingVoice"],"picked":"dioMod:StreetSign","floor":1},{"not_picked":["dioMod:BlendIn","dioMod:Donut"],"picked":"dioMod:ComposedMuda","floor":2},{"not_picked":["dioMod:DarkRebirth","dioMod:HeavyLifting"],"picked":"dioMod:SadisticLaugh","floor":3},{"not_picked":["dioMod:CoffinBath","dioMod:DisarmingVoice"],"picked":"dioMod:SecretPlan","floor":4},{"not_picked":["dioMod:SecretPlan","dioMod:Roundabout"],"picked":"dioMod:GoodbyeJojo","floor":5},{"not_picked":["dioMod:DarkRebirth","dioMod:CautiousMuda"],"picked":"dioMod:Hiss","floor":6}],"player_experience":499154,"relics_obtained":[{"floor":6,"key":"hubris:OldNail"}],"event_choices":[],"is_beta":false,"boss_relics":[],"items_purged_floors":[],"is_endless":false,"potions_floor_spawned":[5,6],"killed_by":"Lagavulin","ascension_level":7}}