{"host":"nsc6ozq3atyrdr3m","time":1613000187,"event":{"mods":["BaseMod","Colored Map","Minty Spire (QoL Compilation)"],"gold_per_floor":[112,112,112,112,127,163,163,199,199,227,271,304,304,332,332,434,434,453,472,506,421,451,495,495,495,495],"floor_reached":25,"language":"FRA","playtime":544,"items_purged":[],"score":516,"play_id":"2e47538f-ed2a-4037-9eca-05711f3ce921","local_time":"20210211003627","is_ascension_mode":true,"campfire_choices":[{"data":"Bash","floor":7,"key":"SMITH"},{"floor":13,"key":"REST"},{"floor":15,"key":"REST"},{"data":"Whirlwind","floor":24,"key":"SMITH"}],"circlet_count":0,"master_deck":["AscendersBane","Strike_R","Strike_R","Strike_R","Strike_R","Strike_R","Defend_R","Defend_R","Defend_R","Bash+1","Rage","Pommel Strike","Bludgeon","Heavy Blade","Headbutt","Flex","Impervious","Thunderclap+1","Inflame","Whirlwind+1"],"relics":["Burning Blood","NeowsBlessing","Golden Idol","Pear","Potion Belt","PreservedInsect","CeramicFish","Odd Mushroom","Busted Crown","Matryoshka","MealTicket"],"acts_visited":["Exordium","TheCity"],"potions_floor_usage":[16,16,16,19,23,23],"damage_taken":[{"damage":0,"enemies":"Jaw Worm","floor":1,"turns":1},{"damage":0,"enemies":"Small Slimes","floor":5,"turns":1},{"damage":0,"enemies":"3 Sentries","floor":6,"turns":1},{"damage":30,"enemies":"Gremlin Nob","floor":8,"turns":4},{"damage":2,"enemies":"2 Louse","floor":10,"turns":4},{"damage":19,"enemies":"The Mushroom Lair","floor":11,"turns":4},{"damage":10,"enemies":"Gremlin Gang","floor":12,"turns":5},{"damage":26,"enemies":"Exordium Thugs","floor":14,"turns":4},{"damage":32,"enemies":"Slime Boss","floor":16,"turns":4},{"damage":0,"enemies":"Chosen","floor":18,"turns":5},{"damage":14,"enemies":"3 Byrds","floor":19,"turns":5},{"damage":39,"enemies":"Centurion and Healer","floor":20,"turns":7},{"damage":0,"enemies":"Snecko","floor":22,"turns":3},{"damage":4,"enemies":"Slavers","floor":23,"turns":3},{"damage":47,"enemies":"Gremlin Leader","floor":25,"turns":4}],"seed_played":"-7938499445948026556","potions_obtained":[{"floor":6,"key":"LiquidMemories"},{"floor":8,"key":"Swift Potion"},{"floor":10,"key":"Energy Potion"},{"floor":14,"key":"DistilledChaos"},{"floor":19,"key":"DistilledChaos"},{"floor":22,"key":"ColorlessPotion"}],"is_trial":false,"path_per_floor":["M","?","?","T","M","E","R","E","T","M","?","M","R","M","R","B",null,"M","M","M","?","M","E","R","E"],"character_chosen":"IRONCLAD","items_purchased":[],"campfire_rested":2,"item_purchase_floors":[],"current_hp_per_floor":[74,67,41,51,57,63,63,39,39,43,30,26,51,31,56,30,71,77,69,36,36,42,44,44,0,0],"gold":495,"neow_bonus":"THREE_ENEMY_KILL","is_daily":false,"chose_seed":false,"campfire_upgraded":2,"win_rate":0.0,"timestamp":1613000187,"path_taken":["M","?","?","?","M","E","R","E","T","M","?","M","R","M","R","BOSS","M","M","M","?","M","E","R","E"],"items_purchased_type":[],"build_version":"2020-12-22","purchased_purges":0,"victory":false,"max_hp_per_floor":[75,75,75,85,85,85,85,85,85,85,85,85,85,85,85,85,85,85,85,85,85,85,85,85,85,85],"card_choices":[{"not_picked":["Thunderclap","True Grit","Warcry"],"picked":"SKIP","floor":1},{"not_picked":["Evolve","Perfected Strike","Power Through"],"picked":"SKIP","floor":5},{"not_picked":["Dual Wield","Iron Wave"],"picked":"Rage","floor":6},{"not_picked":["Power Through","Armaments"],"picked":"Pommel Strike","floor":8},{"not_picked":["Perfected Strike","Fire Breathing"],"picked":"Bludgeon","floor":10},{"not_picked":["Perfected Strike","Power Through"],"picked":"Heavy Blade","floor":11},{"not_picked":["Warcry","True Grit"],"picked":"Headbutt","floor":12},{"not_picked":["Seeing Red","Fire Breathing"],"picked":"Flex","floor":14},{"not_picked":["Bludgeon","Juggernaut"],"picked":"Impervious","floor":16},{"not_picked":["Dual Wield"],"picked":"SKIP","floor":18},{"not_picked":["Twin Strike"],"picked":"SKIP","floor":19},{"not_picked":[],"picked":"Thunderclap+1","floor":20},{"not_picked":[],"picked":"Inflame","floor":22},{"not_picked":[],"picked":"Whirlwind","floor":23}],"player_experience":392546,"relics_obtained":[{"floor":4,"key":"Pear"},{"floor":6,"key":"Potion Belt"},{"floor":8,"key":"PreservedInsect"},{"floor":9,"key":"CeramicFish"},{"floor":11,"key":"Odd Mushroom"},{"floor":23,"key":"MealTicket"}],"event_choices":[{"cards_removed":["Defend_R"],"damage_healed":0,"gold_gain":0,"player_choice":"Card Removal","damage_taken":7,"max_hp_gain":0,"max_hp_loss":0,"event_name":"Golden Wing","floor":2,"gold_loss":0},{"damage_healed":0,"gold_gain":0,"player_choice":"Take Damage","damage_taken":26,"relics_obtained":["Golden Idol"],"max_hp_gain":0,"max_hp_loss":0,"event_name":"Golden Idol","floor":3,"gold_loss":0},{"damage_healed":0,"gold_gain":0,"player_choice":"Fought Mushrooms","damage_taken":0,"max_hp_gain":0,"max_hp_loss":0,"event_name":"Mushrooms","floor":11,"gold_loss":0},{"damage_healed":0,"gold_gain":0,"player_choice":"Obtained Relic","damage_taken":0,"relics_obtained":["Matryoshka"],"max_hp_gain":0,"max_hp_loss":0,"event_name":"Addict","floor":21,"gold_loss":85}],"is_beta":false,"boss_relics":[{"not_picked":["Mark of Pain","SlaversCollar"],"picked":"Busted Crown"}],"items_purged_floors":[],"is_endless":false,"potions_floor_spawned":[6,8,10,14,19,22],"killed_by":"Gremlin Leader","ascension_level":20}}