{"host":"36t3qd3wjvajtu1z","time":1613001569,"event":{"mods":["2.2 Compatiblity","AchievementEnabler","BaseMod","Bestiary","Block Reminder","Colored Powertips","Curses Come First","Highlight Path","Minty Spire (QoL Compilation)","Permanent Neow","Quick Restart","Random Character Button","Rare Cards Sparkle","Relic Stats","Slay-I","StSLib","Unknown Chances"],"gold_per_floor":[60,77,136,136,146,146,196,237,237,237,257,257,257],"floor_reached":12,"language":"ENG","playtime":543,"items_purged":[],"score":160,"play_id":"94af31ce-eaa1-4ffe-b7f6-0538a969c051","local_time":"20210210155929","is_ascension_mode":true,"campfire_choices":[{"data":"HandOfGreed","floor":6.0,"key":"SMITH"},{"floor":10.0,"key":"REST"}],"circlet_count":0,"master_deck":["AscendersBane","Strike_G","Strike_G","Strike_G","Strike_G","Strike_G","Defend_G","Defend_G","Defend_G","Defend_G","Defend_G","Survivor","Neutralize","HandOfGreed+1","Flying Knee","Quick Slash","Pain","Unload","Dagger Spray","Noxious Fumes"],"relics":["Ring of the Snake","WarpedTongs","Letter Opener","Molten Egg 2"],"acts_visited":["Exordium"],"potions_floor_usage":[],"damage_taken":[{"damage":5.0,"enemies":"2 Louse","floor":1.0,"turns":7.0},{"damage":1.0,"enemies":"Jaw Worm","floor":2.0,"turns":2.0},{"damage":3.0,"enemies":"Cultist","floor":5.0,"turns":4.0},{"damage":33.0,"enemies":"Lagavulin","floor":7.0,"turns":6.0},{"damage":9.0,"enemies":"3 Louse","floor":8.0,"turns":3.0},{"damage":3.0,"enemies":"Lots of Slimes","floor":11.0,"turns":3.0},{"damage":27,"enemies":"Gremlin Nob","floor":12,"turns":3}],"seed_played":"5172040143407305888","potions_obtained":[{"floor":1.0,"key":"Poison Potion"},{"floor":2.0,"key":"ColorlessPotion"},{"floor":8.0,"key":"LiquidBronze"}],"is_trial":false,"path_per_floor":["M","M","?","?","M","R","E","M","T","R","M","E"],"character_chosen":"THE_SILENT","items_purchased":[],"campfire_rested":1,"item_purchase_floors":[],"current_hp_per_floor":[54,53,53,53,50,50,17,8,8,27,24,0,0],"gold":257,"neow_bonus":"RANDOM_COLORLESS_2","is_daily":false,"chose_seed":false,"campfire_upgraded":1,"win_rate":0.0,"timestamp":1613001569,"path_taken":["M","M","?","?","M","R","E","M","T","R","M","E"],"items_purchased_type":[],"build_version":"2020-12-22","purchased_purges":0,"victory":false,"max_hp_per_floor":[66,66,66,66,66,66,66,66,66,66,66,66,66],"relic_stats":{"counters":[7,28],"Letter Opener":[5],"obtain_stats":[{"Molten Egg 2":9,"Letter Opener":7,"Ring of the Snake":0,"WarpedTongs":4},{"Molten Egg 2":5,"Letter Opener":4,"Ring of the Snake":0,"WarpedTongs":2},{"Molten Egg 2":22,"Letter Opener":19,"Ring of the Snake":0,"WarpedTongs":9}],"Ring of the Snake":[14],"WarpedTongs":[17]},"card_choices":[{"not_picked":["Secret Weapon","Thinking Ahead"],"picked":"HandOfGreed","floor":0.0},{"not_picked":["Accuracy","Backflip"],"picked":"Flying Knee","floor":1.0},{"not_picked":["Prepared","Underhanded Strike"],"picked":"Quick Slash","floor":2.0},{"not_picked":["Caltrops","Deadly Poison","Backflip"],"picked":"SKIP","floor":5.0},{"not_picked":["Sucker Punch","Malaise"],"picked":"Unload","floor":7.0},{"not_picked":["Dodge and Roll","Heel Hook"],"picked":"Dagger Spray","floor":8.0},{"not_picked":["Deadly Poison","Deflect"],"picked":"Noxious Fumes","floor":11.0}],"player_experience":476062,"relics_obtained":[{"floor":7.0,"key":"Letter Opener"},{"floor":9.0,"key":"Molten Egg 2"}],"event_choices":[{"damage_healed":0.0,"max_hp_gain":0.0,"max_hp_loss":0.0,"gold_gain":59.0,"event_name":"Golden Wing","player_choice":"Gained Gold","floor":3.0,"gold_loss":0.0,"damage_taken":0.0},{"damage_healed":0.0,"max_hp_gain":0.0,"max_hp_loss":0.0,"gold_gain":0.0,"event_name":"Accursed Blacksmith","player_choice":"Rummage","floor":4.0,"gold_loss":0.0,"damage_taken":0.0,"relics_obtained":["WarpedTongs"],"cards_obtained":["Pain"]}],"is_beta":false,"boss_relics":[],"items_purged_floors":[],"is_endless":false,"potions_floor_spawned":[1,2,8],"killed_by":"Gremlin Nob","ascension_level":20}}