{"host":"mr1ctipv0dcr6y8g","time":1613000336,"event":{"mods":["BaseMod","Beaked The Cultist","DeckTracker","Downfall","Energized Spire","Minty Spire (QoL Compilation)","READ ME - Guardian Mod","Shop Mod","StSLib","The Construct"],"gold_per_floor":[114,132,132,149,3,3,3,19,19,19,52,52,78,98,98,201,201,212,392,174,194,207,237,237,237,261,278,312,312,262,17,17,117,117,132,132,82,95,45,80,108,108,132,182,182,210,262,614,614,614],"floor_reached":51,"language":"ENG","playtime":2784,"items_purged":["Strike_R","Strike_R","Defend_R","Strike_R+1"],"score":852,"play_id":"35103b87-307e-48a5-8c3d-c8d5c97a5763","local_time":"20210210163856","daily_mods":["Heirloom","Time Dilation","Flight"],"is_ascension_mode":false,"campfire_choices":[{"data":"Impervious","floor":6,"key":"SMITH"},{"data":"Hemokinesis","floor":7,"key":"SMITH"},{"data":"Flame Barrier","floor":10,"key":"SMITH"},{"data":"Iron Wave","floor":12,"key":"SMITH"},{"data":"Demon Form","floor":15,"key":"SMITH"},{"data":"Feed","floor":24,"key":"SMITH"},{"data":"Berserk","floor":25,"key":"SMITH"},{"data":"Seeing Red","floor":29,"key":"SMITH"},{"data":"Shrug It Off","floor":32,"key":"SMITH"},{"floor":42,"key":"REST"},{"data":"Defend_R","floor":45,"key":"SMITH"},{"floor":49,"key":"REST"}],"circlet_count":0,"master_deck":["Defend_R","Defend_R+1","Bash+1","Headbutt","Iron Wave+1","Hemokinesis+1","Impervious+1","Flame Barrier+1","Demon Form+1","Shrug It Off+1","Berserk+1","Feed+1","Flame Barrier+1","Seeing Red+1","Offering","Exhume","Blood for Blood+1","Sword Boomerang+1","Sword Boomerang","Spot Weakness+1"],"relics":["Burning Blood","Calipers","construct:BoolHorns","Sundial","energizedSpire:RedRose","Tiny Chest","Bag of Preparation","Smiling Mask","Bottled Tornado","Empty Cage","Mercury Hourglass","InkBottle","Happy Flower","Champion Belt","champ:DeflectingBracers","Omamori","Old Coin"],"acts_visited":["Exordium","TheCity","TheBeyond"],"potions_floor_usage":[18,21,22,23,41],"damage_taken":[{"damage":6,"enemies":"2 Louse","floor":1,"turns":2},{"damage":4,"enemies":"Small Slimes","floor":2,"turns":3},{"damage":1,"enemies":"Cultist","floor":4,"turns":3},{"damage":6,"enemies":"Blue Slaver","floor":8,"turns":3},{"damage":6,"enemies":"3 Sentries","floor":11,"turns":9},{"damage":4,"enemies":"Lagavulin","floor":13,"turns":7},{"damage":8,"enemies":"2 Fungi Beasts","floor":14,"turns":3},{"damage":33,"enemies":"Hexaghost","floor":16,"turns":10},{"damage":0,"enemies":"3 Byrds","floor":18,"turns":1},{"damage":2,"enemies":"Spheric Guardian","floor":21,"turns":3},{"damage":15,"enemies":"Cultist and Chosen","floor":22,"turns":8},{"damage":5,"enemies":"Gremlin Leader","floor":23,"turns":8},{"damage":16,"enemies":"Snake Plant","floor":27,"turns":5},{"damage":24,"enemies":"Book of Stabbing","floor":28,"turns":4},{"damage":22,"enemies":"Champ","floor":33,"turns":9},{"damage":9,"enemies":"Orb Walker","floor":35,"turns":4},{"damage":6,"enemies":"3 Darklings","floor":38,"turns":4},{"damage":35,"enemies":"Reptomancer","floor":40,"turns":7},{"damage":56,"enemies":"Nemesis","floor":41,"turns":7},{"damage":8,"enemies":"Mind Bloom Boss Battle","floor":44,"turns":4},{"damage":8,"enemies":"Giant Head","floor":46,"turns":6},{"damage":31,"enemies":"2 Orb Walkers","floor":48,"turns":3},{"damage":50,"enemies":"Donu and Deca","floor":50,"turns":8}],"seed_played":"8121345170428240095","potions_obtained":[{"floor":4,"key":"BloodPotion"},{"floor":8,"key":"Explosive Potion"},{"floor":11,"key":"FearPotion"},{"floor":16,"key":"Fruit Juice"},{"floor":18,"key":"Guardian:BlockOnCardUsePotion"},{"floor":23,"key":"BloodPotion"},{"floor":28,"key":"sneckomod:MuddlingPotion"},{"floor":40,"key":"EssenceOfSteel"},{"floor":46,"key":"construct:ShiftPotion"}],"is_trial":true,"path_per_floor":["M","M","?","M","$","R","R","M","T","R","E","R","E","M","R","B",null,"M","?","$","M","M","E","R","R","T","M","E","R","$","$","R","B",null,"M","?","$","M","$","E","E","R","T","?","R","E","T","?","R","B",null],"character_chosen":"IRONCLAD","items_purchased":["Impervious","Feed","Bottled Tornado"],"campfire_rested":2,"item_purchase_floors":[5,20,31],"current_hp_per_floor":[80,80,64,69,69,69,69,69,69,69,69,69,71,69,69,42,80,85,66,66,73,64,82,82,82,82,76,62,62,62,62,62,50,100,101,101,101,101,101,76,47,79,79,77,77,75,75,50,82,38],"gold":614,"neow_bonus":"","is_daily":false,"chose_seed":false,"campfire_upgraded":10,"win_rate":0.0,"timestamp":1613000336,"path_taken":["M","M","?","M","$","R","R","M","T","R","E","R","E","M","R","BOSS","M","?","$","M","M","E","R","R","T","?","E","R","$","$","R","BOSS","M","?","$","M","$","E","E","R","T","?","R","E","?","?","R","BOSS"],"items_purchased_type":["Card","Card","Relic"],"build_version":"2020-12-22","purchased_purges":4,"victory":true,"max_hp_per_floor":[80,80,80,80,80,80,80,80,80,80,80,80,80,80,80,80,80,85,85,85,88,88,88,88,88,88,92,96,96,96,96,96,100,100,104,104,104,104,104,108,108,108,108,108,108,108,108,108,108,108],"card_choices":[{"not_picked":["Anger","Sever Soul"],"picked":"Headbutt","floor":1},{"not_picked":["Perfected Strike","Uppercut"],"picked":"Iron Wave","floor":2},{"not_picked":["Combust","Pummel"],"picked":"Hemokinesis","floor":4},{"not_picked":["Whirlwind","Anger"],"picked":"Flame Barrier","floor":8},{"not_picked":["Power Through","Clash","Evolve"],"picked":"SKIP","floor":11},{"not_picked":["Burning Pact","Inflame"],"picked":"Demon Form","floor":13},{"not_picked":["Iron Wave","Clash"],"picked":"Shrug It Off","floor":14},{"not_picked":["Brutality","Demon Form"],"picked":"Berserk","floor":16},{"not_picked":["Pommel Strike","Armaments","Sever Soul+1"],"picked":"SKIP","floor":18},{"not_picked":["Heavy Blade","Pummel"],"picked":"Flame Barrier+1","floor":21},{"not_picked":["Uppercut","Thunderclap"],"picked":"Seeing Red","floor":22},{"not_picked":["Twin Strike+1","Infernal Blade"],"picked":"Offering","floor":23},{"not_picked":["Shrug It Off","Clash","Thunderclap"],"picked":"SKIP","floor":27},{"not_picked":["Spot Weakness","Carnage","Perfected Strike"],"picked":"SKIP","floor":28},{"not_picked":["Bludgeon","Reaper"],"picked":"Exhume","floor":33},{"not_picked":["Anger+1","Combust"],"picked":"Blood for Blood+1","floor":35},{"not_picked":["Havoc","Wild Strike+1"],"picked":"Sword Boomerang+1","floor":38},{"not_picked":["Sword Boomerang","Perfected Strike+1","Havoc"],"picked":"SKIP","floor":40},{"not_picked":["Perfected Strike+1","Havoc"],"picked":"Sword Boomerang","floor":40},{"not_picked":["Sentinel","Intimidate+1","Anger+1"],"picked":"SKIP","floor":41},{"not_picked":["Sentinel","Headbutt"],"picked":"Spot Weakness+1","floor":46}],"player_experience":1688109,"relics_obtained":[{"floor":11,"key":"construct:BoolHorns"},{"floor":13,"key":"Sundial"},{"floor":23,"key":"Tiny Chest"},{"floor":26,"key":"Bag of Preparation"},{"floor":28,"key":"Smiling Mask"},{"floor":40,"key":"Mercury Hourglass"},{"floor":41,"key":"InkBottle"},{"floor":43,"key":"Happy Flower"},{"floor":44,"key":"Champion Belt"},{"floor":46,"key":"champ:DeflectingBracers"},{"floor":47,"key":"Omamori"},{"floor":48,"key":"Old Coin"}],"event_choices":[{"damage_healed":0,"gold_gain":0,"player_choice":"Entered Light","damage_taken":16,"max_hp_gain":0,"max_hp_loss":0,"event_name":"Shining Light","floor":3,"gold_loss":0,"cards_upgraded":["Strike_R","Bash"]},{"damage_healed":0,"gold_gain":180,"player_choice":"GOLD GOLD ","damage_taken":19,"max_hp_gain":0,"max_hp_loss":0,"event_name":"Knowing Skull","floor":19,"potions_obtained":[],"gold_loss":0,"cards_obtained":[]},{"cards_removed":["Defend_R"],"damage_healed":0,"gold_gain":0,"player_choice":"Removed Skill","damage_taken":0,"max_hp_gain":0,"max_hp_loss":0,"event_name":"Falling","floor":36,"gold_loss":0},{"damage_healed":0,"gold_gain":0,"player_choice":"Fight","damage_taken":0,"max_hp_gain":0,"max_hp_loss":0,"event_name":"MindBloom","floor":44,"gold_loss":0},{"damage_healed":0,"gold_gain":0,"player_choice":"Fight","damage_taken":0,"max_hp_gain":0,"max_hp_loss":0,"event_name":"Mysterious Sphere","floor":48,"gold_loss":0}],"is_beta":false,"boss_relics":[{"not_picked":["energizedSpire:DecayingSkull","Calling Bell"],"picked":"energizedSpire:RedRose"},{"not_picked":["Black Blood","bronze:MakeshiftBattery"],"picked":"Empty Cage"}],"items_purged_floors":[20,30,37,39],"is_endless":false,"potions_floor_spawned":[4,8,11,13,14,16,18,23,28,40,46],"ascension_level":0}}