{"host":"2kfsro7skzomnm41","time":1613000633,"event":{"mods":["AchievementEnabler","BaseMod","Googly Eyes","Highlight Path","Minty Spire (QoL Compilation)","StSLib"],"gold_per_floor":[160,175,175,175,6,38,38,66,91,121,144,156,181,221,233,245,245],"floor_reached":16,"language":"ENG","playtime":575,"items_purged":["Strike_R"],"score":210,"play_id":"b7ef37e2-8bb7-460b-9661-f3fe43a21b1e","local_time":"20210210184353","is_ascension_mode":true,"campfire_choices":[{"data":"Whirlwind","floor":7,"key":"SMITH"},{"data":"Pommel Strike","floor":12,"key":"SMITH"},{"floor":15,"key":"REST"}],"circlet_count":0,"master_deck":["AscendersBane","Strike_R","Strike_R","Strike_R+1","Strike_R+1","Defend_R","Defend_R+1","Defend_R","Defend_R","Bash","Whirlwind+1","Seeing Red","Headbutt","Inflame","Pommel Strike+1","Combust","Second Wind","Sever Soul","Bloodletting","Rage"],"relics":["Tiny House","Red Skull","Nunchaku","MawBank","Bottled Tornado"],"acts_visited":["Exordium"],"potions_floor_usage":[6,6,13],"damage_taken":[{"damage":0,"enemies":"Cultist","floor":1,"turns":4},{"damage":0,"enemies":"2 Louse","floor":2,"turns":1},{"damage":35,"enemies":"Lagavulin","floor":6,"turns":5},{"damage":18,"enemies":"Gremlin Nob","floor":8,"turns":3},{"damage":2,"enemies":"Jaw Worm","floor":10,"turns":2},{"damage":0,"enemies":"2 Fungi Beasts","floor":11,"turns":1},{"damage":0,"enemies":"Lots of Slimes","floor":13,"turns":2},{"damage":7,"enemies":"3 Sentries","floor":14,"turns":3},{"damage":37,"enemies":"The Guardian","floor":16,"turns":6}],"seed_played":"-4306509836895637005","potions_obtained":[{"floor":0,"key":"SneckoOil"},{"floor":1,"key":"DistilledChaos"},{"floor":6,"key":"Explosive Potion"}],"is_trial":false,"path_per_floor":["M","M","?","?","$","E","R","E","T","M","M","R","M","E","R","B"],"character_chosen":"IRONCLAD","items_purchased":["Inflame","Pommel Strike"],"campfire_rested":1,"item_purchase_floors":[5,5],"current_hp_per_floor":[73,73,49,75,75,40,40,22,22,20,20,20,20,13,37,0,0],"gold":245,"neow_bonus":"BOSS_RELIC","is_daily":false,"chose_seed":false,"campfire_upgraded":2,"win_rate":0.0,"timestamp":1613000633,"path_taken":["M","M","?","?","?","E","R","E","T","M","M","R","M","E","R","BOSS"],"items_purchased_type":["Card","Card"],"build_version":"2020-12-22","purchased_purges":1,"victory":false,"max_hp_per_floor":[80,80,80,80,80,80,80,80,80,80,80,80,80,80,80,80,80],"card_choices":[{"not_picked":["Battle Trance","Wild Strike"],"picked":"Whirlwind","floor":0},{"not_picked":["Sentinel","Wild Strike"],"picked":"Seeing Red","floor":1},{"not_picked":["Clothesline","Wild Strike"],"picked":"Headbutt","floor":2},{"not_picked":["Sentinel","Armaments"],"picked":"Combust","floor":6},{"not_picked":["Flex","Searing Blow"],"picked":"Second Wind","floor":8},{"not_picked":["Twin Strike","Blood for Blood"],"picked":"Sever Soul","floor":10},{"not_picked":["Iron Wave","Perfected Strike"],"picked":"Bloodletting","floor":11},{"not_picked":["Reckless Charge","Twin Strike","Juggernaut"],"picked":"SKIP","floor":13},{"not_picked":["Flex","Spot Weakness"],"picked":"Rage","floor":14}],"player_experience":304464,"relics_obtained":[{"floor":6,"key":"Red Skull"},{"floor":8,"key":"Nunchaku"},{"floor":9,"key":"MawBank"},{"floor":14,"key":"Bottled Tornado"}],"event_choices":[{"damage_healed":0,"gold_gain":0,"player_choice":"Entered Light","damage_taken":24,"max_hp_gain":0,"max_hp_loss":0,"event_name":"Shining Light","floor":3,"gold_loss":0,"cards_upgraded":["Strike_R","Defend_R"]},{"damage_healed":26,"gold_gain":0,"player_choice":"Banana","damage_taken":0,"max_hp_gain":0,"max_hp_loss":0,"event_name":"Big Fish","floor":4,"gold_loss":0}],"is_beta":false,"boss_relics":[],"items_purged_floors":[5],"is_endless":false,"potions_floor_spawned":[1,2,6],"killed_by":"The Guardian","ascension_level":15}}