{"host":"skr63qsdfgeey3it","time":1613001406,"event":{"mods":["BaseMod","Colored Map","Hubris","Minty Spire (QoL Compilation)","Monster B Gone","Reliquary","Replay The Spire","Spicy Shops","StSLib"],"gold_per_floor":[111,111,111,130,130,155,155,168,168,84,84,47,62,91,91,169,169,184,196,196,196,5,32,32,58,58,58,69,102,282,302,302,375,375,394,408,59,84,84,84,99,131,156,156,156,156,175,210,210,210,210],"floor_reached":50,"language":"ENG","playtime":2687,"items_purged":["Strike_G"],"score":1154,"play_id":"ed4cf99a-ab2c-4a08-a12b-d5c1978f6e17","local_time":"20210210175646","is_ascension_mode":true,"campfire_choices":[{"data":"Replay:Bag of Tricks","floor":7,"key":"SMITH"},{"data":"Neutralize","floor":11,"key":"SMITH"},{"floor":24,"key":"REST"},{"data":"ReplayTheSpireMod:Shiv Toss","floor":27,"key":"SMITH"},{"floor":32,"key":"REST"},{"floor":40,"key":"REST"},{"floor":44,"key":"REST"},{"floor":46,"key":"REST"},{"data":"After Image","floor":49,"key":"SMITH"}],"circlet_count":0,"master_deck":["AscendersBane","Strike_G","Strike_G","Strike_G","Strike_G","Defend_G","Defend_G","Defend_G","Defend_G","Defend_G","Survivor","Neutralize+1","Quick Slash+1","Noxious Fumes","Replay:Bag of Tricks+1","Poisoned Stab","Terror+1","Infinite Blades+1","hubris:Counter","Storm of Steel","CurseOfTheBell","Cloak And Dagger+1","Deadly Poison","ReplayTheSpireMod:Scrap Shanks","Crippling Poison","Prepared","ReplayTheSpireMod:Shiv Toss+1","Blade Dance","Poisoned Stab+1","Envenom","Noxious Fumes+1","Prepared","ReplayUltimateDefense","Reflex+1","Calculated Gamble","Poison Darts","After Image+1"],"relics":["Ring of the Snake","NeowsBlessing","hubris:Icosahedron","hubris:Spice","reliquary:RadioactivePellet","Calling Bell","Bronze Scales","Mercury Hourglass","Blood Vial","HoveringKite","BranchBurnRelic","Centennial Puzzle","hubris:Towel","Quantum Egg"],"acts_visited":["Exordium","TheCity","TheBeyond"],"potions_floor_usage":[23,25,33,33,38,48,50],"damage_taken":[{"damage":0,"enemies":"Jaw Worm","floor":1,"turns":1},{"damage":0,"enemies":"2 Louse","floor":4,"turns":1},{"damage":0,"enemies":"Replay:BlueRogue","floor":6,"turns":1},{"damage":0,"enemies":"Cultist","floor":8,"turns":2},{"damage":0,"enemies":"2 Fungi Beasts","floor":13,"turns":3},{"damage":23,"enemies":"Lagavulin","floor":14,"turns":4},{"damage":0,"enemies":"Slime Boss","floor":16,"turns":7},{"damage":14,"enemies":"Shell Parasite","floor":18,"turns":3},{"damage":0,"enemies":"Chosen","floor":19,"turns":3},{"damage":29,"enemies":"Slavers","floor":23,"turns":3},{"damage":3,"enemies":"Replay:Snechameleon","floor":25,"turns":4},{"damage":0,"enemies":"Centurion and Healer","floor":28,"turns":5},{"damage":21,"enemies":"Slavers","floor":29,"turns":3},{"damage":0,"enemies":"3 Cultists","floor":31,"turns":3},{"damage":15,"enemies":"hubris:MusketHawk","floor":33,"turns":5},{"damage":16,"enemies":"3 Shapes","floor":35,"turns":3},{"damage":30,"enemies":"3 Darklings","floor":36,"turns":4},{"damage":0,"enemies":"Mind Bloom Boss Battle","floor":38,"turns":6},{"damage":21,"enemies":"Jaw Worm Horde","floor":41,"turns":5},{"damage":5,"enemies":"Giant Head","floor":42,"turns":5},{"damage":39,"enemies":"4 Shapes","floor":47,"turns":5},{"damage":0,"enemies":"Nemesis","floor":48,"turns":7},{"damage":71,"enemies":"Donu and Deca","floor":50,"turns":9}],"seed_played":"-3577886396190084288","potions_obtained":[{"floor":1,"key":"ColorlessPotion"},{"floor":5,"key":"Flashbang"},{"floor":18,"key":"Fire Potion"},{"floor":23,"key":"BlessingOfTheForge"},{"floor":25,"key":"SteroidPotion"},{"floor":36,"key":"CunningPotion"},{"floor":38,"key":"Ancient Potion"},{"floor":47,"key":"Block Potion"}],"is_trial":false,"path_per_floor":["M","?","?","M","?","E","R","M","T","$","R","$","M","E","R_BF","B",null,"M","M","?","?","$","E","R","E","T","R","M","E","?","M","R","B",null,"M","M","$","?","$","R","M","E","T","R","?","R","M","E","R","B"],"character_chosen":"THE_SILENT","items_purchased":["Terror+1","Infinite Blades","ReplayTheSpireMod:Scrap Shanks","Crippling Poison","Prepared","ReplayUltimateDefense"],"campfire_rested":5,"item_purchase_floors":[10,12,22,22,22,37],"current_hp_per_floor":[59,59,59,59,59,67,67,67,75,75,75,75,75,52,76,76,74,60,60,60,60,60,31,50,47,47,47,49,30,11,13,32,19,54,40,12,12,14,14,33,28,25,25,44,44,63,37,39,39,0,0],"gold":210,"neow_bonus":"THREE_ENEMY_KILL","is_daily":false,"chose_seed":false,"campfire_upgraded":4,"win_rate":0.0,"timestamp":1613001406,"path_taken":["M","?","?","?","?","E","R","M","T","$","R","?","M","E","R_BF","BOSS","M","M","?","?","$","E","R","E","T","R","?","E","?","M","R","BOSS","M","?","$","?","?","R","M","E","T","R","?","R","M","E","R","BOSS"],"items_purchased_type":["Card","Card","Card","Card","Card","Card"],"build_version":"2020-12-22","purchased_purges":1,"victory":false,"max_hp_per_floor":[66,66,66,66,66,74,74,74,82,82,82,82,82,82,82,82,74,74,74,74,74,74,66,66,66,66,66,66,66,66,66,66,66,66,66,66,66,66,66,66,66,66,66,66,66,66,66,66,66,66,66],"card_choices":[{"not_picked":["Heel Hook","ReplayTheSpireMod:Shiv Toss"],"picked":"Quick Slash","floor":1},{"not_picked":["Blade Dance","Dodge and Roll"],"picked":"Noxious Fumes","floor":4},{"not_picked":["Acrobatics","Reflex"],"picked":"Replay:Bag of Tricks","floor":6},{"not_picked":["Deflect","Dodge and Roll"],"picked":"Poisoned Stab","floor":8},{"not_picked":["Quick Slash","Finisher"],"picked":"hubris:Counter","floor":13},{"not_picked":["Slice","ReplayTheSpireMod:Speed Training","Outmaneuver"],"picked":"SKIP","floor":14},{"not_picked":["Corpse Explosion","ReplayTheSpireMod:From All Sides"],"picked":"Storm of Steel","floor":16},{"not_picked":["Escape Plan","Backflip"],"picked":"Cloak And Dagger+1","floor":18},{"not_picked":["hubris:SlightOfHand+1","Hidden Blade","Deflect"],"picked":"SKIP","floor":19},{"not_picked":["hubris:Counter","Sucker Punch","Bane"],"picked":"SKIP","floor":23},{"not_picked":["Quick Slash","hubris:SpiceAddiction"],"picked":"ReplayTheSpireMod:Shiv Toss","floor":25},{"not_picked":["Hidden Blade","Bane+1"],"picked":"Blade Dance","floor":28},{"not_picked":["Acrobatics+1","hubris:SlightOfHand"],"picked":"Poisoned Stab+1","floor":29},{"not_picked":["hubris:SpiceAddiction","Bane","hubris:SpiceAddiction"],"picked":"SKIP","floor":31},{"not_picked":["Poison Darts","Storm of Steel"],"picked":"Envenom","floor":33},{"not_picked":["Underhanded Strike","ReplayTheSpireMod:The Works+1"],"picked":"Noxious Fumes+1","floor":35},{"not_picked":["Distraction","hubris:SlightOfHand"],"picked":"Prepared","floor":36},{"not_picked":["hubris:SpiceAddiction","Slice+1"],"picked":"Reflex+1","floor":38},{"not_picked":["hubris:SpiceAddiction","Backstab+1"],"picked":"Calculated Gamble","floor":41},{"not_picked":["Concentrate","hubris:SpiceAddiction"],"picked":"Poison Darts","floor":42},{"not_picked":["hubris:SpiceAddiction","hubris:SpiceAddiction","Deflect"],"picked":"SKIP","floor":47},{"not_picked":["Dodge and Roll","Quick Slash"],"picked":"After Image","floor":48}],"player_experience":954974,"relics_obtained":[{"floor":6,"key":"hubris:Spice"},{"floor":9,"key":"hubris:Spice"},{"floor":14,"key":"reliquary:RadioactivePellet"},{"floor":17,"key":"Bronze Scales"},{"floor":17,"key":"Mercury Hourglass"},{"floor":17,"key":"hubris:Spice"},{"floor":23,"key":"hubris:Spice"},{"floor":26,"key":"Blood Vial"},{"floor":38,"key":"Dead Branch"},{"floor":43,"key":"Centennial Puzzle"},{"floor":48,"key":"Quantum Egg"}],"event_choices":[{"damage_healed":0,"gold_gain":0,"player_choice":"Upgraded","damage_taken":0,"max_hp_gain":0,"max_hp_loss":0,"event_name":"Upgrade Shrine","floor":3,"gold_loss":0,"cards_upgraded":["Quick Slash"]},{"damage_healed":0,"gold_gain":0,"player_choice":"Got Potions","damage_taken":0,"max_hp_gain":0,"max_hp_loss":0,"event_name":"Lab","floor":5,"gold_loss":0},{"damage_healed":0,"gold_gain":180,"player_choice":"GOLD GOLD ","damage_taken":19,"max_hp_gain":0,"max_hp_loss":0,"event_name":"Knowing Skull","floor":30,"potions_obtained":[],"gold_loss":0,"cards_obtained":[]},{"damage_healed":0,"gold_gain":0,"player_choice":"Fight","damage_taken":0,"max_hp_gain":0,"max_hp_loss":0,"event_name":"MindBloom","floor":38,"gold_loss":0}],"is_beta":false,"boss_relics":[{"not_picked":["hubris:GrandSneckoEye","Velvet Choker"],"picked":"Calling Bell"},{"not_picked":["Coffee Dripper","hubris:Spice"],"picked":"HoveringKite"}],"items_purged_floors":[37],"is_endless":false,"potions_floor_spawned":[1,6,13,16,18,23,25,29,31,36,38,47],"killed_by":"Donu and Deca","ascension_level":14}}