{"host":"rykcscnxwcosqdkz","time":1613000270,"event":{"mods":["BaseMod","Downfall","GifTheSpireLib","Minty Spire (QoL Compilation)","StSLib"],"gold_per_floor":[99,111,125,125,125,70,70,82,102,102,128,28,48,48,66,171,171,71,87,99,33,52,68,68,68,68,68,80,107,107,141,156,260,310,310,325,40,40,60,87,113,124,124,134,134,34,68,98,121,133,145,185,51,51,51,51,51,51],"floor_reached":56,"language":"ENG","playtime":3462,"items_purged":["bronze:Strike"],"score":996,"play_id":"556e6409-9ff6-495f-a045-5b6f0097fa71","local_time":"20210211003750","is_ascension_mode":true,"campfire_choices":[{"floor":1,"key":"RECALL"},{"data":"bronze:Repulsor","floor":12,"key":"SMITH"},{"data":"bronze:BugBarrage","floor":18,"key":"SMITH"},{"data":"bronze:Goto","floor":27,"key":"SMITH"},{"data":"bronze:Goto","floor":30,"key":"SMITH"},{"data":"bronze:Assembly","floor":35,"key":"SMITH"},{"data":"1","floor":46,"key":"LIFT"},{"floor":54,"key":"REST"}],"circlet_count":0,"master_deck":["bronze:Strike","bronze:Strike","bronze:Defend","bronze:Defend","bronze:Defend","bronze:Defend","bronze:Replicate","bronze:Goto+1","bronze:ChosenStrike","bronze:OilSpill","bronze:BurnOut","bronze:MaxOutput","bronze:Shield","bronze:OilSpill","bronze:ChosenStrike","bronze:Repulsor+1","bronze:Format","bronze:Goto+1","Panacea","bronze:BugBarrage+1","bronze:Format","bronze:WildBeam+1","bronze:Turbo","bronze:BuggyMess","bronze:BronzeOrb","bronze:Turbo+1","bronze:Turbo+1","bronze:Format","bronze:Refactor","bronze:Assembly+1","bronze:OilSpill","bronze:FindAndReplace","bronze:ThunderWave","bronze:BugBarrage","bronze:ItsAFeature","bronze:InfiniteBeams"],"relics":["bronze:BronzeCore","Anchor","downfall:ShatteredFragment","Blood Vial","downfall:HeartBlessingRed","Sozu","downfall:HeartBlessingBlue","WingedGreaves","Pen Nib","Bag of Preparation","bronze:ProtectiveGoggles","Ginger","Tiny House","Girya","Blue Candle","Kunai","Bottled Flame","downfall:HeartBlessingGreen","Toxic Egg 2","MawBank","Sundial"],"acts_visited":["Exordium","TheCity","TheBeyond","TheEnding"],"potions_floor_usage":[50,56],"damage_taken":[{"damage":0,"enemies":"Small Slimes","floor":2,"turns":3},{"damage":1,"enemies":"Jaw Worm","floor":3,"turns":4},{"damage":0,"enemies":"downfall:FleeingMerchant","floor":6,"turns":4},{"damage":0,"enemies":"2 Louse","floor":8,"turns":2},{"damage":0,"enemies":"Large Slime","floor":9,"turns":3},{"damage":18,"enemies":"Lagavulin","floor":11,"turns":4},{"damage":3,"enemies":"Lots of Slimes","floor":13,"turns":3},{"damage":0,"enemies":"3 Louse","floor":15,"turns":3},{"damage":12,"enemies":"WA_ARCHETYPE_RETAIN","floor":16,"turns":5},{"damage":0,"enemies":"Chosen","floor":19,"turns":2},{"damage":0,"enemies":"Spheric Guardian","floor":20,"turns":3},{"damage":5,"enemies":"downfall:FleeingMerchant","floor":21,"turns":4},{"damage":26,"enemies":"Snake Plant","floor":22,"turns":4},{"damage":2,"enemies":"3 Cultists","floor":23,"turns":4},{"damage":0,"enemies":"downfall:FleeingMerchant","floor":28,"turns":4},{"damage":0,"enemies":"Gremlin Leader","floor":29,"turns":3},{"damage":0,"enemies":"Slavers","floor":31,"turns":4},{"damage":0,"enemies":"Chosen and Byrds","floor":32,"turns":2},{"damage":22,"enemies":"IC_MUSHROOM_ARCHETYPE","floor":33,"turns":6},{"damage":0,"enemies":"3 Darklings","floor":36,"turns":3},{"damage":0,"enemies":"Orb Walker","floor":39,"turns":2},{"damage":0,"enemies":"Giant Head","floor":40,"turns":5},{"damage":0,"enemies":"Jaw Worm Horde","floor":42,"turns":2},{"damage":0,"enemies":"Maw","floor":44,"turns":4},{"damage":11,"enemies":"Nemesis","floor":47,"turns":3},{"damage":18,"enemies":"Reptomancer","floor":48,"turns":4},{"damage":8,"enemies":"Writhing Mass","floor":49,"turns":2},{"damage":0,"enemies":"SI_POISON_ARCHETYPE","floor":50,"turns":5},{"damage":40,"enemies":"downfall:CharBossMerchant","floor":52,"turns":4},{"damage":5,"enemies":"downfall:NeowBoss","floor":55,"turns":9},{"damage":76,"enemies":"downfall:NeowBossFinal","floor":56,"turns":5}],"seed_played":"-8846683328417837296","potions_obtained":[{"floor":2,"key":"Strength Potion"},{"floor":9,"key":"BlessingOfTheForge"},{"floor":15,"key":"SpeedPotion"}],"is_trial":false,"path_per_floor":["R","M","M","?","?","$","T","M","M","?","E","R","M","?","M","B",null,"R","M","M","$","M","M","T","?","?","R","$","E","R","E","M","B",null,"R","M","$","?","M","E","T","M","?","M","T","R","E","E","M","B",null,"E","$","R","B","B"],"character_chosen":"THE_AUTOMATON","items_purchased":["bronze:MaxOutput","bronze:BuggyMess","Bag of Preparation","bronze:Format","Girya","bronze:InfiniteBeams"],"campfire_rested":1,"item_purchase_floors":[6,21,28,28,37,53],"current_hp_per_floor":[70,70,69,48,48,48,48,48,48,48,30,30,29,29,31,21,70,80,80,80,75,51,51,51,51,51,51,53,55,55,57,59,39,85,85,85,85,80,82,84,84,85,85,85,85,85,74,58,52,54,85,45,45,70,67,0,0,0],"gold":51,"neow_bonus":"RANDOM_COMMON_RELIC","is_daily":false,"chose_seed":false,"campfire_upgraded":5,"win_rate":0.0,"timestamp":1613000270,"path_taken":["R","M","M","?","?","?","T","M","M","?","E","R","M","?","M","BOSS","R","M","M","$","?","M","T","?","?","R","$","E","R","E","M","BOSS","R","M","$","?","M","E","T","M","?","?","?","R","E","E","M","BOSS","E","$","R","BOSS","BOSS"],"items_purchased_type":["Card","Card","Relic","Card","Relic","Card"],"build_version":"2020-12-22","purchased_purges":1,"victory":false,"max_hp_per_floor":[70,70,70,70,70,70,70,70,70,70,70,70,70,70,70,70,70,80,80,80,80,80,80,80,80,80,80,80,80,80,80,80,80,85,85,85,85,85,85,85,85,85,85,85,85,85,85,85,85,85,85,85,85,85,85,85,85,85],"card_choices":[{"not_picked":["bronze:Repair","bronze:WhirlingStrike"],"picked":"bronze:ChosenStrike","floor":2},{"not_picked":["bronze:Refactor","bronze:WhirlingStrike"],"picked":"bronze:OilSpill","floor":3},{"not_picked":["bronze:Backtrace","bronze:BuggyMess"],"picked":"bronze:BurnOut","floor":6},{"not_picked":["bronze:CutThrough","bronze:WildBeam"],"picked":"bronze:Shield","floor":8},{"not_picked":["bronze:Turbo","bronze:Separator"],"picked":"bronze:OilSpill","floor":9},{"not_picked":["bronze:Frontload","bronze:BuggyMess"],"picked":"bronze:Repulsor","floor":11},{"not_picked":["bronze:FineTuning","bronze:HardenedForm","bronze:Backtrace"],"picked":"SKIP","floor":13},{"not_picked":["bronze:FineTuning","bronze:WildBeam"],"picked":"bronze:BugBarrage","floor":15},{"not_picked":["bronze:Mutator","bronze:AlphaBuild"],"picked":"bronze:Format","floor":16},{"not_picked":["bronze:DigitalCarnage","bronze:Invalidate","bronze:DelayedGuard"],"picked":"SKIP","floor":19},{"not_picked":["bronze:Branch","bronze:Terminator"],"picked":"bronze:WildBeam+1","floor":20},{"not_picked":["bronze:DarkDash","bronze:GetLatest"],"picked":"bronze:Turbo","floor":21},{"not_picked":["bronze:DelayedGuard","bronze:Invalidate+1"],"picked":"bronze:BronzeOrb","floor":22},{"not_picked":["bronze:Overload","bronze:Overheat"],"picked":"bronze:Turbo","floor":23},{"not_picked":["bronze:Mutator","bronze:DelayedSlice+1"],"picked":"bronze:Turbo+1","floor":28},{"not_picked":["bronze:Boost","bronze:Frontload"],"picked":"bronze:Refactor","floor":29},{"not_picked":["bronze:BurnOut","bronze:Repair+1","bronze:Branch"],"picked":"SKIP","floor":31},{"not_picked":["bronze:Repulsor","bronze:Backtrace","bronze:Iterate"],"picked":"SKIP","floor":32},{"not_picked":["bronze:CleanCode","bronze:InfiniteLoop"],"picked":"bronze:Assembly","floor":33},{"not_picked":["bronze:Deprecate+1","bronze:Frontload+1","bronze:DelayedSlice"],"picked":"SKIP","floor":36},{"not_picked":["bronze:Repulsor+1","bronze:Deprecate","bronze:Constructor"],"picked":"SKIP","floor":39},{"not_picked":["bronze:Optimize","bronze:Philosophize"],"picked":"bronze:OilSpill","floor":40},{"not_picked":["bronze:Shield","bronze:Branch"],"picked":"bronze:FindAndReplace","floor":42},{"not_picked":["bronze:Constructor","bronze:Overheat+1","bronze:Separator+1"],"picked":"SKIP","floor":44},{"not_picked":["bronze:BitShift+1","bronze:Shell+1"],"picked":"bronze:BugBarrage","floor":47},{"not_picked":["bronze:OilSpill","bronze:Overheat","bronze:BitShift+1"],"picked":"SKIP","floor":48},{"not_picked":["bronze:GetLatest+1","bronze:OilSpill"],"picked":"bronze:ItsAFeature","floor":49},{"not_picked":["bronze:Mutator","bronze:Overheat+1","bronze:Overload+1"],"picked":"SKIP","floor":52}],"player_experience":97127,"relics_obtained":[{"floor":11,"key":"Blood Vial"},{"floor":24,"key":"WingedGreaves"},{"floor":29,"key":"bronze:ProtectiveGoggles"},{"floor":31,"key":"Ginger"},{"floor":40,"key":"Kunai"},{"floor":41,"key":"Orichalcum"},{"floor":45,"key":"Bottled Flame"},{"floor":47,"key":"Toxic Egg 2"},{"floor":48,"key":"MawBank"},{"floor":52,"key":"Sundial"}],"event_choices":[],"is_beta":false,"boss_relics":[{"not_picked":["Philosopher\u0027s Stone","Busted Crown"],"picked":"Sozu"},{"not_picked":["Runic Pyramid","Fusion Hammer"],"picked":"Tiny House"}],"items_purged_floors":[53],"is_endless":false,"potions_floor_spawned":[2,9,13,15,19,22,31,33,39,49],"killed_by":"downfall:NeowBossFinal","ascension_level":1}}