{"host":"mhzgc0zma59jtmoj","time":1613000923,"event":{"mods":["BaseMod","BetterRewards","Custom Start","Glutton Mod","Ironclad Rager","Minty Spire (QoL Compilation)","Replay The Spire","Somnambulant","StSLib","The Cursed","The Hierophant","The Jungle","Treasure Hunter"],"gold_per_floor":[606,606,388,563,563,313,330,349,699,730,369,404,448,448,448,548,548,560,91,108,108,143,191,203,241,299,326,338,369,381,440,452,583,595,645,690,527,561,595,641,641,731,778,533,573,205,245,93,93,113],"floor_reached":51,"language":"ENG","playtime":2299,"items_purged":["Glutton:Treat","Glutton:Hoard","Doubt","ReplayTheSpireMod:Restless Dread","Sickly","Spreading Infection","ReplayTheSpireMod:Doomed"],"score":1042,"play_id":"0d05b9ed-5e60-45dc-b386-728d2be1eb2f","local_time":"20210210184843","daily_mods":["SealedDeck"],"is_ascension_mode":false,"campfire_choices":[{"data":"Glutton:Delusion","floor":15,"key":"SMITH"},{"data":"Glutton:Delusion","floor":24,"key":"SMITH"},{"data":"Glutton:Mug","floor":30,"key":"SMITH"},{"data":"Glutton:Tantrum","floor":32,"key":"SMITH"},{"floor":41,"key":"REST"},{"floor":49,"key":"REST"}],"circlet_count":0,"master_deck":["Glutton:Yearn+1","Glutton:Tantrum+1","Glutton:Tantrum","Glutton:Tantrum","Glutton:Devour","Glutton:Devour","Glutton:Devour","Glutton:Mug+1","Glutton:Treat","Glutton:ToxicResidue+1","Glutton:ToxicResidue+1","Glutton:Delusion+1","Glutton:Malignancy+1","Glutton:Delusion+1","Glutton:ToxicResidue+1","Glutton:Tantrum","TheCursedMod:Dregs","Amnesia","Glutton:Treat","ReplayTheSpireMod:Splinters","Glutton:Yearn+1","Hallucinations"],"relics":["Glutton:EternalHunger","DollysMirror","ReplayTheSpireMod:Ring of Collecting","Ring of Panic","Omamori","Ring of Greed","Old Coin","Golden Egg","Ornamental Fan","Bag of Preparation","Replay:Wax Seal","Replay:Ringing Soul","Nloth\u0027s Gift","MawBank","ReplayTheSpireMod:Ring of Exchange","Oddly Smooth Stone","Replay:WaspNest","Replay:Baseball","Empty Cage","Glutton:AmuletOfPain","Calipers","Ring of Misfortune","ReplayFunnel","Pondfish Scales","Lantern","Pen Nib"],"acts_visited":["Exordium","TheCity","TheBeyond"],"potions_floor_usage":[42],"damage_taken":[{"damage":1,"enemies":"Small Slimes","floor":1,"turns":1},{"damage":1,"enemies":"2 Louse","floor":7,"turns":1},{"damage":1,"enemies":"Jaw Worm","floor":8,"turns":1},{"damage":1,"enemies":"Red Slaver","floor":10,"turns":1},{"damage":2,"enemies":"Large Slime","floor":12,"turns":2},{"damage":2,"enemies":"Gremlin Nob","floor":13,"turns":2},{"damage":3,"enemies":"Slime Boss","floor":16,"turns":3},{"damage":1,"enemies":"Shell Parasite","floor":18,"turns":1},{"damage":8,"enemies":"2 Thieves","floor":20,"turns":3},{"damage":3,"enemies":"Centurion and Healer","floor":22,"turns":3},{"damage":14,"enemies":"Gremlin Leader","floor":23,"turns":3},{"damage":2,"enemies":"Sentry and Sphere","floor":25,"turns":2},{"damage":7,"enemies":"Snake Plant","floor":27,"turns":2},{"damage":19,"enemies":"Centurion and Healer","floor":29,"turns":2},{"damage":13,"enemies":"Book of Stabbing","floor":31,"turns":2},{"damage":10,"enemies":"Automaton","floor":33,"turns":5},{"damage":18,"enemies":"3 Darklings","floor":35,"turns":2},{"damage":18,"enemies":"3 Shapes","floor":36,"turns":2},{"damage":14,"enemies":"Jaw Worm Horde","floor":38,"turns":3},{"damage":29,"enemies":"Maw","floor":39,"turns":4},{"damage":31,"enemies":"R_Hoarder","floor":40,"turns":6},{"damage":49,"enemies":"Mind Bloom Boss Battle","floor":42,"turns":4},{"damage":2,"enemies":"Transient","floor":47,"turns":5},{"damage":15,"enemies":"Donu and Deca","floor":50,"turns":6}],"seed_played":"-3976355359225353030","potions_obtained":[{"floor":7,"key":"BlessingOfTheForge"},{"floor":10,"key":"DuplicationPotion"},{"floor":12,"key":"Elixir"},{"floor":29,"key":"Block Potion"},{"floor":40,"key":"SmokeBomb"},{"floor":42,"key":"Elixir"}],"is_trial":true,"path_per_floor":["M","?","$","?","?","$","M","M","T","M","$","M","E","?","R","B",null,"M","$","M","?","M","E","R","M","T","M","?","M","R","E","R","B",null,"M","M","$","M","M","E","R","?","T","$","?","$","M","$","R","B",null],"character_chosen":"GLUTTON","items_purchased":["DollysMirror","Omamori","Orrery","Glutton:ToxicResidue","Glutton:ToxicResidue","Replay:Ringing Soul","Glutton:Yearn","Lantern","Pen Nib"],"campfire_rested":2,"item_purchase_floors":[3,6,11,11,19,19,44,46,48],"current_hp_per_floor":[119,119,119,119,119,119,118,117,117,116,116,116,114,111,111,108,122,121,121,113,113,117,105,105,103,106,101,101,85,85,75,75,68,145,127,112,112,101,74,59,104,58,58,61,22,22,27,27,76,63],"gold":113,"neow_bonus":"","is_daily":false,"chose_seed":false,"campfire_upgraded":4,"win_rate":0.0,"timestamp":1613000923,"path_taken":["M","?","$","?","?","$","M","M","T","M","$","M","E","?","R","BOSS","M","$","M","?","M","E","R","M","T","?","?","M","R","E","R","BOSS","M","M","$","?","M","E","R","?","T","?","?","$","M","?","R","BOSS"],"items_purchased_type":["Relic","Relic","Relic","Card","Card","Relic","Card","Relic","Relic"],"build_version":"2020-12-22","purchased_purges":7,"victory":true,"max_hp_per_floor":[120,120,120,120,120,120,120,120,120,120,120,122,122,122,122,122,122,122,122,122,122,129,131,131,131,134,136,136,139,139,142,142,145,145,145,148,148,151,153,153,153,156,156,159,159,159,166,166,166,168],"card_choices":[{"not_picked":["Glutton:LashOut","Glutton:Bite","Glutton:KneeJerk"],"picked":"SKIP","floor":1},{"not_picked":["Glutton:SelfFlagellate","Glutton:Rapacity","Glutton:Profligacy"],"picked":"SKIP","floor":7},{"not_picked":["Glutton:Feast","Glutton:GuardStance"],"picked":"Glutton:Mug","floor":8},{"not_picked":["TH:CopperCoins","TH:TreasureMap"],"picked":"SKIP","floor":9},{"not_picked":["Glutton:Misery","Glutton:Borborygmi"],"picked":"Glutton:Treat","floor":10},{"not_picked":["Glutton:PainMeditation","Glutton:Rapacity"],"picked":"Glutton:ToxicResidue","floor":11},{"not_picked":["Glutton:Feed","Glutton:Thrombosis","Glutton:ShedFat"],"picked":"SKIP","floor":12},{"not_picked":["Glutton:Hemophilia","Glutton:BellySlam"],"picked":"Glutton:Delusion","floor":13},{"not_picked":["TH:PixieDust","TH:ElvenBoots"],"picked":"SKIP","floor":13},{"not_picked":["Glutton:Enfeeblement","Glutton:Inversion"],"picked":"Glutton:Malignancy","floor":16},{"not_picked":["Glutton:Autotomy","Glutton:Devour"],"picked":"Glutton:Delusion","floor":18},{"not_picked":["Glutton:BloodyKnuckle","Glutton:Devour","Glutton:Scab"],"picked":"SKIP","floor":20},{"not_picked":["Glutton:Migraine","Glutton:BellySlam","Glutton:Hoard"],"picked":"SKIP","floor":22},{"not_picked":["TH:Mimic","TH:CopperCoins"],"picked":"SKIP","floor":23},{"not_picked":["Glutton:Brace","Glutton:Scab","Glutton:GnawingHunger+1"],"picked":"SKIP","floor":23},{"not_picked":["Glutton:Chrysosphagy","Glutton:Masochism","Glutton:Bite"],"picked":"SKIP","floor":25},{"not_picked":["TH:BikiniMail","TH:ElvenBoots"],"picked":"SKIP","floor":26},{"not_picked":["TH:BikiniMail","TH:ElvenBoots"],"picked":"SKIP","floor":26},{"not_picked":["Glutton:Fever","Glutton:PainMeditation","Glutton:ShareWeakness"],"picked":"SKIP","floor":27},{"not_picked":["Glutton:Bite+1","Glutton:Inversion"],"picked":"Glutton:Tantrum","floor":29},{"not_picked":["TH:ElvenBoots","TH:DeckOfManyThings"],"picked":"SKIP","floor":31},{"not_picked":["Glutton:Voracity+1","Glutton:Megrim","Glutton:Retaliation"],"picked":"SKIP","floor":31},{"not_picked":["Glutton:Clot","Glutton:PainMeditation","Glutton:ShareWeakness+1"],"picked":"SKIP","floor":35},{"not_picked":["Glutton:Devour+1","Glutton:Thrombosis"],"picked":"Glutton:Treat","floor":36},{"not_picked":["Glutton:Devour","Glutton:EatAlive","Glutton:Voracity"],"picked":"SKIP","floor":38},{"not_picked":["Glutton:Borborygmi","Glutton:KneeJerk+1","Glutton:Overreach+1"],"picked":"SKIP","floor":39},{"not_picked":["TH:Mimic","TH:EnergyPotion"],"picked":"SKIP","floor":40},{"not_picked":["Glutton:Masochism","Glutton:SelfFlagellate+1","Glutton:BloodyKnuckle"],"picked":"SKIP","floor":40},{"not_picked":["TH:BikiniMail","TH:ArmorSpikes"],"picked":"SKIP","floor":43},{"not_picked":["Glutton:Retaliation","Glutton:SelfFlagellate","Glutton:FeebleKick"],"picked":"SKIP","floor":47}],"player_experience":261959,"relics_obtained":[{"floor":5,"key":"ReplayTheSpireMod:Ring of Collecting"},{"floor":5,"key":"Ring of Panic"},{"floor":9,"key":"Ring of Greed"},{"floor":9,"key":"Old Coin"},{"floor":9,"key":"Golden Egg"},{"floor":9,"key":"Ornamental Fan"},{"floor":13,"key":"Bag of Preparation"},{"floor":23,"key":"MawBank"},{"floor":26,"key":"ReplayTheSpireMod:Ring of Exchange"},{"floor":26,"key":"Oddly Smooth Stone"},{"floor":31,"key":"Replay:Baseball"},{"floor":40,"key":"Glutton:AmuletOfPain"},{"floor":42,"key":"Calipers"},{"floor":43,"key":"Ring of Misfortune"},{"floor":43,"key":"ReplayFunnel"},{"floor":45,"key":"Pondfish Scales"}],"event_choices":[{"damage_healed":0,"gold_gain":0,"player_choice":"Grow","damage_taken":0,"max_hp_gain":0,"max_hp_loss":0,"event_name":"Living Wall","floor":2,"gold_loss":0,"cards_upgraded":["Glutton:Yearn"]},{"damage_healed":0,"gold_gain":175,"player_choice":"AGREE","damage_taken":0,"max_hp_gain":0,"max_hp_loss":0,"event_name":"Liars Game","floor":4,"gold_loss":0,"cards_obtained":["Doubt"]},{"damage_healed":0,"gold_gain":0,"player_choice":"Success","damage_taken":3,"relics_obtained":["Replay:Wax Seal"],"max_hp_gain":0,"max_hp_loss":0,"event_name":"Scrap Ooze","floor":14,"gold_loss":0},{"damage_healed":0,"gold_gain":0,"player_choice":"Traded Relic","damage_taken":0,"relics_obtained":["Nloth\u0027s Gift"],"max_hp_gain":0,"max_hp_loss":0,"event_name":"N\u0027loth","floor":21,"relics_lost":["Orrery"],"gold_loss":0},{"damage_healed":0,"gold_gain":0,"player_choice":"Gave Potion","damage_taken":0,"relics_obtained":["Replay:WaspNest"],"max_hp_gain":0,"max_hp_loss":0,"event_name":"WeMeetAgain","floor":28,"gold_loss":0},{"damage_healed":0,"gold_gain":0,"player_choice":"Fight","damage_taken":0,"max_hp_gain":0,"max_hp_loss":0,"event_name":"MindBloom","floor":42,"gold_loss":0}],"is_beta":false,"boss_relics":[{"not_picked":["Fusion Hammer","ReplayTheSpireMod:DimensionalGlitch","Coffee Dripper"]},{"not_picked":["HandDrill","Runic Dome"],"picked":"Empty Cage"}],"items_purged_floors":[3,6,11,19,37,44,46],"is_endless":false,"potions_floor_spawned":[7,10,12,16,18,29,31,33,36,40,42],"ascension_level":0}}