{"host":"2l3i55whvwk76mom","time":1613000289,"event":{"mods":["BaseMod","Googly Eyes","Hermit","Hubris","Minty Spire (QoL Compilation)","Replay The Spire","StSLib","The Cursed","The Disciple","The Hierophant","The Jungle"],"gold_per_floor":[119,119,119,194,212,212,246,285,297,35,164,164,20,30,30,132,132,142,158,172,97,110,110,110,110],"floor_reached":24,"language":"ENG","playtime":849,"items_purged":["hubris:Gluttony"],"score":357,"play_id":"4c4f6f3f-5727-44ae-9047-c153c5082355","local_time":"20210210153809","is_ascension_mode":true,"campfire_choices":[{"data":"True Grit","floor":6,"key":"SMITH"},{"floor":12,"key":"REST"},{"data":"Metallicize","floor":15,"key":"SMITH"},{"floor":23,"key":"REST"}],"circlet_count":0,"master_deck":["Strike_R","Strike_R","Defend_R","Defend_R","Defend_R","Defend_R","Bash","Flex","True Grit+1","Cleave","Flex","Anger","Metallicize+1","Carnage","Fiend Fire","Dual Wield+1","Corruption+1","Cleave+1","Metallicize+1","Metallicize","Metallicize"],"relics":["Burning Blood","NeowsBlessing","hubris:Icosahedron","hubris:ToyBattleship","MawBank","ReplayTheSpireMod:Spearhead","Darkstone Periapt","ReplayTheSpireMod:CursedCoin","hubris:TenFootPole","Lee\u0027s Waffle","Astrolabe"],"acts_visited":["Exordium","TheCity"],"potions_floor_usage":[16,16,19,19],"damage_taken":[{"damage":0,"enemies":"Cultist","floor":1,"turns":1},{"damage":0,"enemies":"Jaw Worm","floor":5,"turns":1},{"damage":0,"enemies":"Lagavulin","floor":7,"turns":2},{"damage":63,"enemies":"Replay:BlueRogue","floor":11,"turns":8},{"damage":3,"enemies":"2 Louse","floor":14,"turns":2},{"damage":48,"enemies":"The Guardian","floor":16,"turns":11},{"damage":21,"enemies":"Shell Parasite","floor":18,"turns":5},{"damage":29,"enemies":"Chosen","floor":19,"turns":5},{"damage":37,"enemies":"Snake Plant","floor":20,"turns":6},{"damage":12,"enemies":"Snecko","floor":22,"turns":7},{"damage":62,"enemies":"Book of Stabbing","floor":24,"turns":6}],"seed_played":"8380366176129357683","potions_obtained":[{"floor":5,"key":"ElixirPotion"},{"floor":7,"key":"Strength Potion"},{"floor":14,"key":"BloodPotion"},{"floor":22,"key":"Strength Potion"}],"is_trial":false,"path_per_floor":["M","?","T","?","M","R","E","T","T","$","E","R","$","M","R","B",null,"M","M","M","$","M","R","E"],"character_chosen":"IRONCLAD","items_purchased":["Darkstone Periapt","ReplayTheSpireMod:CursedCoin","Flex","Anger","Lee\u0027s Waffle","Metallicize"],"campfire_rested":2,"item_purchase_floors":[10,10,10,10,13,21],"current_hp_per_floor":[78,78,78,67,73,73,79,79,79,85,28,53,93,93,93,51,83,68,63,32,32,26,53,0,0],"gold":110,"neow_bonus":"THREE_ENEMY_KILL","is_daily":false,"chose_seed":false,"campfire_upgraded":2,"win_rate":0.0,"timestamp":1613000289,"path_taken":["M","?","?","?","M","R","E","?","T","$","E","R","$","M","R","BOSS","M","M","M","$","M","R","E"],"items_purchased_type":["Relic","Relic","Card","Card","Relic","Card"],"build_version":"2020-12-22","purchased_purges":1,"victory":false,"max_hp_per_floor":[80,80,80,80,80,80,80,80,80,86,86,86,93,93,93,93,93,93,93,93,93,93,93,93,93],"card_choices":[{"not_picked":["True Grit","Havoc"],"picked":"Flex","floor":1},{"not_picked":["Thunderclap","ReplayReversal"],"picked":"True Grit","floor":5},{"not_picked":["ReplayReversal","Flame Barrier"],"picked":"Cleave","floor":7},{"not_picked":["Dual Wield","Iron Wave"],"picked":"Metallicize","floor":11},{"not_picked":["ReplayTheSpireMod:Corrosion Curse","Uppercut"],"picked":"Carnage","floor":14},{"not_picked":["Hemogenesis","Eclipse"],"picked":"Fiend Fire","floor":16},{"not_picked":["ReplayReversal","Iron Wave","Havoc"],"picked":"SKIP","floor":18},{"not_picked":["ReplayTheSpireMod:LeadingStrike+1","Combust"],"picked":"Metallicize+1","floor":19},{"not_picked":["Warcry+1","Clash"],"picked":"Metallicize","floor":20},{"not_picked":["Pommel Strike","Havoc","Sword Boomerang+1"],"picked":"SKIP","floor":22}],"player_experience":365198,"relics_obtained":[{"floor":3,"key":"hubris:ToyBattleship"},{"floor":7,"key":"MawBank"},{"floor":9,"key":"ReplayTheSpireMod:Spearhead"},{"floor":11,"key":"hubris:TenFootPole"}],"event_choices":[{"damage_healed":0,"gold_gain":75,"player_choice":"Gather Gold","damage_taken":11,"max_hp_gain":0,"max_hp_loss":0,"event_name":"World of Goop","floor":4,"gold_loss":0}],"is_beta":false,"boss_relics":[{"not_picked":["Calling Bell","Ring of Chaos"],"picked":"Astrolabe"}],"items_purged_floors":[10],"is_endless":false,"potions_floor_spawned":[5,7,14,22],"killed_by":"Book of Stabbing","ascension_level":9}}