{"host":"fff5e1uasnm04x18","time":1613000626,"event":{"mods":["BaseMod","Highlight Path","Minty Spire (QoL Compilation)","StSLib"],"gold_per_floor":[118,132,132,143,116,116,143,143,217,234,252,308,308,308],"floor_reached":13,"language":"ENG","playtime":760,"items_purged":[],"score":100,"play_id":"e32ad937-4682-4752-beec-453e180dc964","local_time":"20210210184346","is_ascension_mode":true,"campfire_choices":[{"data":"Echo Form","floor":6,"key":"SMITH"},{"floor":8,"key":"REST"}],"circlet_count":0,"master_deck":["Strike_B","Strike_B","Strike_B","Strike_B","Defend_B","Defend_B","Defend_B","Defend_B","Zap","Dualcast","Glacier","Echo Form+1"],"relics":["Cracked Core","StoneCalendar","Art of War","Frozen Egg 2","Bag of Preparation"],"acts_visited":["Exordium"],"potions_floor_usage":[5,13,13,13],"damage_taken":[{"damage":6,"enemies":"2 Louse","floor":1,"turns":3},{"damage":0,"enemies":"Cultist","floor":2,"turns":4},{"damage":0,"enemies":"Small Slimes","floor":4,"turns":4},{"damage":15,"enemies":"Exordium Thugs","floor":5,"turns":5},{"damage":22,"enemies":"3 Sentries","floor":7,"turns":7},{"damage":25,"enemies":"Gremlin Gang","floor":10,"turns":7},{"damage":9,"enemies":"Blue Slaver","floor":11,"turns":5},{"damage":16,"enemies":"3 Sentries","floor":12,"turns":7},{"damage":12,"enemies":"Gremlin Nob","floor":13,"turns":3}],"seed_played":"-212986091754155440","potions_obtained":[{"floor":0,"key":"Swift Potion"},{"floor":0,"key":"Dexterity Potion"},{"floor":0,"key":"PotionOfCapacity"},{"floor":11,"key":"DuplicationPotion"},{"floor":12,"key":"EssenceOfSteel"}],"is_trial":false,"path_per_floor":["M","M","?","M","M","R","E","R","T","M","M","?","E"],"character_chosen":"DEFECT","items_purchased":[],"campfire_rested":1,"item_purchase_floors":[],"current_hp_per_floor":[69,69,69,69,54,54,32,54,54,29,20,4,0,0],"gold":308,"neow_bonus":"THREE_SMALL_POTIONS","is_daily":false,"chose_seed":false,"campfire_upgraded":1,"win_rate":0.0,"timestamp":1613000626,"path_taken":["M","M","?","M","M","R","E","R","T","?","M","?","E"],"items_purchased_type":[],"build_version":"2020-12-22","purchased_purges":0,"victory":false,"max_hp_per_floor":[75,75,75,75,75,75,75,75,75,75,75,75,75,75],"card_choices":[{"not_picked":["Streamline","Ball Lightning","Rebound"],"picked":"SKIP","floor":1},{"not_picked":["Tempest","Heatsinks"],"picked":"Glacier","floor":2},{"not_picked":["Aggregate","Rebound","Reinforced Body"],"picked":"SKIP","floor":4},{"not_picked":["Stack","Loop"],"picked":"Echo Form","floor":5},{"not_picked":["Steam","Sweeping Beam","Turbo"],"picked":"SKIP","floor":7},{"not_picked":["Undo","White Noise","Auto Shields"],"picked":"SKIP","floor":10},{"not_picked":["Beam Cell","Leap","Hyperbeam"],"picked":"SKIP","floor":11}],"player_experience":573139,"relics_obtained":[{"floor":7,"key":"Art of War"},{"floor":9,"key":"Frozen Egg 2"},{"floor":12,"key":"Bag of Preparation"}],"event_choices":[{"damage_healed":0,"gold_gain":0,"player_choice":"Gave Potion","damage_taken":0,"relics_obtained":["StoneCalendar"],"max_hp_gain":0,"max_hp_loss":0,"event_name":"WeMeetAgain","floor":3,"gold_loss":0},{"damage_healed":0,"gold_gain":0,"player_choice":"Searched \u00271\u0027 times","damage_taken":0,"max_hp_gain":0,"max_hp_loss":0,"event_name":"Dead Adventurer","floor":12,"gold_loss":0}],"is_beta":false,"boss_relics":[],"items_purged_floors":[],"is_endless":false,"potions_floor_spawned":[1,2,11,12],"killed_by":"Gremlin Nob","ascension_level":3}}