{"host":"j14jowy3nc3m7wd7","time":1613000118,"event":{"mods":["AchievementEnabler","BaseMod","Bestiary","Curses Come First","Minty Spire (QoL Compilation)","Permanent Neow","Poor People Problems","Quick Restart","Relic Stats","Remove Card Discount Mod","StSLib"],"gold_per_floor":[1116,1126,1137,1137,1137,1162,392,392,419,450,508,442,473,491,491,563,563,583,601,601,629,208,234,234,250,250,284,296,321,366,378,390,477,489,511,798,33,47,63,63,92,104,158,158,118,145,145,162,162,162,162],"floor_reached":52,"language":"ENG","playtime":2706,"items_purged":["Strike_G","Eviscerate+1","Regret","Well Laid Plans+1"],"score":2647,"play_id":"69120997-c7f2-493c-ab54-ecb0c86cf186","local_time":"20210210153518","is_ascension_mode":true,"campfire_choices":[{"data":"Bane","floor":8.0,"key":"SMITH"},{"data":"Noxious Fumes","floor":15.0,"key":"SMITH"},{"data":"After Image","floor":24.0,"key":"SMITH"},{"data":"Footwork","floor":28.0,"key":"SMITH"},{"data":"Accuracy","floor":32.0,"key":"SMITH"},{"data":"Cloak And Dagger","floor":40.0,"key":"SMITH"},{"data":"Footwork","floor":47,"key":"SMITH"},{"data":"Accuracy","floor":49,"key":"SMITH"}],"circlet_count":0,"master_deck":["AscendersBane","Defend_G","Defend_G","Defend_G","Defend_G","Defend_G","Survivor","Neutralize","Noxious Fumes+1","After Image+1","Acrobatics","Bane+1","Deadly Poison","Poisoned Stab","Footwork+1","Blade Dance","Venomology","Poisoned Stab+1","Accuracy+1","Leg Sweep","Accuracy+1","Cloak And Dagger+1","Deflect","Corpse Explosion","Accuracy","Deflect+1","Footwork+1"],"relics":["Coffee Dripper","Centennial Puzzle","Thread and Needle","Bronze Scales","Sling","Pen Nib","InkBottle","Pocketwatch","Calipers","Astrolabe","Nilry\u0027s Codex","Red Mask","ClockworkSouvenir","Regal Pillow","HornCleat","MawBank","Dream Catcher","Runic Pyramid","Mummified Hand","Medical Kit","Paper Crane","PreservedInsect","Lantern","The Courier"],"acts_visited":["Exordium","TheCity","TheBeyond"],"potions_floor_usage":[46,50,51,51],"damage_taken":[{"damage":4.0,"enemies":"Jaw Worm","floor":1.0,"turns":6.0},{"damage":0.0,"enemies":"2 Louse","floor":2.0,"turns":3.0},{"damage":4.0,"enemies":"Small Slimes","floor":3.0,"turns":4.0},{"damage":11.0,"enemies":"3 Sentries","floor":6.0,"turns":9.0},{"damage":0.0,"enemies":"Lagavulin","floor":10.0,"turns":7.0},{"damage":3.0,"enemies":"3 Sentries","floor":11.0,"turns":7.0},{"damage":4.0,"enemies":"Gremlin Nob","floor":13.0,"turns":3.0},{"damage":0.0,"enemies":"Blue Slaver","floor":14.0,"turns":4.0},{"damage":0.0,"enemies":"Slime Boss","floor":16.0,"turns":5.0},{"damage":0.0,"enemies":"3 Byrds","floor":18.0,"turns":3.0},{"damage":4.0,"enemies":"Shell Parasite","floor":19.0,"turns":4.0},{"damage":7.0,"enemies":"Masked Bandits","floor":21.0,"turns":4.0},{"damage":2.0,"enemies":"Slavers","floor":23.0,"turns":5.0},{"damage":0.0,"enemies":"Snecko","floor":25.0,"turns":4.0},{"damage":0.0,"enemies":"Book of Stabbing","floor":27.0,"turns":4.0},{"damage":0.0,"enemies":"Snake Plant","floor":29.0,"turns":4.0},{"damage":6.0,"enemies":"Slavers","floor":30.0,"turns":7.0},{"damage":0.0,"enemies":"Champ","floor":33.0,"turns":8.0},{"damage":0.0,"enemies":"Orb Walker","floor":35.0,"turns":4.0},{"damage":0.0,"enemies":"3 Darklings","floor":38.0,"turns":3.0},{"damage":0.0,"enemies":"Maw","floor":39.0,"turns":6.0},{"damage":0.0,"enemies":"Giant Head","floor":41.0,"turns":6.0},{"damage":0.0,"enemies":"Jaw Worm Horde","floor":42.0,"turns":4.0},{"damage":0,"enemies":"Nemesis","floor":46,"turns":5},{"damage":0,"enemies":"3 Darklings","floor":48,"turns":3},{"damage":0,"enemies":"Awakened One","floor":50,"turns":10},{"damage":0,"enemies":"Donu and Deca","floor":51,"turns":4}],"seed_played":"-5305678346924445451","potions_obtained":[{"floor":1.0,"key":"AttackPotion"},{"floor":2.0,"key":"Poison Potion"},{"floor":30.0,"key":"ColorlessPotion"},{"floor":35.0,"key":"LiquidMemories"},{"floor":41.0,"key":"SpeedPotion"},{"floor":45.0,"key":"CultistPotion"},{"floor":48,"key":"Swift Potion"}],"is_trial":false,"path_per_floor":["M","M","M","?","?","E","$","R","T","E","?","?","E","M","R","B",null,"M","M","?","?","$","E","R","M","T","E","R","M","E","?","R","B",null,"M","?","$","M","M","R","E","M","T","?","?","E","R","M","R","B","B",null],"character_chosen":"THE_SILENT","items_purchased":["Thread and Needle","Bronze Scales","Sling","Bane","Strength Potion","ClockworkSouvenir","Accuracy","Fruit Juice","BlessingOfTheForge","Mummified Hand","Medical Kit","Paper Crane","SpeedPotion"],"campfire_rested":0,"item_purchase_floors":[7,7,7,7,7,22,22,22,22,37,37,37,37],"current_hp_per_floor":[55,55,51,51,56,45,45,45,45,45,42,42,38,38,38,38,63,63,59,38,61,66,64,64,64,64,64,64,64,58,58,58,58,72,72,72,72,72,72,72,72,72,72,72,72,72,72,72,72,72,76],"gold":162,"neow_bonus":"BOSS_RELIC","is_daily":false,"chose_seed":false,"campfire_upgraded":8,"win_rate":0.0,"timestamp":1613000118,"path_taken":["M","M","M","?","?","E","$","R","T","E","?","?","E","M","R","BOSS","M","M","?","?","$","E","R","M","T","E","R","M","E","?","R","BOSS","M","?","$","M","?","R","E","M","T","?","?","E","R","M","R","BOSS","BOSS"],"items_purchased_type":["Relic","Relic","Relic","Card","Potion","Relic","Card","Potion","Potion","Relic","Relic","Relic","Potion"],"build_version":"2020-12-22","purchased_purges":4,"victory":true,"max_hp_per_floor":[66,66,66,66,71,71,71,71,71,71,71,71,71,71,71,71,71,71,71,71,71,76,76,76,76,76,76,76,76,76,76,76,76,76,76,76,76,76,76,76,76,76,76,76,76,76,76,76,76,76,76],"relic_stats":{"Regal Pillow":0,"counters":[27,136],"Astrolabe":["Eviscerate","Poisoned Stab","Well Laid Plans"],"Pen Nib":[22],"PreservedInsect":50,"MawBank":120,"Medical Kit":[1],"Centennial Puzzle":[18],"Dream Catcher":0,"Mummified Hand":[51],"Bronze Scales":[383],"obtain_stats":[{"Regal Pillow":23,"Lantern":43,"Calipers":13,"Nilry\u0027s Codex":20,"Sling":7,"ClockworkSouvenir":22,"Centennial Puzzle":6,"Dream Catcher":30,"HornCleat":26,"Mummified Hand":37,"Red Mask":21,"InkBottle":10,"Ring of the Snake":0,"Runic Pyramid":34,"Astrolabe":17,"Thread and Needle":7,"Pen Nib":9,"PreservedInsect":41,"The Courier":46,"Paper Crane":37,"MawBank":27,"Medical Kit":37,"Bronze Scales":7,"Coffee Dripper":0,"Pocketwatch":11},{"Regal Pillow":13,"Lantern":23,"Calipers":7,"Nilry\u0027s Codex":11,"Sling":4,"ClockworkSouvenir":12,"Centennial Puzzle":4,"Dream Catcher":17,"HornCleat":14,"Mummified Hand":19,"Red Mask":12,"InkBottle":5,"Ring of the Snake":0,"Runic Pyramid":18,"Astrolabe":9,"Thread and Needle":4,"Pen Nib":4,"PreservedInsect":22,"The Courier":24,"Paper Crane":19,"MawBank":15,"Medical Kit":19,"Bronze Scales":4,"Coffee Dripper":0,"Pocketwatch":5},{"Regal Pillow":64,"Lantern":114,"Calipers":39,"Nilry\u0027s Codex":55,"Sling":22,"ClockworkSouvenir":59,"Centennial Puzzle":22,"Dream Catcher":83,"HornCleat":68,"Mummified Hand":95,"Red Mask":59,"InkBottle":29,"Ring of the Snake":0,"Runic Pyramid":91,"Astrolabe":48,"Thread and Needle":22,"Pen Nib":22,"PreservedInsect":110,"The Courier":119,"Paper Crane":95,"MawBank":72,"Medical Kit":95,"Bronze Scales":22,"Coffee Dripper":0,"Pocketwatch":29}],"InkBottle":[55],"Pocketwatch":[61]},"card_choices":[{"not_picked":["Slice","Backflip"],"picked":"Sucker Punch","floor":1.0},{"not_picked":["Caltrops","Eviscerate","Quick Slash"],"picked":"SKIP","floor":2.0},{"not_picked":["Backflip","Heel Hook"],"picked":"Noxious Fumes","floor":3.0},{"not_picked":["Heel Hook","PiercingWail"],"picked":"Acrobatics","floor":6.0},{"not_picked":["Phantasmal Killer","Deflect"],"picked":"Deadly Poison","floor":10.0},{"not_picked":["Blade Dance","Skewer"],"picked":"Poisoned Stab","floor":11.0},{"not_picked":["Dagger Throw","Slice"],"picked":"Footwork","floor":13.0},{"not_picked":["Underhanded Strike","Reflex"],"picked":"Blade Dance","floor":14.0},{"not_picked":["After Image","Glass Knife"],"picked":"Venomology","floor":16.0},{"not_picked":["Dagger Spray","Deadly Poison"],"picked":"Accuracy","floor":18.0},{"not_picked":["Prepared","Infinite Blades"],"picked":"Leg Sweep","floor":19.0},{"not_picked":["Backstab","Endless Agony"],"picked":"Cloak And Dagger","floor":23.0},{"not_picked":["Bane","Blur","Eviscerate"],"picked":"SKIP","floor":25.0},{"not_picked":["Envenom","Dodge and Roll","Poisoned Stab+1"],"picked":"SKIP","floor":27.0},{"not_picked":["Underhanded Strike","All Out Attack","Acrobatics"],"picked":"SKIP","floor":29.0},{"not_picked":["Leg Sweep","Burst"],"picked":"Deflect","floor":30.0},{"not_picked":["Tools of the Trade","Doppelganger"],"picked":"Corpse Explosion","floor":33.0},{"not_picked":["Infinite Blades","Dagger Throw+1"],"picked":"Accuracy","floor":35.0},{"not_picked":["Leg Sweep","Quick Slash","Distraction"],"picked":"SKIP","floor":38.0},{"not_picked":["Flying Knee+1","Sucker Punch","Dodge and Roll"],"picked":"SKIP","floor":39.0},{"not_picked":["Dodge and Roll+1","PiercingWail"],"picked":"Deflect+1","floor":41.0},{"not_picked":["Dagger Spray","Leg Sweep","Backstab"],"picked":"SKIP","floor":42.0},{"not_picked":["Burst","Noxious Fumes+1"],"picked":"Footwork","floor":46},{"not_picked":["Deadly Poison","Blade Dance","Choke"],"picked":"SKIP","floor":48}],"player_experience":16852,"relics_obtained":[{"floor":6.0,"key":"Centennial Puzzle"},{"floor":9.0,"key":"Pen Nib"},{"floor":10.0,"key":"InkBottle"},{"floor":13.0,"key":"Calipers"},{"floor":20.0,"key":"Nilry\u0027s Codex"},{"floor":21.0,"key":"Red Mask"},{"floor":23.0,"key":"Regal Pillow"},{"floor":26.0,"key":"HornCleat"},{"floor":27.0,"key":"MawBank"},{"floor":30.0,"key":"Dream Catcher"},{"floor":41.0,"key":"PreservedInsect"},{"floor":43.0,"key":"Lantern"},{"floor":46,"key":"The Courier"}],"event_choices":[{"damage_healed":0.0,"max_hp_gain":0.0,"max_hp_loss":0.0,"gold_gain":0.0,"cards_transformed":["Strike_G"],"event_name":"Living Wall","player_choice":"Change","floor":4.0,"gold_loss":0.0,"damage_taken":0.0,"cards_obtained":["After Image"]},{"damage_healed":0.0,"max_hp_gain":5.0,"max_hp_loss":0.0,"gold_gain":0.0,"event_name":"Big Fish","player_choice":"Donut","floor":5.0,"gold_loss":0.0,"damage_taken":0.0},{"damage_healed":0.0,"max_hp_gain":0.0,"max_hp_loss":0.0,"gold_gain":0.0,"event_name":"Dead Adventurer","player_choice":"Searched \u00273\u0027 times","floor":11.0,"gold_loss":0.0,"damage_taken":0.0,"relics_obtained":["Pocketwatch"]},{"damage_healed":0.0,"max_hp_gain":0.0,"max_hp_loss":0.0,"gold_gain":0.0,"event_name":"World of Goop","player_choice":"Left Gold","floor":12.0,"gold_loss":66.0,"damage_taken":0.0},{"damage_healed":0.0,"max_hp_gain":0.0,"max_hp_loss":0.0,"gold_gain":0.0,"event_name":"Cursed Tome","player_choice":"Obtained Book","floor":20.0,"gold_loss":0.0,"damage_taken":21.0},{"damage_healed":0.0,"max_hp_gain":0.0,"max_hp_loss":0.0,"gold_gain":0.0,"event_name":"Masked Bandits","player_choice":"Fought Bandits","floor":21.0,"gold_loss":0.0,"damage_taken":0.0},{"damage_healed":0.0,"max_hp_gain":0.0,"max_hp_loss":0.0,"gold_gain":0.0,"event_name":"Ghosts","player_choice":"Ignored","floor":31.0,"gold_loss":0.0,"damage_taken":0.0},{"damage_healed":0.0,"max_hp_gain":0.0,"max_hp_loss":0.0,"gold_gain":275.0,"event_name":"Golden Shrine","player_choice":"Desecrate","floor":36.0,"gold_loss":0.0,"damage_taken":0.0,"cards_obtained":["Regret"]},{"cards_removed":["Sucker Punch"],"damage_healed":0.0,"max_hp_gain":0.0,"max_hp_loss":0.0,"gold_gain":0.0,"event_name":"Falling","player_choice":"Removed Attack","floor":44.0,"gold_loss":0.0,"damage_taken":0.0},{"damage_healed":0.0,"max_hp_gain":0.0,"max_hp_loss":0.0,"gold_gain":0.0,"event_name":"The Woman in Blue","player_choice":"Bought 3 Potions","floor":45.0,"gold_loss":0.0,"damage_taken":0.0}],"is_beta":false,"boss_relics":[{"not_picked":["Calling Bell","WristBlade"],"picked":"Astrolabe"},{"not_picked":["Empty Cage","Fusion Hammer"],"picked":"Runic Pyramid"}],"items_purged_floors":[7,22,37,37],"is_endless":false,"potions_floor_spawned":[1,2,10,11,13,21,25,29,30,35,41,46,48],"ascension_level":20}}