{"host":"36t3qd3wjvajtu1z","time":1613000971,"event":{"mods":["2.2 Compatiblity","AchievementEnabler","BaseMod","Bestiary","Block Reminder","Colored Powertips","Curses Come First","Highlight Path","Minty Spire (QoL Compilation)","Permanent Neow","Quick Restart","Random Character Button","Rare Cards Sparkle","Relic Stats","Slay-I","StSLib","Unknown Chances"],"gold_per_floor":[117,117,42,62,62,92,92,112,112,142,168,183,16,35,35,107,107,120,139,139,159,159,159,187,206,256,256,256,256],"floor_reached":28,"language":"ENG","playtime":1462,"items_purged":["Strike_G"],"score":526,"play_id":"599a2d70-90c1-4dfe-8378-64a1fbbc88f5","local_time":"20210210154931","is_ascension_mode":true,"campfire_choices":[{"floor":7.0,"key":"REST"},{"floor":15.0,"key":"REST"},{"data":"Bullet Time","floor":23.0,"key":"SMITH"},{"data":"Infinite Blades","floor":27.0,"key":"SMITH"}],"circlet_count":0,"master_deck":["AscendersBane","Strike_G","Strike_G","Defend_G","Defend_G","Defend_G","Defend_G","Defend_G","Survivor","Neutralize","Eviscerate","Deadly Poison","Skewer","Doppelganger","Dash","Bullet Time+1","Blade Dance+1","Escape Plan+1","Burst+1","Reflex+1","Corpse Explosion+1","Prepared+1","Leg Sweep+1","Pain","Prepared+1","Leg Sweep+1","Infinite Blades+1"],"relics":["Ring of the Snake","Dead Branch","Turnip","Toxic Egg 2","Shuriken","Odd Mushroom","Philosopher\u0027s Stone","WarpedTongs","Akabeko","Boot"],"acts_visited":["Exordium","TheCity"],"potions_floor_usage":[],"damage_taken":[{"damage":13.0,"enemies":"Jaw Worm","floor":1.0,"turns":4.0},{"damage":1.0,"enemies":"2 Louse","floor":4.0,"turns":3.0},{"damage":6.0,"enemies":"Gremlin Nob","floor":6.0,"turns":3.0},{"damage":0.0,"enemies":"Small Slimes","floor":8.0,"turns":4.0},{"damage":27.0,"enemies":"The Mushroom Lair","floor":11.0,"turns":6.0},{"damage":0.0,"enemies":"3 Louse","floor":12.0,"turns":2.0},{"damage":0.0,"enemies":"Exordium Thugs","floor":14.0,"turns":3.0},{"damage":9.0,"enemies":"The Guardian","floor":16.0,"turns":9.0},{"damage":0.0,"enemies":"Shell Parasite","floor":18.0,"turns":2.0},{"damage":0.0,"enemies":"Spheric Guardian","floor":19.0,"turns":3.0},{"damage":1.0,"enemies":"3 Cultists","floor":21.0,"turns":2.0},{"damage":11.0,"enemies":"Slavers","floor":24.0,"turns":4.0},{"damage":1.0,"enemies":"Snake Plant","floor":25.0,"turns":3.0},{"damage":50,"enemies":"Gremlin Leader","floor":28,"turns":2}],"seed_played":"35287735101826673","potions_obtained":[{"floor":4.0,"key":"Poison Potion"},{"floor":6.0,"key":"FearPotion"},{"floor":11.0,"key":"FearPotion"},{"floor":12.0,"key":"PowerPotion"},{"floor":16.0,"key":"CultistPotion"},{"floor":18.0,"key":"PowerPotion"}],"is_trial":false,"path_per_floor":["M","?","$","M","?","E","R","M","T","?","?","M","$","M","R","B",null,"M","M","?","M","?","R","E","M","T","R","E"],"character_chosen":"THE_SILENT","items_purchased":["Burst+1"],"campfire_rested":2,"item_purchase_floors":[13],"current_hp_per_floor":[46,20,20,19,19,13,32,32,32,32,5,5,5,5,24,15,53,53,53,53,52,52,52,41,40,40,40,0,0],"gold":256,"neow_bonus":"TRANSFORM_CARD","is_daily":false,"chose_seed":false,"campfire_upgraded":2,"win_rate":0.0,"timestamp":1613000971,"path_taken":["M","?","$","M","?","E","R","M","T","?","?","?","$","M","R","BOSS","M","M","?","?","?","R","E","M","T","R","E"],"items_purchased_type":["Card"],"build_version":"2020-12-22","purchased_purges":1,"victory":false,"max_hp_per_floor":[66,66,66,66,66,66,66,66,66,66,66,66,66,66,66,66,66,66,66,66,66,66,66,66,66,66,66,66,66],"relic_stats":{"counters":[14,50],"Shuriken":[17],"Dead Branch":[64],"Turnip":[12],"Boot":[8],"obtain_stats":[{"Shuriken":10,"Dead Branch":2,"Philosopher\u0027s Stone":17,"Turnip":6,"Toxic Egg 2":9,"Odd Mushroom":11,"Boot":26,"Akabeko":24,"Ring of the Snake":0,"WarpedTongs":20},{"Shuriken":4,"Dead Branch":1,"Philosopher\u0027s Stone":8,"Turnip":3,"Toxic Egg 2":4,"Odd Mushroom":5,"Boot":13,"Akabeko":12,"Ring of the Snake":0,"WarpedTongs":10},{"Shuriken":14,"Dead Branch":4,"Philosopher\u0027s Stone":34,"Turnip":10,"Toxic Egg 2":14,"Odd Mushroom":20,"Boot":48,"Akabeko":45,"Ring of the Snake":0,"WarpedTongs":39}],"Ring of the Snake":[28],"WarpedTongs":[11]},"card_choices":[{"not_picked":["Prepared","Catalyst"],"picked":"Deadly Poison","floor":1.0},{"not_picked":["Backflip","Caltrops"],"picked":"Skewer","floor":4.0},{"not_picked":["Deflect","Finisher"],"picked":"Dash","floor":6.0},{"not_picked":["Acrobatics","Prepared"],"picked":"Bullet Time","floor":8.0},{"not_picked":["Blur+1","Dagger Throw"],"picked":"Blade Dance+1","floor":11.0},{"not_picked":["Infinite Blades","Dagger Throw"],"picked":"Escape Plan+1","floor":12.0},{"not_picked":["Catalyst+1","Flying Knee"],"picked":"Reflex+1","floor":14.0},{"not_picked":["Venomology+1","Bullet Time+1"],"picked":"Corpse Explosion+1","floor":16.0},{"not_picked":["Footwork","Dagger Throw+1"],"picked":"Prepared+1","floor":18.0},{"not_picked":["Backflip+1","All Out Attack"],"picked":"Leg Sweep+1","floor":19.0},{"not_picked":["Leg Sweep+1","Dagger Throw"],"picked":"Prepared+1","floor":21.0},{"not_picked":["Slice","Finisher"],"picked":"Leg Sweep+1","floor":24.0},{"not_picked":["Underhanded Strike","Well Laid Plans"],"picked":"Infinite Blades","floor":25.0}],"player_experience":476062,"relics_obtained":[{"floor":6.0,"key":"Turnip"},{"floor":9.0,"key":"Toxic Egg 2"},{"floor":11.0,"key":"Odd Mushroom"},{"floor":24.0,"key":"Akabeko"},{"floor":26.0,"key":"Boot"}],"event_choices":[{"damage_healed":0.0,"max_hp_gain":0.0,"max_hp_loss":0.0,"gold_gain":0.0,"event_name":"Scrap Ooze","player_choice":"Success","floor":2.0,"gold_loss":0.0,"damage_taken":26.0,"relics_obtained":["Dead Branch"]},{"damage_healed":0.0,"max_hp_gain":0.0,"max_hp_loss":0.0,"gold_gain":0.0,"cards_transformed":["Strike_G"],"event_name":"Living Wall","player_choice":"Change","floor":5.0,"gold_loss":0.0,"damage_taken":0.0,"cards_obtained":["Doppelganger"]},{"damage_healed":0.0,"max_hp_gain":0.0,"max_hp_loss":0.0,"gold_gain":30.0,"event_name":"Dead Adventurer","player_choice":"Searched \u00272\u0027 times","floor":10.0,"gold_loss":0.0,"damage_taken":0.0,"relics_obtained":["Shuriken"]},{"damage_healed":0.0,"max_hp_gain":0.0,"max_hp_loss":0.0,"gold_gain":0.0,"event_name":"Mushrooms","player_choice":"Fought Mushrooms","floor":11.0,"gold_loss":0.0,"damage_taken":0.0},{"damage_healed":0.0,"max_hp_gain":0.0,"max_hp_loss":0.0,"gold_gain":0.0,"event_name":"Accursed Blacksmith","player_choice":"Rummage","floor":20.0,"gold_loss":0.0,"damage_taken":0.0,"relics_obtained":["WarpedTongs"],"cards_obtained":["Pain"]},{"damage_healed":0.0,"max_hp_gain":0.0,"max_hp_loss":0.0,"gold_gain":0.0,"event_name":"N\u0027loth","player_choice":"Ignored","floor":22.0,"gold_loss":0.0,"damage_taken":0.0}],"is_beta":false,"boss_relics":[{"not_picked":["Calling Bell","Tiny House"],"picked":"Philosopher\u0027s Stone"}],"items_purged_floors":[3],"is_endless":false,"potions_floor_spawned":[4,6,11,12,16,18,19],"killed_by":"Gremlin Leader","ascension_level":20}}