{"host":"dwyzfvnzfcqffr30","time":1613000590,"event":{"mods":["2.2 Compatiblity","Act Like it!","Aspiration","BaseMod","Beaked The Cultist","Better Altar","Better Match","Better Note","Better Sensory Stone","Better Skull","Better Third Choice","Clockwork Mod","Colored Map","Colored Powertips","Conspire","Downfall","Elementarium","GifTheSpireLib","Halation","Hermit","Hubris","Infinite Spire","Ironclad Rager","Jedi Mod","Menagerie","Mimic Mod","Minty Spire (QoL Compilation)","Permanent Neow","Random Character Button","Relic Filter Mod","Reliquary","Replay The Spire","Spicy Shops","Spikes Relics","StSLib","Stuff the Spire","The Construct","The Disciple","The Druid","The Marked","TheFirefly","Trackpad","Wandering Minibosses"],"gold_per_floor":[119,119,119,137,159,199,124,161,184,184,84,106,131,151,151,259,259,289,321,357,357,357,414,457,522,553,616,616,541,541,593,593,730,780,849,849,849,921,996,996,1094,1179,1509,1639,1761,1886,1886,1886,1886,1886,1886,1886,1617,3259,3259],"floor_reached":56,"language":"ENG","playtime":6491,"items_purged":["Slimebound:Tackle+1","Slimebound:Strike_Slimebound+1","Slimebound:Strike_Slimebound+1","Slimebound:Strike_Slimebound+1","Slimebound:Defend_Slimebound+1"],"score":2326,"play_id":"dd2850b3-4c8f-4997-81f1-a937accdd825","local_time":"20210210154310","is_ascension_mode":true,"campfire_choices":[{"floor":10.0,"key":"RECALL"},{"data":"Slimebound:GrowthPunch+1","floor":15.0,"key":"SMITH"},{"data":"Slimebound:SlimeSpikes+1","floor":28,"key":"SMITH"},{"data":"Slimebound:SlimeSpikes+2","floor":30,"key":"SMITH"},{"data":"Slimebound:GrowthPunch+2","floor":32,"key":"SMITH"},{"data":"Slimebound:GrowthPunch+1","floor":40,"key":"SMITH"},{"data":"Slimebound:GrowthPunch+2","floor":47,"key":"SMITH"},{"data":"Slimebound:GrowthPunch+3","floor":49,"key":"SMITH"},{"data":"Slimebound:SlimeSpikes+4","floor":52,"key":"SMITH"}],"circlet_count":0,"master_deck":["AscendersBane","thefirefly:RerouteCircuit+1","Slimebound:Defend_Slimebound+1","Slimebound:Defend_Slimebound+1","Slimebound:Defend_Slimebound+1","Slimebound:Split+1","Slimebound:CorrosiveSpit+1","Slimebound:Schlurp+1","Apotheosis+1","MasterReality+1","Slimebound:LeechingTouch+1","Slimebound:GrowthPunch+4","Slimebound:HauntingLick+1","Slimebound:LeechEnergy+1","Slimebound:DouseInSlime+1","Slimebound:Equalize+1","Slimebound:Gluttony+1","Slimebound:SlimeSpikes+5","Slimebound:SamplingLick+1","Slimebound:MegaLick+1","Slimebound:MegaLick+1","Slimebound:GrowthPunch+4","Slimebound:DisruptingSlam+1","Slimebound:GoopSpray+1","Slimebound:AcidTongue+1"],"relics":["Slimebound:AbsorbEndCombat","reliquary:ExpiredCoupon","Toxic Egg 2","Molten Egg 2","Frozen Egg 2","Quantum Egg","infinitespire:EvilPickle","conspire:InfiniteJournal","SacredBark","hubris:TinFlute","halation:Prosthetics","Anchor","Bottled Tornado","Gremlin Horn","ShockBauble","hubris:Backtick","jedi:archwizardhat","Dream Catcher","infinitespire:Magic Flask","conspire:SlowCooker","reliquary:PrincelyHelmet","reliquary:BoilingFlask","Replay:Ringing Soul","reliquary:HotPoker","Tiny House","SuspiciousGoo","Mercury Hourglass","Old Coin","trackpad:BottledTsunami","hubris:Towel","Membership Card","trackpad:PetRock","Onion Ring","hubris:NiceRug","Counterbalance","aspiration:FetidBarrel"],"acts_visited":[],"potions_floor_usage":[23,24,33,38,50,50,55,55],"damage_taken":[{"damage":2.0,"enemies":"Menagerie:WhisperingWraith","floor":1.0,"turns":3.0},{"damage":1.0,"enemies":"Menagerie:2_RABBITS","floor":4.0,"turns":3.0},{"damage":0.0,"enemies":"Menagerie:StygianBoar","floor":5.0,"turns":3.0},{"damage":0.0,"enemies":"Menagerie:Hydra","floor":6.0,"turns":3.0},{"damage":9.0,"enemies":"Menagerie:VoidReaper","floor":8.0,"turns":7.0},{"damage":0.0,"enemies":"Menagerie:MENAGERIE_WILDLIFE","floor":12.0,"turns":3.0},{"damage":0.0,"enemies":"Menagerie:MOSSY_WILDLIFE","floor":13.0,"turns":4.0},{"damage":0.0,"enemies":"Menagerie:DREAD_MOTH_AND_GRAFTED_WORMS","floor":14.0,"turns":2.0},{"damage":4.0,"enemies":"Menagerie:Chimera","floor":16.0,"turns":7.0},{"damage":9,"enemies":"2 Thieves","floor":18,"turns":4},{"damage":0,"enemies":"conspire:FuzzyDice","floor":19,"turns":5},{"damage":0,"enemies":"Centurion and Healer","floor":20,"turns":3},{"damage":0,"enemies":"Book of Stabbing","floor":23,"turns":4},{"damage":4,"enemies":"Snake Plant","floor":24,"turns":4},{"damage":0,"enemies":"conspire:Head Lice","floor":25,"turns":4},{"damage":0,"enemies":"3 Cultists","floor":26,"turns":5},{"damage":0,"enemies":"Gremlin Leader","floor":27,"turns":5},{"damage":0,"enemies":"3 Cultists","floor":31,"turns":3},{"damage":0,"enemies":"Automaton","floor":33,"turns":6},{"damage":0,"enemies":"3 Darklings","floor":35,"turns":4},{"damage":0,"enemies":"3 Shapes","floor":38,"turns":2},{"damage":0,"enemies":"3 Darklings","floor":39,"turns":5},{"damage":0,"enemies":"beaked:SuperParasite","floor":41,"turns":7},{"damage":0,"enemies":"4 Shapes","floor":42,"turns":3},{"damage":0,"enemies":"Spire Growth","floor":43,"turns":6},{"damage":0,"enemies":"Nemesis","floor":44,"turns":5},{"damage":0,"enemies":"Spire Growth","floor":45,"turns":3},{"damage":0,"enemies":"Jaw Worm Horde","floor":46,"turns":3},{"damage":0,"enemies":"Donu and Deca","floor":50,"turns":7},{"damage":1,"enemies":"hubris:Merchant","floor":53,"turns":5},{"damage":41,"enemies":"Shield and Spear","floor":54,"turns":9},{"damage":3,"enemies":"The Heart","floor":55,"turns":6}],"seed_played":"150358121127211815","potions_obtained":[{"floor":4.0,"key":"Block Potion"},{"floor":6.0,"key":"Explosive Potion"},{"floor":20,"key":"Fire Potion"},{"floor":24,"key":"Fruit Juice"},{"floor":25,"key":"BlessingOfTheForge"},{"floor":31,"key":"Venom Potion"},{"floor":34,"key":"Slimebound:ThreeZeroPotion"},{"floor":39,"key":"FairyPotion"}],"is_trial":false,"path_per_floor":["M","?","M","M","M","E","$","E","T","R","$","M","?","M","R_BF","B",null,"M","M","M","T","AVR","E","M","E","MIM","E","R","?","R","M","R","B",null,"M","?","AVR","M","M","R","E","M","MIM","E","M","M","R","?","R","B",null,"R","$","E","B",null],"character_chosen":"SLIMEBOUND","items_purchased":["Slimebound:AcidTongue+1","Membership Card","trackpad:PetRock","Onion Ring","LiquidBronze","PowerPotion"],"campfire_rested":0,"item_purchase_floors":[53,53,53,53,53,53],"current_hp_per_floor":[30,21,21,26,30,30,30,29,29,29,29,30,30,30,30,30,30,25,30,30,30,30,30,40,40,40,40,40,43,43,43,43,43,48,48,48,48,48,51,51,54,54,57,57,57,57,57,57,57,57,57,57,60,27,32],"gold":3259,"neow_bonus":"RANDOM_COMMON_RELIC","is_daily":false,"chose_seed":false,"campfire_upgraded":8,"win_rate":0.0,"timestamp":1613000590,"path_taken":["M","?","?","M","M","E","$","E","T","R","?","M","?","M","R_BF","BOSS","M","M","?","?","AVR","E","M","E","MIM","E","R","?","R","?","R","BOSS","M","?","AVR","M","M","R","E","M","MIM","E","M","M","R","?","R","BOSS","R","$","E","BOSS"],"items_purchased_type":["Card","Relic","Relic","Relic","Potion","Potion"],"build_version":"2020-12-22","purchased_purges":5,"victory":true,"max_hp_per_floor":[30,30,30,30,30,30,30,30,30,30,30,30,30,30,30,30,30,30,30,30,30,30,30,40,40,40,40,40,43,43,43,43,43,48,48,48,48,48,51,51,54,54,57,57,57,57,57,57,57,57,57,57,60,60,60],"card_choices":[{"not_picked":["Slimebound:SplitLeeching+1","Slimebound:LivingWall+1"],"picked":"Slimebound:Schlurp+1","floor":1.0},{"not_picked":["Slimebound:SplitAcid+1","Slimebound:DivideAndConquer+1","Slimebound:ComboTackle+1"],"picked":"SKIP","floor":4.0},{"not_picked":["Slimebound:SamplingLick+1","Slimebound:SplitBruiser+1"],"picked":"Slimebound:LeechingTouch+1","floor":5.0},{"not_picked":["Slimebound:Recycling+1","Slimebound:RollThrough+1"],"picked":"Slimebound:GrowthPunch+1","floor":6.0},{"not_picked":["Slimebound:SplitLeeching+1","Slimebound:SlimeBrawl+1","Slimebound:SplitBruiser+1"],"picked":"SKIP","floor":8.0},{"not_picked":["Slimebound:ItLooksTasty+1","Slimebound:GoopSpray+1"],"picked":"Slimebound:HauntingLick+1","floor":12.0},{"not_picked":["Slimebound:Replication+1","Slimebound:Schlurp+1"],"picked":"Slimebound:LeechEnergy+1","floor":14.0},{"not_picked":["Slimebound:MinionMaster+1","Slimebound:Teamwork+1"],"picked":"Slimebound:DouseInSlime+1","floor":16.0},{"not_picked":["Slimebound:LeechEnergy+1","Slimebound:SplitBruiser+1","Slimebound:ServeAndProtect+1"],"picked":"SKIP","floor":18},{"not_picked":["Slimebound:GoopTackle+1","Slimebound:SlimeBarrage+1"],"picked":"Slimebound:Equalize+1","floor":19},{"not_picked":["Slimebound:RollThrough+1","Slimebound:OneTwoCombo+1"],"picked":"Slimebound:Gluttony+1","floor":20},{"not_picked":["Slimebound:FinishingTackle+1","Slimebound:Grow+1"],"picked":"Slimebound:SlimeSpikes+1","floor":23},{"not_picked":["Slimebound:SlimeSpikes+1","Slimebound:GoopTackle+1"],"picked":"Slimebound:SamplingLick+1","floor":24},{"not_picked":["Slimebound:DouseInSlime+1","Slimebound:Schlurp+1"],"picked":"Slimebound:MegaLick+1","floor":25},{"not_picked":["Slimebound:Dissolve+1","Slimebound:RejuvenatingLick+1","Slimebound:ComboTackle+1"],"picked":"SKIP","floor":27},{"not_picked":["Slimebound:Gluttony+1","Slimebound:LeadByExample+1"],"picked":"Slimebound:MegaLick+1","floor":29},{"not_picked":["Slimebound:ItLooksTasty+1","Slimebound:FinishingTackle+1","Slimebound:DuplicatedForm+1"],"picked":"SKIP","floor":31},{"not_picked":["Slimebound:ItLooksTasty+1","Slimebound:FinishingTackle+1","Slimebound:DuplicatedForm+1"],"picked":"SKIP","floor":31},{"not_picked":["Slimebound:ItLooksTasty+1","Slimebound:Recycling+1","Slimebound:Repurpose+1"],"picked":"SKIP","floor":35},{"not_picked":["Slimebound:Chomp+1","Slimebound:SplitSpecialist+1","Slimebound:PressTheAttack+1"],"picked":"SKIP","floor":38},{"not_picked":["Slimebound:LeechingTouch+1","Slimebound:ServeAndProtect+1"],"picked":"Slimebound:GrowthPunch+1","floor":39},{"not_picked":["Slimebound:Nibble+1","Slimebound:HauntingLick+1"],"picked":"Slimebound:DisruptingSlam+1","floor":41},{"not_picked":["Slimebound:Schlurp+1","Slimebound:Nibble+1","Slimebound:LeechingTouch+1"],"picked":"SKIP","floor":42},{"not_picked":["Slimebound:ItLooksTasty+1","Slimebound:RollThrough+1"],"picked":"Slimebound:GoopSpray+1","floor":43},{"not_picked":["Slimebound:Recollect+1","Slimebound:Nibble+1","Slimebound:SlimeTap+1"],"picked":"SKIP","floor":44},{"not_picked":["Slimebound:Grow+1","Slimebound:ForwardTackle+1","Slimebound:MegaLick+1"],"picked":"SKIP","floor":45},{"not_picked":["Slimebound:FinishingTackle+1","Slimebound:SelfFormingGoo+1","Slimebound:ItLooksTasty+1"],"picked":"SKIP","floor":46},{"not_picked":["Slimebound:DisruptingSlam+1"],"picked":"SKIP","floor":53},{"not_picked":["Slimebound:HungryTackle+1"],"picked":"SKIP","floor":53},{"not_picked":["Slimebound:Repurpose+1"],"picked":"SKIP","floor":53},{"not_picked":["Slimebound:FormOfPuddle+1"],"picked":"SKIP","floor":53},{"not_picked":["Replay:Bootleg Shield Generator+1"],"picked":"SKIP","floor":53},{"not_picked":["Poisoned Strike+1"],"picked":"SKIP","floor":53},{"not_picked":["Slimebound:ComboTackle+1","Slimebound:RainOfGoop+1","Slimebound:GoopSpray+1"],"picked":"SKIP","floor":54}],"player_experience":3114193,"relics_obtained":[{"floor":6.0,"key":"Gremlin Horn"},{"floor":8.0,"key":"ShockBauble"},{"floor":21,"key":"Dream Catcher"},{"floor":23,"key":"reliquary:PrincelyHelmet"},{"floor":25,"key":"reliquary:BoilingFlask"},{"floor":26,"key":"Replay:Ringing Soul"},{"floor":27,"key":"reliquary:HotPoker"},{"floor":41,"key":"Mercury Hourglass"},{"floor":43,"key":"Old Coin"},{"floor":44,"key":"trackpad:BottledTsunami"},{"floor":53,"key":"Counterbalance"},{"floor":54,"key":"aspiration:FetidBarrel"}],"event_choices":[{"damage_healed":0.0,"max_hp_gain":0.0,"max_hp_loss":7.0,"gold_gain":0.0,"event_name":"betterThird:BetterWriting","player_choice":"Simplicity","floor":0.0,"gold_loss":0.0,"damage_taken":0.0},{"damage_healed":0.0,"max_hp_gain":0.0,"max_hp_loss":0.0,"gold_gain":0.0,"event_name":"betterSkull:BetterSkull","player_choice":"RE ","floor":2.0,"gold_loss":0.0,"damage_taken":11.0,"cards_upgraded":[],"relics_obtained":["Anchor"]},{"damage_healed":0.0,"max_hp_gain":0.0,"max_hp_loss":0.0,"gold_gain":0.0,"event_name":"Menagerie:MossyPath","player_choice":"Detour","floor":13.0,"gold_loss":0.0,"damage_taken":0.0},{"damage_healed":0,"gold_gain":0,"player_choice":"2","damage_taken":0,"max_hp_gain":0,"max_hp_loss":0,"event_name":"betterMatch:BetterMatch","floor":29,"gold_loss":0,"cards_obtained":["betterMatch:CommonCard","betterMatch:UncommonCard"]},{"damage_healed":0,"gold_gain":0,"player_choice":"Upgraded","damage_taken":0,"max_hp_gain":0,"max_hp_loss":0,"event_name":"Upgrade Shrine","floor":36,"gold_loss":0,"cards_upgraded":["Slimebound:GrowthPunch"]}],"is_beta":false,"boss_relics":[{"not_picked":["construct:WeddingRing","jedi:hotpepper"],"picked":"hubris:Backtick"},{"not_picked":["halation:LoveArrow","halation:Prosthetics"],"picked":"Tiny House"}],"items_purged_floors":[7,11,22,37,53],"is_endless":false,"potions_floor_spawned":[4,6,8,20,24,25,31,39,44,45],"ascension_level":12}}