{"host":"8eqe2o2g03nh9rfw","time":1613000554,"event":{"mods":["AchievementEnabler","AlwaysNeverKeys","BaseMod","Better Third Choice","Block Reminder","Colored Map","Colored Powertips","GifTheSpireLib","Minty Spire (QoL Compilation)","Permanent Neow","Quick Restart","StSLib","Weighted Paths"],"gold_per_floor":[112,112,112,112,63,63,82,82,105,162,162,6,16,16,16,114,114,133,15,30,40,140,140,140],"floor_reached":23,"language":"ENG","playtime":1516,"items_purged":[],"score":177,"play_id":"f5b253ec-76f1-495e-9220-f0540ec5baaa","local_time":"20210210184234","is_ascension_mode":false,"campfire_choices":[{"floor":8,"key":"REST"},{"floor":11,"key":"REST"},{"data":"Poisoned Stab","floor":15,"key":"SMITH"}],"circlet_count":0,"master_deck":["Strike_G","Strike_G","Strike_G","Strike_G","Strike_G","Defend_G","Defend_G","Defend_G","Defend_G","Survivor","Neutralize","Cloak And Dagger","Berserk+1","Poisoned Stab+1","Flying Knee","Wraith Form v2","Cloak And Dagger","Bouncing Flask","Tools of the Trade","Tactician","Underhanded Strike","Good Instincts","Accuracy","Cloak And Dagger","Bane+1","Masterful Stab"],"relics":["Ring of the Snake","Potion Belt","Blood Vial","Eternal Feather","Membership Card","HoveringKite"],"acts_visited":["Exordium","TheCity"],"potions_floor_usage":[16,20],"damage_taken":[{"damage":3,"enemies":"Jaw Worm","floor":1,"turns":5},{"damage":1,"enemies":"2 Louse","floor":7,"turns":2},{"damage":28,"enemies":"Lagavulin Event","floor":10,"turns":8},{"damage":3,"enemies":"Small Slimes","floor":13,"turns":4},{"damage":33,"enemies":"Hexaghost","floor":16,"turns":10},{"damage":23,"enemies":"Shell Parasite","floor":18,"turns":7},{"damage":21,"enemies":"Spheric Guardian","floor":20,"turns":5},{"damage":19,"enemies":"Snecko","floor":21,"turns":5},{"damage":13,"enemies":"Gremlin Leader","floor":23,"turns":1}],"seed_played":"-3220313032747187531","potions_obtained":[{"floor":0,"key":"Block Potion"},{"floor":0,"key":"SmokeBomb"},{"floor":0,"key":"Swift Potion"},{"floor":10,"key":"Dexterity Potion"},{"floor":13,"key":"EssenceOfSteel"},{"floor":16,"key":"EssenceOfSteel"},{"floor":20,"key":"BlessingOfTheForge"}],"is_trial":false,"path_per_floor":["M","?","?","?","$","?","M","R","T","?","R","$","M","?","R","B",null,"M","$","M","M","?","E"],"character_chosen":"THE_SILENT","items_purchased":["Poisoned Stab","Membership Card","Underhanded Strike","Good Instincts","Accuracy","Cloak And Dagger"],"campfire_rested":2,"item_purchase_floors":[5,12,19,19,19,19],"current_hp_per_floor":[67,67,50,50,50,50,49,70,70,42,70,70,67,67,70,37,70,47,47,28,11,11,0,0],"gold":140,"neow_bonus":"THREE_SMALL_POTIONS","is_daily":false,"chose_seed":false,"campfire_upgraded":1,"win_rate":0.0,"timestamp":1613000554,"path_taken":["M","?","?","?","$","?","?","R","T","?","R","?","M","?","R","BOSS","M","$","M","?","?","E"],"items_purchased_type":["Card","Relic","Card","Card","Card","Card"],"build_version":"2020-12-22","purchased_purges":0,"victory":false,"max_hp_per_floor":[70,70,70,70,70,70,70,70,70,70,70,70,70,70,70,70,70,70,70,70,70,70,70,70],"card_choices":[{"not_picked":["Dagger Spray","Predator"],"picked":"Cloak And Dagger","floor":1},{"not_picked":["Backflip","Poisoned Stab"],"picked":"Wraith Form v2","floor":7},{"not_picked":["Blur","Deflect"],"picked":"Cloak And Dagger","floor":10},{"not_picked":["Dodge and Roll","Sucker Punch"],"picked":"Bouncing Flask","floor":13},{"not_picked":["Wraith Form v2","Night Terror"],"picked":"Tools of the Trade","floor":16},{"not_picked":["Deflect","Sucker Punch"],"picked":"Tactician","floor":18},{"not_picked":["Deadly Poison+1","Dodge and Roll"],"picked":"Bane+1","floor":20},{"not_picked":["Escape Plan","Well Laid Plans"],"picked":"Masterful Stab","floor":21}],"player_experience":107117,"relics_obtained":[{"floor":9,"key":"Blood Vial"},{"floor":10,"key":"Eternal Feather"}],"event_choices":[{"damage_healed":0,"gold_gain":0,"player_choice":"Ignored","damage_taken":0,"max_hp_gain":0,"max_hp_loss":0,"event_name":"Golden Wing","floor":2,"gold_loss":0},{"damage_healed":0,"gold_gain":0,"player_choice":"Grow","damage_taken":0,"max_hp_gain":0,"max_hp_loss":0,"event_name":"Living Wall","floor":4,"gold_loss":0,"cards_upgraded":["Berserk"]},{"damage_healed":0,"gold_gain":0,"cards_transformed":["Defend_G"],"player_choice":"Transformed","damage_taken":0,"max_hp_gain":0,"max_hp_loss":0,"event_name":"Transmorgrifier","floor":6,"gold_loss":0,"cards_obtained":["Flying Knee"]},{"damage_healed":0,"gold_gain":0,"player_choice":"Searched \u00271\u0027 times","damage_taken":0,"max_hp_gain":0,"max_hp_loss":0,"event_name":"Dead Adventurer","floor":10,"gold_loss":0},{"damage_healed":0,"gold_gain":0,"player_choice":"Ignored","damage_taken":0,"max_hp_gain":0,"max_hp_loss":0,"event_name":"NoteForYourself","floor":14,"gold_loss":0},{"damage_healed":0,"gold_gain":100,"player_choice":"Pray","damage_taken":0,"max_hp_gain":0,"max_hp_loss":0,"event_name":"Golden Shrine","floor":22,"gold_loss":0}],"is_beta":false,"boss_relics":[{"not_picked":["Ectoplasm","Tiny House"],"picked":"HoveringKite"}],"items_purged_floors":[],"is_endless":false,"potions_floor_spawned":[1,10,13,16,20],"killed_by":"Gremlin Leader","ascension_level":0}}