{"host":"jz4ul6vrcxqkcr33","time":1613000006,"event":{"mods":["BaseMod","Minty Spire (QoL Compilation)","StSLib"],"gold_per_floor":[110,120,120,133,145,194,194,210,210,242,242,269,269,112,112,213,213,229,243,168,20,20,51,51,0,81,81,97,97,97,97],"floor_reached":30,"language":"ENG","playtime":935,"items_purged":[],"score":333,"play_id":"7c64d420-581f-4f04-8b5f-7f9324fbe4c2","local_time":"20210210183326","is_ascension_mode":true,"campfire_choices":[{"data":"Sucker Punch","floor":7,"key":"SMITH"},{"floor":11,"key":"REST"},{"data":"Dash","floor":13,"key":"SMITH"},{"floor":15,"key":"REST"},{"data":"1","floor":27,"key":"LIFT"},{"data":"2","floor":29,"key":"LIFT"}],"circlet_count":0,"master_deck":["Strike_G","Strike_G","Strike_G","Strike_G","Defend_G","Defend_G","Defend_G","Defend_G","Defend_G","Survivor","Neutralize","Discovery","Sucker Punch+1","Dagger Throw","Masterful Stab","Quick Slash","All Out Attack","Corpse Explosion","Dash+1","Heel Hook","Juggernaut","Seeing Red","Wild Strike","Pommel Strike+1","Malaise"],"relics":["Ring of the Snake","Snake Skull","Bag of Preparation","Omamori","Sundial","PrismaticShard","HoveringKite","TwistedFunnel","Girya","Meat on the Bone"],"acts_visited":["TheCity"],"potions_floor_usage":[6,10,16,18,23,23,23],"damage_taken":[{"damage":0.0,"enemies":"Cultist","floor":1.0,"turns":4.0},{"damage":4,"enemies":"Small Slimes","floor":2,"turns":3},{"damage":0,"enemies":"2 Louse","floor":4,"turns":3},{"damage":2,"enemies":"2 Fungi Beasts","floor":5,"turns":3},{"damage":16,"enemies":"3 Sentries","floor":6,"turns":6},{"damage":6,"enemies":"Red Slaver","floor":8,"turns":3},{"damage":20,"enemies":"Lagavulin","floor":10,"turns":5},{"damage":19,"enemies":"3 Sentries","floor":12,"turns":7},{"damage":39,"enemies":"Hexaghost","floor":16,"turns":11},{"damage":4,"enemies":"2 Thieves","floor":18,"turns":2},{"damage":0,"enemies":"3 Byrds","floor":19,"turns":2},{"damage":8,"enemies":"Slavers","floor":23,"turns":2},{"damage":10,"enemies":"Snecko","floor":28,"turns":4},{"damage":46,"enemies":"Gremlin Leader","floor":30,"turns":5}],"seed_played":"-4660798287571958635","potions_obtained":[{"floor":1.0,"key":"ColorlessPotion"},{"floor":6,"key":"LiquidMemories"},{"floor":8,"key":"SkillPotion"},{"floor":12,"key":"EssenceOfSteel"},{"floor":16,"key":"Regen Potion"},{"floor":18,"key":"LiquidBronze"},{"floor":19,"key":"DuplicationPotion"}],"is_trial":false,"path_per_floor":["M","M","T","M","M","E","R","M","T","E","R","E","R","$","R","B",null,"M","M","?","$","?","E","$","?","T","R","M","R","E"],"character_chosen":"THE_SILENT","items_purchased":["PrismaticShard","TwistedFunnel"],"campfire_rested":2,"item_purchase_floors":[14,21],"current_hp_per_floor":[70,66,66,66,64,48,48,42,42,22,43,24,24,24,45,6,54,59,59,59,59,46,38,38,38,38,38,40,40,0,0],"gold":97,"neow_bonus":"RANDOM_COLORLESS","is_daily":false,"chose_seed":false,"campfire_upgraded":2,"win_rate":0.0,"timestamp":1613000006,"path_taken":["M","M","?","M","M","E","R","?","T","E","R","E","R","$","R","BOSS","M","?","?","$","?","E","$","?","T","R","M","R","E"],"items_purchased_type":["Relic","Relic"],"build_version":"2020-12-13","purchased_purges":0,"victory":false,"max_hp_per_floor":[70,70,70,70,70,70,70,70,70,70,70,70,70,70,70,70,70,70,70,70,70,75,75,75,75,75,75,75,75,75,75],"card_choices":[{"not_picked":["Impatience","PanicButton"],"picked":"Discovery","floor":0.0},{"not_picked":["Flechettes","Bane"],"picked":"Sucker Punch","floor":1.0},{"not_picked":["Cloak And Dagger","Well Laid Plans"],"picked":"Dagger Throw","floor":2},{"not_picked":["Dodge and Roll","Sucker Punch"],"picked":"Masterful Stab","floor":4},{"not_picked":["Flying Knee","Outmaneuver"],"picked":"Quick Slash","floor":5},{"not_picked":["Bane","Deflect"],"picked":"All Out Attack","floor":6},{"not_picked":["Deadly Poison","Cloak And Dagger"],"picked":"Corpse Explosion","floor":8},{"not_picked":["Skewer","Dagger Throw"],"picked":"Dash","floor":10},{"not_picked":["Masterful Stab","Reflex"],"picked":"Heel Hook","floor":12},{"not_picked":["Limit Break","DeusExMachina"],"picked":"Juggernaut","floor":16},{"not_picked":["Dagger Throw","FlurryOfBlows+1"],"picked":"Seeing Red","floor":18},{"not_picked":["Havoc","WindmillStrike"],"picked":"Wild Strike","floor":19},{"not_picked":["Combust","Quick Slash"],"picked":"Pommel Strike+1","floor":23},{"not_picked":["Rampage","Dagger Throw"],"picked":"Malaise","floor":28}],"player_experience":217491,"relics_obtained":[{"floor":3,"key":"Snake Skull"},{"floor":6,"key":"Bag of Preparation"},{"floor":10,"key":"Omamori"},{"floor":12,"key":"Sundial"},{"floor":23,"key":"Girya"},{"floor":26,"key":"Meat on the Bone"}],"event_choices":[{"cards_removed":["Strike_G"],"damage_healed":0,"gold_gain":0,"player_choice":"Gave Gold","damage_taken":0,"max_hp_gain":0,"max_hp_loss":0,"event_name":"Beggar","floor":20,"gold_loss":75},{"damage_healed":0,"gold_gain":0,"player_choice":"Shed Blood","damage_taken":18,"max_hp_gain":5,"max_hp_loss":0,"event_name":"Forgotten Altar","floor":22,"gold_loss":0},{"damage_healed":0,"gold_gain":0,"player_choice":"Paid Fearfully","damage_taken":0,"max_hp_gain":0,"max_hp_loss":0,"event_name":"Masked Bandits","floor":25,"gold_loss":51}],"is_beta":false,"boss_relics":[{"not_picked":["Runic Dome","Philosopher\u0027s Stone"],"picked":"HoveringKite"}],"items_purged_floors":[],"is_endless":false,"potions_floor_spawned":[1,6,8,12,16,18,19],"killed_by":"Gremlin Leader","ascension_level":5}}