{"host":"qksa0nge77ubun9a","time":1613001202,"event":{"mods":["AchievementEnabler","BaseMod","Colored Map","Colored Powertips","Googly Eyes","Highlight Path","Minty Spire (QoL Compilation)","Quick Restart","StSLib"],"gold_per_floor":[114,114,114,131,131,158,5,5,5,32,46,59,88,103,103,180,180,197,8,8,27,44,44,77,77,77,77,89,35,35,67,67,67,67],"floor_reached":33,"language":"ENG","playtime":4121,"items_purged":["Strike_R"],"score":541,"play_id":"eb3fe52f-d8e1-4e2c-a84d-e0103d56182a","local_time":"20210210155322","is_ascension_mode":true,"campfire_choices":[{"data":"Havoc","floor":8.0,"key":"SMITH"},{"data":"Armaments","floor":15.0,"key":"SMITH"},{"data":"Dark Embrace","floor":23.0,"key":"SMITH"},{"floor":32,"key":"REST"}],"circlet_count":0,"master_deck":["AscendersBane","Strike_R","Strike_R","Strike_R","Defend_R","Defend_R","Defend_R","Bash","Clash","Dropkick","Warcry","Havoc+1","Heavy Blade","Armaments+1","Flex","Spot Weakness","Immolate","True Grit","Dark Embrace+1","Intimidate","Sentinel","Wild Strike","Twin Strike","Iron Wave"],"relics":["Burning Blood","NeowsBlessing","Omamori","Letter Opener","Vajra","Kunai","Bag of Preparation","Lizard Tail","Mark of Pain","MutagenicStrength","Happy Flower","Singing Bowl","Red Mask"],"acts_visited":["Exordium","TheCity"],"potions_floor_usage":[30],"damage_taken":[{"damage":0.0,"enemies":"Small Slimes","floor":1.0,"turns":1.0},{"damage":0.0,"enemies":"Cultist","floor":4.0,"turns":1.0},{"damage":0.0,"enemies":"3 Sentries","floor":6.0,"turns":2.0},{"damage":8.0,"enemies":"Gremlin Nob","floor":10.0,"turns":3.0},{"damage":12.0,"enemies":"Jaw Worm","floor":11.0,"turns":2.0},{"damage":7.0,"enemies":"Large Slime","floor":12.0,"turns":3.0},{"damage":12.0,"enemies":"3 Sentries","floor":13.0,"turns":4.0},{"damage":0.0,"enemies":"Exordium Wildlife","floor":14.0,"turns":2.0},{"damage":58.0,"enemies":"Hexaghost","floor":16.0,"turns":9.0},{"damage":0.0,"enemies":"Shell Parasite","floor":18.0,"turns":2.0},{"damage":0.0,"enemies":"Chosen","floor":21.0,"turns":2.0},{"damage":34.0,"enemies":"Shelled Parasite and Fungi","floor":22.0,"turns":5.0},{"damage":14.0,"enemies":"Gremlin Leader","floor":24.0,"turns":5.0},{"damage":8.0,"enemies":"Centurion and Healer","floor":28.0,"turns":4.0},{"damage":0,"enemies":"Book of Stabbing","floor":30,"turns":1},{"damage":17,"enemies":"Masked Bandits","floor":31,"turns":5},{"damage":128,"enemies":"Automaton","floor":33,"turns":10}],"seed_played":"-8772762559702998581","potions_obtained":[{"floor":4.0,"key":"BloodPotion"},{"floor":11.0,"key":"SkillPotion"},{"floor":12.0,"key":"BlessingOfTheForge"},{"floor":13.0,"key":"DuplicationPotion"},{"floor":14.0,"key":"DuplicationPotion"},{"floor":22.0,"key":"SmokeBomb"},{"floor":24.0,"key":"Fire Potion"},{"floor":31,"key":"Energy Potion"}],"is_trial":false,"path_per_floor":["M","?","?","M","?","E","$","R","T","E","M","M","E","M","R","B",null,"M","$","?","M","M","R","E","?","T","?","M","$","E","?","R","B"],"character_chosen":"IRONCLAD","items_purchased":["Vajra","Dark Embrace","Intimidate","Iron Wave"],"campfire_rested":1,"item_purchase_floors":[7,19,19,29],"current_hp_per_floor":[78,71,71,77,77,80,80,80,80,78,72,71,65,80,80,28,67,73,73,73,79,51,51,43,28,28,33,33,33,39,30,56,0,0],"gold":67,"neow_bonus":"THREE_ENEMY_KILL","is_daily":false,"chose_seed":false,"campfire_upgraded":3,"win_rate":0.0,"timestamp":1613001202,"path_taken":["M","?","?","?","?","E","$","R","T","E","M","M","E","?","R","BOSS","M","$","?","M","M","R","E","?","T","?","?","$","E","?","R","BOSS"],"items_purchased_type":["Relic","Card","Card","Card"],"build_version":"2020-12-22","purchased_purges":1,"victory":false,"max_hp_per_floor":[80,80,80,80,80,80,80,80,80,80,80,80,80,80,80,80,80,80,80,80,80,80,80,80,85,85,85,87,87,87,89,89,89,89],"card_choices":[{"not_picked":["Dual Wield","Warcry"],"picked":"Clash","floor":1.0},{"not_picked":["Disarm","Combust"],"picked":"Dropkick","floor":4.0},{"not_picked":["Clothesline","Clash"],"picked":"Havoc","floor":6.0},{"not_picked":["True Grit","Perfected Strike"],"picked":"Heavy Blade","floor":10.0},{"not_picked":["Sever Soul","Havoc"],"picked":"Armaments","floor":11.0},{"not_picked":["Heavy Blade","Rupture"],"picked":"Flex","floor":12.0},{"not_picked":["True Grit","Havoc"],"picked":"Spot Weakness","floor":13.0},{"not_picked":["Thunderclap","Infernal Blade"],"picked":"Clash","floor":14.0},{"not_picked":["Bludgeon","Fiend Fire"],"picked":"Immolate","floor":16.0},{"not_picked":["Rampage","Armaments"],"picked":"True Grit","floor":18.0},{"not_picked":["Warcry","Hemokinesis"],"picked":"Sentinel","floor":21.0},{"not_picked":["Uppercut","Sever Soul"],"picked":"Wild Strike","floor":22.0},{"not_picked":["Dual Wield","Dropkick"],"picked":"Twin Strike","floor":24.0},{"not_picked":["Blood for Blood","Rampage","Shrug It Off"],"picked":"Singing Bowl","floor":28.0},{"not_picked":["Wild Strike","Headbutt+1","Immolate"],"picked":"Singing Bowl","floor":31}],"player_experience":1380281,"relics_obtained":[{"floor":6.0,"key":"Letter Opener"},{"floor":9.0,"key":"Kunai"},{"floor":10.0,"key":"Bag of Preparation"},{"floor":13.0,"key":"Lizard Tail"},{"floor":24.0,"key":"Happy Flower"},{"floor":26.0,"key":"Singing Bowl"},{"floor":31,"key":"Red Mask"}],"event_choices":[{"damage_healed":0.0,"max_hp_gain":0.0,"max_hp_loss":0.0,"gold_gain":0.0,"event_name":"Scrap Ooze","player_choice":"Success","floor":2.0,"gold_loss":0.0,"damage_taken":7.0,"relics_obtained":["Omamori"]},{"cards_removed":["Defend_R"],"damage_healed":0.0,"max_hp_gain":0.0,"max_hp_loss":0.0,"gold_gain":0.0,"event_name":"Purifier","player_choice":"Purged","floor":3.0,"gold_loss":0.0,"damage_taken":0.0},{"damage_healed":0.0,"max_hp_gain":0.0,"max_hp_loss":0.0,"gold_gain":0.0,"cards_transformed":["Strike_R"],"event_name":"Transmorgrifier","player_choice":"Transformed","floor":5.0,"gold_loss":0.0,"damage_taken":0.0,"cards_obtained":["Warcry"]},{"damage_healed":0.0,"max_hp_gain":0.0,"max_hp_loss":0.0,"gold_gain":0.0,"event_name":"Drug Dealer","player_choice":"Inject Mutagens","floor":20.0,"gold_loss":0.0,"damage_taken":0.0,"relics_obtained":["MutagenicStrength"]},{"damage_healed":0.0,"max_hp_gain":5.0,"max_hp_loss":0.0,"gold_gain":0.0,"event_name":"Forgotten Altar","player_choice":"Shed Blood","floor":25.0,"gold_loss":0.0,"damage_taken":20.0},{"cards_removed":["Clash"],"damage_healed":5.0,"max_hp_gain":0.0,"max_hp_loss":0.0,"gold_gain":0.0,"event_name":"Bonfire Elementals","player_choice":"Offered Common","floor":27.0,"gold_loss":0.0,"damage_taken":0.0},{"cards_removed":["Clash"],"damage_healed":5.0,"max_hp_gain":0.0,"max_hp_loss":0.0,"gold_gain":0.0,"event_name":"Bonfire Elementals","player_choice":"Offered Special","floor":27.0,"gold_loss":0.0,"damage_taken":0.0},{"damage_healed":0,"gold_gain":0,"player_choice":"Fought Bandits","damage_taken":0,"max_hp_gain":0,"max_hp_loss":0,"event_name":"Masked Bandits","floor":31,"gold_loss":0}],"is_beta":false,"boss_relics":[{"not_picked":["Velvet Choker","Runic Pyramid"],"picked":"Mark of Pain"}],"items_purged_floors":[19],"is_endless":false,"potions_floor_spawned":[4,11,12,13,14,22,24,31],"killed_by":"Automaton","ascension_level":13}}