{"host":"yaxsefyig1et0yi2","time":1611556321,"event":{"mods":["Aspiration","BaseMod","BetterRewards","Colored Powertips","Conspire","Displayed Cursed Tome","Downfall","Halation","Hubris","Infinite Spire","JesterMod","Minty Spire (QoL Compilation)","Quick Restart","RatMod","Replay The Spire","Reworked Bosses","Spikes Relics","StSLib","The Bug Knight","The Jungle"],"gold_per_floor":[116,128,144,144,70,98,98,118,141,141,155,155,155,174,174,174,174],"floor_reached":16,"language":"ENG","playtime":945,"items_purged":[],"score":102,"play_id":"f4a50e01-a132-4dca-a8dc-fd99320f675e","local_time":"20210125013201","is_ascension_mode":false,"campfire_choices":[{"data":"HollowMod:PureNailStrike","floor":10.0,"key":"SMITH"},{"data":"HollowMod:MantisMark","floor":12.0,"key":"SMITH"},{"data":"HollowMod:SlysStrikes","floor":15.0,"key":"SMITH"}],"circlet_count":0,"master_deck":["HollowMod:NailStrikeStart","HollowMod:NailStrikeStart","HollowMod:NailStrikeStart","HollowMod:NailStrikeStart","HollowMod:QuickDashStart","HollowMod:QuickDashStart","HollowMod:QuickDashStart","HollowMod:QuickDashStart","HollowMod:FocusHealStart","HollowMod:PogoStrike","HollowMod:WraithStrike","HollowMod:WraithStrike","HollowMod:AbyssShriek","HollowMod:MantisMark+1","HollowMod:PureNailStrike+1","HollowMod:MantisMark","HollowMod:SlysStrikes+1"],"relics":["HollowMod:VesselMask","halation:RedSoulGem","infinitespire:ShieldingShard","aspiration:Lifesprig"],"acts_visited":["Exordium"],"potions_floor_usage":[16,16,16],"damage_taken":[{"damage":3.0,"enemies":"Jaw Worm","floor":1.0,"turns":3.0},{"damage":6.0,"enemies":"Small Slimes","floor":2.0,"turns":3.0},{"damage":0.0,"enemies":"2 Louse","floor":3.0,"turns":3.0},{"damage":25.0,"enemies":"Gremlin Nob","floor":6.0,"turns":4.0},{"damage":17.0,"enemies":"Large Slime","floor":8.0,"turns":6.0},{"damage":0.0,"enemies":"Gremlin Gang","floor":11.0,"turns":1.0},{"damage":0.0,"enemies":"2 Fungi Beasts","floor":14.0,"turns":2.0},{"damage":45,"enemies":"The Guardian","floor":16,"turns":9}],"seed_played":"2851040084881628903","potions_obtained":[{"floor":3.0,"key":"Strength Potion"},{"floor":8.0,"key":"PowerPotion"},{"floor":11.0,"key":"Ancient Potion"}],"is_trial":false,"path_per_floor":["M","M","M","?","$","E","?","M","T","R","M","R","?","M","R","B"],"character_chosen":"THE_BUGKNIGHT","items_purchased":["HollowMod:AbyssShriek"],"campfire_rested":0,"item_purchase_floors":[5],"current_hp_per_floor":[79,73,73,73,73,48,48,31,31,31,31,31,31,31,31,0,0],"gold":174,"neow_bonus":"TEN_PERCENT_HP_BONUS","is_daily":false,"chose_seed":false,"campfire_upgraded":3,"win_rate":0.0,"timestamp":1611556321,"path_taken":["M","M","M","?","$","E","?","M","T","R","M","R","?","M","R","BOSS"],"items_purchased_type":["Card"],"build_version":"2020-12-22","purchased_purges":0,"victory":false,"max_hp_per_floor":[82,82,82,82,82,82,82,82,82,82,82,82,82,82,82,82,82],"card_choices":[{"not_picked":["HollowMod:DashSlash","HollowMod:VengefulVoid"],"picked":"HollowMod:WraithStrike","floor":1.0},{"not_picked":["HollowMod:LifebloodCocoon","HollowMod:HowlingWraiths"],"picked":"HollowMod:WraithStrike","floor":2.0},{"not_picked":["HollowMod:InfectedCysts","HollowMod:GreatSlash","HollowMod:CloakDash"],"picked":"SKIP","floor":3.0},{"not_picked":["HollowMod:SoulShaman","HollowMod:NewGlowingWomb"],"picked":"HollowMod:MantisMark","floor":6.0},{"not_picked":["HollowMod:SoulStrike","HollowMod:FallenFury"],"picked":"HollowMod:PureNailStrike","floor":8.0},{"not_picked":["HollowMod:BlackTendrils","HollowMod:SharpenedNail"],"picked":"HollowMod:MantisMark","floor":11.0},{"not_picked":["HollowMod:SoulSplash","HollowMod:CycloneSlash"],"picked":"HollowMod:SlysStrikes","floor":14.0}],"player_experience":265789,"relics_obtained":[{"floor":6.0,"key":"infinitespire:ShieldingShard"},{"floor":9.0,"key":"aspiration:Lifesprig"}],"event_choices":[],"is_beta":false,"boss_relics":[],"items_purged_floors":[],"is_endless":false,"potions_floor_spawned":[3,8,11,14],"killed_by":"The Guardian","ascension_level":0}}