{"host":"hdafziggwnbzqpcb","time":1611554675,"event":{"mods":["BaseMod","Bestiary","Better Altar","Better Match","Better Note","Better Third Choice","Better Vampires","Colored Map","Colored Powertips","Curses Come First","GifTheSpireLib","Hero for Fun","Melee Mod","Minty Spire (QoL Compilation)","Quick Restart","Rare Cards Sparkle","Relic Stats","Spicy Shops","StSLib","Td1madao Mod","The Bug Knight","The Construct","The Cursed","The Kombatant","The Marked","The Runesmith","The Senshi","The Servant 0.9.4","The Wild Card","TheHero"],"gold_per_floor":[114,114,114,114,133,171,73,92,117,117,217,217,236,255,255,380,380,399,95,114,314,333,333,352,352,352,372,372],"floor_reached":27,"language":"ENG","playtime":1451,"items_purged":["Defend_P","Zap","Defend_R"],"score":263,"play_id":"e7997913-3044-45e9-ad1d-27f99f21da3d","local_time":"20210124220435","daily_mods":["Chimera","Colorless Cards","Lethality"],"is_ascension_mode":false,"campfire_choices":[{"data":"Madness","floor":10.0,"key":"SMITH"},{"data":"animeID:Mezo","floor":12.0,"key":"SMITH"},{"data":"Eruption","floor":15.0,"key":"SMITH"},{"data":"animeID:DetroitSmash","floor":23,"key":"SMITH"},{"data":"Wallop","floor":25,"key":"SMITH"}],"circlet_count":0,"master_deck":["Bash","Survivor","Eruption+1","Strike_R","Strike_G","Strike_B","Defend_G","animeID:HowitzerImpact","Wallop+1","theWildCard:Odin","Madness+1","Purity","animeID:Mezo+1","animeID:Iida+1","animeID:DetroitSmash+1","animeID:Kirishima","animeID:Bakugo+1"],"relics":["animeID:HeroCostume","Matryoshka","Golden Idol","Dead Branch","Boot","Potion Belt","Sozu","Membership Card","PreservedInsect","Blue Candle"],"acts_visited":["Exordium","TheCity"],"potions_floor_usage":[],"damage_taken":[{"damage":0.0,"enemies":"Cultist","floor":1.0,"turns":2.0},{"damage":0.0,"enemies":"2 Louse","floor":5.0,"turns":2.0},{"damage":2.0,"enemies":"HollowMod:MossKnight","floor":6.0,"turns":6.0},{"damage":5.0,"enemies":"Small Slimes","floor":8.0,"turns":2.0},{"damage":0.0,"enemies":"Gremlin Gang","floor":13.0,"turns":3.0},{"damage":0.0,"enemies":"Large Slime","floor":14.0,"turns":3.0},{"damage":6.0,"enemies":"Slime Boss","floor":16.0,"turns":5.0},{"damage":0.0,"enemies":"Spheric Guardian","floor":18.0,"turns":2.0},{"damage":40.0,"enemies":"3 Byrds","floor":20.0,"turns":2.0},{"damage":18.0,"enemies":"Snake Plant","floor":22.0,"turns":2.0},{"damage":0,"enemies":"Centurion and Healer","floor":24,"turns":3},{"damage":19,"enemies":"Shelled Parasite and Fungi","floor":27,"turns":1}],"seed_played":"7295166269203286773","potions_obtained":[{"floor":1.0,"key":"Dexterity Potion"},{"floor":6.0,"key":"LiquidMemories"}],"is_trial":false,"path_per_floor":["M","?","?","?","M","E","$","M","T","R","?","R","M","M","R","B",null,"M","$","M","?","M","R","M","R","T","M"],"character_chosen":"THE_HERO","items_purchased":["animeID:Mezo","Membership Card","animeID:DetroitSmash"],"campfire_rested":0,"item_purchase_floors":[7,19,19],"current_hp_per_floor":[75,52,52,52,52,54,54,51,51,51,51,51,55,55,55,57,69,69,69,31,31,15,15,17,17,17,0,0],"gold":372,"neow_bonus":"","is_daily":true,"chose_seed":false,"campfire_upgraded":5,"win_rate":0.0,"timestamp":1611554675,"path_taken":["M","?","?","?","M","E","$","M","T","R","?","R","M","M","R","BOSS","M","$","?","?","M","R","M","R","T","M"],"items_purchased_type":["Card","Relic","Card"],"build_version":"2020-12-22","purchased_purges":3,"victory":false,"max_hp_per_floor":[75,75,69,69,69,69,69,69,69,69,69,69,69,69,69,69,69,69,69,69,69,69,69,69,69,69,69,69],"relic_stats":{"Sozu":1,"counters":[12,33],"Golden Idol":65,"Dead Branch":[32],"Blue Candle":[0],"PreservedInsect":0,"Boot":[4],"obtain_stats":[{"Potion Belt":9,"Sozu":17,"Matryoshka":2,"Golden Idol":3,"Dead Branch":6,"Blue Candle":26,"PreservedInsect":26,"animeID:HeroCostume":0,"Membership Card":19,"Boot":9},{"Potion Belt":4,"Sozu":7,"Matryoshka":1,"Golden Idol":1,"Dead Branch":3,"Blue Candle":11,"PreservedInsect":11,"animeID:HeroCostume":0,"Membership Card":8,"Boot":4},{"Potion Belt":12,"Sozu":23,"Matryoshka":2,"Golden Idol":2,"Dead Branch":10,"Blue Candle":32,"PreservedInsect":32,"animeID:HeroCostume":0,"Membership Card":25,"Boot":12}]},"card_choices":[{"not_picked":["animeID:Mineta","Trip"],"picked":"animeID:HowitzerImpact","floor":1.0},{"not_picked":["animeID:DetroitSmash","Blind"],"picked":"Madness","floor":5.0},{"not_picked":["Bandage Up","animeID:Kirishima"],"picked":"Purity","floor":6.0},{"not_picked":["animeID:Tsuyu","animeID:ShootStyle","animeID:Kurono"],"picked":"SKIP","floor":8.0},{"not_picked":["animeID:Uraraka","animeID:GentleCriminal","Panacea"],"picked":"SKIP","floor":13.0},{"not_picked":["animeID:Momo","animeID:Mineta","animeID:Kaminari"],"picked":"SKIP","floor":14.0},{"not_picked":["animeID:HowitzerImpact","animeID:Mineta"],"picked":"animeID:Iida+1","floor":18.0},{"not_picked":["animeID:Twice","Panacea"],"picked":"animeID:Kirishima","floor":20.0},{"not_picked":["Deep Breath","animeID:Uraraka","animeID:ToruHagakure"],"picked":"SKIP","floor":22.0},{"not_picked":["animeID:Tsuyu","animeID:Kendo+1"],"picked":"animeID:Bakugo+1","floor":24}],"player_experience":716148,"relics_obtained":[{"floor":6.0,"key":"Dead Branch"},{"floor":9.0,"key":"Boot"},{"floor":9.0,"key":"Potion Belt"},{"floor":26,"key":"PreservedInsect"},{"floor":26,"key":"Blue Candle"}],"event_choices":[{"damage_healed":0.0,"max_hp_gain":0.0,"max_hp_loss":6.0,"gold_gain":0.0,"event_name":"Golden Idol","player_choice":"Lose Max HP","floor":3.0,"gold_loss":0.0,"damage_taken":0.0,"relics_obtained":["Golden Idol"]},{"damage_healed":0.0,"max_hp_gain":0.0,"max_hp_loss":0.0,"gold_gain":100.0,"event_name":"Wheel of Change","player_choice":"Gold","floor":11.0,"gold_loss":0.0,"damage_taken":0.0},{"damage_healed":0.0,"max_hp_gain":0.0,"max_hp_loss":0.0,"gold_gain":200.0,"event_name":"Wheel of Change","player_choice":"Gold","floor":21.0,"gold_loss":0.0,"damage_taken":0.0}],"is_beta":false,"boss_relics":[{"not_picked":["Philosopher\u0027s Stone","Fusion Hammer"],"picked":"Sozu"}],"items_purged_floors":[7,19,19],"is_endless":false,"potions_floor_spawned":[1,6,20],"killed_by":"Shelled Parasite and Fungi","ascension_level":0}}