{"host":"uv5ws9rdk87e8i5k","time":1611555767,"event":{"mods":["AchievementEnabler","BaseMod","Colored Map","Minty Spire (QoL Compilation)","StSLib","SuperFastMode","The Necromancer"],"gold_per_floor":[114,39,54,72,20,48,64,95,173,192,211,211,237,250,250,355,355,365,365,379,397,397,430,441,80,104,116,143,143,53,78,78,176,176,193,204,204,204,216,216,216],"floor_reached":40,"language":"ENG","playtime":1194,"items_purged":["Injury","Strike_W"],"score":588,"play_id":"c8b34db1-c4c6-4aaa-b46f-81060d10ee64","local_time":"20210125002247","is_ascension_mode":true,"campfire_choices":[{"data":"Finger_Of_Death","floor":12.0,"key":"SMITH"},{"data":"Summon_Vampire_Lady","floor":15.0,"key":"SMITH"},{"data":"Summon_Death_Knight","floor":29,"key":"SMITH"},{"data":"Summon_Vampire_Lady","floor":32,"key":"SMITH"}],"circlet_count":0,"master_deck":["Strike_W+1","Strike_W","Defend_W","Defend_W","Defend_W","Defend_W","Negative_Energy_Arrows","Bone_Wall","Necrotic_Claws","Finger_Of_Death+1","Negative_Energy_Javelin","Summon_Vampire_Lady+1","Summon_Vampire_Lady+1","Summon_Death_Knight+1","Hellfire","Madness","Madness+1","Blood_Is_Power+1"],"relics":["Vampire_Amulet","Bird Faced Urn","Dream Catcher","Ginger","Ancient Tea Set","HornCleat","CaptainsWheel","Runic Pyramid","Gremlin Horn","Frozen Egg 2","Membership Card","Lantern","Anchor","Torii","Potion Belt","Coffee Dripper"],"acts_visited":["Exordium","TheCity","TheBeyond"],"potions_floor_usage":[23,28,28,36],"damage_taken":[{"damage":5.0,"enemies":"Cultist","floor":1.0,"turns":5.0},{"damage":0.0,"enemies":"Small Slimes","floor":3.0,"turns":3.0},{"damage":3.0,"enemies":"2 Louse","floor":4.0,"turns":3.0},{"damage":22.0,"enemies":"Lagavulin","floor":6.0,"turns":5.0},{"damage":13.0,"enemies":"Exordium Thugs","floor":7.0,"turns":5.0},{"damage":19.0,"enemies":"3 Sentries","floor":8.0,"turns":8.0},{"damage":10.0,"enemies":"3 Louse","floor":10.0,"turns":3.0},{"damage":1.0,"enemies":"Red Slaver","floor":11.0,"turns":4.0},{"damage":11.0,"enemies":"Gremlin Nob","floor":13.0,"turns":4.0},{"damage":3.0,"enemies":"Exordium Wildlife","floor":14.0,"turns":3.0},{"damage":19.0,"enemies":"Hexaghost","floor":16.0,"turns":8.0},{"damage":6,"enemies":"3 Byrds","floor":18,"turns":5},{"damage":13,"enemies":"Chosen","floor":20,"turns":5},{"damage":24,"enemies":"Snake Plant","floor":21,"turns":4},{"damage":45,"enemies":"Gremlin Leader","floor":23,"turns":6},{"damage":18,"enemies":"Chosen and Byrds","floor":24,"turns":6},{"damage":4,"enemies":"Cultist and Chosen","floor":27,"turns":6},{"damage":25,"enemies":"Slavers","floor":28,"turns":5},{"damage":1,"enemies":"Gremlin Leader","floor":31,"turns":6},{"damage":67,"enemies":"Automaton","floor":33,"turns":10},{"damage":0,"enemies":"Orb Walker","floor":35,"turns":3},{"damage":23,"enemies":"3 Darklings","floor":36,"turns":6},{"damage":19,"enemies":"Writhing Mass","floor":39,"turns":6},{"damage":111,"enemies":"Reptomancer","floor":40,"turns":5}],"seed_played":"-4406709146886123327","potions_obtained":[{"floor":3.0,"key":"PowerPotion"},{"floor":4.0,"key":"Block Potion"},{"floor":7.0,"key":"SteroidPotion"},{"floor":14.0,"key":"CultistPotion"},{"floor":16.0,"key":"DuplicationPotion"},{"floor":18,"key":"Ancient Potion"},{"floor":24,"key":"Block Potion"},{"floor":36,"key":"Ancient Potion"}],"is_trial":false,"path_per_floor":["M","$","M","M","?","E","M","E","T","M","M","R","E","M","R","B",null,"M","T","M","M","?","E","M","$","T","M","E","R","?","E","R","B",null,"M","M","?","?","M","E"],"character_chosen":"NECROMANCER","items_purchased":["Membership Card","Lantern","CultistPotion","DistilledChaos"],"campfire_rested":0,"item_purchase_floors":[25,25,25,25],"current_hp_per_floor":[72,72,75,75,75,64,55,42,42,38,39,39,30,31,31,34,65,75,75,75,70,56,77,80,80,80,80,75,75,75,80,80,44,71,80,79,69,69,79,0,0],"gold":216,"neow_bonus":"ONE_RARE_RELIC","is_daily":false,"chose_seed":false,"campfire_upgraded":4,"win_rate":0.0,"timestamp":1611555767,"path_taken":["M","$","M","M","?","E","M","E","T","M","M","R","E","M","R","BOSS","M","?","M","M","?","E","M","$","T","M","E","R","?","E","R","BOSS","M","M","?","?","?","E"],"items_purchased_type":["Relic","Relic","Potion","Potion"],"build_version":"2020-12-22","purchased_purges":2,"victory":false,"max_hp_per_floor":[75,75,75,75,75,75,75,75,75,75,75,75,75,75,75,75,75,75,75,75,75,80,80,80,80,80,80,80,80,80,80,80,80,80,80,80,80,80,80,80,80],"card_choices":[{"not_picked":["Consume_Illness","Bone_Armory","Thousand_Bone_Knives"],"picked":"SKIP","floor":1.0},{"not_picked":["Negative_Energy_Mist","Death_March_Dance"],"picked":"Necrotic_Claws","floor":3.0},{"not_picked":["Blood_Curse","Bone_Bullets","Death_Coil"],"picked":"SKIP","floor":4.0},{"not_picked":["Chill_Blood","Blood_Magic","Life_Tap"],"picked":"SKIP","floor":6.0},{"not_picked":["Deaths_Shadow","Shackles_Of_Pain"],"picked":"Finger_Of_Death","floor":7.0},{"not_picked":["Death_Knell","Vampiric_Strike"],"picked":"Negative_Energy_Javelin","floor":8.0},{"not_picked":["Bone_Spikes","Negative_Energy_Shield","Death_March_Dance"],"picked":"SKIP","floor":10.0},{"not_picked":["Blood_Curse","Deaths_Shadow","Bone_Armor"],"picked":"SKIP","floor":11.0},{"not_picked":["Whirlwind_of_Bones","Negative_Energy_Mist","Negative_Energy_Shield"],"picked":"SKIP","floor":13.0},{"not_picked":["Bone_Spikes","Chill_Blood"],"picked":"Summon_Vampire_Lady","floor":14.0},{"not_picked":["Grasp_Heart","Detonate_Bones"],"picked":"Summon_Vampire_Lady","floor":16.0},{"not_picked":["Blood_Whip","Bone_Spikes","Shackles_Of_Pain"],"picked":"SKIP","floor":18},{"not_picked":["Death_Coil","Life_Drain","Bone_Shift+1"],"picked":"SKIP","floor":20},{"not_picked":["Vampiric_Strike","Death_March_Dance"],"picked":"Summon_Death_Knight","floor":21},{"not_picked":["Negative_Energy_Javelin","Scare+1","Deaths_Shadow+1"],"picked":"SKIP","floor":23},{"not_picked":["Blood_Shield","Chill_Blood","Negative_Energy_Shield"],"picked":"SKIP","floor":24},{"not_picked":["Bone_Shift","Negative_Energy_Mist+1","Bones_to_Steel"],"picked":"SKIP","floor":27},{"not_picked":["Death_Coil","Blood_Wake","Negative_Energy_Shield+1"],"picked":"SKIP","floor":28},{"not_picked":["Death_March_Dance+1","Bones_to_Steel","Bone_Shift"],"picked":"SKIP","floor":31},{"not_picked":["Negative_Energy_Bomb","Blood_Magic+1"],"picked":"Hellfire","floor":33},{"not_picked":["Toxic_Smoke_Screen+1","Bone_Spikes","Blood_Curse"],"picked":"SKIP","floor":35},{"not_picked":["Bone_Shift+1","Bone_Armor+1","Reap_The_Weak"],"picked":"SKIP","floor":36},{"not_picked":["Thousand_Bone_Knives+1","Toxic_Smoke_Screen+1"],"picked":"Blood_Is_Power+1","floor":39}],"player_experience":259719,"relics_obtained":[{"floor":6.0,"key":"Ginger"},{"floor":8.0,"key":"Ancient Tea Set"},{"floor":9.0,"key":"HornCleat"},{"floor":13.0,"key":"CaptainsWheel"},{"floor":19,"key":"Gremlin Horn"},{"floor":23,"key":"Frozen Egg 2"},{"floor":26,"key":"Anchor"},{"floor":28,"key":"Torii"},{"floor":31,"key":"Potion Belt"}],"event_choices":[{"damage_healed":0.0,"max_hp_gain":0.0,"max_hp_loss":0.0,"gold_gain":0.0,"event_name":"WeMeetAgain","player_choice":"Paid Gold","floor":5.0,"gold_loss":52.0,"damage_taken":0.0,"relics_obtained":["Dream Catcher"]},{"damage_healed":0,"gold_gain":0,"player_choice":"Shed Blood","damage_taken":19,"max_hp_gain":5,"max_hp_loss":0,"event_name":"Forgotten Altar","floor":22,"gold_loss":0},{"cards_removed":["Strike_W"],"damage_healed":0,"gold_gain":0,"player_choice":"Upgrade and Remove","damage_taken":0,"max_hp_gain":0,"max_hp_loss":0,"event_name":"Designer","floor":30,"gold_loss":90,"cards_upgraded":["Strike_W"]},{"damage_healed":0,"gold_gain":0,"player_choice":"Embrace Madness","damage_taken":10,"max_hp_gain":0,"max_hp_loss":0,"event_name":"Winding Halls","floor":37,"gold_loss":0,"cards_obtained":["Madness","Madness"]},{"damage_healed":0,"gold_gain":0,"player_choice":"Forge","damage_taken":0,"max_hp_gain":0,"max_hp_loss":0,"event_name":"Accursed Blacksmith","floor":38,"gold_loss":0,"cards_upgraded":["Madness"]}],"is_beta":false,"boss_relics":[{"not_picked":["Tiny House","Astrolabe"],"picked":"Runic Pyramid"},{"not_picked":["Empty Cage","Velvet Choker"],"picked":"Coffee Dripper"}],"items_purged_floors":[2,25],"is_endless":false,"potions_floor_spawned":[3,4,7,14,16,18,24,27,36],"killed_by":"Reptomancer","ascension_level":5}}