{"host":"0mk07bycsqo1qk03","time":1611574815,"event":{"mods":["BaseMod","Downfall","Hermit","Hubris","Minty Spire (QoL Compilation)","StSLib","The Cursed"],"gold_per_floor":[115,115,65,65,65,96,96,127,127,127,127,127,172,206,206,308,308,338,338,338,338,358,391,391,425,480,24,35,96,56,86,86,184,184,233,247,247,6,55,70,104,104,127,138,138,138,164,4,4,4],"floor_reached":51,"language":"ENG","playtime":4384,"items_purged":["Strike_P+1"],"score":1480,"play_id":"75153ff4-fad8-4e42-9940-a9bee349e68a","local_time":"20210125124015","is_ascension_mode":true,"campfire_choices":[{"data":"ForeignInfluence","floor":7.0,"key":"SMITH"},{"data":"Wish","floor":10.0,"key":"SMITH"},{"data":"SandsOfTime","floor":15.0,"key":"SMITH"},{"floor":24.0,"key":"DIG"},{"floor":32.0,"key":"REST"},{"floor":42,"key":"DIG"},{"floor":45,"key":"DIG"},{"data":"Establishment","floor":49,"key":"SMITH"}],"circlet_count":0,"master_deck":["AscendersBane","Strike_P+1","Strike_P+1","Strike_P+1","Defend_P+1","Defend_P+1","Defend_P+1","Eruption+1","Vigilance+1","EmptyBody","ForeignInfluence+1","Protect+1","Wish+1","ClearTheMind","SandsOfTime+1","Establishment+1","FollowUp","Crescendo","Devotion","WaveOfTheHand","SandsOfTime","Vault","Perseverance","TalkToTheHand+1","TalkToTheHand","Consecrate+1"],"relics":["PureWater","NeowsBlessing","hubris:Icosahedron","hubris:MysteriousPyramids","Ornamental Fan","Blood Vial","Blue Candle","Matryoshka","Shuriken","Black Star","Nilry\u0027s Codex","MutagenicStrength","Shovel","Smiling Mask","The Courier","Pantograph","hubris:TenFootPole","War Paint","Anchor","hubris:PeanutButter","Vajra","Lantern","Bag of Marbles","Regal Pillow","Question Card","Pen Nib","Cursed Key","ClockworkSouvenir","Strawberry","hubris:CrystalStatue","Omamori","hubris:GlazedTorus","hubris:ToyBattleship","Akabeko","MealTicket","MawBank","Oddly Smooth Stone"],"acts_visited":["Exordium","TheCity","TheBeyond"],"potions_floor_usage":[39,41],"damage_taken":[{"damage":0.0,"enemies":"Jaw Worm","floor":1.0,"turns":1.0},{"damage":0.0,"enemies":"Lagavulin","floor":6.0,"turns":1.0},{"damage":0.0,"enemies":"3 Sentries","floor":8.0,"turns":2.0},{"damage":0.0,"enemies":"2 Louse","floor":13.0,"turns":3.0},{"damage":0.0,"enemies":"Lagavulin","floor":14.0,"turns":5.0},{"damage":0.0,"enemies":"The Guardian","floor":16.0,"turns":10.0},{"damage":0.0,"enemies":"Spheric Guardian","floor":18.0,"turns":3.0},{"damage":14.0,"enemies":"Shell Parasite","floor":22.0,"turns":5.0},{"damage":17.0,"enemies":"Gremlin Leader","floor":23.0,"turns":5.0},{"damage":8.0,"enemies":"Book of Stabbing","floor":25.0,"turns":3.0},{"damage":4.0,"enemies":"Shelled Parasite and Fungi","floor":28.0,"turns":6.0},{"damage":11.0,"enemies":"Slavers","floor":29.0,"turns":8.0},{"damage":0.0,"enemies":"Snake Plant","floor":30.0,"turns":3.0},{"damage":0.0,"enemies":"Book of Stabbing","floor":31.0,"turns":7.0},{"damage":18.0,"enemies":"hubris:MusketHawk","floor":33.0,"turns":7.0},{"damage":0.0,"enemies":"3 Shapes","floor":35.0,"turns":6.0},{"damage":0.0,"enemies":"Orb Walker","floor":36.0,"turns":4.0},{"damage":0,"enemies":"Maw","floor":39,"turns":6},{"damage":0,"enemies":"Sphere and 2 Shapes","floor":40,"turns":5},{"damage":11,"enemies":"Nemesis","floor":41,"turns":4},{"damage":0,"enemies":"Spire Growth","floor":44,"turns":4},{"damage":9,"enemies":"Transient","floor":47,"turns":5},{"damage":11,"enemies":"Donu and Deca","floor":50,"turns":6}],"seed_played":"1829252689865954881","potions_obtained":[{"floor":6.0,"key":"Regen Potion"},{"floor":14.0,"key":"Strength Potion"},{"floor":16.0,"key":"Dexterity Potion"},{"floor":23.0,"key":"LiquidMemories"},{"floor":25.0,"key":"SkillPotion"},{"floor":29.0,"key":"ColorlessPotion"},{"floor":33.0,"key":"SkillPotion"},{"floor":39,"key":"SteroidPotion"},{"floor":47,"key":"LiquidMemories"}],"is_trial":false,"path_per_floor":["M","?","?","?","?","E","R","E","T","R","?","T","M","E","R","B",null,"M","?","?","?","M","E","R","E","T","$","M","E","M","E","R","B",null,"M","M","?","$","M","M","E","R","T","M","R","?","M","$","R","B",null],"character_chosen":"WATCHER","items_purchased":["hubris:PeanutButter","Vajra","Lantern","ClockworkSouvenir","Strawberry","Oddly Smooth Stone"],"campfire_rested":1,"item_purchase_floors":[27,27,27,38,38,48],"current_hp_per_floor":[65,65,65,65,65,65,65,65,65,65,53,53,72,72,72,72,72,72,56,56,56,58,43,43,37,37,37,35,26,28,30,66,54,68,70,72,72,79,79,79,68,68,68,70,70,70,63,78,78,68],"gold":4,"neow_bonus":"THREE_ENEMY_KILL","is_daily":false,"chose_seed":false,"campfire_upgraded":4,"win_rate":0.0,"timestamp":1611574815,"path_taken":["M","?","?","?","?","E","R","E","T","R","?","?","?","E","R","BOSS","M","?","?","?","M","E","R","E","T","$","M","E","M","E","R","BOSS","M","M","?","$","M","M","E","R","T","M","R","?","?","$","R","BOSS"],"items_purchased_type":["Relic","Relic","Relic","Relic","Relic","Relic"],"build_version":"2020-12-22","purchased_purges":1,"victory":true,"max_hp_per_floor":[72,72,72,72,72,72,72,72,72,72,72,72,72,72,72,72,72,72,72,72,72,72,72,72,72,72,72,72,72,72,72,72,72,72,72,72,72,79,79,79,79,79,79,79,79,79,79,79,79,79],"card_choices":[{"not_picked":["SashWhip","ClearTheMind"],"picked":"EmptyBody","floor":1.0},{"not_picked":["CutThroughFate","Study"],"picked":"Protect","floor":6.0},{"not_picked":["FlurryOfBlows","Nirvana"],"picked":"Wish","floor":8.0},{"not_picked":["Halt","Pray"],"picked":"ClearTheMind","floor":13.0},{"not_picked":["ReachHeaven","Wireheading"],"picked":"SandsOfTime","floor":14.0},{"not_picked":["Scrawl","DeusExMachina"],"picked":"Establishment","floor":16.0},{"not_picked":["BattleHymn","Crescendo"],"picked":"FollowUp","floor":22.0},{"not_picked":["JustLucky","PathToVictory"],"picked":"Crescendo","floor":23.0},{"not_picked":["CrushJoints","Fasting2","InnerPeace"],"picked":"SKIP","floor":25.0},{"not_picked":["Vengeance","CrushJoints","ThirdEye"],"picked":"SKIP","floor":28.0},{"not_picked":["SashWhip","Collect"],"picked":"Devotion","floor":29.0},{"not_picked":["FlyingSleeves","EmptyFist"],"picked":"WaveOfTheHand","floor":30.0},{"not_picked":["Prostrate","SashWhip"],"picked":"SandsOfTime","floor":31.0},{"not_picked":["DevaForm","DeusExMachina","ConjureBlade"],"picked":"Vault","floor":33.0},{"not_picked":["Prostrate+1","EmptyBody","Pray"],"picked":"Perseverance","floor":35.0},{"not_picked":["SignatureMove","CrushJoints","Adaptation"],"picked":"TalkToTheHand+1","floor":36.0},{"not_picked":["Perseverance","CarveReality","Weave","PathToVictory"],"picked":"SKIP","floor":39},{"not_picked":["Prostrate","JustLucky","Sanctity+1","WreathOfFlame"],"picked":"SKIP","floor":40},{"not_picked":["Indignation+1","Meditate","WreathOfFlame","Fasting2+1"],"picked":"SKIP","floor":41},{"not_picked":["CutThroughFate","FollowUp","Consecrate"],"picked":"TalkToTheHand","floor":44},{"not_picked":["Sanctity","WaveOfTheHand+1","CrushJoints"],"picked":"Consecrate+1","floor":47}],"player_experience":965819,"relics_obtained":[{"floor":6.0,"key":"hubris:MysteriousPyramids"},{"floor":8.0,"key":"Ornamental Fan"},{"floor":9.0,"key":"Blood Vial"},{"floor":12.0,"key":"Matryoshka"},{"floor":14.0,"key":"Shuriken"},{"floor":19.0,"key":"Nilry\u0027s Codex"},{"floor":23.0,"key":"Shovel"},{"floor":23.0,"key":"Smiling Mask"},{"floor":24.0,"key":"The Courier"},{"floor":25.0,"key":"Pantograph"},{"floor":25.0,"key":"hubris:TenFootPole"},{"floor":26.0,"key":"War Paint"},{"floor":26.0,"key":"Anchor"},{"floor":29.0,"key":"Bag of Marbles"},{"floor":29.0,"key":"Regal Pillow"},{"floor":31.0,"key":"Question Card"},{"floor":31.0,"key":"Pen Nib"},{"floor":41,"key":"hubris:CrystalStatue"},{"floor":41,"key":"Omamori"},{"floor":42,"key":"hubris:GlazedTorus"},{"floor":43,"key":"hubris:ToyBattleship"},{"floor":43,"key":"Akabeko"},{"floor":45,"key":"MealTicket"}],"event_choices":[{"cards_removed":["Defend_P"],"damage_healed":0.0,"max_hp_gain":0.0,"max_hp_loss":0.0,"gold_gain":0.0,"event_name":"The Cleric","player_choice":"Card Removal","floor":3.0,"gold_loss":50.0,"damage_taken":0.0},{"damage_healed":0.0,"max_hp_gain":0.0,"max_hp_loss":0.0,"gold_gain":0.0,"event_name":"Living Wall","player_choice":"Grow","floor":4.0,"gold_loss":0.0,"damage_taken":0.0,"cards_upgraded":["Eruption"]},{"damage_healed":0.0,"max_hp_gain":0.0,"max_hp_loss":0.0,"gold_gain":0.0,"event_name":"Scrap Ooze","player_choice":"Success","floor":11.0,"gold_loss":0.0,"damage_taken":12.0,"relics_obtained":["Blue Candle"]},{"damage_healed":0.0,"max_hp_gain":0.0,"max_hp_loss":0.0,"gold_gain":0.0,"event_name":"Cursed Tome","player_choice":"Obtained Book","floor":19.0,"gold_loss":0.0,"damage_taken":16.0},{"damage_healed":0.0,"max_hp_gain":0.0,"max_hp_loss":0.0,"gold_gain":0.0,"event_name":"Drug Dealer","player_choice":"Inject Mutagens","floor":20.0,"gold_loss":0.0,"damage_taken":0.0,"relics_obtained":["MutagenicStrength"]},{"damage_healed":0.0,"max_hp_gain":0.0,"max_hp_loss":0.0,"gold_gain":0.0,"event_name":"Back to Basics","player_choice":"Simplicity","floor":21.0,"gold_loss":0.0,"damage_taken":0.0,"cards_upgraded":["Strike_P","Strike_P","Strike_P","Strike_P","Defend_P","Defend_P","Defend_P"]},{"damage_healed":0.0,"max_hp_gain":0.0,"max_hp_loss":0.0,"gold_gain":0.0,"event_name":"Tomb of Lord Red Mask","player_choice":"Ignored","floor":37.0,"gold_loss":0.0,"damage_taken":0.0},{"damage_healed":0,"gold_gain":0,"player_choice":"Gave Potion","damage_taken":0,"relics_obtained":["MawBank"],"max_hp_gain":0,"max_hp_loss":0,"event_name":"WeMeetAgain","floor":46,"gold_loss":0}],"is_beta":false,"boss_relics":[{"not_picked":["Runic Dome","Calling Bell"],"picked":"Black Star"},{"not_picked":["hubris:HollowSoul","bronze:MakeshiftBattery"],"picked":"Cursed Key"}],"items_purged_floors":[48],"is_endless":false,"potions_floor_spawned":[6,14,16,23,25,29,33,36,39,47],"ascension_level":12}}