{"host":"ebj6lkgm8suah319","time":1611534167,"event":{"mods":["2.2 Compatiblity","AchievementEnabler","BaseMod","Block Reminder","Colored Map","Colored Powertips","Minty Spire (QoL Compilation)","Quick Restart","Rare Cards Sparkle","Relic Stats","SuperFastMode"],"gold_per_floor":[118,134,134,4,19,19,52,66,66,66,84,34,61,161,161,161,161],"floor_reached":16,"language":"ENG","playtime":595,"items_purged":["Strike_R"],"score":220,"play_id":"8f2945c4-0c37-402c-8c70-9bf3963dc756","local_time":"20210124192247","is_ascension_mode":true,"campfire_choices":[{"data":"True Grit","floor":6,"key":"SMITH"},{"data":"Bash","floor":10,"key":"SMITH"},{"data":"Metallicize","floor":15,"key":"SMITH"}],"circlet_count":0,"master_deck":["AscendersBane","Strike_R","Strike_R","Strike_R","Strike_R","Defend_R","Defend_R","Defend_R","Defend_R","Bash+1","Whirlwind+1","Metallicize+1","True Grit+1","Pommel Strike","Anger","Flame Barrier","True Grit"],"relics":["Burning Blood","Toy Ornithopter","Shuriken","Ornamental Fan"],"acts_visited":["Exordium"],"potions_floor_usage":[7,7,11,13,13],"damage_taken":[{"damage":14,"enemies":"Jaw Worm","floor":1,"turns":4},{"damage":15,"enemies":"Small Slimes","floor":2,"turns":4},{"damage":3,"enemies":"Cultist","floor":5,"turns":3},{"damage":40,"enemies":"Lagavulin","floor":7,"turns":8},{"damage":0,"enemies":"Looter","floor":8,"turns":4},{"damage":6,"enemies":"Lots of Slimes","floor":11,"turns":2},{"damage":25,"enemies":"Gremlin Nob","floor":13,"turns":4},{"damage":91,"enemies":"The Guardian","floor":16,"turns":23}],"seed_played":"3803273177666874237","potions_obtained":[{"floor":1,"key":"LiquidMemories"},{"floor":2,"key":"Regen Potion"},{"floor":8,"key":"EntropicBrew"},{"floor":13,"key":"FairyPotion"}],"is_trial":false,"path_per_floor":["M","M","?","$","M","R","E","M","T","R","M","$","E","?","R","B"],"character_chosen":"IRONCLAD","items_purchased":["True Grit","True Grit"],"campfire_rested":0,"item_purchase_floors":[4,12],"current_hp_per_floor":[67,58,58,58,61,61,42,48,48,48,53,53,44,44,44,0,0],"gold":161,"neow_bonus":"TEN_PERCENT_HP_BONUS","is_daily":false,"chose_seed":false,"campfire_upgraded":3,"win_rate":0.0,"timestamp":1611534167,"path_taken":["M","M","?","$","M","R","E","M","T","R","M","$","E","?","R","BOSS"],"items_purchased_type":["Card","Card"],"build_version":"2020-12-22","purchased_purges":1,"victory":false,"max_hp_per_floor":[82,82,82,82,82,82,82,82,82,82,82,82,82,82,82,82,82],"relic_stats":{"counters":[8,52],"Shuriken":[2],"Ornamental Fan":[4],"obtain_stats":[{"Shuriken":9,"Ornamental Fan":13,"Burning Blood":0,"Toy Ornithopter":7},{"Shuriken":5,"Ornamental Fan":7,"Burning Blood":0,"Toy Ornithopter":4},{"Shuriken":23,"Ornamental Fan":29,"Burning Blood":0,"Toy Ornithopter":19}],"Burning Blood":42,"Toy Ornithopter":15},"card_choices":[{"not_picked":["Heavy Blade","Battle Trance"],"picked":"Whirlwind","floor":1},{"not_picked":["Thunderclap","Cleave"],"picked":"Metallicize","floor":2},{"not_picked":["Burning Pact","True Grit"],"picked":"Pommel Strike","floor":5},{"not_picked":["Cleave","Rupture","Pommel Strike"],"picked":"SKIP","floor":7},{"not_picked":["Infernal Blade","Sword Boomerang"],"picked":"Anger","floor":8},{"not_picked":["Havoc","Heavy Blade"],"picked":"Flame Barrier","floor":11},{"not_picked":["Exhume","Sentinel","Pommel Strike"],"picked":"SKIP","floor":13}],"player_experience":76610,"relics_obtained":[{"floor":7,"key":"Toy Ornithopter"},{"floor":9,"key":"Shuriken"},{"floor":13,"key":"Ornamental Fan"}],"event_choices":[{"damage_healed":0,"gold_gain":0,"player_choice":"Grow","damage_taken":0,"max_hp_gain":0,"max_hp_loss":0,"event_name":"Living Wall","floor":3,"gold_loss":0,"cards_upgraded":["Whirlwind"]},{"damage_healed":0,"gold_gain":100,"player_choice":"Gold","damage_taken":0,"max_hp_gain":0,"max_hp_loss":0,"event_name":"Wheel of Change","floor":14,"gold_loss":0}],"is_beta":false,"boss_relics":[],"items_purged_floors":[4],"is_endless":false,"potions_floor_spawned":[1,2,8,13],"killed_by":"The Guardian","ascension_level":20}}