{"host":"52jmisti11ysmja4","time":1611598945,"event":{"mods":["Aspiration","BaseMod","Better Third Choice","Minty Spire (QoL Compilation)","Remove Card Discount Mod","StSLib","The Bug Knight"],"gold_per_floor":[118,118,130,146,158,158,185,98,98,98,98,98,115,150,150,255,255,273,273,293,311,311,337,305,305,330,106,135,135,160,178,178,273,273,291,289,309,139,158,187,0,334,334,81,108,118,134,134,134,134],"floor_reached":51,"language":"ENG","playtime":3026,"items_purged":["HollowMod:QuickDashStart","HollowMod:QuickDashStart","HollowMod:QuickDashStart","HollowMod:FocusHealStart","HollowMod:QuickDashStart","HollowMod:NailStrikeStart","HollowMod:NailStrikeStart","Injury","HollowMod:NailStrikeStart","HollowMod:NailStrikeStart","HollowMod:LifebloodCocoon"],"score":1241,"play_id":"259ed067-ece8-4685-99df-ac0a385d7713","local_time":"20210125102225","is_ascension_mode":true,"campfire_choices":[{"data":"HollowMod:MantisMark","floor":6.0,"key":"SMITH"},{"data":"HollowMod:MantisMark","floor":10.0,"key":"SMITH"},{"data":"HollowMod:DashSlash","floor":15.0,"key":"SMITH"},{"floor":29.0,"key":"REST"},{"data":"HollowMod:SoulEater","floor":32.0,"key":"SMITH"},{"data":"HollowMod:SlysStrikes","floor":49,"key":"SMITH"}],"circlet_count":0,"master_deck":["HollowMod:PogoStrike","HollowMod:MantisMark+1","HollowMod:HowlingWraiths","HollowMod:DashSlash+1","HollowMod:BaldurShell","HollowMod:MantisMark+1","HollowMod:BaldurShell","HollowMod:SoulSplash","HollowMod:SlysStrikes+1","HollowMod:FastStrike+1","HollowMod:SoulStrike+1","HollowMod:MantisMark","HollowMod:InfectedCysts+1","HollowMod:SoulStrike+1","HollowMod:SoulSplash+1","HollowMod:ChannelNail+1","HollowMod:SoulEater+1","HollowMod:SoulSplash","HollowMod:PureVessel","HollowMod:ChannelNail+1","HollowMod:CloakDash+1","HollowMod:DashSlash+1","HollowMod:ChannelNail+1","HollowMod:SoulEater+1","HollowMod:ShapeofUnn+1"],"relics":["HollowMod:KingsSoulRelic","aspiration:Nostalgia","Burning Blood","Mummified Hand","Sundial","Molten Egg 2","HollowMod:KingsBrand","Black Star","MutagenicStrength","Toy Ornithopter","Anchor","Nunchaku","HollowMod:MillibellesNoteRelic","aspiration:VileToxins","Regal Pillow","MealTicket","Blood Vial","Lizard Tail","Akabeko","Question Card","Dead Branch","Red Mask","Old Coin","Vajra","White Beast Statue","Shuriken","HollowMod:LifeEnderRelic","War Paint"],"acts_visited":["Exordium","TheCity","TheBeyond"],"potions_floor_usage":[47],"damage_taken":[{"damage":0.0,"enemies":"2 Louse","floor":1.0,"turns":2.0},{"damage":0.0,"enemies":"Small Slimes","floor":3.0,"turns":2.0},{"damage":6.0,"enemies":"Jaw Worm","floor":4.0,"turns":3.0},{"damage":8.0,"enemies":"3 Louse","floor":5.0,"turns":2.0},{"damage":13.0,"enemies":"HollowMod:MossKnight","floor":7.0,"turns":7.0},{"damage":12.0,"enemies":"Exordium Wildlife","floor":13.0,"turns":3.0},{"damage":4.0,"enemies":"Lagavulin","floor":14.0,"turns":4.0},{"damage":5.0,"enemies":"The Guardian","floor":16.0,"turns":6.0},{"damage":38.0,"enemies":"2 Thieves","floor":18.0,"turns":4.0},{"damage":4.0,"enemies":"Shell Parasite","floor":20.0,"turns":2.0},{"damage":0.0,"enemies":"Snecko","floor":21.0,"turns":3.0},{"damage":16.0,"enemies":"Gremlin Leader","floor":23.0,"turns":3.0},{"damage":0.0,"enemies":"Book of Stabbing","floor":28.0,"turns":3.0},{"damage":20.0,"enemies":"Gremlin Leader","floor":30.0,"turns":3.0},{"damage":6.0,"enemies":"Chosen and Byrds","floor":31.0,"turns":3.0},{"damage":0.0,"enemies":"Automaton","floor":33.0,"turns":4.0},{"damage":0.0,"enemies":"3 Shapes","floor":35.0,"turns":1.0},{"damage":9.0,"enemies":"3 Darklings","floor":37.0,"turns":3.0},{"damage":4.0,"enemies":"4 Shapes","floor":39.0,"turns":2.0},{"damage":0.0,"enemies":"Reptomancer","floor":40.0,"turns":3.0},{"damage":13,"enemies":"Nemesis","floor":42,"turns":3},{"damage":0,"enemies":"Reptomancer","floor":45,"turns":3},{"damage":22,"enemies":"Maw","floor":46,"turns":3},{"damage":0,"enemies":"Transient","floor":47,"turns":5},{"damage":4,"enemies":"Donu and Deca","floor":50,"turns":5}],"seed_played":"-972348490691374551","potions_obtained":[{"floor":1.0,"key":"Explosive Potion"},{"floor":4.0,"key":"Swift Potion"},{"floor":16.0,"key":"EssenceOfSteel"},{"floor":18.0,"key":"Fire Potion"},{"floor":28.0,"key":"FearPotion"},{"floor":30.0,"key":"SkillPotion"},{"floor":33.0,"key":"Block Potion"},{"floor":37.0,"key":"Ancient Potion"},{"floor":39.0,"key":"CultistPotion"},{"floor":40.0,"key":"FairyPotion"},{"floor":45,"key":"Swift Potion"},{"floor":47,"key":"FairyPotion"}],"is_trial":false,"path_per_floor":["M","?","M","M","M","R","E","$","T","R","?","?","M","E","R","B",null,"M","?","M","M","?","E","$","T","T","$","E","R","E","M","R","B",null,"M","$","M","$","M","E","?","E","T","$","E","M","M","$","R","B",null],"character_chosen":"THE_BUGKNIGHT","items_purchased":["HollowMod:MantisMark","HollowMod:SoulStrike+1","HollowMod:SoulSplash","aspiration:VileToxins","HollowMod:ChannelNail","HollowMod:DashSlash+1","Akabeko","Shuriken"],"campfire_rested":1,"item_purchase_floors":[8,24,27,27,27,38,38,44],"current_hp_per_floor":[74,74,75,75,73,73,66,66,66,66,66,66,60,62,62,63,72,40,26,28,34,34,24,24,24,24,24,30,69,55,57,57,70,78,80,80,77,80,80,80,80,73,73,80,80,64,77,80,80,80],"gold":134,"neow_bonus":"NOSTALGIA","is_daily":false,"chose_seed":false,"campfire_upgraded":5,"win_rate":0.0,"timestamp":1611598945,"path_taken":["M","?","M","M","M","R","E","$","T","R","?","?","M","E","R","BOSS","M","?","M","M","?","E","$","?","T","?","E","R","E","M","R","BOSS","M","$","M","?","?","E","?","E","T","$","E","M","M","$","R","BOSS"],"items_purchased_type":["Card","Card","Card","Relic","Card","Card","Relic","Relic"],"build_version":"2020-12-22","purchased_purges":11,"victory":true,"max_hp_per_floor":[75,75,75,75,75,75,75,75,75,75,75,75,75,75,75,75,75,75,80,80,80,80,80,80,80,80,80,80,80,80,80,80,80,80,80,80,80,80,80,80,80,80,80,80,80,80,80,80,80,80],"card_choices":[{"not_picked":["HollowMod:FastStrike","HollowMod:SoulEater"],"picked":"HollowMod:LifebloodCocoon","floor":1.0},{"not_picked":["HollowMod:TaintedHusks","HollowMod:BaldurShell"],"picked":"HollowMod:MantisMark","floor":3.0},{"not_picked":["HollowMod:LifebloodCocoon","HollowMod:NewLittleFool"],"picked":"HollowMod:HowlingWraiths","floor":4.0},{"not_picked":["HollowMod:LifebloodCocoon","HollowMod:VengefulVoid"],"picked":"HollowMod:DashSlash","floor":5.0},{"not_picked":["HollowMod:HowlingWraiths","HollowMod:HuntersJournal"],"picked":"HollowMod:BaldurShell","floor":7.0},{"not_picked":["HollowMod:LifebloodCocoon","HollowMod:SiblingsSouls"],"picked":"HollowMod:BaldurShell","floor":13.0},{"not_picked":["HollowMod:PaleKingsBlessing","HollowMod:HuntersJournal"],"picked":"HollowMod:SoulSplash","floor":14.0},{"not_picked":["HollowMod:PureVessel","HollowMod:ElderbugsWisdom"],"picked":"HollowMod:SlysStrikes","floor":16.0},{"not_picked":["HollowMod:BlackTendrils+1","HollowMod:SiblingsShadow"],"picked":"HollowMod:FastStrike+1","floor":18.0},{"not_picked":["HollowMod:MothsMistake","HollowMod:CycloneSlash+1"],"picked":"HollowMod:SoulStrike+1","floor":20.0},{"not_picked":["HollowMod:SharpenedNail+1","HollowMod:DoubleDash"],"picked":"HollowMod:MantisMark","floor":21.0},{"not_picked":["HollowMod:WraithStrike+1","HollowMod:theNailsmith"],"picked":"HollowMod:InfectedCysts+1","floor":23.0},{"not_picked":["HollowMod:SharpenedNail+1","HollowMod:CrystalDash","HollowMod:NewJinnsSoul"],"picked":"SKIP","floor":28.0},{"not_picked":["HollowMod:LuriensSpire+1","HollowMod:WhiteLadysBlessing"],"picked":"HollowMod:SoulEater","floor":30.0},{"not_picked":["HollowMod:LifebloodCocoon","HollowMod:SharpenedNail+1"],"picked":"HollowMod:SoulSplash","floor":31.0},{"not_picked":["HollowMod:ElderbugsWisdom","HollowMod:theNailsmith"],"picked":"HollowMod:PureVessel","floor":33.0},{"not_picked":["HollowMod:InfectionAssault+1","HollowMod:InfectedCysts+1"],"picked":"HollowMod:ChannelNail+1","floor":35.0},{"not_picked":["HollowMod:MawleksShell+1","HollowMod:SoulEater"],"picked":"HollowMod:CloakDash+1","floor":37.0},{"not_picked":["HollowMod:CycloneSlash+1","HollowMod:SoulShaman"],"picked":"HollowMod:ChannelNail+1","floor":39.0},{"not_picked":["HollowMod:RadiancesLament","HollowMod:TaintedHusks","HollowMod:MonarchWings+1"],"picked":"SKIP","floor":40.0},{"not_picked":["HollowMod:CornifersMapStart","HollowMod:FastStrike+1","HollowMod:WraithStrike+1","HollowMod:CloakDash+1"],"picked":"SKIP","floor":42},{"not_picked":["HollowMod:ElderbugsWisdom","HollowMod:WraithStrike+1","HollowMod:PureNailStrike+1"],"picked":"HollowMod:SoulEater+1","floor":45},{"not_picked":["HollowMod:CycloneSlash+1","HollowMod:ChannelNail+1","HollowMod:VengefulVoid+1","HollowMod:NewLittleFool+1"],"picked":"SKIP","floor":46},{"not_picked":["HollowMod:RecoilStrike+1","HollowMod:HeavyBlow+1","HollowMod:DungDefenderAura"],"picked":"HollowMod:ShapeofUnn+1","floor":47}],"player_experience":576505,"relics_obtained":[{"floor":7.0,"key":"Mummified Hand"},{"floor":9.0,"key":"Sundial"},{"floor":14.0,"key":"HollowMod:KingsBrand"},{"floor":23.0,"key":"Toy Ornithopter"},{"floor":23.0,"key":"Anchor"},{"floor":25.0,"key":"Nunchaku"},{"floor":26.0,"key":"HollowMod:MillibellesNoteRelic"},{"floor":28.0,"key":"Regal Pillow"},{"floor":28.0,"key":"MealTicket"},{"floor":30.0,"key":"Blood Vial"},{"floor":30.0,"key":"Lizard Tail"},{"floor":40.0,"key":"Question Card"},{"floor":40.0,"key":"Dead Branch"},{"floor":42,"key":"Old Coin"},{"floor":42,"key":"Vajra"},{"floor":43,"key":"White Beast Statue"},{"floor":45,"key":"HollowMod:LifeEnderRelic"},{"floor":45,"key":"War Paint"}],"event_choices":[{"damage_healed":0.0,"max_hp_gain":0.0,"max_hp_loss":0.0,"gold_gain":0.0,"event_name":"Golden Wing","player_choice":"Ignored","floor":2.0,"gold_loss":0.0,"damage_taken":0.0},{"damage_healed":0.0,"max_hp_gain":0.0,"max_hp_loss":0.0,"gold_gain":0.0,"event_name":"The Cleric","player_choice":"Leave","floor":11.0,"gold_loss":0.0,"damage_taken":0.0},{"damage_healed":0.0,"max_hp_gain":5.0,"max_hp_loss":0.0,"gold_gain":0.0,"event_name":"Forgotten Altar","player_choice":"Shed Blood","floor":19.0,"gold_loss":0.0,"damage_taken":19.0},{"damage_healed":0.0,"max_hp_gain":0.0,"max_hp_loss":0.0,"gold_gain":0.0,"event_name":"Drug Dealer","player_choice":"Inject Mutagens","floor":22.0,"gold_loss":0.0,"damage_taken":0.0,"relics_obtained":["MutagenicStrength"]},{"damage_healed":0.0,"max_hp_gain":0.0,"max_hp_loss":0.0,"gold_gain":0.0,"event_name":"Tomb of Lord Red Mask","player_choice":"Paid","floor":41.0,"gold_loss":187.0,"damage_taken":0.0,"relics_obtained":["Red Mask"]}],"is_beta":false,"boss_relics":[{"not_picked":["Velvet Choker","Empty Cage"],"picked":"Black Star"},{"not_picked":["Runic Dome","Busted Crown"],"picked":"HollowMod:KingsSoulRelic"}],"items_purged_floors":[8,8,8,8,8,8,8,24,24,24,36],"is_endless":false,"potions_floor_spawned":[1,4,16,18,28,30,33,37,39,40,45,46,47],"ascension_level":6}}