{"host":"czen9m7c7ttmirt2","time":1611568349,"event":{"mods":["AchievementEnabler","Aspiration","BaseMod","Better Third Choice","Colored Map","Colored Powertips","Conspire","Hubris","Minty Spire (QoL Compilation)","Replay The Spire","StSLib"],"gold_per_floor":[20,20,30,44,44,44,60,76,76,92,92,112,127,147,147,247,247,260,359,359,378,378,378],"floor_reached":22,"language":"ENG","playtime":842,"items_purged":[],"score":209,"play_id":"e815a741-5be7-47b3-8933-27fd1463511e","local_time":"20210125035229","is_ascension_mode":true,"campfire_choices":[{"floor":6,"key":"REST"},{"floor":11,"key":"RECALL"},{"floor":15,"key":"REST"}],"circlet_count":0,"master_deck":["Strike_B","Strike_B","Strike_B","Defend_B","Defend_B","Defend_B","Defend_B","Zap","Dualcast","Ball Lightning+1","Panic Button","conspire:SharedLibrary","Tempest","Leap","Rebound","Thunder Strike","Conserve Battery","Reinforced Body","Electrodynamics","CurseOfTheBell","Redo","Glacier"],"relics":["Cracked Core","aspiration:StickyExplosives_weak","Calling Bell","ReplayTheSpireMod:Lightbulb","Replay:Bottled Flurry","conspire:GlowingRock"],"acts_visited":["Exordium","TheCity"],"potions_floor_usage":[8,16,16,16,22],"damage_taken":[{"damage":13,"enemies":"Jaw Worm","floor":1,"turns":4},{"damage":12,"enemies":"Small Slimes","floor":3,"turns":2},{"damage":0,"enemies":"Cultist","floor":4,"turns":2},{"damage":35,"enemies":"Gremlin Gang","floor":7,"turns":3},{"damage":3,"enemies":"conspire:2 RoseBushes","floor":8,"turns":4},{"damage":0,"enemies":"2 Fungi Beasts","floor":10,"turns":3},{"damage":6,"enemies":"3 Louse","floor":12,"turns":2},{"damage":8,"enemies":"Blue Slaver","floor":13,"turns":3},{"damage":7,"enemies":"Large Slime","floor":14,"turns":3},{"damage":15,"enemies":"Slime Boss","floor":16,"turns":7},{"damage":18,"enemies":"Chosen","floor":18,"turns":6},{"damage":52,"enemies":"3 Byrds","floor":21,"turns":6},{"damage":22,"enemies":"Snecko","floor":22,"turns":3}],"seed_played":"-6732043109920931440","potions_obtained":[{"floor":4,"key":"ColorlessPotion"},{"floor":7,"key":"Energy Potion"},{"floor":10,"key":"Reflective Coating"},{"floor":14,"key":"Block Potion"},{"floor":21,"key":"GamblersBrew"}],"is_trial":false,"path_per_floor":["M","?","M","M","?","R","M","M","T","M","R","M","M","M","R","B",null,"M","?","$","M","M"],"character_chosen":"DEFECT","items_purchased":[],"campfire_rested":2,"item_purchase_floors":[],"current_hp_per_floor":[76,76,64,64,64,89,54,51,51,51,51,45,37,30,56,41,89,71,71,71,19,0,0],"gold":378,"neow_bonus":"TWENTY_PERCENT_HP_BONUS","is_daily":false,"chose_seed":false,"campfire_upgraded":0,"win_rate":0.0,"timestamp":1611568349,"path_taken":["M","?","M","M","?","R","M","?","T","M","R","M","M","?","R","BOSS","M","?","$","M","M"],"items_purchased_type":[],"build_version":"2020-12-22","purchased_purges":0,"victory":false,"max_hp_per_floor":[89,89,89,89,89,89,89,89,89,89,89,89,89,89,89,89,89,89,89,89,89,89,89],"card_choices":[{"not_picked":["Hologram","Rebound"],"picked":"Ball Lightning","floor":1},{"not_picked":["ReplayTheSpireMod:Reroute Power","Turbo"],"picked":"Panic Button","floor":3},{"not_picked":["Stack","Double Energy"],"picked":"conspire:SharedLibrary","floor":4},{"not_picked":["Beam Cell","ReplayTheSpireMod:Calculation Training"],"picked":"Tempest","floor":7},{"not_picked":["ReplaySort","Hologram"],"picked":"Leap","floor":8},{"not_picked":["Static Discharge","Barrage"],"picked":"Rebound","floor":10},{"not_picked":["Coolheaded","Stack"],"picked":"Thunder Strike","floor":12},{"not_picked":["Gash","Turbo"],"picked":"Conserve Battery","floor":13},{"not_picked":["Panic Button","Compile Driver"],"picked":"Reinforced Body","floor":14},{"not_picked":["Mirror Shield","Thunder Strike"],"picked":"Electrodynamics","floor":16},{"not_picked":["ReplayTheSpireMod:Reroute Power","Stack"],"picked":"Redo","floor":18},{"not_picked":["Redo","Gash"],"picked":"Glacier","floor":21}],"player_experience":204926,"relics_obtained":[{"floor":9,"key":"aspiration:StickyExplosives_weak"},{"floor":17,"key":"ReplayTheSpireMod:Lightbulb"},{"floor":17,"key":"Replay:Bottled Flurry"},{"floor":17,"key":"conspire:GlowingRock"}],"event_choices":[{"damage_healed":0,"gold_gain":0,"player_choice":"Grow","damage_taken":0,"max_hp_gain":0,"max_hp_loss":0,"event_name":"Living Wall","floor":2,"gold_loss":0,"cards_upgraded":["Ball Lightning"]},{"cards_removed":["Strike_B"],"damage_healed":0,"gold_gain":0,"player_choice":"Card Removal","damage_taken":0,"max_hp_gain":0,"max_hp_loss":0,"event_name":"Wheel of Change","floor":5,"gold_loss":0},{"damage_healed":0,"gold_gain":99,"player_choice":"Steal","damage_taken":0,"max_hp_gain":0,"max_hp_loss":0,"event_name":"betterThird:BetterNest","floor":19,"gold_loss":0}],"is_beta":false,"boss_relics":[{"not_picked":["aspiration:SilentSkillbook","hubris:TerracottaHorce"],"picked":"Calling Bell"}],"items_purged_floors":[],"is_endless":false,"potions_floor_spawned":[4,7,10,14,21],"killed_by":"Snecko","ascension_level":3}}