{"host":"dl7h25vjpuplx29g","time":1611596080,"event":{"mods":["BaseMod","Colored Map","Minty Spire (QoL Compilation)","StSLib"],"gold_per_floor":[111,123,123,123,138,177,177,197,197,197,213,213,213,249,249,338,338,359,383,220,259,309,352,375,375,375,375,139,160,191,214,214,310,310,335,335,169,192,192,192,215,253,253,269,283,283,303,303,303,303],"floor_reached":51,"language":"JPN","playtime":4233,"items_purged":["Strike_B","Strike_B","Pain"],"score":1277,"play_id":"735e5ea2-c9ca-4045-a3a4-b263ceda9f9d","local_time":"20210126023440","is_ascension_mode":true,"campfire_choices":[{"floor":10.0,"key":"REST"},{"floor":13.0,"key":"REST"},{"floor":15.0,"key":"REST"},{"floor":25.0,"key":"REST"},{"data":"Defragment","floor":27.0,"key":"SMITH"},{"data":"Capacitor","floor":32.0,"key":"SMITH"},{"data":"Auto Shields","floor":40.0,"key":"SMITH"},{"floor":46,"key":"REST"},{"floor":49,"key":"REST"}],"circlet_count":0,"master_deck":["AscendersBane","Strike_B+1","Defend_B","Defend_B","Defend_B","Zap+1","Dualcast","Cold Snap","Rebound","Ball Lightning","White Noise","Loop","Conserve Battery","Reinforced Body","Electrodynamics","Go for the Eyes","Conserve Battery","Biased Cognition","Coolheaded","Cold Snap","Capacitor+1","Auto Shields+1","Defragment+1","Turbo","Rainbow","Multi-Cast","Skim","Capacitor","Defragment","Buffer","Glacier"],"relics":["Cracked Core","Golden Idol","Ginger","InkBottle","HornCleat","Runic Pyramid","Red Mask","Pear","Peace Pipe","Darkstone Periapt","Sozu","WarpedTongs","Toy Ornithopter"],"acts_visited":["Exordium","TheCity","TheBeyond"],"potions_floor_usage":[],"damage_taken":[{"damage":0.0,"enemies":"Small Slimes","floor":1.0,"turns":4.0},{"damage":0.0,"enemies":"Jaw Worm","floor":2.0,"turns":3.0},{"damage":0.0,"enemies":"Cultist","floor":5.0,"turns":4.0},{"damage":31.0,"enemies":"3 Sentries","floor":6.0,"turns":7.0},{"damage":11.0,"enemies":"Blue Slaver","floor":8.0,"turns":3.0},{"damage":0.0,"enemies":"Large Slime","floor":11.0,"turns":3.0},{"damage":14.0,"enemies":"Lagavulin","floor":14.0,"turns":5.0},{"damage":15.0,"enemies":"Slime Boss","floor":16.0,"turns":7.0},{"damage":29.0,"enemies":"Shell Parasite","floor":18.0,"turns":5.0},{"damage":2.0,"enemies":"2 Thieves","floor":19.0,"turns":3.0},{"damage":8.0,"enemies":"Masked Bandits","floor":21.0,"turns":4.0},{"damage":6.0,"enemies":"Book of Stabbing","floor":23.0,"turns":4.0},{"damage":7.0,"enemies":"Shelled Parasite and Fungi","floor":24.0,"turns":7.0},{"damage":0.0,"enemies":"Snecko","floor":29.0,"turns":4.0},{"damage":4.0,"enemies":"Gremlin Leader","floor":30.0,"turns":5.0},{"damage":0.0,"enemies":"Centurion and Healer","floor":31.0,"turns":5.0},{"damage":17.0,"enemies":"Collector","floor":33.0,"turns":7.0},{"damage":12.0,"enemies":"Orb Walker","floor":35.0,"turns":3.0},{"damage":0.0,"enemies":"3 Shapes","floor":38.0,"turns":4.0},{"damage":0.0,"enemies":"Maw","floor":41.0,"turns":8.0},{"damage":21.0,"enemies":"Reptomancer","floor":42.0,"turns":7.0},{"damage":10.0,"enemies":"Transient","floor":44.0,"turns":6.0},{"damage":20,"enemies":"Jaw Worm Horde","floor":45,"turns":3},{"damage":0,"enemies":"Sphere and 2 Shapes","floor":47,"turns":4},{"damage":43,"enemies":"Awakened One","floor":50,"turns":21}],"seed_played":"-446457370062854356","potions_obtained":[{"floor":2.0,"key":"DistilledChaos"},{"floor":6.0,"key":"Swift Potion"},{"floor":16.0,"key":"Weak Potion"},{"floor":18.0,"key":"Energy Potion"},{"floor":19.0,"key":"DistilledChaos"},{"floor":21.0,"key":"EssenceOfDarkness"},{"floor":30.0,"key":"Strength Potion"}],"is_trial":false,"path_per_floor":["M","M","?","?","M","E","?","M","T","R","M","?","R","E","R","B",null,"M","M","$","?","?","E","M","R","T","R","$","M","E","M","R","B",null,"M","?","$","M","?","R","M","E","T","M","M","R","M","?","R","B",null],"character_chosen":"DEFECT","items_purchased":["Capacitor","DuplicationPotion","Block Potion","Capacitor"],"campfire_rested":6,"item_purchase_floors":[20,28,28,37],"current_hp_per_floor":[64,64,64,64,64,33,14,3,3,22,22,22,41,27,46,31,56,27,25,25,17,17,21,14,36,36,36,36,36,32,32,32,15,59,47,53,53,53,53,53,53,32,32,22,2,26,26,26,50,7],"gold":303,"neow_bonus":"REMOVE_CARD","is_daily":false,"chose_seed":false,"campfire_upgraded":3,"win_rate":0.0,"timestamp":1611596080,"path_taken":["M","M","?","?","M","E","?","?","T","R","M","?","R","E","R","BOSS","M","?","$","?","?","E","M","R","T","R","?","M","E","?","R","BOSS","M","?","?","?","?","R","M","E","T","?","M","R","M","?","R","BOSS"],"items_purchased_type":["Card","Potion","Potion","Card"],"build_version":"2020-12-22","purchased_purges":3,"victory":true,"max_hp_per_floor":[71,71,64,64,64,64,64,64,64,64,64,64,64,64,64,64,64,64,64,64,64,64,74,74,74,74,74,74,74,74,74,74,74,74,74,80,80,80,80,80,80,80,80,80,80,80,80,80,80,80],"card_choices":[{"not_picked":["Coolheaded","Recycle"],"picked":"Cold Snap","floor":1.0},{"not_picked":["Aggregate","Beam Cell"],"picked":"Rebound","floor":2.0},{"not_picked":["Auto Shields","Tempest"],"picked":"Ball Lightning","floor":5.0},{"not_picked":["Rebound","Hello World"],"picked":"White Noise","floor":6.0},{"not_picked":["Ball Lightning","Beam Cell"],"picked":"Loop","floor":8.0},{"not_picked":["Rebound","Hello World"],"picked":"Conserve Battery","floor":11.0},{"not_picked":["Scrape","Auto Shields"],"picked":"Conserve Battery","floor":14.0},{"not_picked":["Seek","Core Surge"],"picked":"Biased Cognition","floor":16.0},{"not_picked":["Redo","Aggregate"],"picked":"Coolheaded","floor":18.0},{"not_picked":["Redo","Leap"],"picked":"Cold Snap","floor":19.0},{"not_picked":["Loop","Conserve Battery"],"picked":"Auto Shields","floor":21.0},{"not_picked":["Hologram","Reinforced Body"],"picked":"Defragment","floor":23.0},{"not_picked":["Conserve Battery","Storm"],"picked":"Turbo","floor":24.0},{"not_picked":["Beam Cell","Sweeping Beam+1","Streamline"],"picked":"SKIP","floor":29.0},{"not_picked":["Turbo","Chill"],"picked":"Rainbow","floor":30.0},{"not_picked":["Reprogram","Beam Cell","Gash"],"picked":"SKIP","floor":31.0},{"not_picked":["Creative AI","Electrodynamics"],"picked":"Multi-Cast","floor":33.0},{"not_picked":["Sweeping Beam","Rebound+1"],"picked":"Skim","floor":35.0},{"not_picked":["Force Field","Scrape","Turbo"],"picked":"SKIP","floor":38.0},{"not_picked":["Stack","Beam Cell","Genetic Algorithm"],"picked":"SKIP","floor":41.0},{"not_picked":["Hologram","Ball Lightning+1","Skim"],"picked":"SKIP","floor":42.0},{"not_picked":["Scrape","Hologram"],"picked":"Defragment","floor":44.0},{"not_picked":["Chill","Leap"],"picked":"Buffer","floor":45},{"not_picked":["Coolheaded+1","Conserve Battery"],"picked":"Glacier","floor":47}],"player_experience":1652235,"relics_obtained":[{"floor":6.0,"key":"Ginger"},{"floor":9.0,"key":"InkBottle"},{"floor":14.0,"key":"HornCleat"},{"floor":21.0,"key":"Red Mask"},{"floor":23.0,"key":"Pear"},{"floor":26.0,"key":"Peace Pipe"},{"floor":30.0,"key":"Darkstone Periapt"},{"floor":42.0,"key":"Toy Ornithopter"}],"event_choices":[{"damage_healed":0.0,"max_hp_gain":0.0,"max_hp_loss":7.0,"gold_gain":0.0,"event_name":"Golden Idol","player_choice":"Lose Max HP","floor":3.0,"gold_loss":0.0,"damage_taken":0.0,"relics_obtained":["Golden Idol"]},{"damage_healed":0.0,"max_hp_gain":0.0,"max_hp_loss":0.0,"gold_gain":0.0,"event_name":"Liars Game","player_choice":"Ignored","floor":4.0,"gold_loss":0.0,"damage_taken":0.0},{"damage_healed":0.0,"max_hp_gain":0.0,"max_hp_loss":0.0,"gold_gain":0.0,"event_name":"Shining Light","player_choice":"Entered Light","floor":7.0,"gold_loss":0.0,"damage_taken":19.0,"cards_upgraded":["Strike_B","Zap"]},{"damage_healed":0.0,"max_hp_gain":0.0,"max_hp_loss":0.0,"gold_gain":0.0,"event_name":"Match and Keep!","player_choice":"3 cards matched","floor":12.0,"gold_loss":0.0,"damage_taken":0.0,"cards_obtained":["Reinforced Body","Electrodynamics","Go for the Eyes"]},{"damage_healed":0.0,"max_hp_gain":0.0,"max_hp_loss":0.0,"gold_gain":0.0,"event_name":"Masked Bandits","player_choice":"Fought Bandits","floor":21.0,"gold_loss":0.0,"damage_taken":0.0},{"damage_healed":0.0,"max_hp_gain":0.0,"max_hp_loss":0.0,"gold_gain":50.0,"event_name":"Nest","player_choice":"Stole From Cult","floor":22.0,"gold_loss":0.0,"damage_taken":0.0},{"damage_healed":0.0,"max_hp_gain":0.0,"max_hp_loss":0.0,"gold_gain":0.0,"event_name":"Accursed Blacksmith","player_choice":"Rummage","floor":36.0,"gold_loss":0.0,"damage_taken":0.0,"relics_obtained":["WarpedTongs"],"cards_obtained":["Pain"]},{"cards_removed":["Defend_B"],"damage_healed":0.0,"max_hp_gain":0.0,"max_hp_loss":0.0,"gold_gain":0.0,"event_name":"Purifier","player_choice":"Purged","floor":39.0,"gold_loss":0.0,"damage_taken":0.0},{"damage_healed":0,"gold_gain":0,"player_choice":"0 cards matched","damage_taken":0,"max_hp_gain":0,"max_hp_loss":0,"event_name":"Match and Keep!","floor":48,"gold_loss":0,"cards_obtained":[]}],"is_beta":false,"boss_relics":[{"not_picked":["Fusion Hammer","SlaversCollar"],"picked":"Runic Pyramid"},{"not_picked":["Black Star","Philosopher\u0027s Stone"],"picked":"Sozu"}],"items_purged_floors":[20,28,37],"is_endless":false,"potions_floor_spawned":[2,6,16,18,19,21,30,33,38,41,45,47],"ascension_level":17}}