{"host":"l84l8xigz5v5foa2","time":1611565335,"event":{"mods":["2.2 Compatiblity","AchievementEnabler","BaseMod","Better Note","Better Vampires","Card Filter","Colored Map","DeckTracker","Gremlin Skip","Highlight Path","Keyboard Shortcuts","Minty Spire (QoL Compilation)","Permanent Neow","Quick Restart","Relic Filter","Relic Stats","Shop Mod","StSLib","SuperFastMode","Transform Curses","Unknown Chances"],"gold_per_floor":[117,42,42,59,59,87,87,122,122,122,141,160,160,174,174,250,250,269,319,334,347,437,472,472,507,533,552,552,73,73,107,107,182,182,192,217,217,217,235,268,283,309,335,347,347,98,98,133,133,133,133,133,8,34,34],"floor_reached":56,"language":"KOR","playtime":3987,"items_purged":["Strike_G","Strike_G","Strike_G"],"score":2114,"play_id":"5a928909-3815-49c0-a662-d1a0336e6cc3","local_time":"20210125180215","is_ascension_mode":true,"campfire_choices":[{"data":"The Bomb","floor":7.0,"key":"SMITH"},{"data":"Well Laid Plans","floor":10.0,"key":"SMITH"},{"data":"Neutralize","floor":13.0,"key":"SMITH"},{"data":"Sucker Punch","floor":15.0,"key":"SMITH"},{"data":"Acrobatics","floor":24.0,"key":"SMITH"},{"data":"Setup","floor":30.0,"key":"SMITH"},{"data":"Prepared","floor":32.0,"key":"SMITH"},{"data":"Expertise","floor":45,"key":"SMITH"},{"floor":49,"key":"RECALL"},{"data":"Noxious Fumes","floor":52,"key":"SMITH"}],"circlet_count":0,"master_deck":["AscendersBane","Defend_G","Defend_G","Defend_G","Defend_G","Defend_G","Survivor","Neutralize+1","The Bomb+1","Well Laid Plans+1","Dagger Throw","Noxious Fumes+1","Adrenaline","Acrobatics+1","Footwork","Sucker Punch+1","Venomology","Sucker Punch+1","Setup+1","Tactician+1","Prepared+1","Expertise+1","Dash","Eviscerate","Malaise+1","Cloak And Dagger+1","Acrobatics+1","PiercingWail+1","Noxious Fumes+1","Footwork","Madness+1","Madness+1","Deflect+1","Caltrops"],"relics":["Ring of the Snake","Meat on the Bone","Blood Vial","Paper Crane","Turnip","Coffee Dripper","White Beast Statue","Vajra","Toxic Egg 2","Lee\u0027s Waffle","Toy Ornithopter","SacredBark","Lizard Tail","Boot","Girya","Strawberry","Oddly Smooth Stone","MealTicket","Letter Opener"],"acts_visited":["Exordium","TheCity","TheBeyond","TheEnding"],"potions_floor_usage":[35,36,39,40,41,41,42,42,44,44,48,48,50,54,55,55],"damage_taken":[{"damage":0.0,"enemies":"Small Slimes","floor":1.0,"turns":3.0},{"damage":2.0,"enemies":"2 Louse","floor":4.0,"turns":4.0},{"damage":7.0,"enemies":"Lagavulin","floor":6.0,"turns":6.0},{"damage":30.0,"enemies":"Gremlin Nob","floor":8.0,"turns":4.0},{"damage":0.0,"enemies":"Cultist","floor":11.0,"turns":3.0},{"damage":10.0,"enemies":"Gremlin Gang","floor":12.0,"turns":3.0},{"damage":4.0,"enemies":"Looter","floor":14.0,"turns":5.0},{"damage":0.0,"enemies":"Hexaghost","floor":16.0,"turns":9.0},{"damage":0.0,"enemies":"Spheric Guardian","floor":18.0,"turns":6.0},{"damage":13.0,"enemies":"3 Byrds","floor":20.0,"turns":5.0},{"damage":15.0,"enemies":"Snecko","floor":21.0,"turns":5.0},{"damage":20.0,"enemies":"Slavers","floor":23.0,"turns":3.0},{"damage":6.0,"enemies":"Gremlin Leader","floor":25.0,"turns":10.0},{"damage":2.0,"enemies":"Sentry and Sphere","floor":27.0,"turns":6.0},{"damage":11.0,"enemies":"Slavers","floor":31.0,"turns":5.0},{"damage":7.0,"enemies":"Collector","floor":33.0,"turns":10.0},{"damage":10,"enemies":"3 Shapes","floor":35,"turns":5},{"damage":0,"enemies":"Mind Bloom Boss Battle","floor":36,"turns":8},{"damage":6,"enemies":"Orb Walker","floor":39,"turns":4},{"damage":3,"enemies":"Nemesis","floor":40,"turns":7},{"damage":5,"enemies":"4 Shapes","floor":41,"turns":6},{"damage":0,"enemies":"Giant Head","floor":42,"turns":9},{"damage":8,"enemies":"Writhing Mass","floor":44,"turns":8},{"damage":14,"enemies":"Nemesis","floor":48,"turns":6},{"damage":32,"enemies":"Awakened One","floor":50,"turns":15},{"damage":49,"enemies":"Shield and Spear","floor":54,"turns":10},{"damage":112,"enemies":"The Heart","floor":55,"turns":15}],"seed_played":"-5241107831153140038","potions_obtained":[{"floor":8.0,"key":"Ancient Potion"},{"floor":11.0,"key":"DistilledChaos"},{"floor":16.0,"key":"Strength Potion"},{"floor":23.0,"key":"PowerPotion"},{"floor":25.0,"key":"ColorlessPotion"},{"floor":27.0,"key":"SkillPotion"},{"floor":31.0,"key":"EssenceOfSteel"},{"floor":33.0,"key":"SkillPotion"},{"floor":40,"key":"Block Potion"},{"floor":41,"key":"SkillPotion"},{"floor":42,"key":"Fire Potion"},{"floor":44,"key":"SkillPotion"},{"floor":48,"key":"Ancient Potion"}],"is_trial":false,"path_per_floor":["M","?","?","M","?","E","R","E","T","R","M","M","R","M","R","B",null,"M","?","M","M","?","E","R","E","T","M","?","$","R","E","R","B",null,"M","?","?","?","M","E","M","E","T","M","R","$","?","E","R","B",null,"R","$","E","B",null],"character_chosen":"THE_SILENT","items_purchased":["Toxic Egg 2","Lee\u0027s Waffle","Oddly Smooth Stone"],"campfire_rested":0,"item_purchase_floors":[29,29,46],"current_hp_per_floor":[59,59,54,52,57,50,50,34,34,34,36,40,40,38,38,40,59,61,61,50,37,19,13,13,21,21,33,15,77,77,66,66,70,75,67,74,74,74,71,74,77,77,84,83,83,83,68,66,66,53,76,76,84,47,14],"gold":34,"neow_bonus":"RANDOM_COLORLESS_2","is_daily":false,"chose_seed":false,"campfire_upgraded":9,"win_rate":0.0,"timestamp":1611565335,"path_taken":["M","?","?","M","?","E","R","E","T","R","M","M","R","M","R","BOSS","M","?","?","?","?","E","R","E","T","?","?","?","R","E","R","BOSS","M","?","?","?","M","E","M","E","T","?","R","$","?","E","R","BOSS","R","$","E","BOSS"],"items_purchased_type":["Relic","Relic","Relic"],"build_version":"2020-12-22","purchased_purges":3,"victory":true,"max_hp_per_floor":[60,60,60,60,65,65,65,65,65,65,65,65,65,65,65,65,65,65,65,65,65,65,65,65,65,65,65,70,77,77,77,77,77,77,77,77,77,77,77,77,77,77,84,84,84,84,84,84,84,84,84,84,84,84,84],"relic_stats":{"Blood Vial":40,"Lee\u0027s Waffle":62,"Lizard Tail":0,"counters":[27,180],"MealTicket":8,"Turnip":[15],"Letter Opener":[95],"Boot":[43],"obtain_stats":[{"Girya":42,"Lee\u0027s Waffle":29,"SacredBark":34,"Vajra":25,"Oddly Smooth Stone":46,"Letter Opener":54,"Paper Crane":8,"Boot":40,"White Beast Statue":23,"Blood Vial":6,"Lizard Tail":36,"Strawberry":43,"MealTicket":48,"Turnip":9,"Coffee Dripper":17,"Toxic Egg 2":29,"Toy Ornithopter":31,"Ring of the Snake":0,"Meat on the Bone":3},{"Girya":22,"Lee\u0027s Waffle":14,"SacredBark":16,"Vajra":13,"Oddly Smooth Stone":23,"Letter Opener":26,"Paper Crane":4,"Boot":20,"White Beast Statue":12,"Blood Vial":3,"Lizard Tail":18,"Strawberry":22,"MealTicket":24,"Turnip":4,"Coffee Dripper":8,"Toxic Egg 2":14,"Toy Ornithopter":15,"Ring of the Snake":0,"Meat on the Bone":1},{"Girya":126,"Lee\u0027s Waffle":72,"SacredBark":87,"Vajra":66,"Oddly Smooth Stone":134,"Letter Opener":165,"Paper Crane":17,"Boot":111,"White Beast Statue":56,"Blood Vial":13,"Lizard Tail":100,"Strawberry":126,"MealTicket":140,"Turnip":17,"Coffee Dripper":37,"Toxic Egg 2":72,"Toy Ornithopter":77,"Ring of the Snake":0,"Meat on the Bone":3}],"Toy Ornithopter":57,"Ring of the Snake":[54],"Meat on the Bone":96},"card_choices":[{"not_picked":["Sadistic Nature","Secret Weapon"],"picked":"The Bomb","floor":0.0},{"not_picked":["Dagger Spray","Outmaneuver"],"picked":"Well Laid Plans","floor":1.0},{"not_picked":["Outmaneuver","All Out Attack"],"picked":"Dagger Throw","floor":4.0},{"not_picked":["Poisoned Stab","Distraction"],"picked":"Noxious Fumes","floor":6.0},{"not_picked":["Finisher","Quick Slash"],"picked":"Adrenaline","floor":8.0},{"not_picked":["Backflip","Finisher"],"picked":"Acrobatics","floor":11.0},{"not_picked":["Bouncing Flask","Sucker Punch"],"picked":"Footwork","floor":12.0},{"not_picked":["Cloak And Dagger","Blade Dance"],"picked":"Sucker Punch","floor":14.0},{"not_picked":["A Thousand Cuts","Doppelganger"],"picked":"Venomology","floor":16.0},{"not_picked":["Dagger Throw","Well Laid Plans"],"picked":"Sucker Punch+1","floor":18.0},{"not_picked":["Dodge and Roll","Noxious Fumes"],"picked":"Setup","floor":20.0},{"not_picked":["Quick Slash","Deadly Poison"],"picked":"Tactician+1","floor":21.0},{"not_picked":["Outmaneuver","Slice+1"],"picked":"Prepared","floor":23.0},{"not_picked":["Masterful Stab","Accuracy"],"picked":"Expertise","floor":25.0},{"not_picked":["Well Laid Plans","Crippling Poison"],"picked":"Dash","floor":27.0},{"not_picked":["Poisoned Stab+1","Setup+1"],"picked":"Eviscerate","floor":31.0},{"not_picked":["Glass Knife","A Thousand Cuts"],"picked":"Malaise+1","floor":33.0},{"not_picked":["Deadly Poison+1","Quick Slash"],"picked":"Cloak And Dagger+1","floor":35},{"not_picked":["Underhanded Strike+1","Dagger Spray"],"picked":"Acrobatics+1","floor":36},{"not_picked":["Noxious Fumes","Bane+1"],"picked":"PiercingWail+1","floor":39},{"not_picked":["Slice","Deadly Poison+1"],"picked":"Noxious Fumes+1","floor":40},{"not_picked":["Poisoned Stab+1","Dagger Spray","Dagger Throw"],"picked":"SKIP","floor":41},{"not_picked":["Cloak And Dagger+1","Escape Plan+1"],"picked":"Footwork","floor":42},{"not_picked":["Dagger Spray+1","Setup+1","Underhanded Strike"],"picked":"SKIP","floor":44},{"not_picked":["Backflip+1","Slice"],"picked":"Deflect+1","floor":48},{"not_picked":["Accuracy","Crippling Poison+1"],"picked":"Caltrops","floor":54}],"player_experience":1438500,"relics_obtained":[{"floor":6.0,"key":"Blood Vial"},{"floor":8.0,"key":"Paper Crane"},{"floor":9.0,"key":"Turnip"},{"floor":23.0,"key":"White Beast Statue"},{"floor":25.0,"key":"Vajra"},{"floor":31.0,"key":"Toy Ornithopter"},{"floor":36,"key":"Lizard Tail"},{"floor":40,"key":"Boot"},{"floor":42,"key":"Girya"},{"floor":43,"key":"Strawberry"},{"floor":48,"key":"MealTicket"},{"floor":54,"key":"Letter Opener"}],"event_choices":[{"cards_removed":["Strike_G"],"damage_healed":0.0,"max_hp_gain":0.0,"max_hp_loss":0.0,"gold_gain":0.0,"event_name":"The Cleric","player_choice":"Card Removal","floor":2.0,"gold_loss":75.0,"damage_taken":0.0},{"damage_healed":0.0,"max_hp_gain":0.0,"max_hp_loss":0.0,"gold_gain":0.0,"event_name":"Scrap Ooze","player_choice":"Success","floor":3.0,"gold_loss":0.0,"damage_taken":5.0,"relics_obtained":["Meat on the Bone"]},{"damage_healed":0.0,"max_hp_gain":5.0,"max_hp_loss":0.0,"gold_gain":0.0,"event_name":"Big Fish","player_choice":"Donut","floor":5.0,"gold_loss":0.0,"damage_taken":0.0},{"damage_healed":0.0,"max_hp_gain":0.0,"max_hp_loss":0.0,"gold_gain":100.0,"event_name":"The Joust","player_choice":"Bet on Murderer","floor":19.0,"gold_loss":50.0,"damage_taken":0.0},{"damage_healed":0.0,"max_hp_gain":0.0,"max_hp_loss":0.0,"gold_gain":90.0,"event_name":"Knowing Skull","player_choice":"POTION GOLD ","floor":22.0,"potions_obtained":["SteroidPotion"],"gold_loss":0.0,"damage_taken":18.0,"cards_obtained":[]},{"damage_healed":0.0,"max_hp_gain":5.0,"max_hp_loss":0.0,"gold_gain":0.0,"event_name":"Forgotten Altar","player_choice":"Shed Blood","floor":28.0,"gold_loss":0.0,"damage_taken":23.0},{"damage_healed":0,"gold_gain":0,"player_choice":"Fight","damage_taken":0,"max_hp_gain":0,"max_hp_loss":0,"event_name":"MindBloom","floor":36,"gold_loss":0},{"cards_removed":["Strike_G"],"damage_healed":0,"gold_gain":0,"player_choice":"Removed Attack","damage_taken":0,"max_hp_gain":0,"max_hp_loss":0,"event_name":"Falling","floor":37,"gold_loss":0},{"damage_healed":0,"gold_gain":0,"player_choice":"Ignored","damage_taken":0,"max_hp_gain":0,"max_hp_loss":0,"event_name":"Tomb of Lord Red Mask","floor":38,"gold_loss":0},{"damage_healed":0,"gold_gain":0,"player_choice":"Embrace Madness","damage_taken":15,"max_hp_gain":0,"max_hp_loss":0,"event_name":"Winding Halls","floor":47,"gold_loss":0,"cards_obtained":["Madness","Madness"]}],"is_beta":false,"boss_relics":[{"not_picked":["SlaversCollar","Fusion Hammer"],"picked":"Coffee Dripper"},{"not_picked":["Velvet Choker","Busted Crown"],"picked":"SacredBark"}],"items_purged_floors":[29,46,53],"is_endless":false,"potions_floor_spawned":[8,11,16,18,23,25,27,31,33,35,36,39,40,41,42,44,48,54],"ascension_level":15}}