{"host":"jpcy2bclvs7juczu","time":1611578859,"event":{"mods":["Alarm Clock","BaseMod","Bestiary","Block Reminder","Colored Map","Colored Powertips","Curses Come First","Dark Map","Minty Spire (QoL Compilation)","Quick Restart","RNG Fix","Relic Stats","Slay the Relics Exporter","SpireBot","StSLib","ojb\u0027s Better Paths Mod","ojb\u0027s Info Mod","slay the spire mod where everything is the same but ironclad has a cowboy hat"],"gold_per_floor":[110,120,19,19,44,44,75,75,75,108,108,108,121,144,144,242,242,261,275,112,137,150,150,150],"floor_reached":23,"language":"ENG","playtime":2717,"items_purged":[],"score":406,"play_id":"d6991c66-529b-4992-bd22-e6dbc7d20601","local_time":"20210125074739","is_ascension_mode":true,"campfire_choices":[{"data":"Doom and Gloom","floor":6,"key":"SMITH"},{"data":"Streamline","floor":8,"key":"SMITH"},{"floor":11,"key":"REST"},{"floor":15,"key":"REST"}],"circlet_count":0,"master_deck":["AscendersBane","Zap","Dualcast","Fusion","Streamline+1","Hologram","Doom and Gloom+1","Hello World","Streamline","Melter","Skim","Fission","Hologram","Scrape","Sunder","Echo Form","Rip and Tear","Machine Learning","All For One","Leap+1","Glacier","Compile Driver","Hologram","Ball Lightning+1"],"relics":["Busted Crown","Golden Idol","Cables","InkBottle","StrikeDummy","Pandora\u0027s Box"],"acts_visited":["Exordium","TheCity"],"potions_floor_usage":[5,18,21,22],"damage_taken":[{"damage":0,"enemies":"Cultist","floor":1,"turns":3},{"damage":6,"enemies":"Small Slimes","floor":2,"turns":4},{"damage":2,"enemies":"Jaw Worm","floor":5,"turns":3},{"damage":27,"enemies":"3 Sentries","floor":7,"turns":6},{"damage":25,"enemies":"Lagavulin","floor":10,"turns":5},{"damage":14,"enemies":"Exordium Thugs","floor":13,"turns":3},{"damage":1,"enemies":"2 Fungi Beasts","floor":14,"turns":3},{"damage":25,"enemies":"The Guardian","floor":16,"turns":9},{"damage":23,"enemies":"Shell Parasite","floor":18,"turns":3},{"damage":25,"enemies":"3 Byrds","floor":19,"turns":5},{"damage":0,"enemies":"Snecko","floor":21,"turns":5},{"damage":0,"enemies":"3 Cultists","floor":22,"turns":4},{"damage":31,"enemies":"Slavers","floor":23,"turns":1}],"seed_played":"6673157074020954563","potions_obtained":[{"floor":2,"key":"Block Potion"},{"floor":10,"key":"FearPotion"},{"floor":16,"key":"Weak Potion"},{"floor":19,"key":"Strength Potion"},{"floor":22,"key":"FairyPotion"}],"is_trial":false,"path_per_floor":["M","M","$","?","M","R","E","R","T","E","R","?","M","M","R","B",null,"M","M","$","M","M","E"],"character_chosen":"DEFECT","items_purchased":["Hologram","Doom and Gloom","Glacier","Compile Driver","Block Potion"],"campfire_rested":2,"item_purchase_floors":[3,3,20,20,20],"current_hp_per_floor":[64,58,58,58,56,56,29,29,29,4,23,23,9,8,27,2,49,26,1,1,1,1,0,0],"gold":150,"neow_bonus":"BOSS_RELIC","is_daily":false,"chose_seed":false,"campfire_upgraded":2,"win_rate":0.0,"timestamp":1611578859,"path_taken":["M","M","$","?","M","R","E","R","T","E","R","?","M","M","R","BOSS","M","M","$","M","M","E"],"items_purchased_type":["Card","Card","Card","Card","Potion"],"build_version":"2020-12-22","purchased_purges":0,"victory":false,"max_hp_per_floor":[71,71,71,64,64,64,64,64,64,64,64,64,64,64,64,64,64,64,64,64,64,64,64,64],"relic_stats":{"Busted Crown":24,"counters":[13,54],"Golden Idol":61,"Pandora\u0027s Box":["Hologram","Scrape","Sunder","Echo Form","Rip and Tear","Machine Learning","All For One"],"obtain_stats":[{"Busted Crown":0,"Golden Idol":4,"Pandora\u0027s Box":17,"Cracked Core":0,"StrikeDummy":10,"InkBottle":9,"Cables":7},{"Busted Crown":0,"Golden Idol":2,"Pandora\u0027s Box":8,"Cracked Core":0,"StrikeDummy":5,"InkBottle":4,"Cables":4},{"Busted Crown":0,"Golden Idol":7,"Pandora\u0027s Box":36,"Cracked Core":0,"StrikeDummy":21,"InkBottle":16,"Cables":16}],"InkBottle":[14],"Cables":[20,3,3,14,0]},"card_choices":[{"not_picked":[],"picked":"Fusion","floor":1},{"not_picked":[],"picked":"Streamline","floor":2},{"not_picked":[],"picked":"Hello World","floor":5},{"not_picked":[],"picked":"Streamline","floor":7},{"not_picked":["Steam"],"picked":"SKIP","floor":10},{"not_picked":["Steam"],"picked":"SKIP","floor":10},{"not_picked":[],"picked":"Skim","floor":13},{"not_picked":["Capacitor"],"picked":"SKIP","floor":14},{"not_picked":[],"picked":"Fission","floor":16},{"not_picked":[],"picked":"Leap+1","floor":18},{"not_picked":["Beam Cell"],"picked":"SKIP","floor":19},{"not_picked":[],"picked":"Hologram","floor":21},{"not_picked":[],"picked":"Ball Lightning+1","floor":22}],"player_experience":1487095,"relics_obtained":[{"floor":7,"key":"Cables"},{"floor":9,"key":"InkBottle"},{"floor":10,"key":"StrikeDummy"}],"event_choices":[{"damage_healed":0,"gold_gain":0,"player_choice":"Lose Max HP","damage_taken":0,"relics_obtained":["Golden Idol"],"max_hp_gain":0,"max_hp_loss":7,"event_name":"Golden Idol","floor":4,"gold_loss":0},{"damage_healed":0,"gold_gain":0,"cards_transformed":["Strike_B"],"player_choice":"Change","damage_taken":0,"max_hp_gain":0,"max_hp_loss":0,"event_name":"Living Wall","floor":12,"gold_loss":0,"cards_obtained":["Melter"]}],"is_beta":false,"boss_relics":[{"not_picked":["Ectoplasm","Empty Cage"],"picked":"Pandora\u0027s Box"}],"items_purged_floors":[],"is_endless":false,"potions_floor_spawned":[2,10,16,19,22],"killed_by":"Slavers","ascension_level":20}}