{"host":"jhy70w0yh8dayqay","time":1611566841,"event":{"mods":["AchievementEnabler","BaseMod","Colored Map","Colored Powertips","DeckTracker","Minty Spire (QoL Compilation)","Permanent Neow","SuperFastMode"],"gold_per_floor":[115,115,115,133,208,208,222,263,263,263,301,301,14,32,32,151,151,170,95,45,45,26,53,53,70,70,70,70,70,86,86,86,183,183,195,213,213,3,3,3,3,3,3,14,14,29,40,50,50,50],"floor_reached":51,"language":"KOR","playtime":2051,"items_purged":["Strike_G","Defend_G","Strike_G"],"score":1013,"play_id":"b1f0444f-a63c-445a-be01-6a3d9b98ffd6","local_time":"20210125182721","is_ascension_mode":true,"campfire_choices":[{"floor":6.0,"key":"REST"},{"data":"Adrenaline","floor":10,"key":"SMITH"},{"data":"Acrobatics","floor":15,"key":"SMITH"},{"data":"Blade Dance","floor":24,"key":"SMITH"},{"data":"Reflex","floor":27,"key":"SMITH"},{"data":"Neutralize","floor":29,"key":"SMITH"},{"data":"Backflip","floor":32,"key":"SMITH"},{"data":"Well Laid Plans","floor":40,"key":"SMITH"},{"data":"Tactician","floor":45,"key":"SMITH"},{"data":"Blur","floor":49,"key":"SMITH"}],"circlet_count":0,"master_deck":["AscendersBane","Strike_G+1","Defend_G+1","Defend_G","Defend_G","Survivor","Neutralize+1","Adrenaline+1","Well Laid Plans+1","Slice","Blade Dance+1","Acrobatics+1","Reflex+1","Accuracy+1","Dagger Throw","Infinite Blades+1","After Image+1","Noxious Fumes+1","Backstab","PiercingWail","Backflip+1","A Thousand Cuts+1","Prepared+1","PiercingWail","Tactician+1","Concentrate+1","Blade Dance+1","Blur+1"],"relics":["Ring of the Snake","Bloody Idol","White Beast Statue","Frozen Egg 2","Orichalcum","Membership Card","WristBlade","Anchor","Bottled Lightning","SacredBark","TwistedFunnel","Blood Vial","Paper Crane"],"acts_visited":["Exordium","TheCity","TheBeyond"],"potions_floor_usage":[8,11,16,23,25,36,46,50,50],"damage_taken":[{"damage":0.0,"enemies":"2 Louse","floor":1.0,"turns":3.0},{"damage":0.0,"enemies":"Small Slimes","floor":4.0,"turns":3.0},{"damage":2.0,"enemies":"Cultist","floor":7.0,"turns":4.0},{"damage":13,"enemies":"Gremlin Nob","floor":8,"turns":4},{"damage":10,"enemies":"Lagavulin","floor":11,"turns":6},{"damage":1,"enemies":"Blue Slaver","floor":14,"turns":3},{"damage":7,"enemies":"Slime Boss","floor":16,"turns":7},{"damage":1,"enemies":"Spheric Guardian","floor":18,"turns":3},{"damage":12,"enemies":"Book of Stabbing","floor":23,"turns":4},{"damage":0,"enemies":"3 Byrds","floor":25,"turns":4},{"damage":0,"enemies":"Centurion and Healer","floor":30,"turns":6},{"damage":42,"enemies":"Champ","floor":33,"turns":8},{"damage":0,"enemies":"Orb Walker","floor":35,"turns":3},{"damage":6,"enemies":"3 Darklings","floor":36,"turns":4},{"damage":0,"enemies":"Maw","floor":44,"turns":5},{"damage":9,"enemies":"Transient","floor":46,"turns":5},{"damage":0,"enemies":"4 Shapes","floor":47,"turns":3},{"damage":0,"enemies":"3 Darklings","floor":48,"turns":3},{"damage":21,"enemies":"Donu and Deca","floor":50,"turns":6}],"seed_played":"8634187355327700150","potions_obtained":[{"floor":1.0,"key":"Strength Potion"},{"floor":8,"key":"SteroidPotion"},{"floor":11,"key":"SpeedPotion"},{"floor":14,"key":"ColorlessPotion"},{"floor":16,"key":"Explosive Potion"},{"floor":18,"key":"Block Potion"},{"floor":23,"key":"DistilledChaos"},{"floor":25,"key":"Fruit Juice"},{"floor":30,"key":"BlessingOfTheForge"},{"floor":33,"key":"Block Potion"},{"floor":44,"key":"LiquidBronze"},{"floor":46,"key":"ColorlessPotion"},{"floor":47,"key":"Fire Potion"}],"is_trial":false,"path_per_floor":["M","?","?","M","?","R","M","E","T","R","E","?","$","M","R","B",null,"M","?","$","?","$","E","R","M","T","R","?","R","M","?","R","B",null,"M","M","?","$","$","R","?","$","T","M","R","M","M","M","R","B",null],"character_chosen":"THE_SILENT","items_purchased":["Accuracy+1","Membership Card","Dagger Throw","Backstab","TwistedFunnel","Blood Vial"],"campfire_rested":1,"item_purchase_floors":[13,13,13,22,38,38],"current_hp_per_floor":[63,49,32,32,21,42,40,27,27,27,17,40,40,39,39,32,61,60,60,60,60,60,53,53,63,63,63,63,63,68,68,68,31,64,69,68,68,68,68,68,68,68,68,75,75,71,75,75,75,54],"gold":50,"neow_bonus":"ONE_RANDOM_RARE_CARD","is_daily":false,"chose_seed":false,"campfire_upgraded":9,"win_rate":0.0,"timestamp":1611566841,"path_taken":["M","?","?","M","?","R","M","E","T","R","E","?","$","M","R","BOSS","M","?","$","?","$","E","R","M","T","R","?","R","M","?","R","BOSS","M","?","?","?","$","R","?","$","T","M","R","M","?","M","R","BOSS"],"items_purchased_type":["Card","Relic","Card","Card","Relic","Relic"],"build_version":"2020-12-22","purchased_purges":3,"victory":true,"max_hp_per_floor":[70,70,70,70,70,70,70,70,70,70,70,70,70,70,70,70,70,70,70,70,70,70,70,70,75,75,75,75,75,75,75,75,75,75,75,75,75,75,75,75,75,75,75,75,75,75,75,75,75,75],"card_choices":[{"not_picked":["Dodge and Roll","Outmaneuver"],"picked":"Well Laid Plans","floor":1.0},{"not_picked":["Blur","Storm of Steel"],"picked":"Slice","floor":4.0},{"not_picked":["Deflect","Bane"],"picked":"Blade Dance","floor":7.0},{"not_picked":["Concentrate","Tactician"],"picked":"Acrobatics","floor":8},{"not_picked":["Sucker Punch","Masterful Stab"],"picked":"Reflex","floor":11},{"not_picked":["Bane","Quick Slash"],"picked":"Infinite Blades+1","floor":14},{"not_picked":["Corpse Explosion","Wraith Form v2+1"],"picked":"After Image+1","floor":16},{"not_picked":["Blur","Flying Knee"],"picked":"Noxious Fumes+1","floor":18},{"not_picked":["Well Laid Plans+1","Backstab+1"],"picked":"PiercingWail","floor":23},{"not_picked":["Flechettes+1","Distraction+1","Slice"],"picked":"SKIP","floor":25},{"not_picked":["Flechettes+1","Escape Plan"],"picked":"Backflip","floor":30},{"not_picked":["Dagger Spray+1","Choke"],"picked":"Prepared+1","floor":35},{"not_picked":["PiercingWail+1","Dash+1","Deadly Poison+1"],"picked":"SKIP","floor":36},{"not_picked":["Quick Slash","Acrobatics"],"picked":"Tactician","floor":44},{"not_picked":["Tools of the Trade+1","PiercingWail+1"],"picked":"Concentrate+1","floor":46},{"not_picked":["Quick Slash","Deflect"],"picked":"Blade Dance+1","floor":47},{"not_picked":["Backflip","All Out Attack"],"picked":"Blur","floor":48}],"player_experience":427418,"relics_obtained":[{"floor":8,"key":"White Beast Statue"},{"floor":9,"key":"Frozen Egg 2"},{"floor":11,"key":"Orichalcum"},{"floor":23,"key":"Anchor"},{"floor":26,"key":"Bottled Lightning"},{"floor":43,"key":"Paper Crane"}],"event_choices":[{"damage_healed":0.0,"max_hp_gain":0.0,"max_hp_loss":0.0,"gold_gain":0.0,"event_name":"Shining Light","player_choice":"Entered Light","floor":2.0,"gold_loss":0.0,"damage_taken":14.0,"cards_upgraded":["Strike_G","Defend_G"]},{"damage_healed":0.0,"max_hp_gain":0.0,"max_hp_loss":0.0,"gold_gain":0.0,"event_name":"Golden Idol","player_choice":"Take Damage","floor":3.0,"gold_loss":0.0,"damage_taken":17.0,"relics_obtained":["Golden Idol"]},{"damage_healed":0.0,"max_hp_gain":0.0,"max_hp_loss":0.0,"gold_gain":75.0,"event_name":"World of Goop","player_choice":"Gather Gold","floor":5.0,"gold_loss":0.0,"damage_taken":11.0},{"damage_healed":23,"gold_gain":0,"player_choice":"Banana","damage_taken":0,"max_hp_gain":0,"max_hp_loss":0,"event_name":"Big Fish","floor":12,"gold_loss":0},{"cards_removed":["Strike_G"],"damage_healed":0,"gold_gain":0,"player_choice":"Gave Gold","damage_taken":0,"max_hp_gain":0,"max_hp_loss":0,"event_name":"Beggar","floor":19,"gold_loss":75},{"damage_healed":0,"gold_gain":0,"player_choice":"Gave Idol","damage_taken":0,"relics_obtained":["Bloody Idol"],"max_hp_gain":0,"max_hp_loss":0,"event_name":"Forgotten Altar","floor":21,"relics_lost":["Golden Idol"],"gold_loss":0},{"damage_healed":0,"gold_gain":0,"player_choice":"Ignored","damage_taken":0,"max_hp_gain":0,"max_hp_loss":0,"event_name":"Ghosts","floor":28,"gold_loss":0},{"damage_healed":0,"gold_gain":0,"player_choice":"1 cards matched","damage_taken":0,"max_hp_gain":0,"max_hp_loss":0,"event_name":"Match and Keep!","floor":31,"gold_loss":0,"cards_obtained":["A Thousand Cuts"]},{"damage_healed":0,"gold_gain":0,"cards_transformed":["Strike_G"],"player_choice":"Transformed","damage_taken":0,"max_hp_gain":0,"max_hp_loss":0,"event_name":"Transmorgrifier","floor":37,"gold_loss":0,"cards_obtained":["PiercingWail"]},{"cards_removed":["Defend_G"],"damage_healed":0,"gold_gain":0,"player_choice":"Offered Basic","damage_taken":0,"max_hp_gain":0,"max_hp_loss":0,"event_name":"Bonfire Elementals","floor":41,"gold_loss":0}],"is_beta":false,"boss_relics":[{"not_picked":["Busted Crown","SlaversCollar"],"picked":"WristBlade"},{"not_picked":["Runic Dome","Velvet Choker"],"picked":"SacredBark"}],"items_purged_floors":[13,20,38],"is_endless":false,"potions_floor_spawned":[1,8,11,14,16,18,23,25,30,33,35,36,44,46,47,48],"ascension_level":11}}