{"host":"bq4pt811tk9yrmjl","time":1611606516,"event":{"mods":["AchievementEnabler","BaseMod","Colored Map","Colored Powertips","Defuse TimeMaze Blight","Hermit","Minty Spire (QoL Compilation)","StSLib","SuperFastMode"],"gold_per_floor":[111,111,121,50,50,93,112,112,163,187,223,257,257,282,282,282,282],"floor_reached":16,"language":"ENG","playtime":357,"items_purged":[],"score":142,"play_id":"8ad2686f-d024-417a-8468-3a3701785cfb","local_time":"20210125182836","is_ascension_mode":true,"campfire_choices":[{"floor":13,"key":"REST"},{"data":"Infinite Blades","floor":15,"key":"SMITH"}],"circlet_count":0,"master_deck":["Strike_G","Strike_G","Strike_G","Strike_G","Strike_G","Defend_G","Defend_G","Defend_G","Defend_G","Defend_G","Survivor","Neutralize","Leg Sweep","Infinite Blades+1","Accuracy","Cloak And Dagger","Flying Knee"],"relics":["Ring of the Snake","NeowsBlessing","Golden Idol","Blood Vial","Gremlin Horn","Odd Mushroom"],"acts_visited":["Exordium"],"potions_floor_usage":[11,12,14],"damage_taken":[{"damage":0,"enemies":"2 Louse","floor":1,"turns":1},{"damage":0,"enemies":"Cultist","floor":3,"turns":1},{"damage":0,"enemies":"Gremlin Nob","floor":6,"turns":1},{"damage":1,"enemies":"Jaw Worm","floor":7,"turns":6},{"damage":19,"enemies":"Exordium Thugs","floor":10,"turns":7},{"damage":26,"enemies":"3 Sentries","floor":11,"turns":8},{"damage":5,"enemies":"The Mushroom Lair","floor":12,"turns":4},{"damage":1,"enemies":"Large Slime","floor":14,"turns":9},{"damage":7,"enemies":"Slime Boss","floor":16,"turns":8}],"seed_played":"-6428289164926667629","potions_obtained":[{"floor":1,"key":"LiquidBronze"},{"floor":11,"key":"SpeedPotion"},{"floor":12,"key":"Regen Potion"},{"floor":14,"key":"Dexterity Potion"}],"is_trial":false,"path_per_floor":["M","?","M","$","?","E","M","$","T","M","E","?","R","M","R","B"],"character_chosen":"THE_SILENT","items_purchased":["Accuracy"],"campfire_rested":1,"item_purchase_floors":[4],"current_hp_per_floor":[70,70,70,70,65,65,64,64,64,46,22,19,38,54,54,49,49],"gold":282,"neow_bonus":"THREE_ENEMY_KILL","is_daily":false,"chose_seed":false,"campfire_upgraded":1,"win_rate":0.0,"timestamp":1611606516,"path_taken":["M","?","?","$","?","E","M","?","T","?","E","?","R","M","R","BOSS"],"items_purchased_type":["Card"],"build_version":"2020-12-22","purchased_purges":0,"victory":false,"max_hp_per_floor":[70,70,70,70,65,65,65,65,65,65,65,65,65,65,65,65,65],"card_choices":[{"not_picked":["Calculated Gamble","Cloak And Dagger"],"picked":"Leg Sweep","floor":1},{"not_picked":["Predator","Poisoned Stab"],"picked":"Infinite Blades","floor":3},{"not_picked":["Phantasmal Killer","Deadly Poison","Outmaneuver"],"picked":"SKIP","floor":6},{"not_picked":["Backstab","Predator"],"picked":"Cloak And Dagger","floor":7},{"not_picked":["Infinite Blades","Backflip"],"picked":"Flying Knee","floor":10},{"not_picked":["Bane","Flying Knee","Prepared"],"picked":"SKIP","floor":11},{"not_picked":["Prepared","Deflect","Outmaneuver"],"picked":"SKIP","floor":14}],"player_experience":251816,"relics_obtained":[{"floor":6,"key":"Blood Vial"},{"floor":11,"key":"Gremlin Horn"},{"floor":12,"key":"Odd Mushroom"}],"event_choices":[{"damage_healed":0,"gold_gain":0,"player_choice":"0 cards matched","damage_taken":0,"max_hp_gain":0,"max_hp_loss":0,"event_name":"Match and Keep!","floor":2,"gold_loss":0,"cards_obtained":[]},{"damage_healed":0,"gold_gain":0,"player_choice":"Lose Max HP","damage_taken":0,"relics_obtained":["Golden Idol"],"max_hp_gain":0,"max_hp_loss":5,"event_name":"Golden Idol","floor":5,"gold_loss":0},{"damage_healed":0,"gold_gain":0,"player_choice":"Fought Mushrooms","damage_taken":0,"max_hp_gain":0,"max_hp_loss":0,"event_name":"Mushrooms","floor":12,"gold_loss":0}],"is_beta":false,"boss_relics":[],"items_purged_floors":[],"is_endless":false,"potions_floor_spawned":[1,11,12,14],"killed_by":"Slime Boss","ascension_level":1}}