{"host":"5cnm2qapaqj5mmu7","time":1611597000,"event":{"mods":["BaseMod","Bestiary","Colored Map","Filter the Spire","Minty Spire (QoL Compilation)","StSLib"],"gold_per_floor":[115,133,133,97,97,127,139,151,163,185,210,222,252,277,289,400,412,437,295,295,295,308,308,342,342,342,353,353,366,386,386,386,482,482,495,541,560,248,268,268,281,281,281,85,85,119,119,0,0,0],"floor_reached":51,"language":"ENG","playtime":2475,"items_purged":["Defend_B"],"score":950,"play_id":"2de87d5b-9214-4e85-bd24-eedbd27f2ad3","local_time":"20210125185000","is_ascension_mode":true,"campfire_choices":[{"floor":7.0,"key":"DIG"},{"floor":12.0,"key":"DIG"},{"data":"Sunder","floor":15.0,"key":"SMITH"},{"data":"Reinforced Body","floor":23.0,"key":"SMITH"},{"floor":25.0,"key":"DIG"},{"floor":28.0,"key":"DIG"},{"floor":32.0,"key":"DIG"},{"floor":40.0,"key":"DIG"},{"floor":42.0,"key":"DIG"},{"floor":47.0,"key":"DIG"},{"floor":49.0,"key":"REST"}],"circlet_count":0,"master_deck":["Strike_B+1","Strike_B+1","Defend_B+1","Defend_B+1","Defend_B+1","Zap","Dualcast","Melter+1","Gash","Sunder+1","Reinforced Body+1","Auto Shields","Conserve Battery","Ball Lightning","Core Surge","Gash","Scrape+1","Rebound","Go for the Eyes+1","Beam Cell+1","Reboot","Reinforced Body+1","Panache","Gash","Core Surge","Madness","Madness","Defragment"],"relics":["Cracked Core","Shovel","MawBank","Shuriken","Lantern","Runic Pyramid","MutagenicStrength","Pen Nib","Whetstone","Turnip","Pear","Bottled Lightning","Busted Crown","Thread and Needle","Akabeko","Mercury Hourglass","CaptainsWheel","Bag of Preparation","DollysMirror","Peace Pipe","Lizard Tail","Red Mask"],"acts_visited":["Exordium","TheCity","TheBeyond"],"potions_floor_usage":[],"damage_taken":[{"damage":1.0,"enemies":"Cultist","floor":1.0,"turns":3.0},{"damage":7.0,"enemies":"2 Louse","floor":2.0,"turns":2.0},{"damage":33.0,"enemies":"Gremlin Nob","floor":6.0,"turns":4.0},{"damage":2.0,"enemies":"Jaw Worm","floor":10.0,"turns":3.0},{"damage":0.0,"enemies":"Exordium Wildlife","floor":11.0,"turns":2.0},{"damage":0.0,"enemies":"2 Fungi Beasts","floor":13.0,"turns":3.0},{"damage":3.0,"enemies":"Large Slime","floor":14.0,"turns":5.0},{"damage":0.0,"enemies":"Slime Boss","floor":16.0,"turns":5.0},{"damage":0.0,"enemies":"Spheric Guardian","floor":18.0,"turns":3.0},{"damage":4.0,"enemies":"Chosen","floor":22.0,"turns":4.0},{"damage":15.0,"enemies":"Gremlin Leader","floor":24.0,"turns":6.0},{"damage":5.0,"enemies":"Snake Plant","floor":27.0,"turns":4.0},{"damage":1.0,"enemies":"Centurion and Healer","floor":29.0,"turns":4.0},{"damage":4.0,"enemies":"Sentry and Sphere","floor":30.0,"turns":3.0},{"damage":19.0,"enemies":"Automaton","floor":33.0,"turns":9.0},{"damage":4.0,"enemies":"3 Darklings","floor":35.0,"turns":3.0},{"damage":32.0,"enemies":"2 Orb Walkers","floor":36.0,"turns":3.0},{"damage":0.0,"enemies":"3 Shapes","floor":37.0,"turns":6.0},{"damage":0.0,"enemies":"Jaw Worm Horde","floor":39.0,"turns":4.0},{"damage":0.0,"enemies":"Sphere and 2 Shapes","floor":41.0,"turns":4.0},{"damage":12.0,"enemies":"Reptomancer","floor":46.0,"turns":4.0},{"damage":14,"enemies":"Awakened One","floor":50,"turns":8}],"seed_played":"360291597405685666","potions_obtained":[{"floor":1.0,"key":"FocusPotion"},{"floor":2.0,"key":"Regen Potion"},{"floor":6.0,"key":"PowerPotion"},{"floor":14.0,"key":"Dexterity Potion"},{"floor":18.0,"key":"EssenceOfDarkness"},{"floor":24.0,"key":"FearPotion"},{"floor":30.0,"key":"Energy Potion"},{"floor":35.0,"key":"FairyPotion"},{"floor":37.0,"key":"LiquidMemories"}],"is_trial":false,"path_per_floor":["M","M","?","?","?","E","R","$","T","M","M","R","M","M","R","B",null,"M","$","?","?","M","R","E","R","T","M","R","M","M","?","R","B",null,"M","?","M","$","M","R","M","R","T","$","?","E","R","?","R","B",null],"character_chosen":"DEFECT","items_purchased":["Scrape","Akabeko","Panache","Gash","DollysMirror"],"campfire_rested":1,"item_purchase_floors":[19,38,38,44,44],"current_hp_per_floor":[67,60,60,60,60,27,27,27,27,25,25,25,25,22,22,22,57,57,57,57,57,53,53,38,38,38,33,43,42,38,38,38,19,63,59,27,42,42,42,42,42,42,42,42,32,20,20,20,43,29],"gold":0,"neow_bonus":"ONE_RARE_RELIC","is_daily":false,"chose_seed":false,"campfire_upgraded":2,"win_rate":0.0,"timestamp":1611597000,"path_taken":["M","M","?","?","?","E","R","?","T","?","M","R","M","M","R","BOSS","M","$","?","?","M","R","E","R","T","M","R","M","M","?","R","BOSS","M","?","M","$","M","R","M","R","T","$","?","E","R","?","R","BOSS"],"items_purchased_type":["Card","Relic","Card","Card","Relic"],"build_version":"2020-12-22","purchased_purges":1,"victory":true,"max_hp_per_floor":[68,68,68,68,68,68,68,68,68,68,68,68,68,68,68,68,68,68,68,68,68,68,68,68,68,68,68,78,78,78,78,78,78,78,78,78,78,78,78,78,78,78,78,78,78,78,78,78,78,78],"card_choices":[{"not_picked":["Force Field","Barrage"],"picked":"Melter","floor":1.0},{"not_picked":["Streamline","Hologram"],"picked":"Gash","floor":2.0},{"not_picked":["Rebound","Barrage"],"picked":"Sunder","floor":6.0},{"not_picked":["Melter","Go for the Eyes"],"picked":"Reinforced Body","floor":10.0},{"not_picked":["Coolheaded","Barrage"],"picked":"Auto Shields","floor":11.0},{"not_picked":["Go for the Eyes","Streamline"],"picked":"Conserve Battery","floor":13.0},{"not_picked":["Rebound","Lockon"],"picked":"Ball Lightning","floor":14.0},{"not_picked":["Amplify","Rainbow"],"picked":"Core Surge","floor":16.0},{"not_picked":["White Noise+1","Melter"],"picked":"Gash","floor":18.0},{"not_picked":["Ball Lightning","Coolheaded+1","Stack"],"picked":"SKIP","floor":22.0},{"not_picked":["Buffer","Meteor Strike"],"picked":"Rebound","floor":24.0},{"not_picked":["Rebound","Recycle","Force Field+1"],"picked":"SKIP","floor":27.0},{"not_picked":["Barrage","Scrape+1"],"picked":"Go for the Eyes+1","floor":29.0},{"not_picked":["Reprogram","Scrape"],"picked":"Beam Cell+1","floor":30.0},{"not_picked":["Thunder Strike","Electrodynamics"],"picked":"Reboot","floor":33.0},{"not_picked":[],"picked":"Reinforced Body+1","floor":35.0},{"not_picked":["Redo"],"picked":"SKIP","floor":37.0},{"not_picked":["Glacier"],"picked":"SKIP","floor":39.0},{"not_picked":["Loop"],"picked":"SKIP","floor":41.0},{"not_picked":[],"picked":"Defragment","floor":46.0}],"player_experience":578062,"relics_obtained":[{"floor":6.0,"key":"MawBank"},{"floor":7.0,"key":"Shuriken"},{"floor":12.0,"key":"Lantern"},{"floor":24.0,"key":"Pen Nib"},{"floor":25.0,"key":"Whetstone"},{"floor":26.0,"key":"Turnip"},{"floor":28.0,"key":"Pear"},{"floor":32.0,"key":"Bottled Lightning"},{"floor":36.0,"key":"Thread and Needle"},{"floor":40.0,"key":"Mercury Hourglass"},{"floor":42.0,"key":"CaptainsWheel"},{"floor":43.0,"key":"Bag of Preparation"},{"floor":46.0,"key":"Peace Pipe"},{"floor":47.0,"key":"Lizard Tail"}],"event_choices":[{"cards_removed":["Strike_B"],"damage_healed":0.0,"max_hp_gain":0.0,"max_hp_loss":0.0,"gold_gain":0.0,"event_name":"Living Wall","player_choice":"Forget","floor":3.0,"gold_loss":0.0,"damage_taken":0.0},{"damage_healed":0.0,"max_hp_gain":0.0,"max_hp_loss":0.0,"gold_gain":0.0,"event_name":"World of Goop","player_choice":"Left Gold","floor":4.0,"gold_loss":36.0,"damage_taken":0.0},{"damage_healed":0.0,"max_hp_gain":0.0,"max_hp_loss":0.0,"gold_gain":0.0,"event_name":"Liars Game","player_choice":"Ignored","floor":5.0,"gold_loss":0.0,"damage_taken":0.0},{"damage_healed":0.0,"max_hp_gain":0.0,"max_hp_loss":0.0,"gold_gain":0.0,"event_name":"Back to Basics","player_choice":"Simplicity","floor":20.0,"gold_loss":0.0,"damage_taken":0.0,"cards_upgraded":["Strike_B","Strike_B","Strike_B","Defend_B","Defend_B","Defend_B"]},{"damage_healed":0.0,"max_hp_gain":0.0,"max_hp_loss":0.0,"gold_gain":0.0,"event_name":"Drug Dealer","player_choice":"Inject Mutagens","floor":21.0,"gold_loss":0.0,"damage_taken":0.0,"relics_obtained":["MutagenicStrength"]},{"cards_removed":["Strike_B"],"damage_healed":0.0,"max_hp_gain":0.0,"max_hp_loss":0.0,"gold_gain":0.0,"event_name":"Purifier","player_choice":"Purged","floor":31.0,"gold_loss":0.0,"damage_taken":0.0},{"damage_healed":0.0,"max_hp_gain":0.0,"max_hp_loss":0.0,"gold_gain":0.0,"event_name":"Mysterious Sphere","player_choice":"Fight","floor":36.0,"gold_loss":0.0,"damage_taken":0.0},{"damage_healed":0.0,"max_hp_gain":0.0,"max_hp_loss":0.0,"gold_gain":0.0,"event_name":"Winding Halls","player_choice":"Embrace Madness","floor":45.0,"gold_loss":0.0,"damage_taken":10.0,"cards_obtained":["Madness","Madness"]},{"damage_healed":0.0,"max_hp_gain":0.0,"max_hp_loss":0.0,"gold_gain":0.0,"event_name":"Tomb of Lord Red Mask","player_choice":"Paid","floor":48.0,"gold_loss":119.0,"damage_taken":0.0,"relics_obtained":["Red Mask"]}],"is_beta":false,"boss_relics":[{"not_picked":["Sozu","Black Star"],"picked":"Runic Pyramid"},{"not_picked":["FrozenCore","Inserter"],"picked":"Busted Crown"}],"items_purged_floors":[19],"is_endless":false,"potions_floor_spawned":[1,2,6,14,18,24,30,35,37],"ascension_level":5}}