{"host":"ymlw61qlepd6kq8l","time":1611552976,"event":{"mods":["AchievementEnabler","BaseMod","Minty Spire (QoL Compilation)","StSLib"],"gold_per_floor":[114,289,13,31,31,31,56,56,109,135,135,16,16,26,26,126,176,193,168,188,188,204,229,229,229,255,281,50,50,24,43,43,43,43],"floor_reached":33,"language":"ENG","playtime":1708,"items_purged":["Doubt","Defend_G"],"score":433,"play_id":"dd17d883-d3e7-4785-b29f-6fa02a8c9cd6","local_time":"20210125003616","is_ascension_mode":true,"campfire_choices":[{"data":"Terror","floor":6,"key":"SMITH"},{"data":"Sucker Punch","floor":8,"key":"SMITH"},{"data":"Footwork","floor":15,"key":"SMITH"},{"floor":24,"key":"REST"},{"floor":29,"key":"REST"},{"data":"After Image","floor":32,"key":"SMITH"}],"circlet_count":0,"master_deck":["Strike_G","Strike_G","Strike_G","Strike_G","Defend_G+1","Defend_G","Defend_G","Defend_G","Survivor","Neutralize","Terror+1","Cloak And Dagger","Sucker Punch+1","After Image+1","Footwork+1","PiercingWail","Skewer+1","Adrenaline","Caltrops","Dash+1","Cloak And Dagger","Dagger Throw+1","Choke+1","Backflip+1","Escape Plan","Quick Slash+1","Finisher+1"],"relics":["Ring of the Snake","NeowsBlessing","Omamori","StrikeDummy","Blood Vial","Molten Egg 2","Ice Cream","Tiny House","Snake Skull","Smiling Mask","Vajra","Bird Faced Urn","Art of War"],"acts_visited":["Exordium","TheCity"],"potions_floor_usage":[16,18,22,31,33,33],"damage_taken":[{"damage":0,"enemies":"Jaw Worm","floor":1,"turns":1},{"damage":0,"enemies":"2 Louse","floor":4,"turns":1},{"damage":0,"enemies":"3 Sentries","floor":7,"turns":1},{"damage":7,"enemies":"Lagavulin","floor":10,"turns":8},{"damage":2,"enemies":"Small Slimes","floor":14,"turns":3},{"damage":1,"enemies":"The Guardian","floor":16,"turns":11},{"damage":0,"enemies":"3 Byrds","floor":18,"turns":3},{"damage":0,"enemies":"Shell Parasite","floor":20,"turns":4},{"damage":7,"enemies":"Chosen and Byrds","floor":22,"turns":7},{"damage":54,"enemies":"Slavers","floor":23,"turns":9},{"damage":10,"enemies":"Book of Stabbing","floor":27,"turns":7},{"damage":0,"enemies":"Sentry and Sphere","floor":31,"turns":6},{"damage":133,"enemies":"Champ","floor":33,"turns":14}],"seed_played":"5211400112566491066","potions_obtained":[{"floor":4,"key":"Explosive Potion"},{"floor":10,"key":"PowerPotion"},{"floor":17,"key":"BlessingOfTheForge"},{"floor":23,"key":"Fruit Juice"},{"floor":27,"key":"Fire Potion"},{"floor":31,"key":"Poison Potion"}],"is_trial":false,"path_per_floor":["M","?","$","M","?","R","E","R","T","E","?","$","?","M","R","B",null,"M","$","M","?","M","E","R","?","T","E","$","R","$","M","R","B"],"character_chosen":"THE_SILENT","items_purchased":["Omamori","Cloak And Dagger","FairyPotion","PiercingWail","Cloak And Dagger","Escape Plan","Art of War","Quick Slash+1"],"campfire_rested":2,"item_purchase_floors":[3,3,12,12,19,28,28,30],"current_hp_per_floor":[63,63,63,63,56,56,56,56,56,51,33,33,38,38,38,39,71,73,73,75,75,70,18,42,42,42,34,34,58,58,66,66,0,0],"gold":43,"neow_bonus":"THREE_ENEMY_KILL","is_daily":false,"chose_seed":false,"campfire_upgraded":4,"win_rate":0.0,"timestamp":1611552976,"path_taken":["M","?","$","M","?","R","E","R","T","E","?","$","?","M","R","BOSS","M","$","M","?","M","E","R","?","T","E","$","R","?","M","R","BOSS"],"items_purchased_type":["Relic","Card","Potion","Card","Card","Card","Relic","Card"],"build_version":"2020-12-22","purchased_purges":2,"victory":false,"max_hp_per_floor":[70,70,70,70,70,70,70,70,70,70,70,70,75,75,75,75,80,80,80,80,80,80,80,80,80,80,80,80,80,80,80,80,85,85],"card_choices":[{"not_picked":["Outmaneuver","Poisoned Stab"],"picked":"Terror","floor":1},{"not_picked":["PiercingWail","Distraction"],"picked":"Sucker Punch","floor":4},{"not_picked":["Dodge and Roll","Endless Agony"],"picked":"After Image","floor":7},{"not_picked":["Backflip","PiercingWail"],"picked":"Footwork","floor":10},{"not_picked":["Caltrops","Poisoned Stab+1"],"picked":"Skewer+1","floor":14},{"not_picked":["Unload+1","After Image"],"picked":"Adrenaline","floor":16},{"not_picked":["All Out Attack+1","Concentrate"],"picked":"Caltrops","floor":17},{"not_picked":["Deflect+1","Calculated Gamble"],"picked":"Dash+1","floor":18},{"not_picked":["Noxious Fumes","Skewer+1"],"picked":"Dagger Throw+1","floor":20},{"not_picked":["Underhanded Strike+1","Slice+1"],"picked":"Choke+1","floor":22},{"not_picked":["Expertise+1","Sucker Punch+1"],"picked":"Backflip+1","floor":23},{"not_picked":["Flechettes+1","Tools of the Trade","Setup"],"picked":"SKIP","floor":27},{"not_picked":["Eviscerate+1","Concentrate"],"picked":"Finisher+1","floor":31}],"player_experience":488032,"relics_obtained":[{"floor":7,"key":"StrikeDummy"},{"floor":9,"key":"Blood Vial"},{"floor":10,"key":"Molten Egg 2"},{"floor":23,"key":"Snake Skull"},{"floor":26,"key":"Vajra"},{"floor":27,"key":"Bird Faced Urn"}],"event_choices":[{"damage_healed":0,"gold_gain":175,"player_choice":"AGREE","damage_taken":0,"max_hp_gain":0,"max_hp_loss":0,"event_name":"Liars Game","floor":2,"gold_loss":0,"cards_obtained":["Doubt"]},{"cards_removed":["Strike_G"],"damage_healed":0,"gold_gain":0,"player_choice":"Card Removal","damage_taken":7,"max_hp_gain":0,"max_hp_loss":0,"event_name":"Golden Wing","floor":5,"gold_loss":0},{"damage_healed":0,"gold_gain":0,"player_choice":"Success","damage_taken":18,"relics_obtained":["Ice Cream"],"max_hp_gain":0,"max_hp_loss":0,"event_name":"Scrap Ooze","floor":11,"gold_loss":0},{"damage_healed":0,"gold_gain":0,"player_choice":"Donut","damage_taken":0,"max_hp_gain":5,"max_hp_loss":0,"event_name":"Big Fish","floor":13,"gold_loss":0},{"damage_healed":0,"gold_gain":0,"player_choice":"Ignored","damage_taken":0,"max_hp_gain":0,"max_hp_loss":0,"event_name":"Vampires","floor":21,"gold_loss":0},{"damage_healed":0,"gold_gain":0,"player_choice":"Stole Relic","damage_taken":0,"relics_obtained":["Smiling Mask"],"max_hp_gain":0,"max_hp_loss":0,"event_name":"Addict","floor":25,"gold_loss":0,"cards_obtained":["Shame"]}],"is_beta":false,"boss_relics":[{"not_picked":["Ectoplasm","Runic Dome"],"picked":"Tiny House"}],"items_purged_floors":[3,28],"is_endless":false,"potions_floor_spawned":[4,10,23,27,31],"killed_by":"Champ","ascension_level":6}}