{"host":"rx4dvj46as2nh7wl","time":1611543241,"event":{"mods":["100% Spire Juice","ATMod(°¢èªMod)","Act Like it!","BaseMod","BetterRewards","Defective Defect","Dota2Spire","Friendly Minions","Gensokyo","GifTheSpireLib","HololiveMod","Hubris","KomeijiMod","Lobotomy","Minty Spire (QoL Compilation)","Permanent Neow","Relic Stats","Replay The Spire","Spicy Shops","StSLib","The Alterego","WarShipGirlsR/Õ½½¢ÉÙÅ®R mod","Yakumo Yukari mod"],"gold_per_floor":[120,138,138,149,161,161,161],"floor_reached":6,"language":"ZHS","playtime":724,"items_purged":[],"score":38,"play_id":"26da47e7-5612-4eae-9d10-c56184c03090","local_time":"20210125105401","is_ascension_mode":false,"campfire_choices":[],"circlet_count":0,"master_deck":["alterego_mod:Strike","alterego_mod:Strike","alterego_mod:Strike","alterego_mod:Strike","alterego_mod:Defend","alterego_mod:Defend","alterego_mod:Defend","alterego_mod:Defend","alterego_mod:Impale","alterego_mod:BigMeatyClaws","alterego_mod:BrynhildrsRune","AT_FamilyPortrait","alterego_mod:Santa","ShyLook","alterego_mod:MagicResistance","Scorched","Clumsy","alterego_mod:1TonWallop","Wellcheers","OldLady","alterego_mod:Maid"],"relics":["alterego_mod:MasochisticConstitution","AT_ATBox","CogitoBucket","Gensokyo:NagashiBinaDoll"],"acts_visited":["Gensokyo:Gensokyo"],"potions_floor_usage":[4],"damage_taken":[{"damage":3,"enemies":"Gensokyo:2_Kodama","floor":1,"turns":3},{"damage":7,"enemies":"Gensokyo:Python","floor":2,"turns":6},{"damage":16,"enemies":"Gensokyo:Gryphon","floor":4,"turns":4},{"damage":17,"enemies":"Gensokyo:2_Rabbits","floor":5,"turns":4},{"damage":34,"enemies":"Gensokyo:Mamizou","floor":6,"turns":4}],"seed_played":"3492686941336330328","potions_obtained":[{"floor":2,"key":"AttackPotion"},{"floor":4,"key":"SkillPotion"}],"is_trial":false,"path_per_floor":["M","M","?","M","M","E"],"character_chosen":"The_Alterego","items_purchased":[],"campfire_rested":0,"item_purchase_floors":[],"current_hp_per_floor":[68,62,62,47,31,0,0],"gold":161,"neow_bonus":"","is_daily":false,"chose_seed":false,"campfire_upgraded":0,"win_rate":0.0,"timestamp":1611543241,"path_taken":["M","M","?","M","?","E"],"items_purchased_type":[],"build_version":"2020-12-22","purchased_purges":0,"victory":false,"max_hp_per_floor":[71,72,72,73,74,74,74],"relic_stats":{"counters":[5,21],"obtain_stats":[{"alterego_mod:MasochisticConstitution":0,"CogitoBucket":0,"AT_ATBox":0,"Gensokyo:NagashiBinaDoll":3},{"alterego_mod:MasochisticConstitution":0,"CogitoBucket":0,"AT_ATBox":0,"Gensokyo:NagashiBinaDoll":2},{"alterego_mod:MasochisticConstitution":0,"CogitoBucket":0,"AT_ATBox":0,"Gensokyo:NagashiBinaDoll":9}]},"card_choices":[{"not_picked":["alterego_mod:Punishment","alterego_mod:GoddessCore"],"picked":"alterego_mod:Santa","floor":1},{"not_picked":["Wellcheers","WallGazer"],"picked":"ShyLook","floor":1},{"not_picked":["alterego_mod:BoobPocket","alterego_mod:TrashNCrash"],"picked":"alterego_mod:MagicResistance","floor":2},{"not_picked":["PunishingBird","Murderer"],"picked":"Scorched","floor":2},{"not_picked":["alterego_mod:Vow","alterego_mod:Pet"],"picked":"alterego_mod:1TonWallop","floor":4},{"not_picked":["SpiderBud","DespairKnight"],"picked":"Wellcheers","floor":4},{"not_picked":["NakedNest","Murderer"],"picked":"OldLady","floor":5},{"not_picked":["alterego_mod:BeGentle","alterego_mod:TrashNCrash"],"picked":"alterego_mod:Maid","floor":5}],"player_experience":167829,"relics_obtained":[],"event_choices":[],"is_beta":false,"boss_relics":[],"items_purged_floors":[],"is_endless":false,"potions_floor_spawned":[2,4],"killed_by":"Gensokyo:Mamizou","ascension_level":0}}