{"host":"rzjc4nrqz5d54r3r","time":1611563921,"event":{"mods":["BaseMod","Colored Map","Keyboard Shortcuts","Minty Spire (QoL Compilation)","Quick Restart","StSLib","SuperFastMode","everything is the same but u backflip on backflip"],"gold_per_floor":[114,132,132,149,162,191,191,225,225,250,99,99,49,66,66,163,163,151,151,51,61,71,102,201,218,218,252,252,279,279,310,310,408,408,427,441,441,97,147,178,28,56,56,71,71,91,140,152,152,152],"floor_reached":51,"language":"KOR","playtime":1697,"items_purged":["Strike_R","Strike_R","Strike_R","Strike_R"],"score":1043,"play_id":"bce1d748-fad3-46de-9b4a-8bc0b362b028","local_time":"20210125173841","is_ascension_mode":true,"campfire_choices":[{"data":"Rampage","floor":7.0,"key":"SMITH"},{"floor":12.0,"key":"REST"},{"data":"Disarm","floor":15.0,"key":"SMITH"},{"floor":28.0,"key":"REST"},{"floor":30.0,"key":"REST"},{"floor":32.0,"key":"REST"},{"floor":45,"key":"REST"},{"floor":49,"key":"REST"}],"circlet_count":0,"master_deck":["Defend_R","Defend_R","Defend_R","Defend_R","Bash","Armaments+1","Body Slam","Headbutt","Rampage+1","Flame Barrier+1","Impervious","Disarm+1","Power Through+1","Second Wind","Impervious","True Grit","Entrench","Double Tap","Offering","Battle Trance+1","Feel No Pain+1","Master of Strategy"],"relics":["Philosopher\u0027s Stone","TungstenRod","Bronze Scales","Question Card","Mercury Hourglass","Fusion Hammer","War Paint","HornCleat","Nunchaku","Frozen Egg 2","Unceasing Top","Busted Crown","FossilizedHelix","Ginger","Prayer Wheel","Lizard Tail"],"acts_visited":["Exordium","TheCity","TheBeyond"],"potions_floor_usage":[48,50],"damage_taken":[{"damage":4.0,"enemies":"2 Louse","floor":1.0,"turns":2.0},{"damage":4.0,"enemies":"Jaw Worm","floor":2.0,"turns":4.0},{"damage":3.0,"enemies":"Cultist","floor":4.0,"turns":4.0},{"damage":11.0,"enemies":"Large Slime","floor":5.0,"turns":7.0},{"damage":14.0,"enemies":"Lagavulin","floor":6.0,"turns":4.0},{"damage":13.0,"enemies":"3 Sentries","floor":8.0,"turns":8.0},{"damage":8.0,"enemies":"Gremlin Nob","floor":10.0,"turns":3.0},{"damage":3.0,"enemies":"Looter","floor":14.0,"turns":3.0},{"damage":30.0,"enemies":"Slime Boss","floor":16.0,"turns":8.0},{"damage":8.0,"enemies":"2 Thieves","floor":18.0,"turns":4.0},{"damage":10.0,"enemies":"Spheric Guardian","floor":21.0,"turns":4.0},{"damage":0.0,"enemies":"Centurion and Healer","floor":22.0,"turns":6.0},{"damage":4.0,"enemies":"Book of Stabbing","floor":23.0,"turns":7.0},{"damage":8.0,"enemies":"3 Cultists","floor":25.0,"turns":5.0},{"damage":0.0,"enemies":"Gremlin Leader","floor":27.0,"turns":6.0},{"damage":0.0,"enemies":"Slavers","floor":29.0,"turns":5.0},{"damage":0.0,"enemies":"Book of Stabbing","floor":31.0,"turns":3.0},{"damage":70.0,"enemies":"Champ","floor":33.0,"turns":12.0},{"damage":5,"enemies":"3 Darklings","floor":35,"turns":3},{"damage":14,"enemies":"Orb Walker","floor":36,"turns":4},{"damage":0,"enemies":"Mind Bloom Boss Battle","floor":39,"turns":5},{"damage":5,"enemies":"Giant Head","floor":40,"turns":3},{"damage":0,"enemies":"Reptomancer","floor":42,"turns":7},{"damage":0,"enemies":"Spire Growth","floor":44,"turns":2},{"damage":0,"enemies":"Transient","floor":46,"turns":5},{"damage":13,"enemies":"2 Orb Walkers","floor":47,"turns":3},{"damage":8,"enemies":"Jaw Worm Horde","floor":48,"turns":6},{"damage":91,"enemies":"Time Eater","floor":50,"turns":13}],"seed_played":"7167308352983193686","potions_obtained":[{"floor":8.0,"key":"ColorlessPotion"},{"floor":10.0,"key":"FearPotion"},{"floor":14.0,"key":"SteroidPotion"},{"floor":16.0,"key":"ColorlessPotion"},{"floor":18.0,"key":"ColorlessPotion"},{"floor":23.0,"key":"DistilledChaos"},{"floor":27.0,"key":"SneckoOil"},{"floor":36,"key":"Block Potion"},{"floor":40,"key":"Block Potion"}],"is_trial":false,"path_per_floor":["M","M","?","M","M","E","R","E","T","E","$","R","?","M","R","B",null,"M","?","$","M","M","E","?","M","T","E","R","E","R","E","R","B",null,"M","M","?","$","?","E","$","E","T","M","R","M","?","M","R","B",null],"character_chosen":"IRONCLAD","items_purchased":["Power Through","Feel No Pain+1","Master of Strategy"],"campfire_rested":6,"item_purchase_floors":[11,38,38],"current_hp_per_floor":[76,72,72,69,58,44,44,31,31,23,23,47,47,44,44,14,80,72,72,72,62,62,58,58,50,50,50,74,74,80,80,80,10,80,75,61,61,61,61,56,56,56,56,56,80,80,67,59,80,40],"gold":152,"neow_bonus":"BOSS_RELIC","is_daily":false,"chose_seed":false,"campfire_upgraded":2,"win_rate":0.0,"timestamp":1611563921,"path_taken":["M","M","?","M","M","E","R","E","T","E","$","R","?","M","R","BOSS","M","?","$","?","M","E","?","M","T","E","R","E","R","E","R","BOSS","M","M","?","$","?","E","$","E","T","M","R","M","?","M","R","BOSS"],"items_purchased_type":["Card","Card","Card"],"build_version":"2020-12-22","purchased_purges":4,"victory":true,"max_hp_per_floor":[80,80,80,80,80,80,80,80,80,80,80,80,80,80,80,80,80,80,80,80,80,80,80,80,80,80,80,80,80,80,80,80,80,80,80,80,80,80,80,80,80,80,80,80,80,80,80,80,80,80],"card_choices":[{"not_picked":["Flex","Heavy Blade"],"picked":"Armaments","floor":1.0},{"not_picked":["Entrench","Iron Wave"],"picked":"Body Slam","floor":2.0},{"not_picked":["Armaments","Flex"],"picked":"Headbutt","floor":4.0},{"not_picked":["Iron Wave","Shockwave"],"picked":"Rampage","floor":5.0},{"not_picked":["Perfected Strike","Warcry"],"picked":"Flame Barrier","floor":6.0},{"not_picked":["Warcry","Fire Breathing"],"picked":"Impervious","floor":8.0},{"not_picked":["Infernal Blade","Dark Embrace","Iron Wave"],"picked":"Disarm","floor":10.0},{"not_picked":["Seeing Red","Flex","Clash"],"picked":"Second Wind","floor":14.0},{"not_picked":["Demon Form","Brutality","Feed"],"picked":"Impervious","floor":16.0},{"not_picked":["Flame Barrier+1","Flex","Headbutt"],"picked":"True Grit","floor":18.0},{"not_picked":["Clash","Cleave","Thunderclap"],"picked":"Entrench","floor":21.0},{"not_picked":["Reckless Charge","Shrug It Off+1","Burning Pact+1"],"picked":"Double Tap","floor":22.0},{"not_picked":["Body Slam+1","Dropkick","Spot Weakness","Rage"],"picked":"SKIP","floor":23.0},{"not_picked":["Cleave+1","Sword Boomerang+1","Bloodletting","Iron Wave"],"picked":"SKIP","floor":25.0},{"not_picked":["Pommel Strike","Rage+1","Clothesline","Flame Barrier"],"picked":"SKIP","floor":27.0},{"not_picked":["Impervious","True Grit+1","Twin Strike","Shrug It Off"],"picked":"SKIP","floor":29.0},{"not_picked":["Armaments","Sword Boomerang","Rupture+1","Brutality+1"],"picked":"SKIP","floor":31.0},{"not_picked":["Double Tap","Berserk+1","Corruption+1"],"picked":"Offering","floor":33.0},{"not_picked":["Searing Blow","Armaments"],"picked":"SKIP","floor":35},{"not_picked":["Heavy Blade+1"],"picked":"Battle Trance+1","floor":36},{"not_picked":["Pommel Strike+1","Twin Strike+1"],"picked":"SKIP","floor":40},{"not_picked":["Warcry","Shrug It Off"],"picked":"SKIP","floor":42},{"not_picked":["Entrench","Flex+1"],"picked":"SKIP","floor":44},{"not_picked":["Rampage+1","Double Tap"],"picked":"SKIP","floor":44},{"not_picked":["Pommel Strike+1","Iron Wave"],"picked":"SKIP","floor":46},{"not_picked":["Sword Boomerang","Spot Weakness+1"],"picked":"SKIP","floor":46},{"not_picked":["Sword Boomerang","Flex"],"picked":"SKIP","floor":48},{"not_picked":["Sever Soul+1","Clothesline"],"picked":"SKIP","floor":48}],"player_experience":5666,"relics_obtained":[{"floor":6.0,"key":"TungstenRod"},{"floor":8.0,"key":"Bronze Scales"},{"floor":9.0,"key":"Question Card"},{"floor":10.0,"key":"Mercury Hourglass"},{"floor":23.0,"key":"War Paint"},{"floor":26.0,"key":"HornCleat"},{"floor":27.0,"key":"Nunchaku"},{"floor":29.0,"key":"Frozen Egg 2"},{"floor":31.0,"key":"Unceasing Top"},{"floor":39,"key":"FossilizedHelix"},{"floor":42,"key":"Ginger"},{"floor":43,"key":"Prayer Wheel"},{"floor":47,"key":"Lizard Tail"}],"event_choices":[{"damage_healed":0.0,"max_hp_gain":0.0,"max_hp_loss":0.0,"gold_gain":0.0,"event_name":"Living Wall","player_choice":"Grow","floor":3.0,"gold_loss":0.0,"damage_taken":0.0,"cards_upgraded":["Armaments"]},{"cards_removed":["Strike_R"],"damage_healed":0.0,"max_hp_gain":0.0,"max_hp_loss":0.0,"gold_gain":0.0,"event_name":"The Cleric","player_choice":"Card Removal","floor":13.0,"gold_loss":50.0,"damage_taken":0.0},{"damage_healed":0.0,"max_hp_gain":0.0,"max_hp_loss":0.0,"gold_gain":0.0,"event_name":"Lab","player_choice":"Got Potions","floor":19.0,"gold_loss":0.0,"damage_taken":0.0},{"damage_healed":0.0,"max_hp_gain":0.0,"max_hp_loss":0.0,"gold_gain":99.0,"event_name":"Nest","player_choice":"Stole From Cult","floor":24.0,"gold_loss":0.0,"damage_taken":0.0},{"damage_healed":0,"gold_gain":0,"player_choice":"Memory 1","damage_taken":0,"max_hp_gain":0,"max_hp_loss":0,"event_name":"SensoryStone","floor":37,"gold_loss":0},{"damage_healed":0,"gold_gain":0,"player_choice":"Fight","damage_taken":0,"max_hp_gain":0,"max_hp_loss":0,"event_name":"MindBloom","floor":39,"gold_loss":0},{"damage_healed":0,"gold_gain":0,"player_choice":"Fight","damage_taken":0,"max_hp_gain":0,"max_hp_loss":0,"event_name":"Mysterious Sphere","floor":47,"gold_loss":0}],"is_beta":false,"boss_relics":[{"not_picked":["Runic Pyramid","Mark of Pain"],"picked":"Fusion Hammer"},{"not_picked":["Runic Dome","Sozu"],"picked":"Busted Crown"}],"items_purged_floors":[11,20,38,41],"is_endless":false,"potions_floor_spawned":[8,10,14,16,18,23,27,36,40,44,46],"ascension_level":2}}