{"host":"0wzx847a4uibrodg","time":1611534628,"event":{"mods":["ATMod(°¢èªMod)","Act Like it!","Aspiration","BaseMod","Gensokyo","KomeijiMod","Minty Spire (QoL Compilation)","Quick Restart","Replay The Spire","Spicy Shops","StSLib","The Cursed","UnlockEverythingMod","¡¾ÒÅÎï¿¨ÅÆ¡¿REMEMod"],"gold_per_floor":[118,130,141,141,159,159,187,197,223,236,269,109,135,155,155,250,250,262,262,262,277,345,376,376,18,43,77,96,130,149,160,160,255,255,272,272,272,291,21,53,53,80,80,106,106,122,122,138,138,138],"floor_reached":51,"language":"ZHS","playtime":1701,"items_purged":["Strike_P+1","Strike_P+1","Defend_P+1"],"score":1245,"play_id":"8020b4d2-fa63-43e4-acf2-f16369553cc4","local_time":"20210125083028","is_ascension_mode":true,"campfire_choices":[{"data":"Eruption","floor":6,"key":"SMITH"},{"data":"Study","floor":15,"key":"SMITH"},{"data":"RidiculousThoughts","floor":32,"key":"SMITH"},{"data":"DevaForm","floor":41,"key":"SMITH"},{"floor":49,"key":"RECALL"}],"circlet_count":0,"master_deck":["Eruption+1","AT_IrregularMenstruation","REME_HeartOfCthun","CutThroughFate","FlyingSleeves","Backstab","Expertise","Wireheading","Devotion","CarveReality","CutThroughFate","Crescendo","Study+1","FollowUp","Weave","Blasphemy","Replay:ManipulateFuture","RitualDagger","Replay:ManipulateFuture+1","CrushJoints","RidiculousThoughts+1","TalkToTheHand+1","FlurryOfBlows+1","Replay:AtTheReady+1","EmptyMind+1","Replay:Battleflow","DevaForm+1","Sanctity","FlurryOfBlows","Replay:LoomingThreat","Replay:LoomingThreat","Replay:Anticipation+1","ReachHeaven","Conclude"],"relics":["AT_ATBox","REME_ComplimentaryCards","AT_TrinityForce","Replay:PocketPolymizer","Omamori","Mirror","Enchiridion","HornCleat","Coffee Dripper","Akabeko","Happy Flower","ReplayFunnel","AT_PhaseBoots","REME_DuelDisc","AT_SunfireAegis","Du-Vu Doll","AT_ChloranthyRing","Garlic","Bag of Marbles"],"acts_visited":["Gensokyo:Gensokyo","TheCity","TheBeyond"],"potions_floor_usage":[7,16,23,27,33,48,50,50],"damage_taken":[{"damage":0.0,"enemies":"Gensokyo:2_Kodama","floor":1.0,"turns":1.0},{"damage":0.0,"enemies":"Gensokyo:Python","floor":2.0,"turns":1.0},{"damage":2,"enemies":"Gensokyo:Gryphon","floor":3,"turns":2},{"damage":3,"enemies":"Gensokyo:3_Kodama","floor":5,"turns":2},{"damage":0,"enemies":"Gensokyo:Cirno","floor":7,"turns":5},{"damage":0,"enemies":"Gensokyo:LivingMonolith","floor":8,"turns":2},{"damage":0,"enemies":"Gensokyo:VengefulSpirit","floor":10,"turns":1},{"damage":20,"enemies":"Gensokyo:Mamizou","floor":11,"turns":4},{"damage":0,"enemies":"Gensokyo:Aya","floor":13,"turns":2},{"damage":0,"enemies":"Gensokyo:2_Rabbits","floor":14,"turns":1},{"damage":0,"enemies":"Gensokyo:Reimu","floor":16,"turns":3},{"damage":0,"enemies":"Spheric Guardian","floor":18,"turns":1},{"damage":0,"enemies":"3 Byrds","floor":21,"turns":3},{"damage":20,"enemies":"Slavers","floor":23,"turns":2},{"damage":0,"enemies":"Replay:Snechameleon","floor":27,"turns":1},{"damage":0,"enemies":"3 Cultists","floor":28,"turns":2},{"damage":0,"enemies":"REME_1_Revenger","floor":29,"turns":2},{"damage":0,"enemies":"Snake Plant","floor":30,"turns":1},{"damage":5,"enemies":"Centurion and Healer","floor":31,"turns":3},{"damage":0,"enemies":"Automaton","floor":33,"turns":2},{"damage":0,"enemies":"Orb Walker","floor":35,"turns":2},{"damage":0,"enemies":"3 Shapes","floor":38,"turns":4},{"damage":4,"enemies":"Giant Head","floor":40,"turns":3},{"damage":4,"enemies":"R_Hoarder","floor":42,"turns":5},{"damage":0,"enemies":"3 Darklings","floor":46,"turns":1},{"damage":1,"enemies":"Transient","floor":48,"turns":5},{"damage":34,"enemies":"Awakened One","floor":50,"turns":4}],"seed_played":"-7836079876650526568","potions_obtained":[{"floor":2.0,"key":"Reflective Coating"},{"floor":3,"key":"Death Potion"},{"floor":7,"key":"ColorlessPotion"},{"floor":8,"key":"LifebloodPotion"},{"floor":11,"key":"DuplicationPotion"},{"floor":21,"key":"SkillPotion"},{"floor":22,"key":"BottledMiracle"},{"floor":22,"key":"BottledMiracle"},{"floor":23,"key":"BlessingOfTheForge"},{"floor":28,"key":"Energy Potion"},{"floor":33,"key":"LiquidBronze"}],"is_trial":false,"path_per_floor":["M","M","M","?","M","R","E","M","T","M","E","?","E","M","R","B",null,"M","?","?","M","?","E","?","$","T","E","M","E","M","M","R","B",null,"M","?","?","M","$","E","R","E","T","T","?","M","?","M","R","B",null],"character_chosen":"WATCHER","items_purchased":["RidiculousThoughts","AT_SunfireAegis"],"campfire_rested":0,"item_purchase_floors":[25,39],"current_hp_per_floor":[72,72,70,70,67,67,67,67,67,67,47,47,47,47,47,47,66,66,66,60,60,32,12,22,22,22,22,22,22,22,17,17,17,58,58,58,58,58,58,54,54,50,50,50,50,50,50,49,49,15],"gold":138,"neow_bonus":"BOSS_RELIC","is_daily":false,"chose_seed":false,"campfire_upgraded":4,"win_rate":0.0,"timestamp":1611534628,"path_taken":["M","M","M","?","M","R","E","?","T","M","E","?","E","M","R","BOSS","M","?","?","M","?","E","?","$","T","E","M","E","M","M","R","BOSS","M","?","?","M","$","E","R","E","T","?","?","?","?","?","R","BOSS"],"items_purchased_type":["Card","Relic"],"build_version":"2020-12-22","purchased_purges":3,"victory":true,"max_hp_per_floor":[72,72,72,72,72,72,72,72,72,72,72,72,72,72,72,72,72,72,72,72,72,72,72,72,72,72,72,72,72,72,72,72,72,72,72,72,68,68,68,68,68,68,68,68,68,68,68,68,68,68],"card_choices":[{"not_picked":["WreathOfFlame","FlyingSleeves"],"picked":"Replay:DivineShield","floor":1.0},{"not_picked":["CarveReality","FollowUp"],"picked":"CutThroughFate","floor":2.0},{"not_picked":["Prostrate","Protect"],"picked":"FlyingSleeves","floor":3},{"not_picked":["FlyingSleeves","JustLucky"],"picked":"Wireheading","floor":5},{"not_picked":["Halt","Consecrate"],"picked":"Devotion","floor":7},{"not_picked":["PathToVictory","Replay:AtTheReady"],"picked":"CarveReality","floor":8},{"not_picked":["SashWhip","SignatureMove"],"picked":"CutThroughFate","floor":10},{"not_picked":["EmptyBody","DeusExMachina"],"picked":"Crescendo","floor":11},{"not_picked":["Replay:BluntJabs","Adaptation"],"picked":"Study","floor":13},{"not_picked":["BowlingBash","Protect"],"picked":"FollowUp","floor":14},{"not_picked":["SpiritShield","Vault"],"picked":"Blasphemy","floor":16},{"not_picked":["BattleHymn","FlyingSleeves+1"],"picked":"Replay:ManipulateFuture","floor":18},{"not_picked":["WaveOfTheHand","Replay:AtTheReady+1"],"picked":"Replay:ManipulateFuture+1","floor":21},{"not_picked":["Wireheading","EmptyBody"],"picked":"CrushJoints","floor":22},{"not_picked":["REME_Repentance+1","Consecrate+1","SashWhip"],"picked":"SKIP","floor":23},{"not_picked":["Vault","FollowUp"],"picked":"TalkToTheHand+1","floor":27},{"not_picked":["Protect","PathToVictory+1"],"picked":"Evaluate","floor":28},{"not_picked":["WindmillStrike","Replay:BluntJabs"],"picked":"FlurryOfBlows+1","floor":29},{"not_picked":["Crescendo","BowlingBash+1"],"picked":"Replay:AtTheReady+1","floor":30},{"not_picked":["WreathOfFlame","FollowUp+1"],"picked":"EmptyMind+1","floor":31},{"not_picked":["Devotion","REME_EmptyShield"],"picked":"DevaForm","floor":33},{"not_picked":["Prostrate","Replay:AtTheReady+1"],"picked":"Sanctity","floor":35},{"not_picked":["EmptyBody","Replay:BluntJabs"],"picked":"FlurryOfBlows","floor":38},{"not_picked":["REME_Repentance+1","WreathOfFlame+1"],"picked":"Replay:LoomingThreat","floor":40},{"not_picked":["ClearTheMind+1","REME_Repentance"],"picked":"Replay:Anticipation+1","floor":42},{"not_picked":["Consecrate+1","PathToVictory","Replay:AtTheReady+1"],"picked":"SKIP","floor":46},{"not_picked":["Wireheading","AT_RealFormLess+1","FlurryOfBlows+1"],"picked":"SKIP","floor":48}],"player_experience":76392,"relics_obtained":[{"floor":7,"key":"Replay:PocketPolymizer"},{"floor":9,"key":"Omamori"},{"floor":11,"key":"Mirror"},{"floor":13,"key":"HornCleat"},{"floor":23,"key":"Akabeko"},{"floor":26,"key":"Happy Flower"},{"floor":27,"key":"ReplayFunnel"},{"floor":29,"key":"AT_SpeedBoots"},{"floor":40,"key":"Du-Vu Doll"},{"floor":42,"key":"AT_ChloranthyRing"},{"floor":43,"key":"Garlic"},{"floor":44,"key":"Bag of Marbles"}],"event_choices":[{"damage_healed":0,"gold_gain":0,"player_choice":"Simplicity","damage_taken":0,"max_hp_gain":0,"max_hp_loss":0,"event_name":"Back to Basics","floor":19,"gold_loss":0,"cards_upgraded":["Strike_P","Strike_P","Defend_P","Defend_P"]},{"damage_healed":0,"gold_gain":0,"player_choice":"Joined the Cult","damage_taken":6,"max_hp_gain":0,"max_hp_loss":0,"event_name":"Nest","floor":20,"gold_loss":0,"cards_obtained":["RitualDagger"]},{"damage_healed":0,"gold_gain":0,"player_choice":"Ignored","damage_taken":0,"max_hp_gain":0,"max_hp_loss":0,"event_name":"Tomb of Lord Red Mask","floor":36,"gold_loss":0},{"damage_healed":0,"gold_gain":0,"player_choice":"Max HP","damage_taken":0,"max_hp_gain":0,"max_hp_loss":4,"event_name":"Winding Halls","floor":37,"gold_loss":0},{"damage_healed":0,"gold_gain":0,"cards_transformed":["Vigilance"],"player_choice":"Transformed","damage_taken":0,"max_hp_gain":0,"max_hp_loss":0,"event_name":"Transmorgrifier","floor":45,"gold_loss":0,"cards_obtained":["ReachHeaven"]},{"cards_removed":["Evaluate"],"damage_healed":0,"gold_gain":0,"player_choice":"Card Removal","damage_taken":0,"max_hp_gain":0,"max_hp_loss":0,"event_name":"Wheel of Change","floor":47,"gold_loss":0}],"is_beta":false,"boss_relics":[{"not_picked":["Abe\u0027s Treasure","Astrolabe"],"picked":"Coffee Dripper"},{"not_picked":["Runic Pyramid","AT_MortalBlade"],"picked":"REME_DuelDisc"}],"items_purged_floors":[25,25,39],"is_endless":false,"potions_floor_spawned":[2,3,7,8,11,21,23,28,31,33,35,38,40],"ascension_level":5}}