{"host":"mydft8i2zzydgggw","time":1611588883,"event":{"mods":["AchievementEnabler","BaseMod","BetterRewards","Colored Map","Colored Powertips","DeckTracker","Keyboard Shortcuts","Minty Spire (QoL Compilation)","Rare Cards Sparkle","StSLib","SuperFastMode","everything is the same but u backflip on backflip"],"gold_per_floor":[117,137,137,154,154,154,167,192,219,60,60,71,71,88,88,88,88],"floor_reached":16,"language":"KOR","playtime":407,"items_purged":["Skewer"],"score":133,"play_id":"994dd90a-7876-4d19-bfbb-62b3b42280bf","local_time":"20210126003443","is_ascension_mode":true,"campfire_choices":[{"data":"Calculated Gamble","floor":6,"key":"SMITH"},{"floor":11,"key":"REST"},{"data":"Tactician","floor":13,"key":"SMITH"},{"data":"Leg Sweep","floor":15,"key":"SMITH"}],"circlet_count":0,"master_deck":["Strike_G","Strike_G","Strike_G","Defend_G","Defend_G","Defend_G","Defend_G","Defend_G+1","Survivor","Neutralize","CurseOfTheBell","Tactician+1","PiercingWail+1","Calculated Gamble+1","Finisher","Leg Sweep+1","Acrobatics","Reflex","Terror"],"relics":["Calling Bell","Oddly Smooth Stone","The Courier","Unceasing Top","War Paint","Akabeko"],"acts_visited":["Exordium"],"potions_floor_usage":[7,8,16],"damage_taken":[{"damage":0,"enemies":"2 Louse","floor":1,"turns":3},{"damage":1,"enemies":"Cultist","floor":2,"turns":6},{"damage":0,"enemies":"Jaw Worm","floor":4,"turns":6},{"damage":5,"enemies":"Looter","floor":7,"turns":5},{"damage":46,"enemies":"Lagavulin","floor":8,"turns":9},{"damage":0,"enemies":"3 Louse","floor":12,"turns":3},{"damage":4,"enemies":"2 Fungi Beasts","floor":14,"turns":5},{"damage":30,"enemies":"Slime Boss","floor":16,"turns":11}],"seed_played":"2948130133310565639","potions_obtained":[{"floor":2,"key":"DuplicationPotion"},{"floor":4,"key":"BlessingOfTheForge"},{"floor":8,"key":"Fire Potion"}],"is_trial":false,"path_per_floor":["M","M","?","M","?","R","M","E","T","$","R","M","R","M","R","B"],"character_chosen":"THE_SILENT","items_purchased":["Acrobatics","Reflex"],"campfire_rested":1,"item_purchase_floors":[10,10],"current_hp_per_floor":[63,62,62,62,62,62,57,11,11,11,32,32,32,28,28,0,0],"gold":88,"neow_bonus":"BOSS_RELIC","is_daily":false,"chose_seed":false,"campfire_upgraded":3,"win_rate":0.0,"timestamp":1611588883,"path_taken":["M","M","?","?","?","R","M","E","T","$","R","M","R","M","R","BOSS"],"items_purchased_type":["Card","Card"],"build_version":"2020-12-22","purchased_purges":1,"victory":false,"max_hp_per_floor":[70,70,70,70,70,70,70,70,70,70,70,70,70,70,70,70,70],"card_choices":[{"not_picked":["PiercingWail","Catalyst"],"picked":"Tactician","floor":1},{"not_picked":["Expertise","Slice"],"picked":"PiercingWail","floor":2},{"not_picked":["Masterful Stab","Expertise"],"picked":"Skewer","floor":4},{"not_picked":["Predator","Dodge and Roll"],"picked":"Finisher","floor":7},{"not_picked":["Sucker Punch","Footwork"],"picked":"Leg Sweep","floor":8},{"not_picked":["Catalyst","Outmaneuver","Reflex"],"picked":"SKIP","floor":12},{"not_picked":["Glass Knife","Backstab"],"picked":"Terror","floor":14}],"player_experience":221347,"relics_obtained":[{"floor":0,"key":"Oddly Smooth Stone"},{"floor":0,"key":"The Courier"},{"floor":0,"key":"Unceasing Top"},{"floor":8,"key":"War Paint"},{"floor":9,"key":"Akabeko"}],"event_choices":[{"damage_healed":0,"gold_gain":0,"cards_transformed":["Strike_G"],"player_choice":"Transformed","damage_taken":0,"max_hp_gain":0,"max_hp_loss":0,"event_name":"Transmorgrifier","floor":3,"gold_loss":0,"cards_obtained":["Calculated Gamble"]},{"cards_removed":["Strike_G"],"damage_healed":0,"gold_gain":0,"player_choice":"Forget","damage_taken":0,"max_hp_gain":0,"max_hp_loss":0,"event_name":"Living Wall","floor":5,"gold_loss":0}],"is_beta":false,"boss_relics":[],"items_purged_floors":[10],"is_endless":false,"potions_floor_spawned":[2,4,8],"killed_by":"Slime Boss","ascension_level":6}}