{"host":"z4nt7tdd4gjrinn7","time":1611550758,"event":{"mods":["100% Spire Juice","BaseMod","Minty Spire (QoL Compilation)","StS++","StSLib","The Hierophant"],"gold_per_floor":[363,281,281,294,294,319,331,343,400,430,442,479,491,347,347,475,475,500,500,513,536,536,536,552,566,618,618,638,392,432,432,432,432,432],"floor_reached":33,"language":"ENG","playtime":1923,"items_purged":[],"score":265,"play_id":"32117e7e-6b68-4118-9533-2da5e5d2c6a7","local_time":"20210124235918","is_ascension_mode":false,"campfire_choices":[{"floor":7,"key":"REST"},{"floor":11,"key":"REST"},{"floor":13,"key":"REST"},{"data":"Electrodynamics","floor":15,"key":"SMITH"},{"floor":23,"key":"REST"},{"floor":27,"key":"REST"},{"floor":32,"key":"REST"}],"circlet_count":0,"master_deck":["Strike_B","Strike_B","Strike_B","Strike_B","Defend_B","Defend_B","Defend_B","Defend_B","Zap","Dualcast","Parasite","Cold Snap","Doom and Gloom","Beam Cell","Gash","Cold Snap","Sunder","Electrodynamics+1","Core Surge","Gash+1","Coolheaded","Cold Snap","Sweeping Beam+1","Sunder+1","Doom and Gloom","All For One"],"relics":["FrozenCore","MawBank","Golden Idol","MealTicket","Juzu Bracelet","Strawberry","Sundial","CultistMask"],"acts_visited":["Exordium","TheCity"],"potions_floor_usage":[6,16,21,24,30,30,30,30,33,33,33],"damage_taken":[{"damage":5,"enemies":"Small Slimes","floor":1,"turns":3},{"damage":6,"enemies":"2 Louse","floor":4,"turns":3},{"damage":17,"enemies":"3 Sentries","floor":6,"turns":6},{"damage":0,"enemies":"Cultist","floor":10,"turns":3},{"damage":8,"enemies":"Lots of Slimes","floor":12,"turns":3},{"damage":28,"enemies":"Slime Boss","floor":16,"turns":8},{"damage":9,"enemies":"Spheric Guardian","floor":18,"turns":4},{"damage":20,"enemies":"2 Thieves","floor":20,"turns":4},{"damage":21,"enemies":"3 Cultists","floor":21,"turns":4},{"damage":11,"enemies":"Chosen and Byrds","floor":24,"turns":7},{"damage":13,"enemies":"Centurion and Healer","floor":25,"turns":7},{"damage":7,"enemies":"Cultist and Chosen","floor":28,"turns":5},{"damage":30,"enemies":"Book of Stabbing","floor":30,"turns":5},{"damage":65,"enemies":"Champ","floor":33,"turns":10}],"seed_played":"2350817970765897282","potions_obtained":[{"floor":1,"key":"SneckoOil"},{"floor":10,"key":"PowerPotion"},{"floor":16,"key":"EssenceOfSteel"},{"floor":18,"key":"SpeedPotion"},{"floor":21,"key":"StSpp:SecondWindPotion"},{"floor":30,"key":"EntropicBrew"}],"is_trial":false,"path_per_floor":["M","$","?","M","?","E","R","?","T","M","R","M","R","$","R","B",null,"M","?","M","M","?","R","M","M","T","R","M","$","E","?","R","B"],"character_chosen":"DEFECT","items_purchased":["Doom and Gloom","Electrodynamics","Strawberry","Fire Potion","SkillPotion"],"campfire_rested":6,"item_purchase_floors":[2,14,29,29,29],"current_hp_per_floor":[70,70,70,64,64,47,69,51,51,51,73,65,75,75,75,47,75,66,66,46,25,19,41,30,17,17,39,32,54,24,24,48,0,0],"gold":432,"neow_bonus":"TWO_FIFTY_GOLD","is_daily":false,"chose_seed":false,"campfire_upgraded":1,"win_rate":0.0,"timestamp":1611550758,"path_taken":["M","$","?","M","?","E","R","?","T","M","R","M","R","$","R","BOSS","M","?","M","M","?","R","M","M","T","R","M","$","E","?","R","BOSS"],"items_purchased_type":["Card","Card","Relic","Potion","Potion"],"build_version":"2020-12-22","purchased_purges":0,"victory":false,"max_hp_per_floor":[75,75,75,75,75,75,75,75,75,75,75,75,75,75,75,75,75,75,75,75,75,75,75,75,75,75,75,75,82,82,82,82,82,82],"card_choices":[{"not_picked":["Beam Cell","Barrage"],"picked":"Cold Snap","floor":1},{"not_picked":["Fusion","Hologram"],"picked":"Beam Cell","floor":4},{"not_picked":["StSpp:TargetLocked","Compile Driver"],"picked":"Gash","floor":6},{"not_picked":["StSpp:Mask","Stack"],"picked":"Cold Snap","floor":10},{"not_picked":["Compile Driver","Turbo"],"picked":"Sunder","floor":12},{"not_picked":["StSpp:MemoryLeak","Creative AI"],"picked":"Core Surge","floor":16},{"not_picked":["Undo","Coolheaded"],"picked":"Gash+1","floor":18},{"not_picked":["White Noise","Sweeping Beam"],"picked":"Coolheaded","floor":20},{"not_picked":["Beam Cell","StSpp:Converter"],"picked":"Cold Snap","floor":21},{"not_picked":["Fusion+1","Conserve Battery"],"picked":"Sweeping Beam+1","floor":24},{"not_picked":["Ball Lightning+1","Fusion+1"],"picked":"Sunder+1","floor":25},{"not_picked":["Coolheaded","Cold Snap"],"picked":"Doom and Gloom","floor":28},{"not_picked":["Go for the Eyes","Cold Snap"],"picked":"All For One","floor":30}],"player_experience":165986,"relics_obtained":[{"floor":6,"key":"MawBank"},{"floor":9,"key":"MealTicket"},{"floor":26,"key":"Juzu Bracelet"},{"floor":30,"key":"Sundial"}],"event_choices":[{"damage_healed":0,"gold_gain":0,"player_choice":"Fled","damage_taken":0,"max_hp_gain":0,"max_hp_loss":0,"event_name":"Scrap Ooze","floor":3,"gold_loss":0},{"damage_healed":0,"gold_gain":0,"player_choice":"Ignored","damage_taken":0,"max_hp_gain":0,"max_hp_loss":0,"event_name":"Shining Light","floor":5,"gold_loss":0},{"damage_healed":0,"gold_gain":0,"player_choice":"Take Damage","damage_taken":18,"relics_obtained":["Golden Idol"],"max_hp_gain":0,"max_hp_loss":0,"event_name":"Golden Idol","floor":8,"gold_loss":0},{"damage_healed":0,"gold_gain":0,"player_choice":"Ignored","damage_taken":0,"max_hp_gain":0,"max_hp_loss":0,"event_name":"Vampires","floor":19,"gold_loss":0},{"damage_healed":0,"gold_gain":0,"player_choice":"","damage_taken":6,"max_hp_gain":0,"max_hp_loss":0,"event_name":"Knowing Skull","floor":22,"potions_obtained":[],"gold_loss":0,"cards_obtained":[]},{"damage_healed":0,"gold_gain":0,"player_choice":"Trade","damage_taken":0,"relics_obtained":["CultistMask"],"max_hp_gain":0,"max_hp_loss":0,"event_name":"FaceTrader","floor":31,"gold_loss":0}],"is_beta":false,"boss_relics":[{"not_picked":["Astrolabe","Cursed Key"],"picked":"FrozenCore"}],"items_purged_floors":[],"is_endless":false,"potions_floor_spawned":[1,10,16,18,21,30],"killed_by":"Champ","ascension_level":0}}