{"host":"rzvepkyh9344fbo1","time":1611539243,"event":{"mods":["AchievementEnabler","Act Like it!","BaseMod","Colored Map","Colored Powertips","Curses Come First","Downfall","Hermit","Highlight Path","Minty Spire (QoL Compilation)","Replay The Spire","Shop Mod","StS++","StSLib","The Cursed","The Necromancer"],"gold_per_floor":[99,99,113,213,226,244,294,19,30,30,15,40,51,79,92,92,92,92],"floor_reached":16,"language":"ENG","playtime":1618,"items_purged":[],"score":144,"play_id":"54d1f340-31e8-4d45-8586-3b7b0b145edf","local_time":"20210125124723","is_ascension_mode":true,"campfire_choices":[{"data":"Guardian:CurlUp","floor":1,"key":"SMITH"},{"data":"Guardian:SpikerProtocol","floor":10,"key":"SMITH"}],"circlet_count":0,"master_deck":["Guardian:Strike_Guardian","Guardian:Strike_Guardian","Guardian:Strike_Guardian","Guardian:Strike_Guardian","Guardian:Defend_Guardian","Guardian:Defend_Guardian","Guardian:Defend_Guardian","Guardian:Defend_Guardian","Guardian:CurlUp+1","Guardian:TwinSlam","Guardian:VentSteam","Guardian:SpikerProtocol+1","Guardian:PrismaticBeam+1","Guardian:Gem_Green","Guardian:Gem_Synthetic","Guardian:RollAttack+1","Guardian:BaubleBeam+1","Guardian:PiercingHide"],"relics":["Guardian:ModeShifter","Toy Ornithopter","Molten Egg 2","Centennial Puzzle","Divine Protection"],"acts_visited":["Exordium"],"potions_floor_usage":[15,16,16],"damage_taken":[{"damage":1,"enemies":"2 Louse","floor":3,"turns":5},{"damage":0,"enemies":"Jaw Worm","floor":5,"turns":3},{"damage":2,"enemies":"Small Slimes","floor":6,"turns":4},{"damage":0,"enemies":"downfall:FleeingMerchant","floor":8,"turns":4},{"damage":7,"enemies":"Blue Slaver","floor":9,"turns":4},{"damage":0,"enemies":"downfall:FleeingMerchant","floor":11,"turns":4},{"damage":27,"enemies":"Gremlin Nob","floor":12,"turns":5},{"damage":14,"enemies":"3 Louse","floor":13,"turns":3},{"damage":0,"enemies":"Lagavulin","floor":14,"turns":7},{"damage":0,"enemies":"Blue Slaver","floor":15,"turns":3},{"damage":22,"enemies":"DF_ARCHETYPE_STREAMLINE","floor":16,"turns":9}],"seed_played":"-8789886491065602839","potions_obtained":[{"floor":5,"key":"Dexterity Potion"},{"floor":12,"key":"Adrenaline Potion"},{"floor":13,"key":"Guardian:StasisDiscoveryPotion"}],"is_trial":false,"path_per_floor":["R","?","M","?","M","M","T","$","M","R","$","E","M","E","M","B"],"character_chosen":"GUARDIAN","items_purchased":["Molten Egg 2"],"campfire_rested":0,"item_purchase_floors":[8],"current_hp_per_floor":[80,55,54,54,54,52,52,52,45,45,45,18,4,4,9,0,0,0],"gold":92,"neow_bonus":"THREE_CARDS","is_daily":false,"chose_seed":false,"campfire_upgraded":2,"win_rate":0.0,"timestamp":1611539243,"path_taken":["R","?","M","?","M","M","T","$","M","R","?","E","M","E","M","BOSS"],"items_purchased_type":["Relic"],"build_version":"2020-12-22","purchased_purges":0,"victory":false,"max_hp_per_floor":[80,80,80,80,80,80,80,80,80,80,80,80,80,80,80,80,80,80],"card_choices":[{"not_picked":["Guardian:CrystalBeam","Guardian:Gem_Green"],"picked":"Guardian:VentSteam","floor":0},{"not_picked":["Guardian:Gem_Cyan","Guardian:Orbwalk"],"picked":"Guardian:SpikerProtocol","floor":3},{"not_picked":["Guardian:Suspension","Guardian:TemporalShield"],"picked":"Guardian:Gem_Green","floor":5},{"not_picked":["Guardian:DonusPower","Guardian:PrimingBeam"],"picked":"Guardian:Gem_White","floor":6},{"not_picked":["Guardian:GuardianWhirl","Guardian:Gem_Green"],"picked":"Guardian:Gem_Blue","floor":8},{"not_picked":["Guardian:ChargeCore+1","Guardian:Repulse"],"picked":"Guardian:PrismaticBeam+1","floor":9},{"not_picked":["Guardian:ShieldSpikes","Guardian:DonusPower"],"picked":"Guardian:Gem_Green","floor":11},{"not_picked":["Guardian:ShieldSpikes","Guardian:Clone"],"picked":"Guardian:Gem_Synthetic","floor":12},{"not_picked":["Guardian:TemporalStrike+1","Guardian:WalkerClaw+1"],"picked":"Guardian:RollAttack+1","floor":13},{"not_picked":["Guardian:WalkerClaw+1","Guardian:Planning"],"picked":"Guardian:BaubleBeam+1","floor":14},{"not_picked":["Guardian:RefractedBeam+1","Guardian:Incinerate+1"],"picked":"Guardian:PiercingHide","floor":15}],"player_experience":243519,"relics_obtained":[{"floor":12,"key":"Centennial Puzzle"},{"floor":14,"key":"Divine Protection"}],"event_choices":[{"damage_healed":0,"gold_gain":0,"player_choice":"Success","damage_taken":25,"relics_obtained":["Toy Ornithopter"],"max_hp_gain":0,"max_hp_loss":0,"event_name":"Scrap Ooze","floor":2,"gold_loss":0}],"is_beta":false,"boss_relics":[],"items_purged_floors":[],"is_endless":false,"potions_floor_spawned":[5,12,13,14],"killed_by":"DF_ARCHETYPE_STREAMLINE","ascension_level":1}}