{"host":"2lo6hma6kymb0g9i","time":1611558076,"event":{"mods":["BaseMod","Colored Map","DeckTracker","Minty Spire (QoL Compilation)"],"gold_per_floor":[114,131,406,292,292,292,324,324,324,324,336,349,349,249,249,322,322,341,142,142,160,160,160,177,207,285,285,135,164,164,182,182,257,257,272,290,302,302,302,302,302],"floor_reached":40,"language":"JPN","playtime":2576,"items_purged":["Regret","Strike_R","Strike_R","Strike_R"],"score":994,"play_id":"1a406e66-76b7-4edf-a9ea-266ac7868c54","local_time":"20210125160116","is_ascension_mode":true,"campfire_choices":[{"data":"True Grit","floor":6.0,"key":"SMITH"},{"data":"Bash","floor":8.0,"key":"SMITH"},{"data":"Shrug It Off","floor":13.0,"key":"SMITH"},{"data":"Evolve","floor":15.0,"key":"SMITH"},{"floor":23,"key":"REST"},{"data":"Feel No Pain","floor":32,"key":"SMITH"}],"circlet_count":0,"master_deck":["AscendersBane","Defend_R","Defend_R","Defend_R","Defend_R","Bash+1","True Grit+1","Evolve+1","Pommel Strike+1","Shrug It Off+1","Exhume","Sever Soul+1","Battle Trance","Feel No Pain+1","Body Slam+1"],"relics":["Burning Blood","Charon\u0027s Ashes","Sundial","Torii","Molten Egg 2","Runic Pyramid","Bottled Lightning","Blue Candle","Self Forming Clay","Empty Cage","Shuriken"],"acts_visited":["Exordium","TheCity","TheBeyond"],"potions_floor_usage":[25,40],"damage_taken":[{"damage":1.0,"enemies":"Cultist","floor":1.0,"turns":3.0},{"damage":2.0,"enemies":"2 Louse","floor":2.0,"turns":3.0},{"damage":15.0,"enemies":"3 Sentries","floor":7.0,"turns":5.0},{"damage":7.0,"enemies":"Jaw Worm","floor":11.0,"turns":4.0},{"damage":7.0,"enemies":"Looter","floor":12.0,"turns":3.0},{"damage":41,"enemies":"Hexaghost","floor":16,"turns":9},{"damage":4,"enemies":"Chosen","floor":18,"turns":4},{"damage":9,"enemies":"3 Byrds","floor":21,"turns":3},{"damage":25,"enemies":"Snake Plant","floor":24,"turns":4},{"damage":9,"enemies":"Gremlin Leader","floor":25,"turns":4},{"damage":3,"enemies":"Book of Stabbing","floor":29,"turns":4},{"damage":4,"enemies":"Centurion and Healer","floor":31,"turns":4},{"damage":0,"enemies":"Champ","floor":33,"turns":4},{"damage":13,"enemies":"3 Shapes","floor":35,"turns":4},{"damage":15,"enemies":"3 Darklings","floor":36,"turns":3},{"damage":0,"enemies":"4 Shapes","floor":37,"turns":5},{"damage":84,"enemies":"Nemesis","floor":40,"turns":7}],"seed_played":"4094462834499277075","potions_obtained":[{"floor":2.0,"key":"Fire Potion"},{"floor":7.0,"key":"Ancient Potion"},{"floor":24,"key":"DuplicationPotion"},{"floor":25,"key":"Weak Potion"}],"is_trial":false,"path_per_floor":["M","M","?","$","T","R","E","R","T","?","M","M","R","$","R","B",null,"M","$","?","M","?","R","M","E","T","?","$","E","?","M","R","B",null,"M","M","M","?","T","E"],"character_chosen":"IRONCLAD","items_purchased":["Evolve","Sever Soul+1"],"campfire_rested":1,"item_purchase_floors":[4,19],"current_hp_per_floor":[55,59,59,59,59,59,50,50,50,50,49,48,48,48,48,13,60,62,62,41,38,38,62,43,40,40,40,40,43,59,61,61,67,77,70,61,67,67,67,0,0],"gold":302,"neow_bonus":"ONE_RARE_RELIC","is_daily":false,"chose_seed":false,"campfire_upgraded":5,"win_rate":0.0,"timestamp":1611558076,"path_taken":["M","?","?","$","?","R","E","R","T","?","M","?","R","$","R","BOSS","M","$","?","M","?","R","M","E","T","?","$","E","?","?","R","BOSS","M","?","M","?","?","E"],"items_purchased_type":["Card","Card"],"build_version":"2020-12-22","purchased_purges":4,"victory":false,"max_hp_per_floor":[75,75,75,75,75,75,75,75,75,75,75,75,75,75,75,75,75,75,75,80,80,80,80,80,80,80,80,80,80,80,80,80,80,80,80,80,80,80,80,80,80],"card_choices":[{"not_picked":["Warcry","Cleave"],"picked":"Bloodletting","floor":1.0},{"not_picked":["Perfected Strike","Body Slam"],"picked":"True Grit","floor":2.0},{"not_picked":["Havoc","Sentinel","Heavy Blade"],"picked":"SKIP","floor":7.0},{"not_picked":["Clothesline+1","Berserk"],"picked":"Pommel Strike+1","floor":11.0},{"not_picked":["Pommel Strike+1","Warcry"],"picked":"Shrug It Off","floor":12.0},{"not_picked":["Limit Break","Bludgeon+1"],"picked":"Exhume","floor":16},{"not_picked":["Spot Weakness","Dark Embrace","Thunderclap+1"],"picked":"SKIP","floor":18},{"not_picked":["Shockwave","Rupture+1","Pummel+1"],"picked":"SKIP","floor":21},{"not_picked":["Dual Wield","Pummel+1"],"picked":"Battle Trance","floor":24},{"not_picked":["Clash+1","Twin Strike+1","Anger+1"],"picked":"SKIP","floor":25},{"not_picked":["Fire Breathing","Dark Embrace"],"picked":"Feel No Pain","floor":29},{"not_picked":["Combust","Cleave+1","Anger+1"],"picked":"SKIP","floor":31},{"not_picked":["Clash+1","Sword Boomerang+1","Rupture+1"],"picked":"SKIP","floor":35},{"not_picked":["Cleave+1","Iron Wave+1","Thunderclap+1"],"picked":"SKIP","floor":36},{"not_picked":["Inflame+1","Exhume"],"picked":"Body Slam+1","floor":37}],"player_experience":1121894,"relics_obtained":[{"floor":5.0,"key":"Sundial"},{"floor":7.0,"key":"Torii"},{"floor":9.0,"key":"Molten Egg 2"},{"floor":25,"key":"Bottled Lightning"},{"floor":26,"key":"Blue Candle"},{"floor":29,"key":"Self Forming Clay"},{"floor":39,"key":"Shuriken"}],"event_choices":[{"damage_healed":0.0,"max_hp_gain":0.0,"max_hp_loss":0.0,"gold_gain":275.0,"event_name":"Golden Shrine","player_choice":"Desecrate","floor":3.0,"gold_loss":0.0,"damage_taken":0.0,"cards_obtained":["Regret"]},{"damage_healed":0.0,"max_hp_gain":0.0,"max_hp_loss":0.0,"gold_gain":0.0,"event_name":"Liars Game","player_choice":"Ignored","floor":10.0,"gold_loss":0.0,"damage_taken":0.0},{"damage_healed":0,"gold_gain":0,"player_choice":"Shed Blood","damage_taken":26,"max_hp_gain":5,"max_hp_loss":0,"event_name":"Forgotten Altar","floor":20,"gold_loss":0},{"damage_healed":0,"gold_gain":0,"player_choice":"Ignored","damage_taken":0,"max_hp_gain":0,"max_hp_loss":0,"event_name":"Cursed Tome","floor":22,"gold_loss":0},{"damage_healed":0,"gold_gain":0,"player_choice":"Ignored","damage_taken":0,"max_hp_gain":0,"max_hp_loss":0,"event_name":"The Mausoleum","floor":27,"gold_loss":0},{"damage_healed":16,"gold_gain":0,"player_choice":"Heal","damage_taken":0,"max_hp_gain":0,"max_hp_loss":0,"event_name":"The Library","floor":30,"gold_loss":0},{"cards_removed":["Bloodletting"],"damage_healed":0,"gold_gain":0,"player_choice":"Removed Skill","damage_taken":0,"max_hp_gain":0,"max_hp_loss":0,"event_name":"Falling","floor":38,"gold_loss":0}],"is_beta":false,"boss_relics":[{"not_picked":["Mark of Pain","Philosopher\u0027s Stone"],"picked":"Runic Pyramid"},{"not_picked":["Fusion Hammer","Busted Crown"],"picked":"Empty Cage"}],"items_purged_floors":[4,14,19,28],"is_endless":false,"potions_floor_spawned":[2,7,24,25,37],"killed_by":"Nemesis","ascension_level":20}}