{"host":"uvmuduost5bzvojs","time":1611599144,"event":{"mods":["Aspiration","Bard","BaseMod","Better Match","Block Reminder","Conspire","Hermit","Highlight Path","Hubris","Infinite Spire","Jorbs\u0027s Wanderer Trilogy","Mad Scientist","Marisa????????","Mimic Mod","Minty Spire (QoL Compilation)","Potionbrewer","Replay The Spire","Robot Space Explorer","StSLib","The Blackbeard","The Construct","The Cursed","The Disciple","The Hayseed","The Hierophant","The Juggle","The Jungle","The Poker Player","The Runesmith","The Servant 0.9.4","The Spell Scribe","The Valiant","TheBandit"],"gold_per_floor":[111,111,18,57,57,57,87,87,115,115,149,149,172,155,155],"floor_reached":14,"language":"ENG","playtime":626,"items_purged":[],"score":88,"play_id":"e4a62905-3a0c-4ad7-8e01-0e7fb6916b02","local_time":"20210125132544","is_ascension_mode":false,"campfire_choices":[{"data":"hierophant:ChurchCoffers","floor":6,"key":"SMITH"},{"data":"hierophant:SecretStash","floor":8,"key":"SMITH"},{"data":"hierophant:AuricBeam","floor":10,"key":"SMITH"}],"circlet_count":0,"master_deck":["hierophant:Strike_Hierophant","hierophant:Strike_Hierophant","hierophant:Strike_Hierophant","hierophant:Strike_Hierophant","hierophant:Punish","hierophant:Defend_Hierophant","hierophant:Defend_Hierophant","hierophant:Defend_Hierophant","hierophant:Defend_Hierophant","hierophant:ChurchCoffers+1","hierophant:OrnateBuckler","infinitespire:UltimateForm","hierophant:Doubloon","hierophant:CoinFling","hierophant:Doubloon","hierophant:SecretStash+1","hierophant:AuricBeam+1","hierophant:OrnateBuckler"],"relics":["hierophant:PropheticMaskRelic","NeowsBlessing","Juzu Bracelet","Replay:Multitool"],"acts_visited":["Exordium"],"potions_floor_usage":[9,11,11,11,11,11,11,11,13,14],"damage_taken":[{"damage":0,"enemies":"Cultist","floor":1,"turns":1},{"damage":0,"enemies":"Jaw Worm","floor":4,"turns":1},{"damage":0,"enemies":"2 Louse","floor":7,"turns":1},{"damage":8,"enemies":"Gremlin Gang","floor":9,"turns":12},{"damage":37,"enemies":"Lagavulin","floor":11,"turns":10},{"damage":10,"enemies":"Gremlin Gang","floor":13,"turns":4},{"damage":15,"enemies":"Gremlin Nob","floor":14,"turns":3}],"seed_played":"-7330966916087364706","potions_obtained":[{"floor":7,"key":"potionbrewer:SplittingPotion"},{"floor":11,"key":"Reflective Coating"}],"is_trial":false,"path_per_floor":["M","?","$","M","?","R","M","R","MIM","R","E","?","M","E"],"character_chosen":"HIEROPHANT","items_purchased":["hierophant:Doubloon","hierophant:CoinFling"],"campfire_rested":0,"item_purchase_floors":[3,3],"current_hp_per_floor":[75,57,57,57,57,57,57,57,49,49,12,12,2,0,0],"gold":155,"neow_bonus":"THREE_ENEMY_KILL","is_daily":false,"chose_seed":false,"campfire_upgraded":3,"win_rate":0.0,"timestamp":1611599144,"path_taken":["M","?","$","M","?","R","?","R","MIM","R","E","?","M","E"],"items_purchased_type":["Card","Card"],"build_version":"2020-12-22","purchased_purges":0,"victory":false,"max_hp_per_floor":[75,75,75,75,75,75,75,75,75,75,75,75,75,75,75],"card_choices":[{"not_picked":["hierophant:OrnateJavelin","hierophant:RepressedViolence"],"picked":"hierophant:OrnateBuckler","floor":1},{"not_picked":["infinitespire:Menacing","infinitespire:SevenWalls"],"picked":"infinitespire:UltimateForm","floor":2},{"not_picked":["hierophant:HammerAndAnvil","hierophant:RepressedViolence","hierophant:Purify"],"picked":"SKIP","floor":4},{"not_picked":["hierophant:Zeal","hierophant:Embezzle"],"picked":"hierophant:SecretStash","floor":7},{"not_picked":["hierophant:Zeal","hierophant:ThreeLashes"],"picked":"hierophant:AuricBeam","floor":9},{"not_picked":["hierophant:Charity","hierophant:Remorse"],"picked":"hierophant:OrnateBuckler","floor":11},{"not_picked":["hierophant:ThreeLashes","hierophant:Remorse","hierophant:MorningPrayer"],"picked":"SKIP","floor":13}],"player_experience":1794103,"relics_obtained":[{"floor":9,"key":"Juzu Bracelet"},{"floor":11,"key":"Replay:Multitool"}],"event_choices":[{"damage_healed":0,"gold_gain":0,"player_choice":"Ignored","damage_taken":0,"max_hp_gain":0,"max_hp_loss":0,"event_name":"NoteForYourself","floor":5,"gold_loss":0},{"damage_healed":0,"gold_gain":0,"player_choice":"3","damage_taken":0,"max_hp_gain":0,"max_hp_loss":0,"event_name":"betterMatch:BetterMatch","floor":12,"gold_loss":0,"cards_obtained":[]}],"is_beta":false,"boss_relics":[],"items_purged_floors":[],"is_endless":false,"potions_floor_spawned":[7,11],"killed_by":"Gremlin Nob","ascension_level":0}}