{"host":"Krakhan","time":1611533976,"event":{"mods":["AchievementEnabler","BaseMod","Colored Map","Colored Powertips","Faster Ascension Climbing","Highlight Path","Minty Spire (QoL Compilation)","Rare Cards Sparkle","Relic Stats","StSLib"],"gold_per_floor":[365,365,377,393,6,6,41,41,120,120,137,137,137,148,148,148,148],"floor_reached":16,"language":"ENG","playtime":792,"items_purged":[],"score":200,"play_id":"fc527a83-846d-4ec4-8d34-8dcd90a745a1","local_time":"20210124191936","is_ascension_mode":true,"campfire_choices":[{"data":"Catalyst","floor":6.0,"key":"SMITH"},{"floor":10.0,"key":"REST"},{"floor":15.0,"key":"REST"}],"circlet_count":0,"master_deck":["AscendersBane","Strike_G","Strike_G","Strike_G","Strike_G+1","Defend_G","Defend_G","Defend_G","Defend_G","Defend_G","Survivor+1","Neutralize+1","Dagger Throw","Poisoned Stab","Catalyst+1","Crippling Poison","Riddle With Holes","Blade Dance"],"relics":["Ring of the Snake","Anchor","Centennial Puzzle","Regal Pillow","Paper Crane"],"acts_visited":["Exordium"],"potions_floor_usage":[],"damage_taken":[{"damage":11.0,"enemies":"Small Slimes","floor":1.0,"turns":5.0},{"damage":9.0,"enemies":"Jaw Worm","floor":3.0,"turns":4.0},{"damage":4.0,"enemies":"2 Louse","floor":4.0,"turns":3.0},{"damage":14.0,"enemies":"3 Sentries","floor":7.0,"turns":9.0},{"damage":0.0,"enemies":"Large Slime","floor":11.0,"turns":6.0},{"damage":1.0,"enemies":"2 Fungi Beasts","floor":14.0,"turns":3.0},{"damage":60,"enemies":"Slime Boss","floor":16,"turns":9}],"seed_played":"2508279518147691847","potions_obtained":[{"floor":3.0,"key":"Weak Potion"},{"floor":11.0,"key":"Regen Potion"},{"floor":14.0,"key":"LiquidMemories"}],"is_trial":false,"path_per_floor":["M","?","M","M","$","R","E","$","T","R","M","?","?","M","R","B"],"character_chosen":"THE_SILENT","items_purchased":["Anchor","Centennial Puzzle","Fire Potion"],"campfire_rested":2,"item_purchase_floors":[5,5,5],"current_hp_per_floor":[48,30,21,17,17,17,3,3,3,36,36,29,29,28,60,0,0],"gold":148,"neow_bonus":"TWO_FIFTY_GOLD","is_daily":false,"chose_seed":false,"campfire_upgraded":1,"win_rate":0.0,"timestamp":1611533976,"path_taken":["M","?","M","M","$","R","E","$","T","R","M","?","?","M","R","BOSS"],"items_purchased_type":["Relic","Relic","Potion"],"build_version":"2020-12-18","purchased_purges":0,"victory":false,"max_hp_per_floor":[60,60,60,60,60,60,60,60,60,60,60,60,60,60,60,60,60],"relic_stats":{"Centennial Puzzle":[9],"Regal Pillow":29,"counters":[7,39],"obtain_stats":[{"Anchor":5,"Centennial Puzzle":5,"Regal Pillow":7,"Paper Crane":9,"Ring of the Snake":0},{"Anchor":3,"Centennial Puzzle":3,"Regal Pillow":4,"Paper Crane":4,"Ring of the Snake":0},{"Anchor":12,"Centennial Puzzle":12,"Regal Pillow":21,"Paper Crane":21,"Ring of the Snake":0}],"Ring of the Snake":[14]},"card_choices":[{"not_picked":["Flying Knee","Riddle With Holes"],"picked":"Dagger Throw","floor":1.0},{"not_picked":["Well Laid Plans","Terror"],"picked":"Poisoned Stab","floor":3.0},{"not_picked":["Outmaneuver","Slice"],"picked":"Catalyst","floor":4.0},{"not_picked":["Prepared","Blade Dance"],"picked":"Crippling Poison","floor":7.0},{"not_picked":["Escape Plan","Choke"],"picked":"Riddle With Holes","floor":11.0},{"not_picked":["Blur","Acrobatics"],"picked":"Blade Dance","floor":14.0}],"player_experience":1364538,"relics_obtained":[{"floor":7.0,"key":"Regal Pillow"},{"floor":9.0,"key":"Paper Crane"}],"event_choices":[{"damage_healed":0.0,"max_hp_gain":0.0,"max_hp_loss":0.0,"gold_gain":0.0,"event_name":"Shining Light","player_choice":"Entered Light","floor":2.0,"gold_loss":0.0,"damage_taken":18.0,"cards_upgraded":["Strike_G","Survivor"]},{"cards_removed":["Strike_G"],"damage_healed":0.0,"max_hp_gain":0.0,"max_hp_loss":0.0,"gold_gain":0.0,"event_name":"Golden Wing","player_choice":"Card Removal","floor":12.0,"gold_loss":0.0,"damage_taken":7.0},{"damage_healed":0.0,"max_hp_gain":0.0,"max_hp_loss":0.0,"gold_gain":0.0,"event_name":"Living Wall","player_choice":"Grow","floor":13.0,"gold_loss":0.0,"damage_taken":0.0,"cards_upgraded":["Neutralize"]}],"is_beta":true,"boss_relics":[],"items_purged_floors":[],"is_endless":false,"potions_floor_spawned":[3,11,14],"killed_by":"Slime Boss","ascension_level":20}}