{"host":"qekv59dthhdg54sz","time":1611550256,"event":{"mods":["AchievementEnabler","BaseMod","Colored Map","DeckTracker","KOR Keyword Fix","Minty Spire (QoL Compilation)","Rare Cards Sparkle","StSLib","SuperFastMode"],"gold_per_floor":[113,113,22,22,45,45,84,84,84,120,140,140,153,178,178,178,178],"floor_reached":16,"language":"KOR","playtime":279,"items_purged":[],"score":220,"play_id":"a2cd3b91-2f82-4559-9f74-55edad697531","local_time":"20210125135056","is_ascension_mode":true,"campfire_choices":[{"data":"Setup","floor":6.0,"key":"SMITH"},{"data":"Enlightenment","floor":8.0,"key":"SMITH"},{"floor":15,"key":"REST"}],"circlet_count":0,"master_deck":["AscendersBane","Strike_G","Strike_G","Strike_G","Strike_G","Strike_G","Defend_G","Defend_G","Defend_G","Defend_G","Defend_G","Survivor","Neutralize","The Bomb","Riddle With Holes","Enlightenment+1","Setup+1","Venomology","Acrobatics","Concentrate"],"relics":["Ring of the Snake","Golden Idol","Torii","Mango","Lantern"],"acts_visited":["Exordium"],"potions_floor_usage":[13,14,14,14,16,16],"damage_taken":[{"damage":7.0,"enemies":"Small Slimes","floor":1.0,"turns":3.0},{"damage":4.0,"enemies":"Jaw Worm","floor":5.0,"turns":5.0},{"damage":12.0,"enemies":"3 Sentries","floor":7.0,"turns":3.0},{"damage":17.0,"enemies":"Lagavulin","floor":10.0,"turns":7.0},{"damage":0.0,"enemies":"Cultist","floor":11.0,"turns":3.0},{"damage":11,"enemies":"Looter","floor":13,"turns":3},{"damage":0,"enemies":"Red Slaver","floor":14,"turns":3},{"damage":1,"enemies":"Slime Boss","floor":16,"turns":5}],"seed_played":"-7409344575141583174","potions_obtained":[{"floor":7.0,"key":"CunningPotion"},{"floor":10.0,"key":"Ancient Potion"},{"floor":14,"key":"DistilledChaos"}],"is_trial":false,"path_per_floor":["M","?","$","?","M","R","E","R","T","E","M","?","M","M","R","B"],"character_chosen":"THE_SILENT","items_purchased":["Enlightenment"],"campfire_rested":1,"item_purchase_floors":[3],"current_hp_per_floor":[52,52,52,31,27,27,15,15,29,12,12,12,1,1,23,22,22],"gold":178,"neow_bonus":"RANDOM_COLORLESS_2","is_daily":false,"chose_seed":true,"campfire_upgraded":2,"win_rate":0.0,"timestamp":1611550256,"path_taken":["M","?","$","?","M","R","E","R","T","E","M","?","?","M","R","BOSS"],"items_purchased_type":["Card"],"build_version":"2020-12-22","purchased_purges":0,"victory":false,"max_hp_per_floor":[60,60,60,60,60,60,60,60,74,74,74,74,74,74,74,74,74],"card_choices":[{"not_picked":["Magnetism","Transmutation"],"picked":"The Bomb","floor":0.0},{"not_picked":["Deflect","Bane"],"picked":"Riddle With Holes","floor":1.0},{"not_picked":["Prepared","Reflex"],"picked":"Setup","floor":5.0},{"not_picked":["Heel Hook","Endless Agony","Backstab"],"picked":"SKIP","floor":7.0},{"not_picked":["Blur","Slice"],"picked":"Venomology","floor":10.0},{"not_picked":["Quick Slash","Dagger Spray"],"picked":"Acrobatics","floor":11.0},{"not_picked":["Underhanded Strike","Bane","Blade Dance"],"picked":"SKIP","floor":13},{"not_picked":["Quick Slash","Dagger Spray","Cloak And Dagger"],"picked":"SKIP","floor":14}],"player_experience":826797,"relics_obtained":[{"floor":7.0,"key":"Torii"},{"floor":9.0,"key":"Mango"},{"floor":10.0,"key":"Lantern"}],"event_choices":[{"damage_healed":0.0,"max_hp_gain":0.0,"max_hp_loss":0.0,"gold_gain":0.0,"event_name":"Liars Game","player_choice":"Ignored","floor":2.0,"gold_loss":0.0,"damage_taken":0.0},{"damage_healed":0.0,"max_hp_gain":0.0,"max_hp_loss":0.0,"gold_gain":0.0,"event_name":"Golden Idol","player_choice":"Take Damage","floor":4.0,"gold_loss":0.0,"damage_taken":21.0,"relics_obtained":["Golden Idol"]},{"damage_healed":0,"gold_gain":0,"player_choice":"1 cards matched","damage_taken":0,"max_hp_gain":0,"max_hp_loss":0,"event_name":"Match and Keep!","floor":12,"gold_loss":0,"cards_obtained":["Concentrate"]}],"is_beta":false,"boss_relics":[],"items_purged_floors":[],"is_endless":false,"potions_floor_spawned":[7,10,14],"killed_by":"Slime Boss","ascension_level":20}}