{"host":"m3rs92yjkwi06hli","time":1611540512,"event":{"mods":["Act Like it!","Aspiration","BaseMod","Colored Map","Conspire","Defuse TimeMaze Blight","Downfall","Energized Spire","Hubris","Infinite Spire","Minty Spire (QoL Compilation)","Relic Stats","Spicy Shops","StSLib"],"gold_per_floor":[99,110,110,125,125,125,125,36,36,54,54,64,99,99,109,109,109,109],"floor_reached":16,"language":"ENG","playtime":949,"items_purged":[],"score":105,"play_id":"f3b6d736-6108-4c23-9d61-983a333d9246","local_time":"20210124200832","is_ascension_mode":true,"campfire_choices":[{"data":"bronze:TinkerersToolbox","floor":1,"key":"SMITH"},{"data":"bronze:FollowUp","floor":6,"key":"SMITH"},{"floor":11,"key":"RECALL"}],"circlet_count":0,"master_deck":["bronze:Strike","bronze:Strike","bronze:Strike","bronze:Strike","bronze:Defend","bronze:Defend","bronze:Defend","bronze:Defend","bronze:Replicate","bronze:Goto","bronze:TinkerersToolbox+1","bronze:Boost","bronze:FollowUp+1","bronze:Repair","bronze:FollowUp","bronze:Terminator","bronze:FineTuning","bronze:Boost","bronze:BronzeOrb"],"relics":["bronze:BronzeCore","Du-Vu Doll","hubris:HerbalPaste","Gremlin Horn"],"acts_visited":["Exordium"],"potions_floor_usage":[],"damage_taken":[{"damage":3,"enemies":"Cultist","floor":2,"turns":5},{"damage":0,"enemies":"2 Louse","floor":4,"turns":3},{"damage":0,"enemies":"downfall:FleeingMerchant","floor":8,"turns":4},{"damage":0,"enemies":"Jaw Worm","floor":10,"turns":4},{"damage":6,"enemies":"Exordium Thugs","floor":12,"turns":4},{"damage":26,"enemies":"3 Sentries","floor":13,"turns":8},{"damage":8,"enemies":"3 Louse","floor":15,"turns":3},{"damage":75,"enemies":"WA_ARCHETYPE_RETAIN","floor":16,"turns":17}],"seed_played":"-3900586396828023824","potions_obtained":[{"floor":12,"key":"bronze:CleanCodePotion"},{"floor":13,"key":"Strength Potion"},{"floor":15,"key":"Dexterity Potion"}],"is_trial":false,"path_per_floor":["R","M","?","M","?","R","T","$","?","M","R","M","E","?","M","B"],"character_chosen":"THE_AUTOMATON","items_purchased":["hubris:HerbalPaste"],"campfire_rested":0,"item_purchase_floors":[8],"current_hp_per_floor":[70,67,67,67,72,72,72,72,72,75,75,72,57,57,62,0,0,0],"gold":109,"neow_bonus":"ONE_RANDOM_RARE_CARD","is_daily":false,"chose_seed":false,"campfire_upgraded":2,"win_rate":0.0,"timestamp":1611540512,"path_taken":["R","M","?","M","?","R","T","$","?","M","R","?","E","?","M","BOSS"],"items_purchased_type":["Relic"],"build_version":"2020-12-22","purchased_purges":0,"victory":false,"max_hp_per_floor":[70,70,70,70,75,75,75,75,75,75,75,75,75,75,75,75,75,75],"relic_stats":{"Gremlin Horn":[2,2],"counters":[8,48],"obtain_stats":[{"Du-Vu Doll":7,"bronze:BronzeCore":0,"hubris:HerbalPaste":8,"Gremlin Horn":13},{"Du-Vu Doll":2,"bronze:BronzeCore":0,"hubris:HerbalPaste":3,"Gremlin Horn":6},{"Du-Vu Doll":8,"bronze:BronzeCore":0,"hubris:HerbalPaste":12,"Gremlin Horn":28}]},"card_choices":[{"not_picked":["bronze:Deprecate","bronze:DelayedGuard"],"picked":"bronze:Boost","floor":2},{"not_picked":["bronze:Frontload","bronze:WildBeam"],"picked":"bronze:FollowUp","floor":4},{"not_picked":["bronze:ShipIt","bronze:Shield"],"picked":"bronze:Repair","floor":8},{"not_picked":["bronze:ChildClass","bronze:CutThrough"],"picked":"bronze:FollowUp","floor":10},{"not_picked":["bronze:Assembly","bronze:Invalidate"],"picked":"bronze:Terminator","floor":12},{"not_picked":["bronze:Frontload","bronze:BitShift"],"picked":"bronze:FineTuning","floor":13},{"not_picked":["bronze:MaxOutput","bronze:Boost"],"picked":"bronze:BronzeOrb","floor":15}],"player_experience":914968,"relics_obtained":[{"floor":7,"key":"Du-Vu Doll"},{"floor":13,"key":"Gremlin Horn"}],"event_choices":[{"damage_healed":0,"gold_gain":0,"player_choice":"Leave","damage_taken":0,"max_hp_gain":0,"max_hp_loss":0,"event_name":"conspire:Investor","floor":3,"gold_loss":0},{"damage_healed":0,"gold_gain":0,"player_choice":"Donut","damage_taken":0,"max_hp_gain":5,"max_hp_loss":0,"event_name":"Big Fish","floor":5,"gold_loss":0},{"damage_healed":0,"gold_gain":0,"player_choice":"Leave","damage_taken":0,"max_hp_gain":0,"max_hp_loss":0,"event_name":"FaceTrader","floor":9,"gold_loss":0}],"is_beta":false,"boss_relics":[],"items_purged_floors":[],"is_endless":false,"potions_floor_spawned":[12,13,15],"killed_by":"WA_ARCHETYPE_RETAIN","ascension_level":1}}