{"host":"d73an99q9oevilk5","time":1611574259,"event":{"mods":["2.2 Compatiblity","AchievementEnabler","Act Like it!","Aspiration","BaseMod","Beaked The Cultist","Better Third Choice","BetterRewards","Colored Map","Colored Powertips","Conspire","GifTheSpireLib","Halation","Hubris","Infinite Spire","Mimic Mod","Minty Spire (QoL Compilation)","Quick Restart","Relic Sorter","Replay The Spire","Shop Mod","Spikes Relics","StSLib","Stuff the Spire","The Cursed","The Necromancer","The Saiyan","Waifu the Spire","egg","slay the spire mod where everything is the same but ironclad has a cowboy hat"],"gold_per_floor":[97,48,63,63,63,82,0,10,83,111,111,111,131,144,144,239,239,263,263,33,39,60,60,84,84,122,159,177,177,177,193,193,297,297,319,8,26,0,0,0,24,46,70,107,119,150,162,197,209,221],"floor_reached":51,"language":"ENG","playtime":2843,"items_purged":["conspire:NecroticWound"],"score":923,"play_id":"a31de6d9-9bcb-4f78-80f9-2ca396d2524e","local_time":"20210125043059","is_ascension_mode":false,"campfire_choices":[{"data":"Saiyan:PlotArmor","floor":12.0,"key":"SMITH"},{"data":"Saiyan:Makankosappo","floor":15.0,"key":"SMITH"},{"data":"Saiyan:TurtleShell","floor":23.0,"key":"SMITH"},{"data":"Saiyan:PlotArmor","floor":29.0,"key":"SMITH"},{"data":"Saiyan:Furor","floor":32,"key":"SMITH"},{"data":"Saiyan:GenkiDama","floor":40,"key":"SMITH"},{"floor":45,"key":"REST"},{"data":"Saiyan:GhostAttack","floor":47,"key":"SMITH"},{"floor":49,"key":"REST"}],"circlet_count":0,"master_deck":["Saiyan:SAIYA_Strike","Saiyan:SAIYA_Strike","Saiyan:SAIYA_Strike","Saiyan:SAIYA_Strike","Saiyan:SAIYA_Defend+1","Saiyan:SAIYA_Defend","Saiyan:SAIYA_Defend","Saiyan:SAIYA_Defend","Saiyan:EnergyBlast","Saiyan:KaioKen","Saiyan:RuthlessBlow+1","Saiyan:PlotArmor+1","Saiyan:PlotArmor+1","Saiyan:FingerParry","Saiyan:Furor","Saiyan:GenkiDama+1","Saiyan:Makankosappo+1","Saiyan:TurtleShell+1","Saiyan:Rekindle","hubris:Greed","Decay","Saiyan:KiStrike","Saiyan:DragonRadar","Saiyan:Flurry","Replay:Bootleg Shield Generator","Saiyan:Furor+1","Saiyan:GhostAttack+1","Saiyan:KiExplosion+1","Saiyan:WarmUp","Enlightenment","Saiyan:PlotArmor","Saiyan:TurtleShell"],"relics":["SaiyanSoul","SaiyanHeart","TungstenRod","aspiration:HummingbirdHeart","Replay:PocketPolymizer","Garlic","ReplayTheSpireMod:Lightbulb","Replay:Ancient Bell","Replay:Wax Seal","Quantum Egg","hubris:Potato","WarpedTongs","Gremlin Food","CaptainsWheel","Bag of Preparation","hubris:HollowSoul","Vajra","Red Mask","MawBank"],"acts_visited":["Exordium","TheCity","TheBeyond"],"potions_floor_usage":[33,41,44,50,50,50],"damage_taken":[{"damage":0.0,"enemies":"2 Louse","floor":1.0,"turns":2.0},{"damage":0.0,"enemies":"Cultist","floor":3.0,"turns":3.0},{"damage":0.0,"enemies":"conspire:RoseBush","floor":6.0,"turns":5.0},{"damage":0.0,"enemies":"Blue Slaver","floor":8.0,"turns":4.0},{"damage":3.0,"enemies":"3 Sentries","floor":10.0,"turns":10.0},{"damage":0.0,"enemies":"Large Slime","floor":13.0,"turns":4.0},{"damage":0.0,"enemies":"conspire:2 RoseBushes","floor":14.0,"turns":4.0},{"damage":34.0,"enemies":"Slime Boss","floor":16.0,"turns":10.0},{"damage":6.0,"enemies":"Shell Parasite","floor":18.0,"turns":8.0},{"damage":0.0,"enemies":"2 Thieves","floor":21.0,"turns":4.0},{"damage":0.0,"enemies":"Snecko","floor":22.0,"turns":5.0},{"damage":0.0,"enemies":"Centurion and Healer","floor":24.0,"turns":7.0},{"damage":0.0,"enemies":"Cultist and Chosen","floor":26.0,"turns":10.0},{"damage":0.0,"enemies":"Replay:Snechameleon","floor":27.0,"turns":7.0},{"damage":8.0,"enemies":"Cultist and Chosen","floor":28.0,"turns":7.0},{"damage":0.0,"enemies":"3 Cultists","floor":31.0,"turns":5.0},{"damage":39,"enemies":"conspire:MysteriousRune","floor":33,"turns":13},{"damage":0,"enemies":"3 Shapes","floor":35,"turns":5},{"damage":0,"enemies":"3 Darklings","floor":37,"turns":7},{"damage":31,"enemies":"Transient","floor":41,"turns":5},{"damage":7,"enemies":"Sphere and 2 Shapes","floor":42,"turns":9},{"damage":65,"enemies":"Writhing Mass","floor":44,"turns":14},{"damage":20,"enemies":"Transient","floor":46,"turns":5},{"damage":0,"enemies":"3 Darklings","floor":48,"turns":4},{"damage":40,"enemies":"Time Eater","floor":50,"turns":9}],"seed_played":"6104079949584742803","potions_obtained":[{"floor":3.0,"key":"AttackPotion"},{"floor":6.0,"key":"EssenceOfSteel"},{"floor":13.0,"key":"LifebloodPotion"},{"floor":27.0,"key":"SkillPotion"},{"floor":37,"key":"Block Potion"},{"floor":42,"key":"conspire:TimeTravelPotion"},{"floor":46,"key":"Ancient Potion"}],"is_trial":false,"path_per_floor":["M","$","M","?","$","M","?","M","T","E","$","R","M","M","R","B",null,"M","?","$","M","M","R","M","?","MIM","E","M","R","?","M","R_BF","B",null,"M","$","M","?","?","R","M","M","T","M","R","M","R","M","R_BF","B",null],"character_chosen":"SAIYAJIN","items_purchased":["TungstenRod","aspiration:HummingbirdHeart","Saiyan:PlotArmor","Gremlin Food","Vajra","Saiyan:WarmUp","Enlightenment"],"campfire_rested":2,"item_purchase_floors":[0,0,2,20,36,36,36],"current_hp_per_floor":[33,33,34,34,34,35,41,43,43,43,43,43,46,50,50,18,82,79,79,79,82,86,86,89,89,91,94,88,88,88,90,90,54,107,110,110,113,113,113,113,85,79,79,56,91,72,72,74,110,72],"gold":233,"neow_bonus":"","is_daily":false,"chose_seed":false,"campfire_upgraded":7,"win_rate":0.0,"timestamp":1611574259,"path_taken":["M","$","M","?","?","M","?","M","T","E","?","R","M","M","R","BOSS","M","?","$","?","M","R","M","?","MIM","E","M","R","?","M","R_BF","BOSS","M","$","?","?","?","R","M","?","T","M","R","M","R","M","R_BF","BOSS"],"items_purchased_type":["Relic","Relic","Card","Relic","Relic","Card","Card"],"build_version":"2020-12-22","purchased_purges":1,"victory":true,"max_hp_per_floor":[60,60,61,61,61,62,68,70,70,73,73,73,76,80,80,82,82,85,85,85,88,92,92,95,95,97,100,102,102,102,104,104,107,107,110,110,113,113,113,113,116,117,117,118,118,119,119,121,121,123],"card_choices":[{"not_picked":["Saiyan:Scouter","Saiyan:PowerStance","Saiyan:KameHameHa"],"picked":"SKIP","floor":1.0},{"not_picked":["Saiyan:Makankosappo","Saiyan:Endure"],"picked":"Saiyan:PlotArmor","floor":3.0},{"not_picked":["Saiyan:Flurry","Saiyan:MeteorDash"],"picked":"Saiyan:FingerParry","floor":6.0},{"not_picked":["Saiyan:Kienzan","Saiyan:PowerUp"],"picked":"Saiyan:Furor","floor":8.0},{"not_picked":["Saiyan:ThirstForFight","Saiyan:HyperTimeChamber"],"picked":"Saiyan:GenkiDama","floor":10.0},{"not_picked":["Saiyan:DragonFist","Saiyan:PowerUp"],"picked":"Saiyan:Makankosappo","floor":13.0},{"not_picked":["Saiyan:BackAttack","Saiyan:PlotArmor"],"picked":"Saiyan:TurtleShell","floor":14.0},{"not_picked":["Saiyan:MajinSeal","Saiyan:SenzuBean"],"picked":"Saiyan:Rekindle","floor":16.0},{"not_picked":["Hallucinations","Writhe"],"picked":"hubris:Greed","floor":17.0},{"not_picked":["Pain","conspire:Blindness"],"picked":"conspire:NecroticWound","floor":17.0},{"not_picked":["hubris:Wrath","Voices"],"picked":"Decay","floor":17.0},{"not_picked":["Saiyan:ExpandingShockwave","Saiyan:BigBangAttack"],"picked":"Saiyan:KiStrike","floor":18.0},{"not_picked":["Saiyan:Planning+1","Saiyan:RemoveWeights","Saiyan:Endure+1"],"picked":"SKIP","floor":21.0},{"not_picked":["Saiyan:DragonFist","Saiyan:BigBangAttack+1","Saiyan:BackAttack+1"],"picked":"SKIP","floor":22.0},{"not_picked":["Saiyan:TransfigurationBeam","Saiyan:Expend","Saiyan:Quickening+1"],"picked":"SKIP","floor":24.0},{"not_picked":["Saiyan:ReverberatingForce","Saiyan:SaiyanHubris"],"picked":"Saiyan:DragonRadar","floor":26.0},{"not_picked":["Saiyan:PlotArmor","Saiyan:ExpandingShockwave"],"picked":"Saiyan:Flurry","floor":27.0},{"not_picked":["Saiyan:TheBomb","Saiyan:Teleport+1","Saiyan:PlotArmor"],"picked":"SKIP","floor":28.0},{"not_picked":["Saiyan:Scouter","Saiyan:MeteorDash"],"picked":"Saiyan:Furor","floor":31.0},{"not_picked":["Saiyan:SenzuBean","Saiyan:SolarFlare"],"picked":"Saiyan:GhostAttack","floor":33},{"not_picked":["Saiyan:DoubleMasenko","Saiyan:Flurry"],"picked":"Saiyan:KiExplosion+1","floor":35},{"not_picked":["Saiyan:KameHameHa+1","Saiyan:Planning"],"picked":"Saiyan:PlotArmor","floor":37},{"not_picked":["Saiyan:SoulSpice","Saiyan:Reset","Saiyan:DragonFist"],"picked":"SKIP","floor":41},{"not_picked":["Saiyan:Reset","Saiyan:BigBangAttack+1","Saiyan:Quickening"],"picked":"SKIP","floor":42},{"not_picked":["Saiyan:SoulSpice","Saiyan:MeteorDash+1","Saiyan:DoubleMasenko+1"],"picked":"SKIP","floor":44},{"not_picked":["Saiyan:Quickening","Saiyan:ExpandingShockwave+1"],"picked":"Saiyan:TurtleShell","floor":46},{"not_picked":["Saiyan:Planning+1","Saiyan:Quickening+1","Saiyan:ReverberatingForce"],"picked":"SKIP","floor":48}],"player_experience":1776670,"relics_obtained":[{"floor":9.0,"key":"Garlic"},{"floor":10.0,"key":"ReplayTheSpireMod:Lightbulb"},{"floor":26.0,"key":"CaptainsWheel"},{"floor":27.0,"key":"Bag of Preparation"},{"floor":43,"key":"MawBank"}],"event_choices":[{"damage_healed":0.0,"max_hp_gain":0.0,"max_hp_loss":0.0,"gold_gain":0.0,"event_name":"NoteForYourself","player_choice":"Ignored","floor":4.0,"gold_loss":0.0,"damage_taken":0.0},{"damage_healed":0.0,"max_hp_gain":0.0,"max_hp_loss":0.0,"gold_gain":0.0,"event_name":"betterThird:BetterSerpent","player_choice":"RENOUNCE","floor":7.0,"gold_loss":82.0,"damage_taken":82.0,"cards_obtained":["Enlightenment"]},{"damage_healed":0.0,"max_hp_gain":0.0,"max_hp_loss":0.0,"gold_gain":0.0,"event_name":"Accursed Blacksmith","player_choice":"Rummage","floor":19.0,"gold_loss":0.0,"damage_taken":0.0,"relics_obtained":["WarpedTongs"],"cards_obtained":["Pain"]},{"damage_healed":0.0,"max_hp_gain":0.0,"max_hp_loss":0.0,"gold_gain":0.0,"cards_transformed":["Enlightenment"],"event_name":"Transmorgrifier","player_choice":"Transformed","floor":30.0,"gold_loss":0.0,"damage_taken":0.0,"cards_obtained":["Replay:Bootleg Shield Generator"]},{"damage_healed":0,"gold_gain":0,"player_choice":"Paid","damage_taken":0,"relics_obtained":["Red Mask"],"max_hp_gain":0,"max_hp_loss":0,"event_name":"Tomb of Lord Red Mask","floor":38,"gold_loss":26},{"cards_removed":["Pain"],"damage_healed":0,"gold_gain":0,"player_choice":"Purged","damage_taken":0,"max_hp_gain":0,"max_hp_loss":0,"event_name":"Purifier","floor":39,"gold_loss":0}],"is_beta":false,"boss_relics":[{"not_picked":["StuffTheSpire:RunicHypercube","Snecko Eye"],"picked":"Replay:Ancient Bell"},{"not_picked":["ReplayFunnel","Replay:Bandana"],"picked":"Replay:Wax Seal"},{"not_picked":["Replay:Ringing Soul","Pantograph"],"picked":"Quantum Egg"},{"not_picked":["halation:BlackBeret","Bird Faced Urn"],"picked":"hubris:Potato"},{"not_picked":["conspire:RunicOctahedron","halation:SmartPhone"],"picked":"hubris:HollowSoul"}],"items_purged_floors":[20],"is_endless":false,"potions_floor_spawned":[3,6,13,16,18,27,31,37,42,46],"ascension_level":0}}