{"host":"ia9e4s524g7bamk7","time":1611565545,"event":{"mods":["AchievementEnabler","BaseMod","Minty Spire (QoL Compilation)","Slay-I"],"gold_per_floor":[159,171,185,185,260,260,288,288,288,60,77,94,94,112,112,207,207,223,323,309,62,82,112,112,141,141,161,179,191,218,230,230,326,326,336,98,113,128,139,139,164,164,218,237,147,176,27,57,57,57,57,57,57,83,83,83],"floor_reached":55,"language":"ENG","playtime":5400,"items_purged":["Zap","Strike_B"],"score":980,"play_id":"da4c2f97-c251-4f3d-a454-0ddc9fda71af","local_time":"20210125100545","is_ascension_mode":true,"campfire_choices":[{"data":"Dualcast","floor":6.0,"key":"SMITH"},{"floor":8.0,"key":"REST"},{"floor":15.0,"key":"REST"},{"floor":24.0,"key":"REST"},{"floor":32.0,"key":"REST"},{"floor":40.0,"key":"RECALL"},{"floor":42.0,"key":"REST"},{"floor":49.0,"key":"REST"},{"floor":52.0,"key":"REST"}],"circlet_count":0,"master_deck":["Strike_B","Strike_B","Strike_B","Defend_B+1","Defend_B+1","Defend_B+1","Defend_B","Dualcast+1","Ball Lightning","Cold Snap","Auto Shields","FTL","Go for the Eyes+1","Leap","Undo","Electrodynamics","Coolheaded","Sweeping Beam","FTL+1","Auto Shields","White Noise+1","Coolheaded+1","Ball Lightning+1","Reinforced Body+1","Capacitor+1","Echo Form","Barrage"],"relics":["Tiny House","White Beast Statue","Kunai","Runic Capacitor","Fusion Hammer","Ancient Tea Set","Bronze Scales","Eternal Feather","Mercury Hourglass","Velvet Choker","Shuriken","Turnip","Dream Catcher","StrikeDummy","Vajra","Oddly Smooth Stone","Bottled Flame"],"acts_visited":["Exordium","TheCity","TheBeyond","TheEnding"],"potions_floor_usage":[54,55],"damage_taken":[{"damage":0.0,"enemies":"Small Slimes","floor":1.0,"turns":3.0},{"damage":0.0,"enemies":"2 Louse","floor":2.0,"turns":2.0},{"damage":0.0,"enemies":"Cultist","floor":3.0,"turns":3.0},{"damage":61.0,"enemies":"Gremlin Nob","floor":7.0,"turns":6.0},{"damage":0.0,"enemies":"Large Slime","floor":11.0,"turns":4.0},{"damage":5.0,"enemies":"Red Slaver","floor":12.0,"turns":4.0},{"damage":0.0,"enemies":"Looter","floor":14.0,"turns":3.0},{"damage":32.0,"enemies":"Slime Boss","floor":16.0,"turns":17.0},{"damage":1.0,"enemies":"Chosen","floor":18.0,"turns":4.0},{"damage":6.0,"enemies":"2 Thieves","floor":20.0,"turns":4.0},{"damage":6.0,"enemies":"Centurion and Healer","floor":22.0,"turns":5.0},{"damage":20.0,"enemies":"Book of Stabbing","floor":23.0,"turns":8.0},{"damage":24.0,"enemies":"Slavers","floor":25.0,"turns":4.0},{"damage":16.0,"enemies":"Shelled Parasite and Fungi","floor":27.0,"turns":6.0},{"damage":5.0,"enemies":"Chosen and Byrds","floor":28.0,"turns":4.0},{"damage":0.0,"enemies":"Snecko","floor":29.0,"turns":5.0},{"damage":10.0,"enemies":"Gremlin Leader","floor":30.0,"turns":7.0},{"damage":0.0,"enemies":"Shelled Parasite and Fungi","floor":31.0,"turns":4.0},{"damage":54.0,"enemies":"Automaton","floor":33.0,"turns":14.0},{"damage":0.0,"enemies":"Orb Walker","floor":35.0,"turns":4.0},{"damage":14.0,"enemies":"3 Darklings","floor":37.0,"turns":4.0},{"damage":0.0,"enemies":"4 Shapes","floor":38.0,"turns":6.0},{"damage":0.0,"enemies":"Writhing Mass","floor":39.0,"turns":8.0},{"damage":46.0,"enemies":"Reptomancer","floor":41.0,"turns":8.0},{"damage":23.0,"enemies":"Maw","floor":44.0,"turns":9.0},{"damage":11.0,"enemies":"Giant Head","floor":46.0,"turns":11.0},{"damage":0.0,"enemies":"Nemesis","floor":48.0,"turns":8.0},{"damage":57.0,"enemies":"Donu and Deca","floor":50.0,"turns":12.0},{"damage":47,"enemies":"Shield and Spear","floor":54,"turns":7},{"damage":36,"enemies":"The Heart","floor":55,"turns":3}],"seed_played":"-1036746255375441122","potions_obtained":[{"floor":0.0,"key":"ColorlessPotion"},{"floor":2.0,"key":"FearPotion"},{"floor":7.0,"key":"FearPotion"},{"floor":11.0,"key":"DuplicationPotion"},{"floor":12.0,"key":"Energy Potion"},{"floor":16.0,"key":"SkillPotion"},{"floor":18.0,"key":"BlessingOfTheForge"},{"floor":22.0,"key":"Energy Potion"},{"floor":23.0,"key":"Energy Potion"},{"floor":25.0,"key":"SneckoOil"},{"floor":29.0,"key":"SneckoOil"},{"floor":30.0,"key":"SpeedPotion"},{"floor":31.0,"key":"SkillPotion"},{"floor":33.0,"key":"PotionOfCapacity"},{"floor":35.0,"key":"SteroidPotion"},{"floor":37.0,"key":"AttackPotion"},{"floor":41.0,"key":"EntropicBrew"},{"floor":54,"key":"Energy Potion"}],"is_trial":false,"path_per_floor":["M","M","M","?","?","R","E","R","T","$","M","M","?","M","R","B",null,"M","?","M","$","M","E","R","E","T","M","M","M","E","M","R","B",null,"M","$","M","M","M","R","E","R","T","M","?","E","$","E","R","B",null,"R","$","E","B"],"character_chosen":"DEFECT","items_purchased":["Runic Capacitor","Ancient Tea Set","Shuriken","Vajra"],"campfire_rested":7,"item_purchase_floors":[10,21,36,47],"current_hp_per_floor":[80,80,80,85,74,74,13,38,38,38,38,33,16,16,41,9,85,84,84,78,78,72,52,77,53,53,37,32,32,22,22,59,5,85,85,85,71,71,71,85,39,79,79,56,56,45,45,45,82,25,82,82,82,35,0,0],"gold":83,"neow_bonus":"BOSS_RELIC","is_daily":false,"chose_seed":false,"campfire_upgraded":1,"win_rate":0.0,"timestamp":1611565545,"path_taken":["M","M","M","?","?","R","E","R","T","$","M","M","?","M","R","BOSS","M","?","M","$","M","E","R","E","T","M","M","M","E","M","R","BOSS","M","$","M","M","M","R","E","R","T","?","?","E","$","E","R","BOSS","R","$","E","BOSS"],"items_purchased_type":["Relic","Relic","Relic","Relic"],"build_version":"2020-12-22","purchased_purges":2,"victory":false,"max_hp_per_floor":[80,80,80,85,85,85,85,85,85,85,85,85,85,85,85,85,85,85,85,85,85,85,85,85,85,85,85,85,85,85,85,85,85,85,85,85,85,85,85,85,85,85,85,85,82,82,82,82,82,82,82,82,82,82,82,82],"card_choices":[{"not_picked":["Barrage","Go for the Eyes"],"picked":"Ball Lightning","floor":0.0},{"not_picked":["Double Energy","Heatsinks"],"picked":"Cold Snap","floor":1.0},{"not_picked":["Beam Cell","White Noise"],"picked":"Auto Shields","floor":2.0},{"not_picked":["Hologram","Sweeping Beam"],"picked":"FTL","floor":3.0},{"not_picked":["Aggregate","Capacitor"],"picked":"Go for the Eyes","floor":7.0},{"not_picked":["Aggregate","Redo"],"picked":"Leap","floor":11.0},{"not_picked":["Steam","Loop"],"picked":"Undo","floor":12.0},{"not_picked":["Turbo","Reprogram","Capacitor"],"picked":"SKIP","floor":14.0},{"not_picked":["Biased Cognition","Rainbow"],"picked":"Electrodynamics","floor":16.0},{"not_picked":["Hologram","Double Energy","Aggregate"],"picked":"SKIP","floor":18.0},{"not_picked":["Streamline+1","Stack"],"picked":"Coolheaded","floor":20.0},{"not_picked":["Hologram+1","Storm"],"picked":"Sweeping Beam","floor":22.0},{"not_picked":["Compile Driver","Capacitor+1"],"picked":"FTL+1","floor":23.0},{"not_picked":["Gash","Fusion","Steam"],"picked":"SKIP","floor":25.0},{"not_picked":["Reboot","Steam"],"picked":"Auto Shields","floor":27.0},{"not_picked":["Stack","Hologram","Redo"],"picked":"SKIP","floor":28.0},{"not_picked":["Barrage+1","FTL"],"picked":"White Noise+1","floor":29.0},{"not_picked":["Turbo","Ball Lightning","Stack+1"],"picked":"SKIP","floor":30.0},{"not_picked":["Lockon","Sweeping Beam"],"picked":"Coolheaded+1","floor":31.0},{"not_picked":["Conserve Battery","Redo+1"],"picked":"Ball Lightning+1","floor":35.0},{"not_picked":["Gash","Tempest+1"],"picked":"Reinforced Body+1","floor":37.0},{"not_picked":["Streamline","Storm+1"],"picked":"Capacitor+1","floor":38.0},{"not_picked":["Go for the Eyes","Capacitor","Coolheaded+1"],"picked":"SKIP","floor":39.0},{"not_picked":["Streamline+1","Go for the Eyes","Genetic Algorithm+1"],"picked":"SKIP","floor":41.0},{"not_picked":["Heatsinks+1","Conserve Battery+1","Compile Driver+1"],"picked":"SKIP","floor":44.0},{"not_picked":["Leap","Steam+1","Capacitor+1"],"picked":"SKIP","floor":46.0},{"not_picked":["Reinforced Body+1","Streamline"],"picked":"Echo Form","floor":48.0},{"not_picked":["Gash+1","Double Energy"],"picked":"Barrage","floor":49.0},{"not_picked":["Sunder","Rebound+1","Capacitor+1"],"picked":"SKIP","floor":54}],"player_experience":194737,"relics_obtained":[{"floor":7.0,"key":"White Beast Statue"},{"floor":9.0,"key":"Kunai"},{"floor":23.0,"key":"Bronze Scales"},{"floor":25.0,"key":"Eternal Feather"},{"floor":30.0,"key":"Mercury Hourglass"},{"floor":41.0,"key":"Turnip"},{"floor":43.0,"key":"Dream Catcher"},{"floor":46.0,"key":"StrikeDummy"},{"floor":48.0,"key":"Oddly Smooth Stone"},{"floor":54,"key":"Bottled Flame"}],"event_choices":[{"damage_healed":0.0,"max_hp_gain":5.0,"max_hp_loss":0.0,"gold_gain":0.0,"event_name":"Big Fish","player_choice":"Donut","floor":4.0,"gold_loss":0.0,"damage_taken":0.0},{"damage_healed":0.0,"max_hp_gain":0.0,"max_hp_loss":0.0,"gold_gain":75.0,"event_name":"World of Goop","player_choice":"Gather Gold","floor":5.0,"gold_loss":0.0,"damage_taken":11.0},{"damage_healed":0.0,"max_hp_gain":0.0,"max_hp_loss":0.0,"gold_gain":0.0,"event_name":"Shining Light","player_choice":"Entered Light","floor":13.0,"gold_loss":0.0,"damage_taken":17.0,"cards_upgraded":["Go for the Eyes","Defend_B"]},{"damage_healed":0.0,"max_hp_gain":0.0,"max_hp_loss":0.0,"gold_gain":100.0,"event_name":"Golden Shrine","player_choice":"Pray","floor":19.0,"gold_loss":0.0,"damage_taken":0.0},{"cards_removed":["Parasite"],"damage_healed":0.0,"max_hp_gain":0.0,"max_hp_loss":0.0,"gold_gain":0.0,"event_name":"Designer","player_choice":"Upgrade and Remove","floor":45.0,"gold_loss":90.0,"damage_taken":0.0,"cards_upgraded":["Defend_B"]}],"is_beta":false,"boss_relics":[{"not_picked":["Black Star","Sozu"],"picked":"Fusion Hammer"},{"not_picked":["Runic Pyramid","Philosopher\u0027s Stone"],"picked":"Velvet Choker"}],"items_purged_floors":[10,21],"is_endless":false,"potions_floor_spawned":[2,7,11,12,14,16,18,20,22,23,25,27,28,29,30,31,33,35,37,38,39,41,44,46,48,54],"killed_by":"The Heart","ascension_level":4}}