{"host":"aplcfi4424y88z9j","time":1611593468,"event":{"mods":["BaseMod","Better Third Choice","Colored Map","Downfall","Highlight Path","Minty Spire (QoL Compilation)","Replay The Spire","StSLib"],"gold_per_floor":[99,118,129,146,146,179,179,219,251,271,71,71,71,71,83,188,188,173,185,197,197,297,297,360,402,399,445,475,503,515,527,552,660,672,684,720,844,859,872,887,887,887,887,914,914,757,786,801,818,818,818,844,304,304,304,304,304,304],"floor_reached":56,"language":"ENG","playtime":4962,"items_purged":["bronze:Strike"],"score":880,"play_id":"13796c6a-27f0-4857-bf1b-ef8670bab0cf","local_time":"20210125165108","is_ascension_mode":false,"campfire_choices":[{"floor":1.0,"key":"RECALL"},{"data":"bronze:Boost","floor":11.0,"key":"SMITH"},{"data":"bronze:Boost","floor":13.0,"key":"SMITH"},{"data":"downfall:Bewildered","floor":35.0,"key":"PURGE"},{"data":"bronze:AlphaBuild","floor":43.0,"key":"SMITH"},{"data":"bronze:Iterate","floor":45.0,"key":"SMITH"},{"floor":54,"key":"DIG"}],"circlet_count":0,"master_deck":["bronze:Strike","bronze:Strike+1","bronze:Defend","bronze:Defend","bronze:Defend","bronze:Defend","bronze:Replicate","bronze:Goto","bronze:Boost+1","bronze:Repair","bronze:Flail+1","bronze:Boost+1","bronze:CloningBeam+1","bronze:Spike","bronze:Repair","bronze:Iterate","bronze:Format","bronze:Iterate+1","bronze:AlphaBuild+1","bronze:FineTuning+1","RitualDagger+1","bronze:Boost+1","bronze:Iterate+1","Replay:SS_hec_1"],"relics":["bronze:BronzeCore","Mummified Hand","Letter Opener","Whetstone","downfall:HeartBlessingGreen","downfall:HeartBlessingRed","expansioncontent:StudyCardRelic","downfall:HeartBlessingBlue","sneckomod:BabySnecko","Du-Vu Doll","hexamod:CandleOfCauterizing","MawBank","Thread and Needle","Regal Pillow","Replay:Bronze Core","MealTicket","Replay:Wax Seal","Bag of Preparation","Anchor","Eternal Feather","Chemical X","Shovel","Guardian:PocketSentry","Bronze Scales","DollysMirror","Iron Hammer"],"acts_visited":["Exordium","TheCity","TheBeyond","TheEnding"],"potions_floor_usage":[50,55,55,55],"damage_taken":[{"damage":8.0,"enemies":"Jaw Worm","floor":2.0,"turns":3.0},{"damage":0.0,"enemies":"Small Slimes","floor":3.0,"turns":4.0},{"damage":0.0,"enemies":"2 Louse","floor":4.0,"turns":3.0},{"damage":32.0,"enemies":"Gremlin Nob","floor":6.0,"turns":6.0},{"damage":16.0,"enemies":"3 Sentries","floor":9.0,"turns":7.0},{"damage":0.0,"enemies":"2 Fungi Beasts","floor":10.0,"turns":1.0},{"damage":0.0,"enemies":"2 Fungi Beasts","floor":14.0,"turns":3.0},{"damage":0.0,"enemies":"Large Slime","floor":15.0,"turns":4.0},{"damage":28.0,"enemies":"IC_STATUS_ARCHETYPE","floor":16.0,"turns":7.0},{"damage":0.0,"enemies":"3 Byrds","floor":19.0,"turns":3.0},{"damage":9.0,"enemies":"Shell Parasite","floor":20.0,"turns":4.0},{"damage":21.0,"enemies":"Colosseum Nobs","floor":22.0,"turns":4.0},{"damage":6.0,"enemies":"Gremlin Leader","floor":25.0,"turns":3.0},{"damage":0.0,"enemies":"downfall:FleeingMerchant","floor":26.0,"turns":4.0},{"damage":11.0,"enemies":"Replay:Snechameleon","floor":27.0,"turns":3.0},{"damage":7.0,"enemies":"Snake Plant","floor":28.0,"turns":3.0},{"damage":0.0,"enemies":"Sentry and Sphere","floor":29.0,"turns":2.0},{"damage":0.0,"enemies":"Cultist and Chosen","floor":32.0,"turns":6.0},{"damage":0.0,"enemies":"WA_ARCHETYPE_CALM","floor":33.0,"turns":5.0},{"damage":4.0,"enemies":"downfall:FleeingMerchant","floor":37.0,"turns":3.0},{"damage":0.0,"enemies":"3 Shapes","floor":38.0,"turns":2.0},{"damage":7.0,"enemies":"Orb Walker","floor":39.0,"turns":4.0},{"damage":10.0,"enemies":"Sphere and 2 Shapes","floor":40.0,"turns":4.0},{"damage":33.0,"enemies":"Giant Head","floor":44.0,"turns":8.0},{"damage":23.0,"enemies":"Nemesis","floor":47.0,"turns":7.0},{"damage":12.0,"enemies":"Maw","floor":48.0,"turns":5.0},{"damage":0.0,"enemies":"Spire Growth","floor":49.0,"turns":3.0},{"damage":41,"enemies":"DF_ARCHETYPE_ORBS","floor":50,"turns":6},{"damage":2,"enemies":"downfall:CharBossMerchant","floor":52,"turns":4},{"damage":17,"enemies":"downfall:NeowBoss","floor":55,"turns":8},{"damage":87,"enemies":"downfall:NeowBossFinal","floor":56,"turns":8}],"seed_played":"-8393780983733624699","potions_obtained":[{"floor":3.0,"key":"Dexterity Potion"},{"floor":6.0,"key":"Slimebound:ThreeZeroPotion"},{"floor":10.0,"key":"SteroidPotion"},{"floor":14.0,"key":"Explosive Potion"},{"floor":19.0,"key":"Block Potion"},{"floor":27.0,"key":"hexamod:SoulburnPotion"},{"floor":28.0,"key":"FearPotion"},{"floor":30.0,"key":"CultistPotion"},{"floor":44.0,"key":"DistilledChaos"},{"floor":47.0,"key":"DistilledChaos"},{"floor":52,"key":"PowerPotion"}],"is_trial":false,"path_per_floor":["R_BF","M","M","M","?","E","T","?","E","M","R","?","R","?","M","B",null,"R_BF","M","M","?","?","T","T","E","$","E","M","M","?","?","M","B",null,"R_BF","?","$","M","M","M","T","?","R","E","R","$","E","M","M","B",null,"E","$","R","B","B"],"character_chosen":"THE_AUTOMATON","items_purchased":["Replay:Wax Seal","Bag of Preparation","Chemical X","Bronze Scales","DollysMirror","Venom Potion","Replay:SS_hec_1"],"campfire_rested":0,"item_purchase_floors":[37,37,46,53,53,53,53],"current_hp_per_floor":[77,69,69,69,69,44,44,44,35,35,35,35,35,42,56,42,77,87,87,78,78,71,71,71,72,72,61,61,61,61,61,68,84,87,87,87,87,87,80,70,70,62,62,43,55,70,64,59,66,39,87,87,87,87,70,0,0,0],"gold":304,"neow_bonus":"TEN_PERCENT_HP_BONUS","is_daily":false,"chose_seed":false,"campfire_upgraded":4,"win_rate":0.0,"timestamp":1611593468,"path_taken":["R_BF","M","M","M","?","E","T","?","E","M","R","?","R","?","M","BOSS","R_BF","M","M","?","?","?","T","E","$","E","M","M","?","?","M","BOSS","R_BF","?","$","M","M","M","T","?","R","E","R","$","E","?","M","BOSS","E","$","R","BOSS","BOSS"],"items_purchased_type":["Relic","Relic","Relic","Relic","Relic","Potion","Card"],"build_version":"2020-12-22","purchased_purges":1,"victory":false,"max_hp_per_floor":[77,77,77,77,77,77,77,77,77,77,77,77,77,77,77,77,77,87,87,87,87,87,87,87,87,87,87,87,87,87,87,87,87,87,87,87,87,87,87,87,87,87,87,87,87,87,87,87,87,87,87,87,87,87,87,87,87,87],"card_choices":[{"not_picked":["bronze:BitShift","bronze:Branch","bronze:BronzeArmor"],"picked":"SKIP","floor":2.0},{"not_picked":["bronze:Shield","bronze:Invalidate"],"picked":"bronze:Boost","floor":3.0},{"not_picked":["bronze:BuggyMess","bronze:Virus"],"picked":"bronze:Repair","floor":4.0},{"not_picked":["bronze:ChildClass","bronze:BitShift"],"picked":"bronze:Flail","floor":6.0},{"not_picked":["bronze:Turbo","bronze:OilSpill"],"picked":"bronze:Boost","floor":8.0},{"not_picked":["bronze:FineTuning","bronze:Shell"],"picked":"bronze:CloningBeam","floor":8.0},{"not_picked":["bronze:Return","bronze:Safeguard","bronze:Branch"],"picked":"SKIP","floor":9.0},{"not_picked":["bronze:Turbo","bronze:Frontload","bronze:BugBarrage"],"picked":"SKIP","floor":10.0},{"not_picked":[],"picked":"bronze:Spike","floor":14.0},{"not_picked":["bronze:Frontload","bronze:DelayedSlice"],"picked":"bronze:Repair","floor":14.0},{"not_picked":["bronze:DarkDash","bronze:Repair"],"picked":"bronze:Iterate","floor":15.0},{"not_picked":["bronze:ThunderWave","bronze:RecursiveStrike"],"picked":"bronze:Format","floor":16.0},{"not_picked":["bronze:Invalidate","bronze:Branch","bronze:Overheat"],"picked":"SKIP","floor":19.0},{"not_picked":["bronze:ForceShield","bronze:CutThrough+1","bronze:BugBarrage"],"picked":"SKIP","floor":20.0},{"not_picked":["bronze:BuggyMess","bronze:WhirlingStrike+1"],"picked":"bronze:Iterate","floor":22.0},{"not_picked":["bronze:BitShift","bronze:DelayedGuard+1","bronze:ForLoop"],"picked":"SKIP","floor":25.0},{"not_picked":["bronze:CutThrough","bronze:WildBeam+1"],"picked":"bronze:AlphaBuild","floor":26.0},{"not_picked":["bronze:Overload+1","bronze:GetLatest","bronze:OilSpill"],"picked":"SKIP","floor":27.0},{"not_picked":["bronze:Overload","bronze:ForceShield"],"picked":"bronze:FineTuning+1","floor":28.0},{"not_picked":["bronze:ClassDefault+1","bronze:DelayedSlice","bronze:BuggyMess"],"picked":"SKIP","floor":29.0},{"not_picked":["bronze:ForLoop","bronze:Overheat","bronze:FineTuning"],"picked":"SKIP","floor":32.0},{"not_picked":["bronze:DelayedGuard","bronze:BronzeArmor"],"picked":"bronze:Boost+1","floor":37.0},{"not_picked":["bronze:Shield","bronze:Deprecate","bronze:Frontload+1"],"picked":"SKIP","floor":38.0},{"not_picked":["bronze:FineTuning+1","bronze:Return","bronze:Turbo+1"],"picked":"SKIP","floor":39.0},{"not_picked":["bronze:Frontload","bronze:BugBarrage","bronze:DelayedGuard+1"],"picked":"SKIP","floor":40.0},{"not_picked":["bronze:NullPointer+1","bronze:WildBeam","bronze:ShipIt"],"picked":"SKIP","floor":44.0},{"not_picked":["bronze:Overheat+1","bronze:Branch+1","bronze:Invalidate+1"],"picked":"SKIP","floor":47.0},{"not_picked":["bronze:Iterate","bronze:FineTuning+1","bronze:DarkDash+1"],"picked":"SKIP","floor":48.0},{"not_picked":["bronze:CutThrough+1","bronze:BitShift","bronze:BronzeArmor+1"],"picked":"SKIP","floor":49.0},{"not_picked":["bronze:BuggyMess","bronze:Frontload","bronze:ItsAFeature+1"],"picked":"SKIP","floor":52}],"player_experience":367651,"relics_obtained":[{"floor":6.0,"key":"Mummified Hand"},{"floor":8.0,"key":"Letter Opener"},{"floor":9.0,"key":"Whetstone"},{"floor":22.0,"key":"Du-Vu Doll"},{"floor":22.0,"key":"hexamod:CandleOfCauterizing"},{"floor":23.0,"key":"MawBank"},{"floor":25.0,"key":"Thread and Needle"},{"floor":27.0,"key":"Regal Pillow"},{"floor":36.0,"key":"MealTicket"},{"floor":41.0,"key":"Anchor"},{"floor":44.0,"key":"Eternal Feather"},{"floor":47.0,"key":"Shovel"},{"floor":52,"key":"Guardian:PocketSentry"},{"floor":54,"key":"Iron Hammer"}],"event_choices":[{"cards_removed":["ReplayTheSpireMod:Splinters"],"damage_healed":0.0,"max_hp_gain":0.0,"max_hp_loss":0.0,"gold_gain":0.0,"event_name":"The Cleric","player_choice":"Card Removal","floor":12.0,"gold_loss":0.0,"damage_taken":0.0},{"damage_healed":0.0,"max_hp_gain":0.0,"max_hp_loss":0.0,"gold_gain":0.0,"event_name":"NoteForYourself","player_choice":"Ignored","floor":31.0,"gold_loss":0.0,"damage_taken":0.0}],"is_beta":false,"boss_relics":[{"not_picked":["Calling Bell","Replay:Drink Me"],"picked":"expansioncontent:StudyCardRelic"},{"not_picked":["Empty Cage","Ring of Chaos"],"picked":"Replay:Bronze Core"}],"items_purged_floors":[53],"is_endless":false,"potions_floor_spawned":[3,6,10,14,16,19,27,28,39,44,47,52],"killed_by":"downfall:NeowBossFinal","ascension_level":0}}