{"host":"684z1xpuwaoqmmh1","time":1611588759,"event":{"mods":["BaseMod","Downfall","Hermit","Jorbs\u0027s Wanderer Trilogy","Marisa????????","Minty Spire (QoL Compilation)","Robot Space Explorer","Shade Mod","StSLib","The Bug Knight","The Cursed","The Dragon Tamer","The Hayseed","The Hierophant","The Marked","The Mystic","The Runesmith","The Senshi"],"gold_per_floor":[199,213,233,233,66,79,79,79,138,138,156,188,73,90,103,199,199,99,112,126,126,76,101,101,101,120,67,83,183,199,230,245,341,341,141,152,164,179,234,234,308,308,341,341,353,350,368,129,146,146,146,173,30,30,30,30],"floor_reached":57,"language":"ENG","playtime":5972,"items_purged":["bronze:Strike","downfall:Malfunctioning","bronze:Strike"],"score":1399,"play_id":"63127483-d9b4-48c0-ad12-ef22e3ff88ce","local_time":"20210125173239","is_ascension_mode":true,"campfire_choices":[{"data":"bronze:Goto","floor":1.0,"key":"SMITH"},{"data":"bronze:Fortify","floor":8.0,"key":"SMITH"},{"floor":18.0,"key":"RECALL"},{"data":"bronze:Verify","floor":35.0,"key":"SMITH"},{"data":"bronze:Repulsor","floor":40.0,"key":"SMITH"},{"data":"bronze:HardenedForm","floor":42.0,"key":"SMITH"},{"floor":54,"key":"REST"}],"circlet_count":0,"master_deck":["bronze:Strike+1","bronze:Defend","bronze:Defend+1","bronze:Defend","bronze:Defend","bronze:Replicate","bronze:Goto+1","bronze:BuggyMess","bronze:DelayedSlice","bronze:Fortify+1","bronze:Repair+1","bronze:ChildClass","bronze:Format","bronze:ItsAFeature","bronze:Repulsor+1","bronze:Return","bronze:Repair","bronze:Constructor","bronze:AlphaBuild","bronze:WhirlingStrike+1","bronze:Constructor","bronze:Verify+1","bronze:Flail","bronze:RecursiveStrike","bronze:Break","bronze:MaxOutput","bronze:Constructor+1","bronze:Format","bronze:HardenedForm+1","bronze:BugBarrage+1","bronze:BronzeOrb+1","bronze:Allocate+1","bronze:Turbo+1","bronze:ShipIt+1","bronze:HardenedForm","bronze:Repair+1","bronze:Shield+1"],"relics":["bronze:BronzeCore","Kunai","Letter Opener","PreservedInsect","SlaversCollar","downfall:HeartBlessingGreen","Pear","Toy Ornithopter","Molten Egg 2","sneckomod:SneckoTalon","downfall:HeartBlessingRed","downfall:HeartBlessingBlue","CatCart","Toxic Egg 2","Bottled Tornado","White Beast Statue","sneckomod:BlankCard","Centennial Puzzle"],"acts_visited":["Exordium","TheCity","TheBeyond","TheEnding"],"potions_floor_usage":[47,49,50,56,56],"damage_taken":[{"damage":0.0,"enemies":"2 Louse","floor":2.0,"turns":3.0},{"damage":6.0,"enemies":"Small Slimes","floor":3.0,"turns":5.0},{"damage":2.0,"enemies":"downfall:FleeingMerchant","floor":5.0,"turns":4.0},{"damage":7.0,"enemies":"Jaw Worm","floor":6.0,"turns":4.0},{"damage":0.0,"enemies":"3 Sentries","floor":9.0,"turns":9.0},{"damage":0.0,"enemies":"3 Louse","floor":11.0,"turns":1.0},{"damage":0.0,"enemies":"Lagavulin","floor":12.0,"turns":6.0},{"damage":0.0,"enemies":"downfall:FleeingMerchant","floor":13.0,"turns":4.0},{"damage":0.0,"enemies":"Red Slaver","floor":14.0,"turns":3.0},{"damage":0.0,"enemies":"2 Fungi Beasts","floor":15.0,"turns":3.0},{"damage":9.0,"enemies":"WA_ARCHETYPE_RETAIN","floor":16.0,"turns":22.0},{"damage":6.0,"enemies":"Shell Parasite","floor":19.0,"turns":6.0},{"damage":27.0,"enemies":"Spheric Guardian","floor":20.0,"turns":8.0},{"damage":0.0,"enemies":"downfall:FleeingMerchant","floor":22.0,"turns":4.0},{"damage":0.0,"enemies":"Book of Stabbing","floor":23.0,"turns":6.0},{"damage":10.0,"enemies":"Cultist and Chosen","floor":26.0,"turns":6.0},{"damage":19.0,"enemies":"downfall:FleeingMerchant","floor":27.0,"turns":4.0},{"damage":15.0,"enemies":"Centurion and Healer","floor":28.0,"turns":7.0},{"damage":10.0,"enemies":"downfall:LadyInBlue","floor":29.0,"turns":10.0},{"damage":4.0,"enemies":"Chosen and Byrds","floor":30.0,"turns":4.0},{"damage":0.0,"enemies":"Gremlin Leader","floor":31.0,"turns":6.0},{"damage":31.0,"enemies":"3 Cultists","floor":32.0,"turns":7.0},{"damage":32.0,"enemies":"IC_MUSHROOM_ARCHETYPE","floor":33.0,"turns":11.0},{"damage":24.0,"enemies":"3 Darklings","floor":36.0,"turns":6.0},{"damage":0.0,"enemies":"Orb Walker","floor":37.0,"turns":3.0},{"damage":12.0,"enemies":"Sphere and 2 Shapes","floor":38.0,"turns":8.0},{"damage":54.0,"enemies":"Orin","floor":39.0,"turns":13.0},{"damage":18.0,"enemies":"Giant Head","floor":43.0,"turns":9.0},{"damage":2.0,"enemies":"3 Darklings","floor":45.0,"turns":2.0},{"damage":0.0,"enemies":"downfall:FleeingMerchant","floor":46.0,"turns":4.0},{"damage":30,"enemies":"Maw","floor":47,"turns":8},{"damage":8,"enemies":"Spire Growth","floor":49,"turns":6},{"damage":71,"enemies":"DF_ARCHETYPE_ORBS","floor":50,"turns":10},{"damage":70,"enemies":"downfall:CharBossMerchant","floor":52,"turns":11},{"damage":55,"enemies":"downfall:NeowBoss","floor":55,"turns":12},{"damage":96,"enemies":"downfall:NeowBossFinal","floor":56,"turns":12}],"seed_played":"-7433000824832991909","potions_obtained":[{"floor":6.0,"key":"SkillPotion"},{"floor":11.0,"key":"SneckoOil"},{"floor":14.0,"key":"bronze:BurnAndBuffPotion"},{"floor":15.0,"key":"AttackPotion"},{"floor":16.0,"key":"SkillPotion"},{"floor":20.0,"key":"Swift Potion"},{"floor":26.0,"key":"FairyPotion"},{"floor":29.0,"key":"Energy Potion"},{"floor":29.0,"key":"CultistPotion"},{"floor":29.0,"key":"AttackPotion"},{"floor":29.0,"key":"Strength Potion"},{"floor":31.0,"key":"FairyPotion"},{"floor":33.0,"key":"LiquidMemories"},{"floor":43.0,"key":"SkillPotion"},{"floor":47,"key":"Swift Potion"},{"floor":49,"key":"Strength Potion"},{"floor":52,"key":"bronze:FreeFunctionsPotion"}],"is_trial":false,"path_per_floor":["R","M","M","?","$","M","T","R","?","?","M","E","$","M","M","B",null,"R","M","M","?","$","E","T","T","M","$","M","?","M","E","M","B",null,"R","M","M","M","?","R","T","R","E","?","M","$","M","$","M","B",null,"E","$","R","B","B",null],"character_chosen":"THE_AUTOMATON","items_purchased":["bronze:Repair","bronze:Flail","bronze:MaxOutput","Bottled Tornado","White Beast Statue","Centennial Puzzle"],"campfire_rested":1,"item_purchase_floors":[5,22,27,46,48,53],"current_hp_per_floor":[70,70,64,64,62,62,62,62,62,62,62,70,70,70,70,70,70,70,70,43,43,60,80,87,87,87,78,80,84,83,83,63,53,87,97,79,86,91,50,50,50,50,49,49,47,64,56,56,80,41,97,46,46,75,40,29],"gold":30,"neow_bonus":"HUNDRED_GOLD","is_daily":false,"chose_seed":false,"campfire_upgraded":5,"win_rate":0.0,"timestamp":1611588759,"path_taken":["R","M","M","?","$","M","T","R","?","?","M","E","$","M","M","BOSS","R","M","M","?","$","E","T","?","M","$","M","?","?","E","M","BOSS","R","M","M","M","?","R","T","R","E","?","?","$","M","$","M","BOSS","E","$","R","BOSS","BOSS"],"items_purchased_type":["Card","Card","Card","Relic","Relic","Relic"],"build_version":"2020-12-22","purchased_purges":3,"victory":true,"max_hp_per_floor":[70,70,70,70,70,70,70,70,70,70,70,70,70,70,70,70,70,70,70,70,70,70,80,87,87,87,87,87,87,87,87,87,87,87,97,97,97,97,97,97,97,97,97,97,97,97,97,97,97,97,97,97,97,97,97,97],"card_choices":[{"not_picked":["bronze:Deprecate","bronze:BitShift"],"picked":"bronze:BuggyMess","floor":2.0},{"not_picked":["bronze:BitShift","bronze:BuggyMess"],"picked":"bronze:DelayedSlice","floor":3.0},{"not_picked":["bronze:Backtrace","bronze:WildBeam"],"picked":"bronze:Fortify","floor":5.0},{"not_picked":["bronze:Shield","bronze:Invalidate"],"picked":"bronze:ChildClass","floor":6.0},{"not_picked":["bronze:CutThrough","bronze:Safeguard"],"picked":"bronze:Format","floor":9.0},{"not_picked":["bronze:FollowUp","bronze:Refactor"],"picked":"bronze:ItsAFeature","floor":11.0},{"not_picked":["bronze:Invalidate","bronze:Return"],"picked":"bronze:Repulsor","floor":12.0},{"not_picked":["bronze:FineTuning","bronze:BugBarrage"],"picked":"bronze:Return","floor":13.0},{"not_picked":["bronze:CutThrough","bronze:Overheat"],"picked":"bronze:Repair","floor":14.0},{"not_picked":["bronze:BronzeArmor","bronze:BitShift"],"picked":"bronze:Constructor","floor":15.0},{"not_picked":["bronze:Hardcode","bronze:Mutator"],"picked":"bronze:AlphaBuild","floor":16.0},{"not_picked":["bronze:CutThrough","bronze:Overheat"],"picked":"bronze:WhirlingStrike+1","floor":19.0},{"not_picked":["bronze:FineTuning","bronze:Branch"],"picked":"bronze:Constructor","floor":20.0},{"not_picked":["bronze:Deprecate","bronze:CutThrough","bronze:Repulsor+1"],"picked":"SKIP","floor":22.0},{"not_picked":["bronze:Safeguard","bronze:BitShift"],"picked":"bronze:RecursiveStrike","floor":23.0},{"not_picked":["bronze:Philosophize+1","bronze:Branch","bronze:Separator"],"picked":"SKIP","floor":26.0},{"not_picked":["bronze:BuggyMess+1","bronze:Deprecate+1"],"picked":"bronze:Break","floor":27.0},{"not_picked":["bronze:Overheat","bronze:FineTuning","bronze:DelayedSlice"],"picked":"SKIP","floor":28.0},{"not_picked":["bronze:BuggyMess+1","bronze:FollowUp+1"],"picked":"bronze:Constructor+1","floor":29.0},{"not_picked":["bronze:CutThrough","bronze:DelayedSlice","bronze:FollowUp"],"picked":"SKIP","floor":30.0},{"not_picked":["bronze:ForceShield+1","bronze:ItsAFeature"],"picked":"bronze:Format","floor":31.0},{"not_picked":["bronze:Overload","bronze:Safeguard","bronze:FineTuning"],"picked":"SKIP","floor":32.0},{"not_picked":["bronze:Hardcode","bronze:RecursiveStrike+1"],"picked":"bronze:HardenedForm","floor":33.0},{"not_picked":["bronze:BitShift","bronze:FineTuning+1","bronze:BugBarrage+1"],"picked":"SKIP","floor":36.0},{"not_picked":["bronze:BitShift","bronze:FineTuning+1"],"picked":"bronze:BugBarrage+1","floor":36.0},{"not_picked":["bronze:DarkDash+1","bronze:NullPointer+1","bronze:WhirlingStrike+1"],"picked":"SKIP","floor":37.0},{"not_picked":["bronze:WildBeam+1","bronze:BugBarrage+1"],"picked":"bronze:BronzeOrb+1","floor":38.0},{"not_picked":["bronze:WildBeam+1","bronze:Branch+1"],"picked":"bronze:Allocate+1","floor":39.0},{"not_picked":["bronze:Deprecate+1","bronze:Allocate+1"],"picked":"bronze:Turbo+1","floor":43.0},{"not_picked":["bronze:Shield+1","bronze:DigitalCarnage+1","bronze:MaxOutput+1"],"picked":"SKIP","floor":45.0},{"not_picked":["bronze:Branch+1","bronze:Verify"],"picked":"bronze:HardenedForm","floor":46.0},{"not_picked":["bronze:BronzeOrb+1","bronze:Flail+1"],"picked":"bronze:Repair+1","floor":47},{"not_picked":["bronze:Separator+1","bronze:NullPointer+1","bronze:Overload+1"],"picked":"SKIP","floor":49},{"not_picked":["bronze:MaxOutput","bronze:Return+1"],"picked":"bronze:Shield+1","floor":52}],"player_experience":2939593,"relics_obtained":[{"floor":7.0,"key":"Kunai"},{"floor":9.0,"key":"Letter Opener"},{"floor":12.0,"key":"PreservedInsect"},{"floor":23.0,"key":"Pear"},{"floor":24.0,"key":"Strawberry"},{"floor":29.0,"key":"Toy Ornithopter"},{"floor":31.0,"key":"Molten Egg 2"},{"floor":39.0,"key":"CatCart"},{"floor":41.0,"key":"Toxic Egg 2"},{"floor":52,"key":"sneckomod:BlankCard"}],"event_choices":[{"damage_healed":0.0,"max_hp_gain":0.0,"max_hp_loss":0.0,"gold_gain":0.0,"event_name":"The Library","player_choice":"Read","floor":21.0,"gold_loss":0.0,"damage_taken":0.0,"cards_obtained":["bronze:Verify"]},{"damage_healed":0.0,"max_hp_gain":0.0,"max_hp_loss":0.0,"gold_gain":0.0,"event_name":"OrinTheCat","player_choice":"Fight","floor":39.0,"gold_loss":0.0,"damage_taken":0.0}],"is_beta":false,"boss_relics":[{"not_picked":["Sozu","Pandora\u0027s Box"],"picked":"SlaversCollar"},{"not_picked":["SacredBark","Coffee Dripper"],"picked":"sneckomod:SneckoTalon"}],"items_purged_floors":[5,13,46],"is_endless":false,"potions_floor_spawned":[6,11,14,15,16,20,26,29,31,33,37,43,47,49,52],"ascension_level":2}}