{"host":"Jitters","time":1611533002,"event":{"mods":["BaseMod","Colored Powertips","Curses Come First","Downfall","Minty Spire (QoL Compilation)","Relic Stats","Reliquary","Shop Mod","StSLib"],"gold_per_floor":[99,110,127,144,161,188,213,231,8,35,61,61,61,61,73,73,73,73],"floor_reached":16,"language":"ENG","playtime":983,"items_purged":["Writhe"],"score":118,"play_id":"bc2e74a7-0473-49f5-840a-182a70527a35","local_time":"20210124190322","is_ascension_mode":true,"campfire_choices":[{"data":"bronze:Replicate","floor":1,"key":"SMITH"},{"floor":13,"key":"REST"}],"circlet_count":0,"master_deck":["bronze:Strike","bronze:Strike","bronze:Strike","bronze:Defend","bronze:Defend","bronze:Defend","bronze:Defend","bronze:Replicate+1","bronze:Goto","bronze:DelayedSlice","bronze:Fortify","bronze:Shield","bronze:DelayedSlice","bronze:Overload","bronze:Shield","bronze:ClassDefault","Dramatic Entrance","bronze:BronzeOrb","bronze:Refactor","bronze:Terminator"],"relics":["bronze:BronzeCore","Guardian:GemstoneGun","reliquary:RoseTintedGlasses","PreservedInsect","hexamod:BolsterEngine","Odd Mushroom","bronze:BottledCode"],"acts_visited":["Exordium"],"potions_floor_usage":[6,6,10,16,16],"damage_taken":[{"damage":0,"enemies":"2 Louse","floor":2,"turns":3},{"damage":4,"enemies":"Small Slimes","floor":3,"turns":3},{"damage":11,"enemies":"Jaw Worm","floor":4,"turns":2},{"damage":13,"enemies":"Lots of Slimes","floor":5,"turns":5},{"damage":18,"enemies":"3 Sentries","floor":6,"turns":4},{"damage":0,"enemies":"Large Slime","floor":8,"turns":3},{"damage":0,"enemies":"downfall:FleeingMerchant","floor":9,"turns":4},{"damage":2,"enemies":"Lagavulin","floor":10,"turns":3},{"damage":0,"enemies":"The Mushroom Lair","floor":11,"turns":1},{"damage":0,"enemies":"2 Fungi Beasts","floor":15,"turns":2},{"damage":56,"enemies":"SI_SHIV_ARCHETYPE","floor":16,"turns":11}],"seed_played":"8032472068844288333","potions_obtained":[{"floor":4,"key":"CultistPotion"},{"floor":5,"key":"Regen Potion"},{"floor":10,"key":"Block Potion"},{"floor":11,"key":"SpeedPotion"}],"is_trial":false,"path_per_floor":["R","M","M","M","M","E","T","M","$","E","?","?","R","?","M","B"],"character_chosen":"THE_AUTOMATON","items_purchased":["Dramatic Entrance","Energy Potion"],"campfire_rested":1,"item_purchase_floors":[9,9],"current_hp_per_floor":[70,70,66,55,42,36,36,36,36,34,34,34,55,55,55,0,0,0],"gold":73,"neow_bonus":"ONE_RARE_RELIC","is_daily":false,"chose_seed":false,"campfire_upgraded":1,"win_rate":0.0,"timestamp":1611533002,"path_taken":["R","M","M","M","M","E","T","M","$","E","?","?","R","?","M","BOSS"],"items_purchased_type":["Card","Potion"],"build_version":"2020-11-17","purchased_purges":1,"victory":false,"max_hp_per_floor":[70,70,70,70,70,70,70,70,70,70,70,70,70,60,60,60,60,60],"relic_stats":{"counters":[11,41],"PreservedInsect":128,"obtain_stats":[{"bronze:BottledCode":14,"bronze:BronzeCore":0,"Guardian:GemstoneGun":0,"reliquary:RoseTintedGlasses":6,"PreservedInsect":7,"hexamod:BolsterEngine":10,"Odd Mushroom":11},{"bronze:BottledCode":9,"bronze:BronzeCore":0,"Guardian:GemstoneGun":0,"reliquary:RoseTintedGlasses":5,"PreservedInsect":5,"hexamod:BolsterEngine":8,"Odd Mushroom":9},{"bronze:BottledCode":28,"bronze:BronzeCore":0,"Guardian:GemstoneGun":0,"reliquary:RoseTintedGlasses":17,"PreservedInsect":17,"hexamod:BolsterEngine":27,"Odd Mushroom":28}]},"card_choices":[{"not_picked":["bronze:CutThrough","bronze:Philosophize"],"picked":"bronze:DelayedSlice","floor":2},{"not_picked":["bronze:Repulsor","bronze:Branch"],"picked":"bronze:Fortify","floor":3},{"not_picked":["bronze:BuggyMess","bronze:NullPointer"],"picked":"bronze:Shield","floor":4},{"not_picked":["bronze:Branch","bronze:WildBeam"],"picked":"bronze:DelayedSlice","floor":5},{"not_picked":["bronze:DelayedGuard","bronze:Format"],"picked":"bronze:Overload","floor":6},{"not_picked":["bronze:Turbo","bronze:ForLoop"],"picked":"bronze:Shield","floor":8},{"not_picked":["bronze:InfiniteBeams","bronze:Turbo"],"picked":"bronze:ClassDefault","floor":9},{"not_picked":["bronze:Deprecate","bronze:CloningBeam"],"picked":"bronze:BronzeOrb","floor":10},{"not_picked":["bronze:Turbo","bronze:BitShift"],"picked":"bronze:Refactor","floor":11},{"not_picked":["bronze:WildBeam","bronze:Allocate"],"picked":"bronze:Terminator","floor":15}],"player_experience":195194,"relics_obtained":[{"floor":6,"key":"reliquary:RoseTintedGlasses"},{"floor":7,"key":"PreservedInsect"},{"floor":10,"key":"hexamod:BolsterEngine"},{"floor":11,"key":"Odd Mushroom"}],"event_choices":[{"damage_healed":0,"gold_gain":0,"player_choice":"Fought Mushrooms","damage_taken":0,"max_hp_gain":0,"max_hp_loss":0,"event_name":"Mushrooms","floor":11,"gold_loss":0},{"cards_removed":["bronze:Strike"],"damage_healed":0,"gold_gain":0,"player_choice":"Card Removal","damage_taken":0,"max_hp_gain":0,"max_hp_loss":0,"event_name":"The Cleric","floor":12,"gold_loss":0}],"is_beta":true,"boss_relics":[],"items_purged_floors":[9],"is_endless":false,"potions_floor_spawned":[4,5,10,11],"killed_by":"SI_SHIV_ARCHETYPE","ascension_level":1}}