{"host":"w8xisjf5mgmfjvmt","time":1611577256,"event":{"mods":["BaseMod","BetterRewards","Challenge The Spire","Conspire","Dota2Spire","Energized Spire","Filter the Spire","Minty Spire (QoL Compilation)","Quarter Circle Forward PUNCH!","Quick Restart","Relic Stats","Replay The Spire","Shop Mod","Spicy Shops","StSLib","Starting Relic: Pandora\u0027s Box","¡¾ÒÅÎï¿¨ÅÆ¡¿REMEMod","óô»ðÖ¸ÄÏ"],"gold_per_floor":[117,117,136,151,181,181,208,220,247,247,265,102,129,139,139,216,216,216,216],"floor_reached":18,"language":"ZHS","playtime":595,"items_purged":["REME_Cut"],"score":394,"play_id":"9a761636-2a24-4fd2-b2d7-f869cc51e2ae","local_time":"20210125202056","is_ascension_mode":true,"campfire_choices":[{"floor":10.0,"key":"REST"}],"circlet_count":0,"master_deck":["AscendersBane","Bash","REME_SingleHolding","Iron Wave+1","Pummel","Sword Boomerang+1","Iron Wave+1","Rupture+1","REME_ACTH","LessonLearned","Bloodletting+1","ReplayTheSpireMod:Muscle Training+1","Whirlwind+1","Flex+1","Uppercut","Blood for Blood","Spot Weakness","Double Tap"],"relics":["Pandora\u0027s Box","REME_ComplimentaryCards","Boot","Replay:Mystery Machine","Blue Doll","Dota2Spire:Desolator","Velvet Choker"],"acts_visited":["Exordium","TheCity"],"potions_floor_usage":[13,13,16],"damage_taken":[{"damage":1.0,"enemies":"Cultist","floor":1.0,"turns":3.0},{"damage":9.0,"enemies":"Jaw Worm","floor":3.0,"turns":3.0},{"damage":4.0,"enemies":"Small Slimes","floor":4.0,"turns":2.0},{"damage":7.0,"enemies":"conspire:MimicChest","floor":5.0,"turns":2.0},{"damage":5.0,"enemies":"Lagavulin","floor":7.0,"turns":4.0},{"damage":23.0,"enemies":"Looter","floor":8.0,"turns":4.0},{"damage":4.0,"enemies":"Red Slaver","floor":11.0,"turns":2.0},{"damage":27,"enemies":"3 Sentries","floor":13,"turns":4},{"damage":15,"enemies":"Lots of Slimes","floor":14,"turns":3},{"damage":18,"enemies":"Slime Boss","floor":16,"turns":4},{"damage":10,"enemies":"Chosen","floor":18,"turns":3}],"seed_played":"-1453981260311016529","potions_obtained":[{"floor":1.0,"key":"Adrenaline Potion"},{"floor":3.0,"key":"BlessingOfTheForge"},{"floor":6.0,"key":"Dota2Spire:HealingSalve"},{"floor":13,"key":"FearPotion"}],"is_trial":false,"path_per_floor":["M","?","M","M","?","?","E","M","T","R","M","R","E","M","R","B",null,"M"],"character_chosen":"IRONCLAD","items_purchased":["Spot Weakness"],"campfire_rested":1,"item_purchase_floors":[12],"current_hp_per_floor":[67,67,58,54,47,47,42,19,19,39,35,35,17,2,22,4,52,42,42],"gold":216,"neow_bonus":"TRANSFORM_TWO_CARDS","is_daily":false,"chose_seed":false,"campfire_upgraded":0,"win_rate":0.0,"timestamp":1611577256,"path_taken":["M","?","M","M","?","?","E","M","T","R","M","R","E","M","R","BOSS","M"],"items_purchased_type":["Card"],"build_version":"2020-12-22","purchased_purges":1,"victory":false,"max_hp_per_floor":[68,68,68,68,68,68,68,68,68,68,68,68,68,68,68,68,68,68,68],"relic_stats":{"counters":[11,34],"Pandora\u0027s Box":[],"Boot":[8],"obtain_stats":[{"Velvet Choker":17,"Pandora\u0027s Box":0,"Blue Doll":9,"Replay:Mystery Machine":7,"Boot":5,"REME_ComplimentaryCards":0,"Dota2Spire:Desolator":13},{"Velvet Choker":10,"Pandora\u0027s Box":0,"Blue Doll":6,"Replay:Mystery Machine":5,"Boot":4,"REME_ComplimentaryCards":0,"Dota2Spire:Desolator":8},{"Velvet Choker":31,"Pandora\u0027s Box":0,"Blue Doll":18,"Replay:Mystery Machine":14,"Boot":10,"REME_ComplimentaryCards":0,"Dota2Spire:Desolator":24}]},"card_choices":[{"not_picked":["Wild Strike","Seeing Red"],"picked":"Bloodletting","floor":1.0},{"not_picked":["Cleave","Iron Wave","Body Slam"],"picked":"SKIP","floor":3.0},{"not_picked":["Heavy Blade","Rupture"],"picked":"Whirlwind","floor":4.0},{"not_picked":["Abandon","REME_SingleHolding"],"picked":"Flex","floor":7.0},{"not_picked":["Iron Wave","Armaments"],"picked":"Uppercut","floor":8.0},{"not_picked":["Feel No Pain","Demonic Infusion"],"picked":"Blood for Blood","floor":11.0},{"not_picked":["Havoc","Fire Breathing","Uppercut"],"picked":"SKIP","floor":13},{"not_picked":["Body Slam","Thunderclap","ReplayReversal"],"picked":"SKIP","floor":14},{"not_picked":["Demon Form","Berserk"],"picked":"Double Tap","floor":16}],"player_experience":1246166,"relics_obtained":[{"floor":5.0,"key":"Boot"},{"floor":7.0,"key":"Replay:Mystery Machine"},{"floor":9.0,"key":"Blue Doll"},{"floor":13,"key":"Dota2Spire:Desolator"}],"event_choices":[{"damage_healed":0.0,"max_hp_gain":0.0,"max_hp_loss":0.0,"gold_gain":0.0,"cards_transformed":["Clothesline"],"event_name":"Living Wall","player_choice":"Change","floor":2.0,"gold_loss":0.0,"damage_taken":0.0,"cards_obtained":["ReplayTheSpireMod:Muscle Training"]},{"damage_healed":0.0,"max_hp_gain":0.0,"max_hp_loss":0.0,"gold_gain":0.0,"event_name":"Lab","player_choice":"Got Potions","floor":6.0,"gold_loss":0.0,"damage_taken":0.0}],"is_beta":false,"boss_relics":[{"not_picked":["energizedSpire:OgreHead","Kintsugi"],"picked":"Velvet Choker"}],"items_purged_floors":[12],"is_endless":false,"potions_floor_spawned":[1,3,8,11,13],"killed_by":"Chosen","ascension_level":20}}