{"host":"jegehu1t82aiec5j","time":1611578733,"event":{"mods":["BaseMod","Colored Map","Minty Spire (QoL Compilation)","Relic Stats","StSLib"],"gold_per_floor":[16,16,16,83,98,98,138,138,164,187,187,225,239,6,6,105,105,118,43,43,43,64,64,64,64,112,112,112],"floor_reached":27,"language":"ENG","playtime":722,"items_purged":[],"score":474,"play_id":"89103a6a-27b1-4720-a523-22daad8dfc12","local_time":"20210125074533","is_ascension_mode":true,"campfire_choices":[{"data":"Blood for Blood","floor":6.0,"key":"SMITH"},{"floor":8.0,"key":"REST"},{"data":"Cleave","floor":11.0,"key":"SMITH"},{"floor":15.0,"key":"REST"},{"floor":23,"key":"REST"},{"data":"Barricade","floor":25,"key":"SMITH"}],"circlet_count":0,"master_deck":["AscendersBane","Strike_R","Strike_R","Strike_R+1","Strike_R+1","Defend_R+1","Defend_R","Defend_R","Defend_R","Bash","Blood for Blood+1","Battle Trance+1","Cleave+1","Pommel Strike","True Grit","Barricade+1","Second Wind","Feed","Spot Weakness","Ghostly","Ghostly","Ghostly","Shrug It Off"],"relics":["Burning Blood","Dead Branch","WarpedTongs","Golden Idol","Whetstone","Tiny Chest","War Paint","SacredBark","Ancient Tea Set"],"acts_visited":["Exordium","TheCity"],"potions_floor_usage":[24],"damage_taken":[{"damage":2.0,"enemies":"Small Slimes","floor":1.0,"turns":4.0},{"damage":6.0,"enemies":"2 Louse","floor":5.0,"turns":3.0},{"damage":21.0,"enemies":"3 Sentries","floor":7.0,"turns":7.0},{"damage":7.0,"enemies":"Jaw Worm","floor":10.0,"turns":3.0},{"damage":32.0,"enemies":"Gremlin Nob","floor":12.0,"turns":4.0},{"damage":18.0,"enemies":"Exordium Thugs","floor":13.0,"turns":3.0},{"damage":21.0,"enemies":"The Guardian","floor":16.0,"turns":13.0},{"damage":46,"enemies":"Spheric Guardian","floor":18,"turns":8},{"damage":16,"enemies":"Shell Parasite","floor":22,"turns":8},{"damage":0,"enemies":"Slavers","floor":24,"turns":2},{"damage":42,"enemies":"Book of Stabbing","floor":27,"turns":6}],"seed_played":"-5739044832853526465","potions_obtained":[{"floor":5.0,"key":"SkillPotion"},{"floor":7.0,"key":"SteroidPotion"},{"floor":12.0,"key":"Strength Potion"},{"floor":13.0,"key":"Regen Potion"},{"floor":22,"key":"SmokeBomb"}],"is_trial":false,"path_per_floor":["M","?","?","?","M","R","E","R","T","M","R","E","M","$","R","B",null,"M","?","?","?","M","R","E","R","T","E"],"character_chosen":"IRONCLAD","items_purchased":["Barricade","Second Wind"],"campfire_rested":3,"item_purchase_floors":[14,14],"current_hp_per_floor":[72,46,46,46,46,46,31,53,53,52,52,26,14,14,36,36,65,25,25,25,25,19,31,37,37,37,0,0],"gold":112,"neow_bonus":"ONE_RARE_RELIC","is_daily":false,"chose_seed":false,"campfire_upgraded":3,"win_rate":0.0,"timestamp":1611578733,"path_taken":["M","?","?","?","?","R","E","R","T","M","R","E","M","$","R","BOSS","M","?","?","?","M","R","E","R","T","E"],"items_purchased_type":["Card","Card"],"build_version":"2020-12-22","purchased_purges":0,"victory":false,"max_hp_per_floor":[75,75,75,75,75,75,75,75,75,75,75,75,75,75,75,75,75,75,75,37,37,41,41,41,41,41,41,41],"relic_stats":{"counters":[11,61],"Golden Idol":63,"Dead Branch":[53],"Tiny Chest":0,"Whetstone":["Strike_R","Strike_R"],"War Paint":["Defend_R","Battle Trance"],"obtain_stats":[{"Golden Idol":2,"Dead Branch":0,"SacredBark":17,"Tiny Chest":9,"Whetstone":7,"War Paint":12,"Ancient Tea Set":26,"Burning Blood":0,"WarpedTongs":0},{"Golden Idol":1,"Dead Branch":0,"SacredBark":7,"Tiny Chest":3,"Whetstone":3,"War Paint":5,"Ancient Tea Set":10,"Burning Blood":0,"WarpedTongs":0},{"Golden Idol":4,"Dead Branch":0,"SacredBark":37,"Tiny Chest":14,"Whetstone":14,"War Paint":21,"Ancient Tea Set":55,"Burning Blood":0,"WarpedTongs":0}],"Burning Blood":60,"WarpedTongs":[61]},"card_choices":[{"not_picked":["Thunderclap","Rampage"],"picked":"Blood for Blood","floor":1.0},{"not_picked":["Shockwave","Power Through"],"picked":"Battle Trance","floor":5.0},{"not_picked":["Warcry","Pommel Strike"],"picked":"Cleave","floor":7.0},{"not_picked":["Seeing Red","Dropkick"],"picked":"Pommel Strike","floor":10.0},{"not_picked":["Perfected Strike","Flex"],"picked":"True Grit","floor":12.0},{"not_picked":["Heavy Blade","Wild Strike","Blood for Blood"],"picked":"SKIP","floor":13.0},{"not_picked":["Bludgeon","Brutality"],"picked":"Feed","floor":16.0},{"not_picked":["Clash","Warcry"],"picked":"Spot Weakness","floor":18},{"not_picked":["Pommel Strike","Flex"],"picked":"Shrug It Off","floor":22}],"player_experience":2542376,"relics_obtained":[{"floor":7.0,"key":"Whetstone"},{"floor":9.0,"key":"Tiny Chest"},{"floor":12.0,"key":"War Paint"},{"floor":26,"key":"Ancient Tea Set"}],"event_choices":[{"damage_healed":0.0,"max_hp_gain":0.0,"max_hp_loss":0.0,"gold_gain":0.0,"event_name":"Golden Idol","player_choice":"Take Damage","floor":2.0,"gold_loss":0.0,"damage_taken":26.0,"relics_obtained":["Golden Idol"]},{"damage_healed":0.0,"max_hp_gain":0.0,"max_hp_loss":0.0,"gold_gain":0.0,"event_name":"Scrap Ooze","player_choice":"Fled","floor":3.0,"gold_loss":0.0,"damage_taken":0.0},{"damage_healed":0.0,"max_hp_gain":0.0,"max_hp_loss":0.0,"gold_gain":67.0,"event_name":"Golden Wing","player_choice":"Gained Gold","floor":4.0,"gold_loss":0.0,"damage_taken":0.0},{"cards_removed":["Strike_R"],"damage_healed":0,"gold_gain":0,"player_choice":"Gave Gold","damage_taken":0,"max_hp_gain":0,"max_hp_loss":0,"event_name":"Beggar","floor":19,"gold_loss":75},{"damage_healed":0,"gold_gain":0,"player_choice":"Became a Ghost","damage_taken":0,"max_hp_gain":0,"max_hp_loss":38,"event_name":"Ghosts","floor":20,"gold_loss":0,"cards_obtained":["Ghostly","Ghostly","Ghostly"]},{"damage_healed":0,"gold_gain":0,"player_choice":"Ignored","damage_taken":0,"max_hp_gain":0,"max_hp_loss":0,"event_name":"Cursed Tome","floor":21,"gold_loss":0}],"is_beta":false,"boss_relics":[{"not_picked":["Black Blood","Runic Pyramid"],"picked":"SacredBark"}],"items_purged_floors":[],"is_endless":false,"potions_floor_spawned":[5,7,12,13,22,24],"killed_by":"Book of Stabbing","ascension_level":20}}