{"host":"knmkm94yjq1jh5ni","time":1611562943,"event":{"mods":["BaseMod","Downfall","Hero for Fun","Minty Spire (QoL Compilation)","Robot Space Explorer","StSLib","The Bug Knight","The Cursed","The Marked","The Senshi","The Wild Card"],"gold_per_floor":[116,116,126,139,139,174,174,184,238,48,61,73,87,104,104,199,249,267,65,65,65,82,114,114,114,114,114,114,125,137,152,152,152,152],"floor_reached":33,"language":"ENG","playtime":1004,"items_purged":[],"score":271,"play_id":"3525b770-d74b-4099-b65c-aeb7d1859845","local_time":"20210125162223","is_ascension_mode":false,"campfire_choices":[{"data":"theMarked:BanishingStrike","floor":7,"key":"SMITH"},{"floor":15,"key":"REST"},{"floor":24,"key":"REST"},{"floor":28,"key":"REST"},{"floor":32,"key":"REST"}],"circlet_count":0,"master_deck":["theMarked:Strike+1","theMarked:Strike+1","theMarked:Strike+1","theMarked:Strike+1","theMarked:Strike+1","theMarked:Defend+1","theMarked:Defend+1","theMarked:Defend+1","theMarked:Defend+1","theMarked:SoldierOfQuellstein","theMarked:BanishingStrike+1","theMarked:Electrocute","theMarked:Heritage+1","theMarked:Seal","theMarked:ChainLightning","theMarked:BanishingStrike","theMarked:PowerFlow","theMarked:BanishingStrike+1","theMarked:Memento","theMarked:Abjuration","theMarked:Overcharge","theMarked:ParalyzingBlade+1","theMarked:Heritage+1","theMarked:Memento","theMarked:RogueSparks+1","theMarked:LightningStrikesTwice+1","theMarked:RepellingDischarge","Pain","theMarked:BanishingWave+1","theMarked:Aftermath","theMarked:Overcharge"],"relics":["theMarked:ArtifactOfAir","NeowsBlessing","Frozen Egg 2","Whetstone","theMarked:DemonDagger","Tiny House","Membership Card","Bag of Marbles","MutagenicStrength","Mummified Hand"],"acts_visited":["Exordium","TheCity"],"potions_floor_usage":[13,14,16,16,18,23,33],"damage_taken":[{"damage":0,"enemies":"2 Louse","floor":1,"turns":1},{"damage":0,"enemies":"Cultist","floor":3,"turns":1},{"damage":0,"enemies":"Jaw Worm","floor":4,"turns":1},{"damage":27,"enemies":"Gremlin Nob","floor":6,"turns":5},{"damage":9,"enemies":"Blue Slaver","floor":8,"turns":3},{"damage":0,"enemies":"3 Louse","floor":11,"turns":2},{"damage":5,"enemies":"Looter","floor":12,"turns":3},{"damage":12,"enemies":"Exordium Thugs","floor":13,"turns":3},{"damage":2,"enemies":"Blue Slaver","floor":14,"turns":2},{"damage":28,"enemies":"Slime Boss","floor":16,"turns":9},{"damage":3,"enemies":"Spheric Guardian","floor":18,"turns":3},{"damage":11,"enemies":"Shell Parasite","floor":22,"turns":3},{"damage":52,"enemies":"Slavers","floor":23,"turns":6},{"damage":21,"enemies":"Shelled Parasite and Fungi","floor":29,"turns":4},{"damage":16,"enemies":"3 Cultists","floor":30,"turns":6},{"damage":4,"enemies":"Chosen and Byrds","floor":31,"turns":4},{"damage":68,"enemies":"Automaton","floor":33,"turns":6}],"seed_played":"4056372876109592336","potions_obtained":[{"floor":2,"key":"champ:CounterPotion"},{"floor":2,"key":"theMarked:ChargePotion"},{"floor":2,"key":"Block Potion"},{"floor":13,"key":"ColorlessPotion"},{"floor":14,"key":"SteroidPotion"},{"floor":16,"key":"bronze:BurnAndBuffPotion"},{"floor":17,"key":"Swift Potion"},{"floor":29,"key":"Strength Potion"},{"floor":30,"key":"BlessingOfTheForge"}],"is_trial":false,"path_per_floor":["M","?","M","M","?","E","R","M","T","$","M","M","M","M","R","B",null,"M","$","?","?","M","E","R","?","T","?","R","M","M","M","R","B"],"character_chosen":"THE_DEFAULT","items_purchased":["theMarked:DemonDagger","theMarked:ChainLightning","Membership Card","theMarked:Heritage+1","theMarked:Memento"],"campfire_rested":4,"item_purchase_floors":[10,10,19,19,19],"current_hp_per_floor":[70,70,70,70,70,43,43,34,34,34,34,29,17,15,36,8,75,72,72,72,72,61,9,31,31,31,31,53,32,16,12,34,0,0],"gold":152,"neow_bonus":"THREE_ENEMY_KILL","is_daily":false,"chose_seed":false,"campfire_upgraded":1,"win_rate":0.0,"timestamp":1611562943,"path_taken":["M","?","M","?","?","E","R","M","T","?","M","M","M","?","R","BOSS","M","$","?","?","M","E","R","?","T","?","R","M","M","?","R","BOSS"],"items_purchased_type":["Relic","Card","Relic","Card","Card"],"build_version":"2020-12-22","purchased_purges":0,"victory":false,"max_hp_per_floor":[70,70,70,70,70,70,70,70,70,70,70,70,70,70,70,70,75,75,75,75,75,75,75,75,75,75,75,75,75,75,75,75,75,75],"card_choices":[{"not_picked":["theMarked:WardOff","theMarked:ShockingTouch"],"picked":"theMarked:BanishingStrike","floor":1},{"not_picked":["theMarked:RepellingDischarge","theMarked:ResourceFulStrike"],"picked":"theMarked:Electrocute","floor":3},{"not_picked":["theMarked:TakeCover","theMarked:RepellingDischarge"],"picked":"theMarked:Improvise","floor":4},{"not_picked":["theMarked:AttractMetal","theMarked:RepellingDischarge"],"picked":"theMarked:Heritage+1","floor":6},{"not_picked":["theMarked:Friction","theMarked:HeightenedSenses"],"picked":"theMarked:Seal","floor":8},{"not_picked":["theMarked:ThrowWeapon","theMarked:WardOff"],"picked":"theMarked:BanishingStrike","floor":11},{"not_picked":["theMarked:OneWithTheBlade","theMarked:Standoff+1"],"picked":"theMarked:PowerFlow","floor":12},{"not_picked":["theMarked:ContemptForTheProud","theMarked:HeightenedSenses"],"picked":"theMarked:BanishingStrike","floor":13},{"not_picked":["theMarked:Seal","theMarked:Indomitable"],"picked":"theMarked:Memento","floor":14},{"not_picked":["theMarked:TurnInvisible","theMarked:MagusForm+1"],"picked":"theMarked:Abjuration","floor":16},{"not_picked":["theMarked:TwofoldDefense","theMarked:CreepingChasm"],"picked":"theMarked:Overcharge","floor":17},{"not_picked":["theMarked:WastefulAttack","theMarked:Improvise"],"picked":"theMarked:ParalyzingBlade+1","floor":18},{"not_picked":["theMarked:TakeCover","theMarked:Overthink"],"picked":"theMarked:RogueSparks+1","floor":22},{"not_picked":["theMarked:WastefulAttack","theMarked:Electrify"],"picked":"theMarked:LightningStrikesTwice+1","floor":23},{"not_picked":["theMarked:WardOff","theMarked:EmpowerWeapon"],"picked":"theMarked:BanishingWave+1","floor":29},{"not_picked":["theMarked:Pokerface+1","theMarked:TwofoldDefense"],"picked":"theMarked:Aftermath","floor":30},{"not_picked":["theMarked:TunnelVision+1","theMarked:ResourceFulStrike+1"],"picked":"theMarked:Overcharge","floor":31}],"player_experience":387778,"relics_obtained":[{"floor":6,"key":"Whetstone"},{"floor":23,"key":"Bag of Marbles"},{"floor":26,"key":"Mummified Hand"}],"event_choices":[{"damage_healed":0,"gold_gain":0,"player_choice":"Got Potions","damage_taken":0,"max_hp_gain":0,"max_hp_loss":0,"event_name":"Lab","floor":2,"gold_loss":0},{"cards_removed":["theMarked:Improvise"],"damage_healed":0,"gold_gain":0,"player_choice":"Gave Card","damage_taken":0,"relics_obtained":["Frozen Egg 2"],"max_hp_gain":0,"max_hp_loss":0,"event_name":"WeMeetAgain","floor":5,"gold_loss":0},{"damage_healed":0,"gold_gain":0,"player_choice":"Simplicity","damage_taken":0,"max_hp_gain":0,"max_hp_loss":0,"event_name":"Back to Basics","floor":20,"gold_loss":0,"cards_upgraded":["theMarked:Strike","theMarked:Strike","theMarked:Strike","theMarked:Defend","theMarked:Defend","theMarked:Defend","theMarked:Defend"]},{"damage_healed":0,"gold_gain":0,"player_choice":"Ignored","damage_taken":0,"max_hp_gain":0,"max_hp_loss":0,"event_name":"Vampires","floor":21,"gold_loss":0},{"damage_healed":0,"gold_gain":0,"player_choice":"Inject Mutagens","damage_taken":0,"relics_obtained":["MutagenicStrength"],"max_hp_gain":0,"max_hp_loss":0,"event_name":"Drug Dealer","floor":25,"gold_loss":0},{"damage_healed":0,"gold_gain":0,"player_choice":"2 cards matched","damage_taken":0,"max_hp_gain":0,"max_hp_loss":0,"event_name":"Match and Keep!","floor":27,"gold_loss":0,"cards_obtained":["theMarked:RepellingDischarge","Pain"]}],"is_beta":false,"boss_relics":[{"not_picked":["Fusion Hammer","Ectoplasm"],"picked":"Tiny House"}],"items_purged_floors":[],"is_endless":false,"potions_floor_spawned":[4,8,13,14,16,29,30,31],"killed_by":"Automaton","ascension_level":0}}