{"host":"srk2drlvga69hbot","time":1611574323,"event":{"mods":["BaseMod","Bestiary","Block Reminder","Colored Map","Colored Powertips","Dark Map","DeckTracker","Highlight Path","Minty Spire (QoL Compilation)","Quick Restart","Rare Cards Sparkle","Relic Stats","SuperFastMode","Unceasing Turn Reminder"],"gold_per_floor":[16,16,16,31,31,58,58,58,58],"floor_reached":8,"language":"ZHS","playtime":263,"items_purged":[],"score":57,"play_id":"1512ea59-940a-4431-bf06-d9d4190a454b","local_time":"20210125193203","is_ascension_mode":true,"campfire_choices":[{"floor":7,"key":"REST"}],"circlet_count":0,"master_deck":["Strike_B","Strike_B","Defend_B","Defend_B","Defend_B","Defend_B","Zap","Dualcast","Capacitor","Beam Cell","Scrape"],"relics":["Cracked Core","Bottled Tornado","Toxic Egg 2"],"acts_visited":["Exordium"],"potions_floor_usage":[2],"damage_taken":[{"damage":1,"enemies":"Cultist","floor":1,"turns":3},{"damage":3,"enemies":"Jaw Worm","floor":4,"turns":4},{"damage":74,"enemies":"Gremlin Nob","floor":6,"turns":6},{"damage":34,"enemies":"3 Sentries","floor":8,"turns":6}],"seed_played":"5132180293549177657","potions_obtained":[{"floor":2,"key":"CultistPotion"},{"floor":2,"key":"SmokeBomb"},{"floor":2,"key":"Fruit Juice"},{"floor":4,"key":"Strength Potion"}],"is_trial":false,"path_per_floor":["M","?","$","M","T","E","R","E"],"character_chosen":"DEFECT","items_purchased":[],"campfire_rested":1,"item_purchase_floors":[],"current_hp_per_floor":[74,79,79,76,76,2,26,0,0],"gold":58,"neow_bonus":"REMOVE_TWO","is_daily":false,"chose_seed":false,"campfire_upgraded":0,"win_rate":0.0,"timestamp":1611574323,"path_taken":["M","?","?","M","?","E","R","E"],"items_purchased_type":[],"build_version":"2020-12-22","purchased_purges":0,"victory":false,"max_hp_per_floor":[75,80,80,80,80,80,80,80,80],"relic_stats":{"counters":[4,19],"obtain_stats":[{"Bottled Tornado":5,"Toxic Egg 2":6,"Cracked Core":0},{"Bottled Tornado":2,"Toxic Egg 2":3,"Cracked Core":0},{"Bottled Tornado":7,"Toxic Egg 2":13,"Cracked Core":0}]},"card_choices":[{"not_picked":["Conserve Battery","Rebound"],"picked":"Capacitor","floor":1},{"not_picked":["Compile Driver","Barrage"],"picked":"Beam Cell","floor":4},{"not_picked":["Tempest+1","Leap+1"],"picked":"Scrape","floor":6}],"player_experience":252390,"relics_obtained":[{"floor":5,"key":"Bottled Tornado"},{"floor":6,"key":"Toxic Egg 2"}],"event_choices":[{"damage_healed":0,"gold_gain":0,"player_choice":"Got Potions","damage_taken":0,"max_hp_gain":0,"max_hp_loss":0,"event_name":"Lab","floor":2,"gold_loss":0}],"is_beta":false,"boss_relics":[],"items_purged_floors":[],"is_endless":false,"potions_floor_spawned":[4,6],"killed_by":"3 Sentries","ascension_level":1}}