{"host":"w7dhjqgqsib0c3vt","time":1611573472,"event":{"mods":["ATMod(°¢èªMod)","BaseMod","Minty Spire (QoL Compilation)","Shop Mod","StSLib","TheWitcher"],"gold_per_floor":[112,132,82,95,95,95,121,196,196,216,216,231,231,231],"floor_reached":13,"language":"ZHS","playtime":239,"items_purged":[],"score":102,"play_id":"055364ec-9853-4c75-926d-f19e6d30d156","local_time":"20210125191752","is_ascension_mode":true,"campfire_choices":[{"floor":6,"key":"REST"},{"floor":11,"key":"REST"}],"circlet_count":0,"master_deck":["Strike_B","Strike_B","Strike_B","Defend_B","Defend_B","Defend_B","Zap","Dualcast","AT_Desolate+1","White Noise","Rebound","Hello World","Coolheaded","AT_StudyProgram","Capacitor"],"relics":["Cracked Core","AT_ATBox","Mummified Hand","Toxic Egg 2"],"acts_visited":["Exordium"],"potions_floor_usage":[4,7],"damage_taken":[{"damage":8,"enemies":"2 Louse","floor":1,"turns":2},{"damage":12,"enemies":"Jaw Worm","floor":2,"turns":2},{"damage":8,"enemies":"Small Slimes","floor":4,"turns":2},{"damage":26,"enemies":"Gremlin Nob","floor":7,"turns":4},{"damage":1,"enemies":"2 Fungi Beasts","floor":10,"turns":3},{"damage":9,"enemies":"Blue Slaver","floor":12,"turns":3},{"damage":37,"enemies":"3 Sentries","floor":13,"turns":4}],"seed_played":"8055667403390040907","potions_obtained":[{"floor":1,"key":"Explosive Potion"},{"floor":4,"key":"EssenceOfSteel"},{"floor":12,"key":"FearPotion"}],"is_trial":false,"path_per_floor":["M","M","?","M","?","R","E","?","T","M","R","M","E"],"character_chosen":"DEFECT","items_purchased":[],"campfire_rested":2,"item_purchase_floors":[],"current_hp_per_floor":[67,55,55,47,40,62,36,25,25,24,46,37,0,0],"gold":231,"neow_bonus":"UPGRADE_CARD","is_daily":false,"chose_seed":false,"campfire_upgraded":0,"win_rate":0.0,"timestamp":1611573472,"path_taken":["M","M","?","M","?","R","E","?","T","M","R","M","E"],"items_purchased_type":[],"build_version":"2020-12-22","purchased_purges":0,"victory":false,"max_hp_per_floor":[75,75,75,75,75,75,75,75,75,75,75,75,75,75],"card_choices":[{"not_picked":["Genetic Algorithm","Go for the Eyes"],"picked":"White Noise","floor":1},{"not_picked":["Cold Snap","Leap"],"picked":"Rebound","floor":2},{"not_picked":["Storm","Sweeping Beam"],"picked":"Hello World","floor":4},{"not_picked":["Compile Driver","Blizzard"],"picked":"Coolheaded","floor":7},{"not_picked":["Scrape","Turbo+1"],"picked":"AT_StudyProgram","floor":10},{"not_picked":["Turbo+1","Undo+1"],"picked":"Capacitor","floor":12}],"player_experience":631299,"relics_obtained":[{"floor":7,"key":"Mummified Hand"},{"floor":9,"key":"Toxic Egg 2"}],"event_choices":[{"cards_removed":["Defend_B"],"damage_healed":0,"gold_gain":0,"player_choice":"Card Removal","damage_taken":0,"max_hp_gain":0,"max_hp_loss":0,"event_name":"The Cleric","floor":3,"gold_loss":50},{"cards_removed":["Strike_B"],"damage_healed":0,"gold_gain":0,"player_choice":"Card Removal","damage_taken":7,"max_hp_gain":0,"max_hp_loss":0,"event_name":"Golden Wing","floor":5,"gold_loss":0},{"damage_healed":0,"gold_gain":75,"player_choice":"Gather Gold","damage_taken":11,"max_hp_gain":0,"max_hp_loss":0,"event_name":"World of Goop","floor":8,"gold_loss":0}],"is_beta":false,"boss_relics":[],"items_purged_floors":[],"is_endless":false,"potions_floor_spawned":[1,4,12],"killed_by":"3 Sentries","ascension_level":4}}