{"host":"zomwe5n2owcqokh9","time":1611539802,"event":{"mods":["2.2 Compatiblity","Act Like it!","BaseMod","BetterRewards","Colored Map","Colored Powertips","Highlight Path","Hubris","Minty Spire (QoL Compilation)","Quick Restart","Rare Cards Sparkle","Replay The Spire","Shop Mod","StSLib","SuperFastMode"],"gold_per_floor":[119,119,119,9,20,52,72,72,72,88,102,102,122,149,149,251,251,268,284,284,284,296,296,324,344,371,371,371,2,2,101,201,101,101,117,117,167,167,67,67,84,113,186,119,139,169,183,200,200,200,200],"floor_reached":50,"language":"ENG","playtime":2009,"items_purged":["Looming Evil","Strike_B"],"score":685,"play_id":"9a4269ee-d26b-4dcf-995a-2326b430c52d","local_time":"20210124195642","is_ascension_mode":false,"campfire_choices":[{"data":"Machine Learning","floor":8.0,"key":"SMITH"},{"data":"Storm","floor":12.0,"key":"SMITH"},{"data":"FIFO Queue","floor":15.0,"key":"SMITH"},{"floor":23.0,"key":"REST"},{"floor":27.0,"key":"REST"},{"data":"Redo","floor":30.0,"key":"SMITH"},{"data":"Scrape","floor":40.0,"key":"SMITH"},{"data":"Fusion","floor":49.0,"key":"SMITH"}],"circlet_count":0,"master_deck":["Strike_B","Strike_B","Strike_B","Defend_B","Defend_B","Defend_B","Zap+1","Dualcast","Gash+1","Go for the Eyes","Go for the Eyes","Rip and Tear+1","Conserve Battery","Machine Learning+1","Panic Button","Storm+1","FIFO Queue+1","Beam Cell","All For One+1","Gash+1","Ball Lightning","Gash","Redo+1","Beam Cell","Redo+1","Thunder Strike","Steam","ReplayTheSpireMod:Repulse","Scrape+1","Panache","Barrage","Bandage Up","Aggregate","Panic Button","Scrape","Ball Lightning","Thunder Strike","Parasite","Fusion+1","Stack+1"],"relics":["Cracked Core","NeowsBlessing","Snack Pack","Ornamental Fan","hubris:DeckOfHolding","SlaversCollar","MutagenicStrength","Enchiridion","Mirror","Ring of Hypnosis","ReplayTheSpireMod:Ring of Challenge","Replay:Wax Seal","Guide Book","Replay:Rubber Ducky","MerchantsRug","Coffee Dripper","hubris:Icosahedron","Replay:Towering Pillar of Hats","BargainBundle","Regal Pillow","Question Card","Blue Candle","Orichalcum"],"acts_visited":["Exordium","TheCity","TheBeyond"],"potions_floor_usage":[50,50,50],"damage_taken":[{"damage":0.0,"enemies":"Small Slimes","floor":1.0,"turns":1.0},{"damage":0.0,"enemies":"2 Louse","floor":5.0,"turns":1.0},{"damage":0.0,"enemies":"Lagavulin","floor":6.0,"turns":1.0},{"damage":4.0,"enemies":"Jaw Worm","floor":7.0,"turns":4.0},{"damage":0.0,"enemies":"Large Slime","floor":10.0,"turns":4.0},{"damage":7.0,"enemies":"Blue Slaver","floor":11.0,"turns":3.0},{"damage":6.0,"enemies":"2 Fungi Beasts","floor":13.0,"turns":3.0},{"damage":14.0,"enemies":"3 Sentries","floor":14.0,"turns":4.0},{"damage":9.0,"enemies":"Hexaghost","floor":16.0,"turns":6.0},{"damage":31.0,"enemies":"3 Byrds","floor":18.0,"turns":7.0},{"damage":11.0,"enemies":"Spheric Guardian","floor":19.0,"turns":4.0},{"damage":16.0,"enemies":"Snecko","floor":22.0,"turns":6.0},{"damage":9.0,"enemies":"Book of Stabbing","floor":24.0,"turns":6.0},{"damage":7.0,"enemies":"Snake Plant","floor":25.0,"turns":3.0},{"damage":40.0,"enemies":"Champ","floor":33.0,"turns":7.0},{"damage":0.0,"enemies":"Orb Walker","floor":35.0,"turns":2.0},{"damage":0.0,"enemies":"Mind Bloom Boss Battle","floor":37.0,"turns":4.0},{"damage":30.0,"enemies":"3 Shapes","floor":41.0,"turns":4.0},{"damage":0.0,"enemies":"R_Hoarder","floor":42.0,"turns":5.0},{"damage":0.0,"enemies":"Giant Head","floor":44.0,"turns":5.0},{"damage":35.0,"enemies":"Jaw Worm Horde","floor":45.0,"turns":5.0},{"damage":52.0,"enemies":"Reptomancer","floor":46.0,"turns":5.0},{"damage":2.0,"enemies":"Writhing Mass","floor":47.0,"turns":4.0},{"damage":0.0,"enemies":"3 Darklings","floor":48.0,"turns":2.0},{"damage":28,"enemies":"Replay:Hell Engine","floor":50,"turns":5}],"seed_played":"-6778073484097116687","potions_obtained":[{"floor":6.0,"key":"Strength Potion"},{"floor":10.0,"key":"FocusPotion"},{"floor":11.0,"key":"FocusPotion"},{"floor":13.0,"key":"EssenceOfDarkness"},{"floor":19.0,"key":"SteroidPotion"},{"floor":44.0,"key":"SpeedPotion"},{"floor":45.0,"key":"Energy Potion"},{"floor":47.0,"key":"Milkshake"},{"floor":48.0,"key":"Elixir"}],"is_trial":false,"path_per_floor":["M","?","?","$","M","E","M","R","T","M","M","R","M","E","R","B",null,"M","M","?","?","M","R","E","M","T","R","?","$","R","?","R_BF","B",null,"M","?","?","?","$","R","M","E","T","E","M","E","M","M","R","B"],"character_chosen":"DEFECT","items_purchased":["Go for the Eyes","Rip and Tear+1","Replay:Wax Seal","Guide Book","Replay:Rubber Ducky","MerchantsRug","Redo","BargainBundle","Scrape","Panache","Barrage","Bandage Up"],"campfire_rested":2,"item_purchase_floors":[4,4,29,29,29,29,29,39,39,39,39,39],"current_hp_per_floor":[75,75,75,75,75,75,71,71,71,73,68,68,62,52,52,47,75,50,43,43,27,15,37,40,35,35,57,57,57,57,57,57,29,75,75,75,75,75,75,75,49,63,63,75,48,8,14,16,16,0,0],"gold":200,"neow_bonus":"THREE_ENEMY_KILL","is_daily":false,"chose_seed":false,"campfire_upgraded":6,"win_rate":0.0,"timestamp":1611539802,"path_taken":["M","?","?","$","M","E","M","R","T","M","?","R","M","E","R","BOSS","M","M","?","?","M","R","E","M","T","R","?","?","R","?","R_BF","BOSS","M","?","?","?","$","R","M","E","T","E","M","E","M","M","R","BOSS"],"items_purchased_type":["Card","Card","Relic","Relic","Relic","Relic","Card","Relic","Card","Card","Card","Card"],"build_version":"2020-12-22","purchased_purges":2,"victory":false,"max_hp_per_floor":[75,75,75,75,75,75,75,75,75,75,75,75,75,75,75,75,75,75,75,75,75,75,75,75,75,75,75,75,75,75,75,75,75,75,75,75,75,75,75,75,75,75,75,75,75,75,75,75,75,75,75],"card_choices":[{"not_picked":["Hologram","Auto Shields"],"picked":"Gash","floor":1.0},{"not_picked":["BasicCrystalCard","Turbo"],"picked":"Conserve Battery","floor":5.0},{"not_picked":["Panic Button","Auto Shields"],"picked":"Machine Learning","floor":6.0},{"not_picked":["Streamline","Sweeping Beam","Redo"],"picked":"SKIP","floor":7.0},{"not_picked":["ReplayTheSpireMod:Repulse","Sweeping Beam"],"picked":"Panic Button","floor":10.0},{"not_picked":["Auto Shields","Leap"],"picked":"Storm","floor":11.0},{"not_picked":["Coolheaded","Genetic Algorithm"],"picked":"FIFO Queue","floor":13.0},{"not_picked":["BasicCrystalCard","Aggregate"],"picked":"Beam Cell","floor":14.0},{"not_picked":["Reboot","Hyperbeam"],"picked":"All For One","floor":16.0},{"not_picked":["Force Field","Streamline+1"],"picked":"Gash+1","floor":18.0},{"not_picked":["Genetic Algorithm","Cold Snap+1"],"picked":"Ball Lightning","floor":19.0},{"not_picked":["Tempest+1","Rainbow"],"picked":"Gash","floor":22.0},{"not_picked":["Barrage+1","Compile Driver"],"picked":"Redo+1","floor":24.0},{"not_picked":["Reprogram","Panic Button"],"picked":"Beam Cell","floor":25.0},{"not_picked":["Mirror Shield","Machine Learning"],"picked":"Thunder Strike","floor":33.0},{"not_picked":["Panic Button","Turbo"],"picked":"Steam","floor":35.0},{"not_picked":["Conserve Battery+1","Redo+1"],"picked":"ReplayTheSpireMod:Repulse","floor":37.0},{"not_picked":["Recycle+1","FTL+1"],"picked":"Aggregate","floor":41.0},{"not_picked":["Conserve Battery","BasicCrystalCard+1"],"picked":"Panic Button","floor":42.0},{"not_picked":["Go for the Eyes+1","Stack+1","Force Field+1"],"picked":"Scrape","floor":44.0},{"not_picked":["Rebound+1","Cold Snap+1","Blizzard+1"],"picked":"Ball Lightning","floor":45.0},{"not_picked":["Melter+1","Panic Button","Hello World"],"picked":"Thunder Strike","floor":46.0},{"not_picked":["Rip and Tear","Panic Button+1","Steam+1"],"picked":"Fusion","floor":47.0},{"not_picked":["Rebound+1","Compile Driver+1","Skim+1"],"picked":"Stack+1","floor":48.0}],"player_experience":56606,"relics_obtained":[{"floor":6.0,"key":"Snack Pack"},{"floor":9.0,"key":"Ornamental Fan"},{"floor":14.0,"key":"hubris:DeckOfHolding"},{"floor":21.0,"key":"Enchiridion"},{"floor":24.0,"key":"Mirror"},{"floor":26.0,"key":"Art of War"},{"floor":28.0,"key":"Ring of Hypnosis"},{"floor":28.0,"key":"ReplayTheSpireMod:Ring of Challenge"},{"floor":37.0,"key":"Replay:Towering Pillar of Hats"},{"floor":42.0,"key":"Regal Pillow"},{"floor":43.0,"key":"Question Card"},{"floor":44.0,"key":"Blue Candle"},{"floor":46.0,"key":"Orichalcum"}],"event_choices":[{"damage_healed":0.0,"max_hp_gain":0.0,"max_hp_loss":0.0,"gold_gain":0.0,"event_name":"Drug Dealer","player_choice":"Inject Mutagens","floor":20.0,"gold_loss":0.0,"damage_taken":0.0,"relics_obtained":["MutagenicStrength"]},{"damage_healed":0.0,"max_hp_gain":0.0,"max_hp_loss":0.0,"gold_gain":0.0,"event_name":"Cursed Tome","player_choice":"Obtained Book","floor":21.0,"gold_loss":0.0,"damage_taken":16.0},{"damage_healed":0.0,"max_hp_gain":0.0,"max_hp_loss":0.0,"gold_gain":99.0,"event_name":"Nest","player_choice":"Stole From Cult","floor":31.0,"gold_loss":0.0,"damage_taken":0.0},{"damage_healed":0.0,"max_hp_gain":0.0,"max_hp_loss":0.0,"gold_gain":0.0,"event_name":"MindBloom","player_choice":"Fight","floor":37.0,"gold_loss":0.0,"damage_taken":0.0},{"cards_removed":["Defend_B"],"damage_healed":0.0,"max_hp_gain":0.0,"max_hp_loss":0.0,"gold_gain":0.0,"event_name":"Falling","player_choice":"Removed Skill","floor":38.0,"gold_loss":0.0,"damage_taken":0.0}],"is_beta":false,"boss_relics":[{"not_picked":["SacredBark","ReplayTheSpireMod:DimensionalGlitch"],"picked":"SlaversCollar"},{"not_picked":["hubris:GrandSneckoEye","Empty Cage"],"picked":"Coffee Dripper"}],"items_purged_floors":[29,39],"is_endless":false,"potions_floor_spawned":[6,10,11,13,19,41,44,45,47,48],"killed_by":"Replay:Hell Engine","ascension_level":0}}