{"host":"a4ifeplrx8vfq4u5","time":1611616216,"event":{"mods":["BaseMod","Beaked The Cultist","Better Third Choice","Colored Map","Conspire","Downfall","Marisa????????","Minty Spire (QoL Compilation)","Random Character Button","Rare Cards Sparkle","Replay The Spire","StSLib","The Servant 0.9.4"],"gold_per_floor":[118,134,150,165,165,165,194,194,194,194,207,223,223,148,148,247,247,265,190,190,208,223,223,223,237,262,279,179,179,193,211,211,211,211],"floor_reached":33,"language":"ENG","playtime":2509,"items_purged":["Strike_R","Strike_R"],"score":276,"play_id":"970e581f-4d6b-4256-b010-17a695ec1a40","local_time":"20210125231016","is_ascension_mode":false,"campfire_choices":[{"data":"Whirlwind","floor":6,"key":"SMITH"},{"data":"Bash","floor":8,"key":"SMITH"},{"data":"Defend_R","floor":10,"key":"SMITH"},{"data":"Feed","floor":13,"key":"SMITH"},{"data":"Headbutt","floor":15,"key":"SMITH"},{"data":"Juggernaut","floor":24,"key":"SMITH"},{"data":"Flame Barrier","floor":29,"key":"SMITH"},{"data":"Pommel Strike","floor":32,"key":"SMITH"}],"circlet_count":0,"master_deck":["Strike_R","Strike_R","Defend_R","Defend_R","Defend_R","Defend_R+1","Bash+1","Armaments+1","Whirlwind+1","Headbutt+1","Feed+1","Juggernaut+1","J.A.X.","Pommel Strike+1","Iron Wave","Bloodletting","Flame Barrier+1","Pommel Strike+1"],"relics":["Black Blood","conspire:DeflatedDodgeball","Shuriken","Enchiridion","ReplayFunnel"],"acts_visited":["Exordium","TheCity"],"potions_floor_usage":[18,21,22,25,25],"damage_taken":[{"damage":6,"enemies":"Cultist","floor":1,"turns":3},{"damage":3,"enemies":"Jaw Worm","floor":2,"turns":4},{"damage":2,"enemies":"2 Louse","floor":3,"turns":2},{"damage":0,"enemies":"Large Slime","floor":4,"turns":5},{"damage":17,"enemies":"Replay:BlueRogue","floor":7,"turns":6},{"damage":3,"enemies":"3 Louse","floor":11,"turns":2},{"damage":14,"enemies":"Blue Slaver","floor":12,"turns":3},{"damage":28,"enemies":"Fading Forest","floor":16,"turns":11},{"damage":9,"enemies":"Spheric Guardian","floor":18,"turns":5},{"damage":18,"enemies":"Shell Parasite","floor":21,"turns":6},{"damage":25,"enemies":"conspire:HollyBat","floor":22,"turns":7},{"damage":19,"enemies":"Shelled Parasite and Fungi","floor":25,"turns":6},{"damage":11,"enemies":"Snake Plant","floor":27,"turns":3},{"damage":3,"enemies":"Sentry and Sphere","floor":30,"turns":4},{"damage":6,"enemies":"Centurion and Healer","floor":31,"turns":6},{"damage":102,"enemies":"Collector","floor":33,"turns":7}],"seed_played":"4846806569096139478","potions_obtained":[{"floor":2,"key":"Weak Potion"},{"floor":11,"key":"EssenceOfSteel"},{"floor":16,"key":"Energy Potion"},{"floor":18,"key":"SpeedPotion"},{"floor":22,"key":"Regen Potion"},{"floor":31,"key":"sneckomod:MuddlingPotion"}],"is_trial":false,"path_per_floor":["M","M","M","M","?","R","E","R","T","R","M","M","R","$","R","B",null,"M","?","?","M","M","?","R","M","T","M","$","R","M","M","R","B"],"character_chosen":"IRONCLAD","items_purchased":[],"campfire_rested":0,"item_purchase_floors":[],"current_hp_per_floor":[88,88,88,88,88,88,77,77,77,77,80,72,72,72,72,60,88,88,88,88,82,69,53,53,58,58,63,63,63,72,82,82,0,0],"gold":211,"neow_bonus":"TEN_PERCENT_HP_BONUS","is_daily":false,"chose_seed":false,"campfire_upgraded":8,"win_rate":0.0,"timestamp":1611616216,"path_taken":["M","M","M","?","?","R","E","R","T","R","M","M","R","$","R","BOSS","M","?","?","M","M","?","R","M","T","M","$","R","M","M","R","BOSS"],"items_purchased_type":[],"build_version":"2020-12-22","purchased_purges":2,"victory":false,"max_hp_per_floor":[88,88,88,88,88,88,88,88,88,88,88,88,88,88,88,88,88,88,88,88,88,88,88,88,88,88,92,92,92,92,96,96,96,96],"card_choices":[{"not_picked":["Anger","Thunderclap"],"picked":"Armaments","floor":1},{"not_picked":["Cleave","Replay:Many Hands"],"picked":"Whirlwind","floor":2},{"not_picked":["Cleave","Body Slam","Twin Strike"],"picked":"SKIP","floor":3},{"not_picked":["Dual Wield","Combust"],"picked":"Headbutt","floor":4},{"not_picked":["Clash","ReplayTheSpireMod:Strike From Hell","Replay:Undeath\u0027s Touch"],"picked":"SKIP","floor":7},{"not_picked":["Heavy Blade","Wild Strike"],"picked":"Feed","floor":11},{"not_picked":["Heavy Blade","Body Slam","True Grit"],"picked":"SKIP","floor":12},{"not_picked":["Brutality","Eclipse"],"picked":"Juggernaut","floor":16},{"not_picked":["Fire Breathing","Body Slam+1","Replay:Undeath\u0027s Touch"],"picked":"SKIP","floor":18},{"not_picked":["Headbutt","Reckless Charge+1"],"picked":"Pommel Strike+1","floor":21},{"not_picked":["Shockwave","Body Slam"],"picked":"Iron Wave","floor":22},{"not_picked":["Iron Wave+1","Anger"],"picked":"Bloodletting","floor":25},{"not_picked":["Clash","Sword Boomerang+1"],"picked":"Flame Barrier","floor":27},{"not_picked":["Clash","Dual Wield+1"],"picked":"Pommel Strike","floor":30},{"not_picked":["Body Slam","Intimidate+1","conspire:ExplosiveBarrier+1"],"picked":"SKIP","floor":31}],"player_experience":395122,"relics_obtained":[{"floor":7,"key":"conspire:DeflatedDodgeball"},{"floor":9,"key":"Shuriken"},{"floor":23,"key":"Enchiridion"},{"floor":26,"key":"ReplayFunnel"}],"event_choices":[{"damage_healed":0,"gold_gain":0,"player_choice":"Upgraded","damage_taken":0,"max_hp_gain":0,"max_hp_loss":0,"event_name":"Upgrade Shrine","floor":5,"gold_loss":0,"cards_upgraded":["Armaments"]},{"cards_removed":["Strike_R"],"damage_healed":0,"gold_gain":0,"player_choice":"Gave Gold","damage_taken":0,"max_hp_gain":0,"max_hp_loss":0,"event_name":"Beggar","floor":19,"gold_loss":75},{"damage_healed":0,"gold_gain":0,"player_choice":"Obtain J.A.X.","damage_taken":0,"max_hp_gain":0,"max_hp_loss":0,"event_name":"Drug Dealer","floor":20,"gold_loss":0,"cards_obtained":["J.A.X."]},{"damage_healed":0,"gold_gain":0,"player_choice":"Obtained Book","damage_taken":16,"max_hp_gain":0,"max_hp_loss":0,"event_name":"Cursed Tome","floor":23,"gold_loss":0}],"is_beta":false,"boss_relics":[{"not_picked":["Kintsugi","conspire:RoyalGoblet"],"picked":"Black Blood"}],"items_purged_floors":[14,28],"is_endless":false,"potions_floor_spawned":[2,11,16,18,22,31],"killed_by":"Collector","ascension_level":0}}