{"host":"4eao2pkwlmv012cz","time":1611541909,"event":{"mods":["BaseMod","Colored Powertips","Minty Spire (QoL Compilation)","Permanent Neow","Quick Restart","Random Character Button","StSLib"],"gold_per_floor":[210,360,360,285,297,297,323,323,371,408,408,417,440,478,487,487,487],"floor_reached":16,"language":"ENG","playtime":397,"items_purged":["Strike_B"],"score":232,"play_id":"f2f8aefe-6267-4374-a842-88a8bc7c612c","local_time":"20210124213149","is_ascension_mode":true,"campfire_choices":[{"data":"Static Discharge","floor":6,"key":"SMITH"},{"floor":8,"key":"REST"},{"floor":12,"key":"REST"},{"floor":15,"key":"REST"}],"circlet_count":0,"master_deck":["AscendersBane","Strike_B","Strike_B+1","Strike_B+1","Defend_B","Defend_B","Defend_B","Zap","Dualcast","Storm","Static Discharge+1","Ball Lightning","Reinforced Body","Fusion","Rebound","Cold Snap","Conserve Battery"],"relics":["Cracked Core","Whetstone","Dream Catcher","CeramicFish","Singing Bowl"],"acts_visited":["Exordium"],"potions_floor_usage":[7],"damage_taken":[{"damage":2,"enemies":"Jaw Worm","floor":1,"turns":3},{"damage":0,"enemies":"Small Slimes","floor":5,"turns":2},{"damage":36,"enemies":"3 Sentries","floor":7,"turns":5},{"damage":39,"enemies":"Gremlin Nob","floor":10,"turns":3},{"damage":7,"enemies":"Cultist","floor":13,"turns":3},{"damage":36,"enemies":"3 Sentries","floor":14,"turns":4},{"damage":36,"enemies":"The Guardian","floor":16,"turns":2}],"seed_played":"524438170253951080","potions_obtained":[{"floor":1,"key":"Dexterity Potion"},{"floor":5,"key":"FairyPotion"}],"is_trial":false,"path_per_floor":["M","?","?","$","M","R","E","R","T","E","?","R","M","E","R","B"],"character_chosen":"DEFECT","items_purchased":[],"campfire_rested":3,"item_purchase_floors":[],"current_hp_per_floor":[62,62,62,62,62,62,26,47,47,8,1,22,15,1,22,0,0],"gold":487,"neow_bonus":"HUNDRED_GOLD","is_daily":false,"chose_seed":false,"campfire_upgraded":1,"win_rate":0.0,"timestamp":1611541909,"path_taken":["M","?","?","$","M","R","E","R","T","E","?","R","?","E","R","BOSS"],"items_purchased_type":[],"build_version":"2020-12-22","purchased_purges":1,"victory":false,"max_hp_per_floor":[71,71,71,71,71,71,71,71,71,71,71,71,71,71,71,71,71],"card_choices":[{"not_picked":["Scrape","Barrage"],"picked":"Storm","floor":1},{"not_picked":["Rebound","Coolheaded"],"picked":"Static Discharge","floor":5},{"not_picked":["Coolheaded","Steam"],"picked":"Ball Lightning","floor":7},{"not_picked":["Fusion","Hyperbeam"],"picked":"Reinforced Body","floor":10},{"not_picked":["Gash","Stack"],"picked":"Fusion","floor":12},{"not_picked":["Streamline","Beam Cell"],"picked":"Rebound","floor":13},{"not_picked":["Gash","Streamline"],"picked":"Cold Snap","floor":14},{"not_picked":["Steam Power","Melter"],"picked":"Conserve Battery","floor":15}],"player_experience":2855931,"relics_obtained":[{"floor":7,"key":"Whetstone"},{"floor":9,"key":"Dream Catcher"},{"floor":10,"key":"CeramicFish"},{"floor":14,"key":"Singing Bowl"}],"event_choices":[{"damage_healed":0,"gold_gain":150,"player_choice":"AGREE","damage_taken":0,"max_hp_gain":0,"max_hp_loss":0,"event_name":"Liars Game","floor":2,"gold_loss":0,"cards_obtained":["Doubt"]},{"cards_removed":["Doubt"],"damage_healed":0,"gold_gain":0,"player_choice":"Forget","damage_taken":0,"max_hp_gain":0,"max_hp_loss":0,"event_name":"Living Wall","floor":3,"gold_loss":0},{"cards_removed":["Defend_B"],"damage_healed":0,"gold_gain":0,"player_choice":"Card Removal","damage_taken":7,"max_hp_gain":0,"max_hp_loss":0,"event_name":"Golden Wing","floor":11,"gold_loss":0}],"is_beta":false,"boss_relics":[],"items_purged_floors":[4],"is_endless":false,"potions_floor_spawned":[1,5],"killed_by":"The Guardian","ascension_level":20}}