{"host":"63yhhrjweyj22b0v","time":1611543225,"event":{"mods":["BaseMod","Minty Spire (QoL Compilation)","Quick Restart"],"gold_per_floor":[117,117,117,45,56,93,93,110,137,37,37,57,83,57,57,166,166,185,204,204,60,84,84,84,84,132,132,151,151,151,151],"floor_reached":30,"language":"ENG","playtime":713,"items_purged":["Strike_B"],"score":253,"play_id":"c9774620-3255-4490-bf31-6ce3dd60b5c3","local_time":"20210124205345","is_ascension_mode":false,"campfire_choices":[{"data":"Zap","floor":7,"key":"SMITH"},{"floor":11,"key":"REST"},{"data":"Amplify","floor":15,"key":"SMITH"},{"floor":24,"key":"REST"},{"floor":27,"key":"REST"}],"circlet_count":0,"master_deck":["Strike_B+1","Strike_B+1","Strike_B+1","Defend_B+1","Defend_B+1","Defend_B+1","Defend_B+1","Zap+1","Dualcast","Lockon","Ball Lightning","Gash","Amplify+1","Fusion","Defragment","Go for the Eyes","Loop","Rainbow","Consume","Sweeping Beam+1","Fission","Lockon+1","Conserve Battery+1"],"relics":["Cracked Core","NeowsBlessing","Anchor","CeramicFish","Pen Nib","SlaversCollar","MutagenicStrength","Vajra"],"acts_visited":["Exordium","TheCity"],"potions_floor_usage":[13,16,22],"damage_taken":[{"damage":0,"enemies":"Cultist","floor":1,"turns":1},{"damage":0,"enemies":"Jaw Worm","floor":5,"turns":1},{"damage":0,"enemies":"3 Sentries","floor":6,"turns":1},{"damage":0,"enemies":"2 Louse","floor":8,"turns":2},{"damage":2,"enemies":"2 Fungi Beasts","floor":12,"turns":3},{"damage":0,"enemies":"Looter","floor":13,"turns":1},{"damage":16,"enemies":"Slime Boss","floor":16,"turns":7},{"damage":5,"enemies":"Shell Parasite","floor":18,"turns":4},{"damage":22,"enemies":"2 Thieves","floor":19,"turns":4},{"damage":39,"enemies":"Sentry and Sphere","floor":22,"turns":4},{"damage":28,"enemies":"Centurion and Healer","floor":28,"turns":7},{"damage":45,"enemies":"Gremlin Leader","floor":30,"turns":5}],"seed_played":"7571757602968687243","potions_obtained":[{"floor":1,"key":"Fire Potion"},{"floor":5,"key":"GamblersBrew"},{"floor":12,"key":"Strength Potion"},{"floor":13,"key":"SteroidPotion"},{"floor":16,"key":"GamblersBrew"}],"is_trial":false,"path_per_floor":["M","?","?","$","M","E","R","M","T","$","R","M","M","$","R","B",null,"M","M","?","$","M","?","R","?","T","R","M","?","E"],"character_chosen":"DEFECT","items_purchased":["Ball Lightning","Gash","Fusion","Loop","Fission"],"campfire_rested":3,"item_purchase_floors":[4,4,10,14,21],"current_hp_per_floor":[75,50,55,55,55,55,55,55,55,55,79,77,77,77,77,61,80,75,53,53,53,14,14,38,38,38,62,34,34,0,0],"gold":151,"neow_bonus":"THREE_ENEMY_KILL","is_daily":false,"chose_seed":false,"campfire_upgraded":2,"win_rate":0.0,"timestamp":1611543225,"path_taken":["M","?","?","$","M","E","R","M","T","$","R","M","M","?","R","BOSS","M","M","?","$","M","?","R","?","T","R","M","?","E"],"items_purchased_type":["Card","Card","Card","Card","Card"],"build_version":"2020-12-22","purchased_purges":1,"victory":false,"max_hp_per_floor":[75,75,80,80,80,80,80,80,80,80,80,80,80,80,80,80,80,80,80,80,80,80,80,80,80,80,80,80,80,80,80],"card_choices":[{"not_picked":["Redo","Reinforced Body"],"picked":"Lockon","floor":1},{"not_picked":["Aggregate","Streamline","Hologram"],"picked":"SKIP","floor":5},{"not_picked":["Gash","Undo"],"picked":"Amplify","floor":6},{"not_picked":["Aggregate","Streamline","Glacier"],"picked":"SKIP","floor":8},{"not_picked":["Gash","Melter"],"picked":"Defragment","floor":12},{"not_picked":["Stack","Turbo"],"picked":"Go for the Eyes","floor":13},{"not_picked":["Biased Cognition","All For One"],"picked":"Rainbow","floor":16},{"not_picked":["Coolheaded","Go for the Eyes"],"picked":"Consume","floor":18},{"not_picked":["Steam+1","Go for the Eyes"],"picked":"Sweeping Beam+1","floor":19},{"not_picked":["Coolheaded+1","Ball Lightning"],"picked":"Lockon+1","floor":22},{"not_picked":["Stack","Rebound"],"picked":"Conserve Battery+1","floor":28}],"player_experience":589485,"relics_obtained":[{"floor":6,"key":"CeramicFish"},{"floor":9,"key":"Pen Nib"},{"floor":26,"key":"Vajra"}],"event_choices":[{"damage_healed":0,"gold_gain":0,"player_choice":"Success","damage_taken":25,"relics_obtained":["Anchor"],"max_hp_gain":0,"max_hp_loss":0,"event_name":"Scrap Ooze","floor":2,"gold_loss":0},{"damage_healed":0,"gold_gain":0,"player_choice":"Donut","damage_taken":0,"max_hp_gain":5,"max_hp_loss":0,"event_name":"Big Fish","floor":3,"gold_loss":0},{"damage_healed":0,"gold_gain":0,"player_choice":"Inject Mutagens","damage_taken":0,"relics_obtained":["MutagenicStrength"],"max_hp_gain":0,"max_hp_loss":0,"event_name":"Drug Dealer","floor":20,"gold_loss":0},{"damage_healed":0,"gold_gain":0,"player_choice":"Ignored","damage_taken":0,"max_hp_gain":0,"max_hp_loss":0,"event_name":"Cursed Tome","floor":23,"gold_loss":0},{"damage_healed":0,"gold_gain":0,"player_choice":"Simplicity","damage_taken":0,"max_hp_gain":0,"max_hp_loss":0,"event_name":"Back to Basics","floor":29,"gold_loss":0,"cards_upgraded":["Strike_B","Strike_B","Strike_B","Defend_B","Defend_B","Defend_B","Defend_B"]}],"is_beta":false,"boss_relics":[{"not_picked":["Velvet Choker","Fusion Hammer"],"picked":"SlaversCollar"}],"items_purged_floors":[10],"is_endless":false,"potions_floor_spawned":[1,5,12,13,16,19],"killed_by":"Gremlin Leader","ascension_level":0}}