{"host":"6dzkwbf36t1khqct","time":1611603047,"event":{"mods":["AchievementEnabler","BaseMod","Beaked The Cultist","Better Third Choice","Colored Map","Colored Powertips","Conspire","Curses Come First","Displayed Cursed Tome","Downfall","Friendly Minions","Glutton Mod","Hubris","Infinite Spire","Koishi","Lobotomy","Mad Scientist","Marisa????????","Minty Spire (QoL Compilation)","Quick Restart","Replay The Spire","Robot Space Explorer","Say the Spire","StSLib","The Blackbeard","The Construct","The Cursed","The Disciple","The Hierophant","The Mystic","The Runesmith","The Servant 0.9.4","The Witch","??????REMEMod"],"gold_per_floor":[113,113,126,140,140,155,155,182,182,182,194,117,117,134,134,233,233,248,265,265,276,276,276,292,304,304,304,304],"floor_reached":27,"language":"ENG","playtime":2368,"items_purged":[],"score":242,"play_id":"9d5ef5d2-e11e-47e3-be04-0c50edd7bb12","local_time":"20210125173047","is_ascension_mode":false,"campfire_choices":[{"floor":7,"key":"REST"},{"data":"BasicCrystalCard","floor":10,"key":"SMITH"},{"data":"Static Discharge","floor":13,"key":"SMITH"},{"data":"Dualcast","floor":15,"key":"SMITH"},{"data":"Conserve Battery","floor":23,"key":"SMITH"}],"circlet_count":0,"master_deck":["Strike_B","Strike_B","Strike_B","Strike_B","Defend_B+1","Defend_B","Defend_B","Defend_B","Zap+1","Dualcast+1","Conserve Battery+1","BasicCrystalCard+1","Fusion+1","Leap","Capacitor","Static Discharge+1","Cold Snap","Thunder Strike","Streamline+1","Steam+1","Redo"],"relics":["Cracked Core","REME_ComplimentaryCards","REME_HandOfSuture","infinitespire:Magic Flask","Incense Burner","hubris:Backtick","War Paint","hubris:Icosahedron","HornCleat","Bottled Lightning"],"acts_visited":["Exordium","TheCity"],"potions_floor_usage":[8,19,25],"damage_taken":[{"damage":5,"enemies":"Small Slimes","floor":1,"turns":4},{"damage":0,"enemies":"conspire:RoseBush","floor":3,"turns":3},{"damage":0,"enemies":"Jaw Worm","floor":4,"turns":4},{"damage":26,"enemies":"Exordium Thugs","floor":6,"turns":7},{"damage":0,"enemies":"3 Sentries","floor":8,"turns":8},{"damage":0,"enemies":"Lots of Slimes","floor":11,"turns":5},{"damage":0,"enemies":"3 Louse","floor":14,"turns":3},{"damage":27,"enemies":"The Guardian","floor":16,"turns":9},{"damage":7,"enemies":"Chosen","floor":18,"turns":5},{"damage":6,"enemies":"3 Byrds","floor":19,"turns":5},{"damage":8,"enemies":"Snecko","floor":21,"turns":6},{"damage":11,"enemies":"Shelled Parasite and Fungi","floor":24,"turns":7},{"damage":14,"enemies":"Snake Plant","floor":25,"turns":2},{"damage":29,"enemies":"Snecko","floor":27,"turns":5}],"seed_played":"-539644808923350796","potions_obtained":[{"floor":1,"key":"Languid Potion"},{"floor":2,"key":"Cursed Concoction"},{"floor":2,"key":"Adrenaline Potion"},{"floor":2,"key":"EssenceOfDarkness"},{"floor":3,"key":"champ:CounterPotion"},{"floor":14,"key":"SkillPotion"},{"floor":21,"key":"Swift Potion"}],"is_trial":false,"path_per_floor":["M","?","M","M","?","M","R","E","T","R","M","$","R","M","R","B",null,"M","M","?","M","?","R","M","M","T","M"],"character_chosen":"DEFECT","items_purchased":["Static Discharge"],"campfire_rested":1,"item_purchase_floors":[12],"current_hp_per_floor":[70,70,70,70,70,44,66,66,66,66,66,66,66,66,66,39,75,68,62,62,54,47,47,36,22,22,0,0],"gold":304,"neow_bonus":"RANDOM_COMMON_RELIC","is_daily":false,"chose_seed":false,"campfire_upgraded":4,"win_rate":0.0,"timestamp":1611603047,"path_taken":["M","?","?","M","?","M","R","E","T","R","?","$","R","M","R","BOSS","M","?","?","M","?","R","M","M","T","M"],"items_purchased_type":["Card"],"build_version":"2020-12-22","purchased_purges":0,"victory":false,"max_hp_per_floor":[75,75,75,75,75,75,75,75,75,75,75,75,75,75,75,75,75,75,75,75,75,75,75,75,75,75,75,75],"card_choices":[{"not_picked":["Darkness","Hologram"],"picked":"Conserve Battery","floor":1},{"not_picked":["Steam","ReplayTheSpireMod:System Scan"],"picked":"BasicCrystalCard","floor":3},{"not_picked":["Steam","Streamline"],"picked":"Fusion","floor":4},{"not_picked":["ReplayTheSpireMod:System Scan","REME_SelfUpgrade"],"picked":"Leap","floor":6},{"not_picked":["Panic Button","hubris:Ukulele"],"picked":"Capacitor","floor":8},{"not_picked":["Barrage","BasicCrystalCard","Gash"],"picked":"SKIP","floor":11},{"not_picked":["Stack","Rip and Tear"],"picked":"Cold Snap","floor":14},{"not_picked":["ReplayRNGCard","Amplify"],"picked":"Thunder Strike","floor":16},{"not_picked":["Stack","Sweeping Beam","Beam Cell"],"picked":"SKIP","floor":18},{"not_picked":["BasicCrystalCard","Gash+1","Leap"],"picked":"SKIP","floor":19},{"not_picked":["ReplayTheSpireMod:Calculation Training","Hologram+1"],"picked":"Streamline+1","floor":21},{"not_picked":["Rebound","Barrage"],"picked":"Steam+1","floor":24},{"not_picked":["Multi-Cast","Hologram"],"picked":"Redo","floor":25}],"player_experience":35359,"relics_obtained":[{"floor":8,"key":"infinitespire:Magic Flask"},{"floor":9,"key":"Incense Burner"},{"floor":26,"key":"Bottled Lightning"}],"event_choices":[{"damage_healed":0,"gold_gain":0,"player_choice":"Got Potions","damage_taken":0,"max_hp_gain":0,"max_hp_loss":0,"event_name":"Lab","floor":2,"gold_loss":0},{"damage_healed":0,"gold_gain":0,"player_choice":"Upgraded","damage_taken":0,"max_hp_gain":0,"max_hp_loss":0,"event_name":"Upgrade Shrine","floor":5,"gold_loss":0,"cards_upgraded":["Fusion"]},{"damage_healed":0,"gold_gain":0,"player_choice":"HornCleat","damage_taken":0,"relics_obtained":["HornCleat"],"max_hp_gain":0,"max_hp_loss":0,"event_name":"blackbeard:ShipwreckEvent","floor":22,"gold_loss":0}],"is_beta":false,"boss_relics":[{"not_picked":["FrozenCore","Replay:Drink Me"],"picked":"hubris:Backtick"}],"items_purged_floors":[],"is_endless":false,"potions_floor_spawned":[1,3,8,14,21],"killed_by":"Snecko","ascension_level":0}}