{"host":"ln76an1o32p2wxtf","time":1611577788,"event":{"mods":["AchievementEnabler","Act Like it!","BaseMod","BetterRewards","Colored Powertips","Energized Spire","GifTheSpireLib","Infinite Spire","Minty Spire (QoL Compilation)","Shop Mod","StSLib","Yuri Mod"],"gold_per_floor":[116,141,66,66,66,66,98,139,186,232,265,298,346,371,371,489,489,519,519,550,88,88,138,138,178,178,193,193],"floor_reached":27,"language":"ENG","playtime":3083,"items_purged":["yuri:yuriStrike","yuri:yuriStrike","yuri:yuriStrike"],"score":285,"play_id":"fa5a02ad-0bdb-4d9d-9319-da9e7641855f","local_time":"20210125202948","is_ascension_mode":true,"campfire_choices":[{"data":"yuri:Oolong","floor":6,"key":"SMITH"},{"data":"yuri:NerfBat","floor":15,"key":"SMITH"},{"floor":24,"key":"RECALL"}],"circlet_count":0,"master_deck":["yuri:yuriStrike","yuri:yuriDefend","yuri:yuriDefend","yuri:yuriDefend","yuri:yuriDefend","yuri:yuriDefend","yuri:Oolong+1","yuri:yuriStab","yuri:StealPen","yuri:NerfBat+1","yuri:HoldBack","yuri:HoldBack","yuri:ReactiveMadness","yuri:BookPurple","yuri:BookPurple","yuri:DistillInsanity","yuri:BookRed+1","yuri:ArmBrace","yuri:BookPurple","yuri:ArmBrace+1","yuri:GrowingInsanity+1"],"relics":["yuri:yuriKnife","NlothsMask","Orichalcum","InkBottle","MealTicket","yuri:BookOfBooks","Coffee Dripper","Peace Pipe","Lantern","Mercury Hourglass"],"acts_visited":["Exordium","TheCity"],"potions_floor_usage":[],"damage_taken":[{"damage":5,"enemies":"Small Slimes","floor":1,"turns":3},{"damage":6,"enemies":"Jaw Worm","floor":2,"turns":4},{"damage":2,"enemies":"Cultist","floor":7,"turns":3},{"damage":36,"enemies":"3 Sentries","floor":8,"turns":12},{"damage":19,"enemies":"Lagavulin","floor":10,"turns":10},{"damage":6,"enemies":"Blue Slaver","floor":11,"turns":6},{"damage":3,"enemies":"Looter","floor":12,"turns":4},{"damage":23,"enemies":"3 Sentries","floor":13,"turns":14},{"damage":8,"enemies":"3 Louse","floor":14,"turns":5},{"damage":29,"enemies":"The Guardian","floor":16,"turns":17},{"damage":11,"enemies":"3 Byrds","floor":18,"turns":11},{"damage":5,"enemies":"Shell Parasite","floor":20,"turns":7},{"damage":15,"enemies":"Book of Stabbing","floor":23,"turns":17},{"damage":87,"enemies":"Gremlin Leader","floor":25,"turns":17},{"damage":47,"enemies":"Cultist and Chosen","floor":27,"turns":6}],"seed_played":"-8568759742656515264","potions_obtained":[{"floor":1,"key":"EssenceOfSteel"},{"floor":7,"key":"AttackPotion"},{"floor":12,"key":"LiquidBronze"},{"floor":14,"key":"Swift Potion"}],"is_trial":false,"path_per_floor":["M","M","$","?","?","R","M","E","T","E","M","M","E","M","R","B",null,"M","AVR","M","$","?","E","R","E","T","M"],"character_chosen":"YURI","items_purchased":["yuri:BookPurple","Peace Pipe"],"campfire_rested":0,"item_purchase_floors":[21,21],"current_hp_per_floor":[87,82,82,87,87,87,91,62,62,50,51,55,39,38,38,16,93,92,92,93,93,93,93,93,23,23,0,0],"gold":193,"neow_bonus":"TEN_PERCENT_HP_BONUS","is_daily":false,"chose_seed":false,"campfire_upgraded":2,"win_rate":0.0,"timestamp":1611577788,"path_taken":["M","M","$","?","?","R","M","E","T","E","?","M","E","M","R","BOSS","M","AVR","M","$","?","E","R","E","T","M"],"items_purchased_type":["Card","Relic"],"build_version":"2020-12-22","purchased_purges":3,"victory":false,"max_hp_per_floor":[88,88,88,93,93,93,93,93,93,93,93,93,93,93,93,93,93,93,93,93,93,93,93,93,93,93,93,93],"card_choices":[{"not_picked":["yuri:InsanityDefense","yuri:GreenTea"],"picked":"yuri:StealPen","floor":1},{"not_picked":["yuri:TeaSet","yuri:HeavierStrike"],"picked":"yuri:NerfBat","floor":2},{"not_picked":["yuri:RecklessStrike","yuri:yuriHeavyStrike","yuri:ChibiInvasion"],"picked":"SKIP","floor":7},{"not_picked":["yuri:GrowingInsanity","yuri:BookBlue"],"picked":"yuri:HoldBack","floor":8},{"not_picked":["yuri:Stare","yuri:MultiDip"],"picked":"yuri:HoldBack","floor":10},{"not_picked":["yuri:Skip","yuri:InduceGlitch","yuri:HeavierStrike"],"picked":"SKIP","floor":11},{"not_picked":["yuri:GlitchedStrike","yuri:WickedSlash"],"picked":"yuri:ReactiveMadness","floor":12},{"not_picked":["yuri:ExploitStrike","yuri:DejaVu"],"picked":"yuri:BookPurple","floor":13},{"not_picked":["yuri:Skip","yuri:DebugCard"],"picked":"yuri:BookPurple","floor":14},{"not_picked":["yuri:Virus","yuri:DisableStrike"],"picked":"yuri:DistillInsanity","floor":16},{"not_picked":["yuri:BookGreen+1","yuri:BookBlue+1","yuri:BookPurple+1"],"picked":"yuri:BookRed+1","floor":17},{"not_picked":["yuri:Spin+1","yuri:RecklessStrike","yuri:Stare"],"picked":"SKIP","floor":18},{"not_picked":["yuri:ReloadGame+1","yuri:Spin+1"],"picked":"yuri:ArmBrace","floor":20},{"not_picked":["yuri:RecklessStrike","yuri:SeeingDouble"],"picked":"yuri:ArmBrace+1","floor":23},{"not_picked":["yuri:UntestedCode","yuri:Spin"],"picked":"yuri:GrowingInsanity+1","floor":25}],"player_experience":780853,"relics_obtained":[{"floor":8,"key":"Orichalcum"},{"floor":10,"key":"InkBottle"},{"floor":13,"key":"MealTicket"},{"floor":23,"key":"Lantern"},{"floor":25,"key":"Mercury Hourglass"}],"event_choices":[{"damage_healed":0,"gold_gain":0,"player_choice":"Donut","damage_taken":0,"max_hp_gain":5,"max_hp_loss":0,"event_name":"Big Fish","floor":4,"gold_loss":0},{"damage_healed":0,"gold_gain":0,"player_choice":"Trade","damage_taken":0,"relics_obtained":["NlothsMask"],"max_hp_gain":0,"max_hp_loss":0,"event_name":"FaceTrader","floor":5,"gold_loss":0},{"cards_removed":["yuri:yuriStrike"],"damage_healed":0,"gold_gain":0,"player_choice":"Elegance","damage_taken":0,"max_hp_gain":0,"max_hp_loss":0,"event_name":"Back to Basics","floor":22,"gold_loss":0}],"is_beta":false,"boss_relics":[{"not_picked":["yuri:PortraitOfMarkov","Astrolabe"],"picked":"yuri:BookOfBooks"}],"items_purged_floors":[3,19,21],"is_endless":false,"potions_floor_spawned":[1,7,12,13,14,23,25],"killed_by":"Cultist and Chosen","ascension_level":1}}