{"host":"1zjc08c6hob33401","time":1611538263,"event":{"mods":["AchievementEnabler","Act Like it!","Aspiration","BaseMod","Downfall","Elementarium","Energized Spire","Evolution","Friendly Minions","Gensokyo","GifTheSpireLib","Hubris","Infinite Spire","Jedi Mod","Menagerie","Minty Spire (QoL Compilation)","Pale of the Ancients","Quick Restart","Reliquary","Replay The Spire","Retaliation","Shop Mod","Spire Arcade","StS++","StSLib","Stuff the Spire","The Blue Laboratory","Wandering Minibosses","??????REMEMod"],"gold_per_floor":[112,112,128,124,144,144,149,172,172,172,86,86,92,92,92,124,124,104,104,104,110,110,35,35,45,45,48,58,67,72,72,72,123,123,20,22,22,22,22,22,37,37,37,446,455,455,469,476,476,476],"floor_reached":51,"language":"RUS","playtime":3475,"items_purged":["Reprogram"],"score":1335,"play_id":"50bde8cb-ddf9-4f48-8f10-9731b65d609c","local_time":"20210125033103","is_ascension_mode":true,"campfire_choices":[{"data":"DDmod:MulticlassingSkill","floor":6.0,"key":"SMITH"},{"data":"StSpp:Fierceness","floor":10.0,"key":"SMITH"},{"data":"Menagerie:BeastSpirit","floor":15.0,"key":"SMITH"},{"data":"Zap","floor":24.0,"key":"SMITH"},{"data":"Ghostly","floor":32.0,"key":"SMITH"},{"data":"Mirror Shield","floor":40.0,"key":"SMITH"},{"data":"Capacitor","floor":42.0,"key":"SMITH"},{"data":"Fission","floor":49,"key":"SMITH"}],"circlet_count":0,"master_deck":["AscendersBane","Compile Driver","Compile Driver","Compile Driver","Compile Driver","jedi:blockon","jedi:blockon","jedi:blockon","Zap+1","Dualcast","Glass Knife+1","DDmod:MulticlassingSkill+1","Gash","StSpp:Fierceness+1","Leap","Steam","Go for the Eyes","REME_Whirling","Menagerie:BeastSpirit+1","Capacitor+1","Sweeping Beam","StSpp:Saturation","StuffTheSpire:Plugnplay+1","hubris:InfiniteBlow+38700","FTL","Creative AI","Compile Driver","hubris:PowerSurge","Self Repair","Ghostly+1","Ghostly","Ghostly","Mirror Shield+1","Leap+1","Rainbow","Fission+1","Gash+1"],"relics":["Cracked Core","EVO:Axolotl","REME_ComplimentaryCards","StuffTheSpire:RubySignet","Iron Hammer","Menagerie:Aurumvore","Painkiller Herb","hubris:Teleporter","aspiration:TomeofQuesting","aspiration:BursterCore","Pantograph","Solar Panel","wanderingMiniBosses:MasterThiefsPresence","HornCleat"],"acts_visited":["Menagerie:Menagerie","TheCity","Gensokyo:Gensokyoest"],"potions_floor_usage":[50],"damage_taken":[{"damage":0.0,"enemies":"Menagerie:MonstrousExperiment","floor":1.0,"turns":2.0},{"damage":0.0,"enemies":"Menagerie:2_RABBITS","floor":3.0,"turns":2.0},{"damage":4.0,"enemies":"Menagerie:WhisperingWraith","floor":4.0,"turns":6.0},{"damage":4.0,"enemies":"Menagerie:DREAD_MOTH_AND_GRAFTED_WORMS","floor":5.0,"turns":3.0},{"damage":0.0,"enemies":"Menagerie:RedMage","floor":7.0,"turns":2.0},{"damage":5.0,"enemies":"Menagerie:Hydra","floor":8.0,"turns":3.0},{"damage":4.0,"enemies":"Menagerie:EntropyWarlock","floor":13.0,"turns":2.0},{"damage":9.0,"enemies":"Menagerie:KEEPER_AND_YOUNG_SUNEATER","floor":14.0,"turns":4.0},{"damage":33.0,"enemies":"Menagerie:AVATARS","floor":16.0,"turns":5.0},{"damage":5.0,"enemies":"2 Thieves","floor":18.0,"turns":3.0},{"damage":0.0,"enemies":"Chosen","floor":21.0,"turns":2.0},{"damage":6.0,"enemies":"Slavers","floor":25.0,"turns":4.0},{"damage":10.0,"enemies":"3 Cultists","floor":27.0,"turns":4.0},{"damage":0.0,"enemies":"Snake Plant","floor":28.0,"turns":1.0},{"damage":1.0,"enemies":"Chosen and Byrds","floor":29.0,"turns":3.0},{"damage":0.0,"enemies":"Snecko","floor":30.0,"turns":1.0},{"damage":22.0,"enemies":"hubris:MusketHawk","floor":33.0,"turns":4.0},{"damage":18.0,"enemies":"Gensokyo:3_Boulders","floor":35.0,"turns":6.0},{"damage":0.0,"enemies":"Gensokyo:AncientGuardian","floor":36.0,"turns":4.0},{"damage":0.0,"enemies":"Gensokyo:Kasen","floor":41.0,"turns":1.0},{"damage":0.0,"enemies":"Gensokyo:AtlasGolem","floor":44.0,"turns":4.0},{"damage":0.0,"enemies":"Gensokyo:4_Bats","floor":45.0,"turns":2.0},{"damage":6.0,"enemies":"Gensokyo:Marisa","floor":47.0,"turns":4.0},{"damage":0,"enemies":"Gensokyo:Dusk_and_Dawn","floor":48,"turns":3},{"damage":27,"enemies":"Gensokyo:Shinki","floor":50,"turns":9}],"seed_played":"4212132536849614091","potions_obtained":[{"floor":1.0,"key":"blueLaboratory:PhilterOfMotion"},{"floor":4.0,"key":"Elixir"},{"floor":7.0,"key":"blueLaboratory:BottleOfRum"},{"floor":13.0,"key":"blueLaboratory:Moonshine"},{"floor":16.0,"key":"blueLaboratory:LouseDecoction"},{"floor":21.0,"key":"LiquidBronze"},{"floor":30.0,"key":"REME_GoldPotion"},{"floor":41.0,"key":"blueLaboratory:CoolantVial"},{"floor":45.0,"key":"blueLaboratory:LouseDecoction"}],"is_trial":false,"path_per_floor":["M","?","M","M","M","R","M","E","T","R","?","?","M","M","R","B",null,"?","?","AVR","?","?","T","T","E","T","?","?","?","?","?","T","B",null,"?","?","?","COS","?","T","E","T","T","?","?","?","E","?","T","B",null],"character_chosen":"DEFECT","items_purchased":[],"campfire_rested":0,"item_purchase_floors":[],"current_hp_per_floor":[64,64,64,60,56,56,56,51,51,51,51,51,47,38,38,7,51,46,46,46,46,46,46,46,42,42,32,32,31,31,31,31,9,27,16,23,23,23,23,23,23,23,23,32,33,33,33,33,33,15],"gold":476,"neow_bonus":"RANDOM_COLORLESS","is_daily":false,"chose_seed":false,"campfire_upgraded":8,"win_rate":0.0,"timestamp":1611538263,"path_taken":["M","?","?","M","M","R","M","E","T","R","?","?","M","M","R","BOSS","?","?","AVR","?","?","T","T","E","T","?","?","?","?","?","T","BOSS","?","?","?","COS","?","T","E","T","T","?","?","?","E","?","T","BOSS"],"items_purchased_type":[],"build_version":"2020-12-22","purchased_purges":1,"victory":true,"max_hp_per_floor":[71,71,71,71,71,71,71,71,71,71,71,66,66,66,66,66,66,66,66,66,66,66,66,66,66,66,66,66,66,66,33,33,33,33,33,33,33,33,33,33,33,33,33,33,33,33,33,33,33,33],"card_choices":[{"not_picked":["Replay:Sssssssssstrike","Blind"],"picked":"DDmod:MulticlassingSkill","floor":0.0},{"not_picked":["Skim","Sweeping Beam"],"picked":"Gash","floor":1.0},{"not_picked":["Hologram","Rebound"],"picked":"StSpp:Fierceness","floor":3.0},{"not_picked":["Sweeping Beam","StuffTheSpire:LoadUp"],"picked":"Leap","floor":4.0},{"not_picked":["Redo","jedi:BurstFrost"],"picked":"Steam","floor":5.0},{"not_picked":["Reinforced Body","Steam"],"picked":"Go for the Eyes","floor":7.0},{"not_picked":["Amplify","Leap"],"picked":"REME_Whirling","floor":8.0},{"not_picked":["Double Energy","jedi:BurstFrost"],"picked":"Capacitor","floor":13.0},{"not_picked":["Darkness","Beam Cell"],"picked":"Sweeping Beam","floor":14.0},{"not_picked":["Thunder Strike","Core Surge"],"picked":"StSpp:Saturation","floor":16.0},{"not_picked":["Cold Snap","BasicCrystalCard"],"picked":"StuffTheSpire:Plugnplay+1","floor":18.0},{"not_picked":["Sweeping Beam","Redo","Rebound"],"picked":"SKIP","floor":21.0},{"not_picked":["Steam","Beam Cell"],"picked":"FTL","floor":25.0},{"not_picked":["Panic Button","jedi:spotbugs"],"picked":"Creative AI","floor":27.0},{"not_picked":["jedi:BurstLightning","Hologram"],"picked":"Compile Driver","floor":28.0},{"not_picked":["Coolheaded+1","Ball Lightning+1"],"picked":"hubris:PowerSurge","floor":29.0},{"not_picked":["Crystallizer","Auto Shields"],"picked":"Self Repair","floor":30.0},{"not_picked":["StuffTheSpire:Purify","Echo Form"],"picked":"Mirror Shield","floor":33.0},{"not_picked":["ReplayTheSpireMod:Reroute Power+1","StuffTheSpire:Plugnplay"],"picked":"Leap+1","floor":35.0},{"not_picked":["Cold Snap","Panic Button"],"picked":"Rainbow","floor":36.0},{"not_picked":["Fusion+1","Sweeping Beam+1","Streamline"],"picked":"SKIP","floor":41.0},{"not_picked":["jedi:locknload","Turbo","Redo+1"],"picked":"SKIP","floor":44.0},{"not_picked":["jedi:BurstFrost","BasicCrystalCard","Go for the Eyes"],"picked":"SKIP","floor":45.0},{"not_picked":["Recycle","Steam"],"picked":"Fission","floor":47.0},{"not_picked":["Turbo","Beam Cell"],"picked":"Gash+1","floor":48}],"player_experience":691276,"relics_obtained":[{"floor":8.0,"key":"StuffTheSpire:RubySignet"},{"floor":9.0,"key":"Iron Hammer"},{"floor":25.0,"key":"hubris:Teleporter"},{"floor":26.0,"key":"aspiration:TomeofQuesting"},{"floor":41.0,"key":"Pantograph"},{"floor":43.0,"key":"Solar Panel"},{"floor":44.0,"key":"wanderingMiniBosses:MasterThiefsPresence"},{"floor":47.0,"key":"HornCleat"}],"event_choices":[{"damage_healed":0.0,"max_hp_gain":0.0,"max_hp_loss":0.0,"gold_gain":0.0,"event_name":"Menagerie:ScentOfGold","player_choice":"Pacify","floor":11.0,"gold_loss":0.0,"damage_taken":0.0,"relics_obtained":["Menagerie:Aurumvore"]},{"damage_healed":0.0,"max_hp_gain":0.0,"max_hp_loss":5.0,"gold_gain":0.0,"event_name":"Menagerie:BeastSpiritShrine","player_choice":"Knelt","floor":12.0,"gold_loss":0.0,"damage_taken":0.0,"cards_obtained":["Menagerie:BeastSpirit"]},{"damage_healed":0.0,"max_hp_gain":0.0,"max_hp_loss":0.0,"gold_gain":0.0,"cards_transformed":["Defend_B"],"event_name":"Transmorgrifier","player_choice":"Transformed","floor":22.0,"gold_loss":0.0,"damage_taken":0.0,"cards_obtained":["Reprogram"]},{"damage_healed":0.0,"max_hp_gain":0.0,"max_hp_loss":33.0,"gold_gain":0.0,"event_name":"Ghosts","player_choice":"Became a Ghost","floor":31.0,"gold_loss":0.0,"damage_taken":0.0,"cards_obtained":["Ghostly","Ghostly","Ghostly"]}],"is_beta":false,"boss_relics":[{"not_picked":["ChewingGum","hubris:VirtuousBlindfold"],"picked":"Painkiller Herb"},{"not_picked":["StSpp:Magatama","StSpp:FireArrow"],"picked":"aspiration:BursterCore"}],"items_purged_floors":[23],"is_endless":false,"potions_floor_spawned":[1,4,7,13,16,21,25,29,30,41,45,48],"ascension_level":16}}