{"host":"och2iitg9ibgz06n","time":1611611708,"event":{"mods":["Abigail Mod","AchievementEnabler","Aspiration","BaseMod","Colored Powertips","Dio Mod","Hubris","Hyrulean Relics","Infinite Spire","Minty Spire (QoL Compilation)","Replay The Spire","Small Relic Pack","StSLib","The Animator","The Bug Knight","The Hierophant","The Jungle","The Saiyan","TheHero","Wandering Minibosses","everything is the same but u backflip on backflip","slay the spire mod where everything is the same but ironclad has a cowboy hat"],"gold_per_floor":[115,133,133,82,97,97,97],"floor_reached":6,"language":"ENG","playtime":276,"items_purged":[],"score":41,"play_id":"bfd4233d-e1b5-44c5-963b-4d97ad56c7e1","local_time":"20210125155508","is_ascension_mode":true,"campfire_choices":[],"circlet_count":0,"master_deck":["Strike_G","Strike_G","Strike_G","Strike_G","Strike_G","Defend_G","Defend_G","Defend_G","Defend_G","Defend_G","Survivor","Neutralize+1","Flying Knee","Sucker Punch","Outmaneuver"],"relics":["Ring of the Snake"],"acts_visited":["Exordium"],"potions_floor_usage":[6],"damage_taken":[{"damage":1,"enemies":"2 Louse","floor":1,"turns":4},{"damage":4,"enemies":"Cultist","floor":2,"turns":7},{"damage":0,"enemies":"Small Slimes","floor":5,"turns":4},{"damage":31,"enemies":"3 Sentries","floor":6,"turns":10}],"seed_played":"-1800162325816546203","potions_obtained":[{"floor":1,"key":"SteroidPotion"},{"floor":2,"key":"PowerPotion"}],"is_trial":false,"path_per_floor":["M","M","?","$","M","E"],"character_chosen":"THE_SILENT","items_purchased":["Sucker Punch"],"campfire_rested":0,"item_purchase_floors":[4],"current_hp_per_floor":[76,72,72,72,72,41,41],"gold":97,"neow_bonus":"TEN_PERCENT_HP_BONUS","is_daily":false,"chose_seed":false,"campfire_upgraded":0,"win_rate":0.0,"timestamp":1611611708,"path_taken":["M","M","?","?","?","E"],"items_purchased_type":["Card"],"build_version":"2020-12-22","purchased_purges":0,"victory":false,"max_hp_per_floor":[77,77,77,77,77,77,77],"card_choices":[{"not_picked":["Expertise","Bane","Quick Slash"],"picked":"SKIP","floor":1},{"not_picked":["Replay:Poison Smokescreen","Footwork"],"picked":"Flying Knee","floor":2},{"not_picked":["PiercingWail","Prepared"],"picked":"Outmaneuver","floor":5}],"player_experience":483578,"relics_obtained":[],"event_choices":[{"damage_healed":0,"gold_gain":0,"player_choice":"Upgraded","damage_taken":0,"max_hp_gain":0,"max_hp_loss":0,"event_name":"Upgrade Shrine","floor":3,"gold_loss":0,"cards_upgraded":["Neutralize"]}],"is_beta":false,"boss_relics":[],"items_purged_floors":[],"is_endless":false,"potions_floor_spawned":[1,2],"killed_by":"3 Sentries","ascension_level":3}}