{"host":"9qk11wtevf51xvhl","time":1611610514,"event":{"mods":["BaseMod","Minty Spire (QoL Compilation)"],"gold_per_floor":[412,84,84,84,99,125,145,145,145,163,195,208,208,218,218,318,318,329,329,339,354,365,398,398,398,398],"floor_reached":25,"language":"ENG","playtime":2247,"items_purged":["Parasite"],"score":378,"play_id":"a25ae7e9-f813-4c44-af53-3ab8df880abc","local_time":"20210125223514","is_ascension_mode":true,"campfire_choices":[{"data":"Armaments","floor":8,"key":"SMITH"},{"data":"Combust","floor":13,"key":"SMITH"},{"data":"Ghostly Armor","floor":15,"key":"SMITH"}],"circlet_count":0,"master_deck":["AscendersBane","Strike_R","Strike_R","Strike_R","Strike_R","Defend_R+1","Defend_R","Defend_R","Defend_R+1","Bash","Armaments+1","Metallicize","Wild Strike","Cleave","Combust+1","Ghostly Armor+1","Feed","Body Slam","Demon Form","Impervious"],"relics":["Burning Blood","Old Coin","Eternal Feather","Singing Bowl","Potion Belt","Blue Candle","Coffee Dripper","Vajra","Enchiridion"],"acts_visited":["Exordium","TheCity"],"potions_floor_usage":[11,12,16],"damage_taken":[{"damage":6,"enemies":"Cultist","floor":1,"turns":4},{"damage":0,"enemies":"Small Slimes","floor":5,"turns":4},{"damage":36,"enemies":"Gremlin Nob","floor":6,"turns":5},{"damage":7,"enemies":"Jaw Worm","floor":7,"turns":4},{"damage":1,"enemies":"Large Slime","floor":10,"turns":5},{"damage":11,"enemies":"Lagavulin","floor":11,"turns":8},{"damage":5,"enemies":"Gremlin Gang","floor":12,"turns":3},{"damage":3,"enemies":"Looter","floor":14,"turns":3},{"damage":61,"enemies":"Hexaghost","floor":16,"turns":13},{"damage":39,"enemies":"3 Byrds","floor":18,"turns":6},{"damage":30,"enemies":"2 Thieves","floor":20,"turns":5},{"damage":18,"enemies":"Cultist and Chosen","floor":21,"turns":5},{"damage":25,"enemies":"Snecko","floor":22,"turns":7},{"damage":28,"enemies":"Gremlin Leader","floor":23,"turns":6},{"damage":13,"enemies":"Slavers","floor":25,"turns":1}],"seed_played":"429700913029784860","potions_obtained":[{"floor":6,"key":"Weak Potion"},{"floor":7,"key":"Swift Potion"},{"floor":11,"key":"Dexterity Potion"},{"floor":23,"key":"SneckoOil"}],"is_trial":false,"path_per_floor":["M","$","?","?","M","E","M","R","T","M","E","M","R","M","R","B",null,"M","?","M","M","M","E","?","E"],"character_chosen":"IRONCLAD","items_purchased":["Eternal Feather"],"campfire_rested":0,"item_purchase_floors":[2],"current_hp_per_floor":[72,72,72,57,63,33,34,40,40,45,40,43,52,55,64,9,63,35,86,62,53,40,18,2,0,0],"gold":398,"neow_bonus":"ONE_RARE_RELIC","is_daily":false,"chose_seed":false,"campfire_upgraded":3,"win_rate":0.0,"timestamp":1611610514,"path_taken":["M","$","?","?","M","E","?","R","T","M","E","M","R","M","R","BOSS","M","?","M","?","M","E","?","E"],"items_purchased_type":["Relic"],"build_version":"2020-12-22","purchased_purges":1,"victory":false,"max_hp_per_floor":[80,77,77,77,77,77,79,79,79,79,79,81,81,81,81,81,81,86,86,86,89,95,95,95,95,95],"card_choices":[{"not_picked":["Havoc","Headbutt"],"picked":"Armaments","floor":1},{"not_picked":["Twin Strike","Rupture"],"picked":"Wild Strike","floor":5},{"not_picked":["Twin Strike","Dark Embrace"],"picked":"Cleave","floor":6},{"not_picked":["Carnage","Feel No Pain","Seeing Red"],"picked":"Singing Bowl","floor":7},{"not_picked":["Sentinel","Reckless Charge"],"picked":"Combust","floor":10},{"not_picked":["Brutality","Clash"],"picked":"Ghostly Armor","floor":11},{"not_picked":["Perfected Strike","Clash","Heavy Blade"],"picked":"Singing Bowl","floor":12},{"not_picked":["Pommel Strike","Thunderclap"],"picked":"Sever Soul","floor":14},{"not_picked":["Offering","Double Tap"],"picked":"Feed","floor":16},{"not_picked":["Thunderclap","Cleave+1","Armaments"],"picked":"Singing Bowl","floor":18},{"not_picked":["Armaments","Heavy Blade"],"picked":"Body Slam","floor":20},{"not_picked":["Disarm","Anger"],"picked":"Demon Form","floor":21},{"not_picked":["Heavy Blade","Iron Wave","Havoc"],"picked":"Singing Bowl","floor":22},{"not_picked":["True Grit","Blood for Blood"],"picked":"Impervious","floor":23}],"player_experience":497881,"relics_obtained":[{"floor":6,"key":"Singing Bowl"},{"floor":9,"key":"Potion Belt"},{"floor":11,"key":"Blue Candle"},{"floor":23,"key":"Vajra"},{"floor":24,"key":"Enchiridion"}],"event_choices":[{"damage_healed":0,"gold_gain":0,"cards_transformed":["Strike_R"],"player_choice":"Change","damage_taken":0,"max_hp_gain":0,"max_hp_loss":0,"event_name":"Living Wall","floor":3,"gold_loss":0,"cards_obtained":["Metallicize"]},{"damage_healed":0,"gold_gain":0,"player_choice":"Entered Light","damage_taken":15,"max_hp_gain":0,"max_hp_loss":0,"event_name":"Shining Light","floor":4,"gold_loss":0,"cards_upgraded":["Defend_R","Defend_R"]},{"cards_removed":["Sever Soul"],"damage_healed":51,"gold_gain":0,"player_choice":"Offered Uncommon","damage_taken":0,"max_hp_gain":0,"max_hp_loss":0,"event_name":"Bonfire Elementals","floor":19,"gold_loss":0},{"damage_healed":0,"gold_gain":0,"player_choice":"Obtained Book","damage_taken":16,"max_hp_gain":0,"max_hp_loss":0,"event_name":"Cursed Tome","floor":24,"gold_loss":0}],"is_beta":false,"boss_relics":[{"not_picked":["Black Blood","SacredBark"],"picked":"Coffee Dripper"}],"items_purged_floors":[2],"is_endless":false,"potions_floor_spawned":[6,7,11,23],"killed_by":"Slavers","ascension_level":10}}