{"host":"kmbz9ox1244sqnmw","time":1611546211,"event":{"mods":["BaseMod","Downfall","Minty Spire (QoL Compilation)","StSLib"],"gold_per_floor":[99,99,156,156,156,156,180,80,94,94,125,25,10,30,43,43,43,43],"floor_reached":16,"language":"ENG","playtime":678,"items_purged":[],"score":96,"play_id":"e3ff1972-dfa7-432a-92bb-1afa566ce609","local_time":"20210124194331","is_ascension_mode":false,"campfire_choices":[{"floor":1,"key":"RECALL"},{"data":"bronze:CutThrough","floor":6,"key":"SMITH"},{"data":"bronze:DigitalCarnage","floor":8,"key":"SMITH"},{"data":"bronze:ForLoop","floor":12,"key":"SMITH"}],"circlet_count":0,"master_deck":["bronze:Strike","bronze:Strike","bronze:Strike","bronze:Strike","bronze:Defend","bronze:Defend","bronze:Defend","bronze:Defend","bronze:Goto","bronze:DelayedGuard","bronze:CutThrough+1","bronze:DigitalCarnage+1","bronze:ForLoop+1","bronze:ForceShield","bronze:SpaghettiCode","bronze:ClassDefault","bronze:DelayedSlice"],"relics":["bronze:BronzeCore","downfall:HeartsMalice","Gremlin Horn","MealTicket","downfall:HeartBlessingRed","Nunchaku","downfall:HeartBlessingGreen"],"acts_visited":["Exordium"],"potions_floor_usage":[16],"damage_taken":[{"damage":0,"enemies":"Jaw Worm","floor":2,"turns":1},{"damage":0,"enemies":"Gremlin Nob","floor":3,"turns":1},{"damage":0,"enemies":"Small Slimes","floor":5,"turns":1},{"damage":0,"enemies":"Cultist","floor":9,"turns":2},{"damage":6,"enemies":"Gremlin Nob","floor":11,"turns":3},{"damage":4,"enemies":"downfall:FleeingMerchant","floor":13,"turns":4},{"damage":0,"enemies":"3 Louse","floor":14,"turns":1},{"damage":0,"enemies":"Large Slime","floor":15,"turns":4},{"damage":111,"enemies":"DF_ARCHETYPE_STREAMLINE","floor":16,"turns":14}],"seed_played":"-611616092011501089","potions_obtained":[{"floor":3,"key":"GamblersBrew"},{"floor":9,"key":"SpeedPotion"}],"is_trial":false,"path_per_floor":["R","M","?","?","M","R","T","R","M","T","E","R","$","M","M","B"],"character_chosen":"THE_AUTOMATON","items_purchased":[],"campfire_rested":0,"item_purchase_floors":[],"current_hp_per_floor":[70,70,70,70,70,70,70,70,70,70,64,64,66,66,66,0,0,0],"gold":43,"neow_bonus":"THREE_ENEMY_KILL","is_daily":false,"chose_seed":false,"campfire_upgraded":3,"win_rate":0.0,"timestamp":1611546211,"path_taken":["R","M","?","?","M","R","T","R","M","?","E","R","$","?","M","BOSS"],"items_purchased_type":[],"build_version":"2020-12-22","purchased_purges":0,"victory":false,"max_hp_per_floor":[70,70,70,70,70,70,70,70,70,70,70,70,70,70,70,70,70,70],"card_choices":[{"not_picked":["bronze:Invalidate","bronze:BugBarrage"],"picked":"bronze:DelayedGuard","floor":2},{"not_picked":["bronze:Optimize","bronze:Turbo"],"picked":"bronze:CutThrough","floor":3},{"not_picked":["bronze:DelayedGuard","bronze:Invalidate"],"picked":"bronze:DigitalCarnage","floor":5},{"not_picked":["bronze:CutThrough","bronze:Frontload"],"picked":"bronze:ForLoop","floor":9},{"not_picked":["bronze:WildBeam","bronze:DelayedGuard"],"picked":"bronze:ForceShield","floor":11},{"not_picked":["bronze:CloningBeam","bronze:WildBeam"],"picked":"bronze:SpaghettiCode","floor":13},{"not_picked":["bronze:Frontload","bronze:GetLatest"],"picked":"bronze:ClassDefault","floor":14},{"not_picked":["bronze:Invalidate","bronze:OilSpill"],"picked":"bronze:DelayedSlice","floor":15}],"player_experience":604221,"relics_obtained":[{"floor":3,"key":"Gremlin Horn"},{"floor":7,"key":"MealTicket"},{"floor":11,"key":"Nunchaku"}],"event_choices":[{"cards_removed":["bronze:Replicate"],"damage_healed":0,"gold_gain":0,"player_choice":"Card Removal","damage_taken":0,"max_hp_gain":0,"max_hp_loss":0,"event_name":"The Cleric","floor":4,"gold_loss":0}],"is_beta":false,"boss_relics":[],"items_purged_floors":[],"is_endless":false,"potions_floor_spawned":[3,9],"killed_by":"DF_ARCHETYPE_STREAMLINE","ascension_level":0}}