{"host":"kmbz9ox1244sqnmw","time":1611547032,"event":{"mods":["BaseMod","Downfall","Minty Spire (QoL Compilation)","StSLib"],"gold_per_floor":[99,109,127,143,128,155,182,211,211,228,228,241,258,274,290,290,290,290],"floor_reached":16,"language":"ENG","playtime":789,"items_purged":[],"score":116,"play_id":"f019f96d-bb2d-40e6-9072-25c3446e2d8b","local_time":"20210124195712","is_ascension_mode":false,"campfire_choices":[{"floor":1,"key":"RECALL"},{"data":"bronze:FollowUp","floor":9,"key":"SMITH"}],"circlet_count":0,"master_deck":["bronze:Strike","bronze:Strike+1","bronze:Strike","bronze:Defend","bronze:Defend","bronze:Defend","bronze:Defend","bronze:Replicate+1","bronze:Goto","Injury","bronze:BronzeArmor","bronze:FollowUp+1","bronze:Frontload","bronze:DelayedSlice","bronze:Optimize","bronze:OilSpill","bronze:AlphaBuild","bronze:GetLatest","bronze:BronzeOrb","bronze:CutThrough","bronze:Overheat"],"relics":["bronze:BronzeCore","Bird Faced Urn","Whetstone","Ancient Tea Set","Blood Vial"],"acts_visited":["Exordium"],"potions_floor_usage":[8,16,16],"damage_taken":[{"damage":7,"enemies":"Cultist","floor":2,"turns":5},{"damage":4,"enemies":"Small Slimes","floor":3,"turns":4},{"damage":6,"enemies":"Jaw Worm","floor":4,"turns":3},{"damage":0,"enemies":"downfall:FleeingMerchant","floor":5,"turns":4},{"damage":20,"enemies":"Lagavulin","floor":6,"turns":10},{"damage":13,"enemies":"Gremlin Nob","floor":8,"turns":4},{"damage":0,"enemies":"Large Slime","floor":10,"turns":6},{"damage":0,"enemies":"Blue Slaver","floor":12,"turns":3},{"damage":1,"enemies":"2 Fungi Beasts","floor":13,"turns":2},{"damage":7,"enemies":"Red Slaver","floor":14,"turns":2},{"damage":0,"enemies":"3 Louse","floor":15,"turns":2},{"damage":52,"enemies":"IC_STATUS_ARCHETYPE","floor":16,"turns":8}],"seed_played":"6699293456821157724","potions_obtained":[{"floor":2,"key":"Ancient Potion"},{"floor":4,"key":"Fire Potion"},{"floor":8,"key":"LiquidMemories"},{"floor":10,"key":"Swift Potion"}],"is_trial":false,"path_per_floor":["R","M","M","M","$","E","T","E","R","M","?","M","M","M","M","B"],"character_chosen":"THE_AUTOMATON","items_purchased":[],"campfire_rested":0,"item_purchase_floors":[],"current_hp_per_floor":[70,63,59,53,53,33,33,22,22,26,26,28,29,24,28,0,0,0],"gold":290,"neow_bonus":"ONE_RARE_RELIC","is_daily":false,"chose_seed":false,"campfire_upgraded":1,"win_rate":0.0,"timestamp":1611547032,"path_taken":["R","M","?","?","$","E","T","E","R","M","?","?","M","?","M","BOSS"],"items_purchased_type":[],"build_version":"2020-12-22","purchased_purges":0,"victory":false,"max_hp_per_floor":[70,70,70,70,70,70,70,70,70,70,70,70,70,70,70,70,70,70],"card_choices":[{"not_picked":["bronze:Shield","bronze:Turbo"],"picked":"bronze:BronzeArmor","floor":2},{"not_picked":["bronze:Return","bronze:Frontload"],"picked":"bronze:FollowUp","floor":3},{"not_picked":["bronze:Backtrace","bronze:BuggyMess"],"picked":"bronze:Frontload","floor":4},{"not_picked":["bronze:FineTuning","bronze:Frontload"],"picked":"bronze:DelayedSlice","floor":5},{"not_picked":["bronze:ItsAFeature","bronze:Branch"],"picked":"bronze:Optimize","floor":6},{"not_picked":["bronze:ItsAFeature","bronze:FollowUp","bronze:Backtrace"],"picked":"SKIP","floor":8},{"not_picked":["bronze:WhirlingStrike","bronze:Turbo"],"picked":"bronze:OilSpill","floor":10},{"not_picked":["bronze:BronzeArmor","bronze:WildBeam"],"picked":"bronze:GetLatest","floor":12},{"not_picked":["bronze:BuggyMess","bronze:ThunderWave"],"picked":"bronze:BronzeOrb","floor":13},{"not_picked":["bronze:Overheat","bronze:BronzeArmor"],"picked":"bronze:CutThrough","floor":14},{"not_picked":["bronze:ClassDefault","bronze:Flail"],"picked":"bronze:Overheat","floor":15}],"player_experience":604899,"relics_obtained":[{"floor":6,"key":"Whetstone"},{"floor":7,"key":"Ancient Tea Set"},{"floor":8,"key":"Blood Vial"}],"event_choices":[],"is_beta":false,"boss_relics":[],"items_purged_floors":[],"is_endless":false,"potions_floor_spawned":[2,4,8,10,14,15],"killed_by":"IC_STATUS_ARCHETYPE","ascension_level":0}}