{"host":"5vely6jbi66u1z8q","time":1611599427,"event":{"mods":["2.2 Compatiblity","Act Like it!","Aspiration","BaseMod","Conspire","Downfall","Hermit","Hubris","Infinite Spire","Minty Spire (QoL Compilation)","Replay The Spire","Spicy Shops","StSLib","The Runesmith","The Servant 0.9.4"],"gold_per_floor":[111,178,192,209,209,236,236,266,266,300,319,347,380,398,398,495,495,508,521,543,642,642,642,671,671,671,703,714,741,755,831,831,989,1039,1123,1218,1314,1418,1418,1542,1652,1652,1793,1945,2087,2237,2237,2493,2493,2664,2849,3048,3255,3471,3471,3722,3722,3722,3953,4206,4206,4203,4492,4492,4844,4844,5166,2133,2133,2133,2284,2465,2465,2669,2669,2830,2830,3034,3034,3286,3286,3637,3637,3894,4172,4172,4172,4453,4773,5095,5425,5425,5425,5819,6210,6210,6655,6655,7190,7190,7190,7190],"floor_reached":102,"language":"ENG","playtime":14932,"items_purged":["bronze:ForceShield","bronze:FineTuning","bronze:BronzeOrb","infinitespire:SealOfDarkness+"],"score":3259,"play_id":"cb5fb4d7-ac2e-409d-bf5c-f7fee6e1832e","local_time":"20210125133027","daily_mods":["Draft","DeadlyEvents","Elite Swarm"],"is_ascension_mode":false,"campfire_choices":[{"data":"bronze:BuggyMess","floor":7.0,"key":"SMITH"},{"data":"bronze:SpaghettiCode","floor":15.0,"key":"SMITH"},{"data":"bronze:Allocate","floor":23.0,"key":"SMITH"},{"data":"bronze:Assembly","floor":25.0,"key":"SMITH"},{"floor":49.0,"key":"DIG"},{"data":"bronze:SpaghettiCode","floor":57.0,"key":"SMITH"},{"data":"bronze:SpaghettiCode","floor":59.0,"key":"SMITH"},{"floor":66.0,"key":"DIG"},{"floor":79.0,"key":"DIG"},{"floor":81.0,"key":"DIG"},{"floor":83.0,"key":"REST"},{"floor":98,"key":"DIG"}],"circlet_count":0,"master_deck":["bronze:ChosenStrike","bronze:Turbo","bronze:BuggyMess+1","bronze:BuggyMess+1","bronze:GetLatest+1","bronze:DelayedSlice+1","bronze:Shell","bronze:DelayedGuard+1","bronze:CutThrough","bronze:Branch","bronze:DelayedGuard","bronze:BuggyMess+1","bronze:Turbo","bronze:Allocate+1","bronze:ChosenStrike","bronze:SpaghettiCode+1","bronze:AlphaBuild+1","bronze:HardenedForm","bronze:Mutator","bronze:Assembly+1","bronze:ClassDefault","bronze:Repair","bronze:DelayedSlice","bronze:Assembly+1","bronze:SpaghettiCode+1","bronze:ClassDefault","bronze:Assembly","bronze:SpaghettiCode+1","bronze:DelayedGuard","bronze:ItsAFeature+1","bronze:CutThrough+1","bronze:MaxOutput+1","bronze:Verify+1","bronze:BugBarrage+1","bronze:SpaghettiCode+1","bronze:CutThrough","bronze:BurnOut","bronze:CutThrough","bronze:Verify+1","bronze:MaxOutput","bronze:Verify+1","bronze:AlphaBuild+1","ReplayTheSpireMod:Brewmster+1","Mayhem+1","bronze:MaxOutput+1","bronze:BuggyMess+1","bronze:BurnOut+1","bronze:Terminator+1","bronze:Terminator+1","bronze:AlphaBuild+1","bronze:HardenedForm+1","bronze:Shell+1","bronze:DelayedGuard","bronze:CutThrough+1","bronze:Repulsor","Replay:Fractal Strike","bronze:BurnOut+1","Replay:Fractal Strike","bronze:AlphaBuild+1","bronze:Verify+1"],"relics":["bronze:BronzeCore","infinitespire:Beetle Shell","PreservedInsect","Blood Vial","Quantum Egg","Boot","champ:DuelingGlove","infinitespire:Satchel","Painkiller Herb","InkBottle","Philosopher\u0027s Stone","Mirror","hubris:PeanutButter","hubris:Teleporter","FossilizedHelix","conspire:Dentures","infinitespire:EvilPickle","Tiny House","hubris:Potato","infinitespire:Bottled Soul","CaptainsWheel","Pen Nib","The Courier","hubris:HollowSoul","Ornamental Fan","Golden Egg","Replay:Multitool","Replay:Bronze Core","OrangePellets","Odd Mushroom","Turnip","Tiny Chest","ReplayTheSpireMod:DimensionalGlitch","Guide Book","Runesmith:AutoHammer","Replay:Bandana","Shuriken","War Paint","infinitespire:Golems Mask","Replay:Baseball","conspire:DeflatedDodgeball","hubris:SlimyHat","Bird Faced Urn","aspiration:TomeofQuesting","hubris:MedicalManual","Guardian:PocketSentry","Bag of Marbles","bronze:DonusWashers","Strawberry","Pear","hubris:Backtick","Unceasing Top","hubris:DeckOfHolding","conspire:Flyswatter","ReplayTheSpireMod:Lightbulb","Blue Doll","infinitespire:Lychee Nut","hubris:MysteriousPyramids","Gambling Chip","hubris:TerracottaHorce","hexamod:CandleOfCauterizing","Durian","infinitespire:Broken Mirror","hubris:BundleOfHerbs","bronze:DecasWashers","champ:DeflectingBracers","Iron Hammer","Nunchaku","conspire:RoyalGoblet"],"acts_visited":["Exordium","TheCity","TheBeyond","TheCity","TheBeyond","Exordium"],"potions_floor_usage":[93,93,93,93,101,101,101,101,101],"damage_taken":[{"damage":1.0,"enemies":"Small Slimes","floor":1.0,"turns":5.0},{"damage":0.0,"enemies":"2 Louse","floor":3.0,"turns":2.0},{"damage":0.0,"enemies":"Cultist","floor":4.0,"turns":2.0},{"damage":5.0,"enemies":"Gremlin Nob","floor":6.0,"turns":3.0},{"damage":0.0,"enemies":"Lagavulin","floor":8.0,"turns":5.0},{"damage":0.0,"enemies":"3 Sentries","floor":10.0,"turns":2.0},{"damage":0.0,"enemies":"Looter","floor":11.0,"turns":1.0},{"damage":0.0,"enemies":"Gremlin Nob","floor":12.0,"turns":2.0},{"damage":0.0,"enemies":"Lagavulin","floor":13.0,"turns":2.0},{"damage":0.0,"enemies":"Exordium Thugs","floor":14.0,"turns":1.0},{"damage":12.0,"enemies":"Fading Forest","floor":16.0,"turns":11.0},{"damage":0.0,"enemies":"Spheric Guardian","floor":18.0,"turns":2.0},{"damage":0.0,"enemies":"conspire:FuzzyDice","floor":19.0,"turns":4.0},{"damage":3.0,"enemies":"Centurion and Healer","floor":20.0,"turns":7.0},{"damage":0.0,"enemies":"conspire:Head Lice","floor":24.0,"turns":3.0},{"damage":1.0,"enemies":"Gremlin Leader","floor":27.0,"turns":2.0},{"damage":0.0,"enemies":"Shelled Parasite and Fungi","floor":28.0,"turns":2.0},{"damage":0.0,"enemies":"Slavers","floor":29.0,"turns":3.0},{"damage":0.0,"enemies":"Snake Plant","floor":30.0,"turns":2.0},{"damage":10.0,"enemies":"Pondfish","floor":33.0,"turns":11.0},{"damage":0.0,"enemies":"3 Darklings","floor":35.0,"turns":3.0},{"damage":0.0,"enemies":"3 Shapes","floor":36.0,"turns":3.0},{"damage":0.0,"enemies":"Maw","floor":37.0,"turns":7.0},{"damage":0.0,"enemies":"Writhing Mass","floor":38.0,"turns":3.0},{"damage":18.0,"enemies":"Nightmare","floor":41.0,"turns":4.0},{"damage":0.0,"enemies":"Transient","floor":42.0,"turns":5.0},{"damage":0.0,"enemies":"Reptomancer","floor":44.0,"turns":4.0},{"damage":0.0,"enemies":"R_Hoarder","floor":46.0,"turns":5.0},{"damage":0.0,"enemies":"4 Shapes","floor":47.0,"turns":2.0},{"damage":0.0,"enemies":"Jaw Worm Horde","floor":48.0,"turns":3.0},{"damage":53.0,"enemies":"Awakened One","floor":50.0,"turns":19.0},{"damage":0.0,"enemies":"conspire:RoseBush","floor":52.0,"turns":1.0},{"damage":0.0,"enemies":"Jaw Worm","floor":53.0,"turns":1.0},{"damage":0.0,"enemies":"2 Louse","floor":54.0,"turns":1.0},{"damage":0.0,"enemies":"conspire:2 RoseBushes","floor":55.0,"turns":1.0},{"damage":0.0,"enemies":"Looter","floor":56.0,"turns":1.0},{"damage":0.0,"enemies":"Gremlin Nob","floor":58.0,"turns":1.0},{"damage":32.0,"enemies":"Nightmare","floor":61.0,"turns":5.0},{"damage":0.0,"enemies":"Large Slime","floor":62.0,"turns":3.0},{"damage":0.0,"enemies":"The Mushroom Lair","floor":64.0,"turns":3.0},{"damage":0.0,"enemies":"Gremlin Nob","floor":65.0,"turns":2.0},{"damage":44.0,"enemies":"Hexaghost","floor":67.0,"turns":4.0},{"damage":0.0,"enemies":"Shell Parasite","floor":69.0,"turns":2.0},{"damage":0.0,"enemies":"Spheric Guardian","floor":73.0,"turns":1.0},{"damage":0.0,"enemies":"Replay:Snechameleon","floor":74.0,"turns":1.0},{"damage":0.0,"enemies":"conspire:SneckoGhost","floor":76.0,"turns":2.0},{"damage":0.0,"enemies":"conspire:HollyBat","floor":78.0,"turns":4.0},{"damage":11.0,"enemies":"Snake Plant","floor":80.0,"turns":2.0},{"damage":48.0,"enemies":"Nightmare_Alpha","floor":82.0,"turns":3.0},{"damage":0.0,"enemies":"Automaton","floor":84.0,"turns":3.0},{"damage":0.0,"enemies":"Orb Walker","floor":86.0,"turns":1.0},{"damage":0.0,"enemies":"3 Darklings","floor":87.0,"turns":1.0},{"damage":0.0,"enemies":"Sphere and 2 Shapes","floor":90.0,"turns":3.0},{"damage":0.0,"enemies":"R_Hoarder","floor":91.0,"turns":2.0},{"damage":0,"enemies":"Writhing Mass","floor":92,"turns":2},{"damage":0,"enemies":"Nightmare_Alpha","floor":93,"turns":5},{"damage":0,"enemies":"R_Hoarder","floor":96,"turns":3},{"damage":0,"enemies":"Spire Growth","floor":97,"turns":1},{"damage":0,"enemies":"Giant Head","floor":99,"turns":2},{"damage":0,"enemies":"Awakened One","floor":101,"turns":4}],"seed_played":"-5461584504724994599","potions_obtained":[{"floor":2.0,"key":"Milkshake"},{"floor":2.0,"key":"ColorlessPotion"},{"floor":3.0,"key":"Explosive Potion"},{"floor":4.0,"key":"Elixir"},{"floor":10.0,"key":"Explosive Potion"},{"floor":12.0,"key":"Block Potion"},{"floor":14.0,"key":"BlessingOfTheForge"},{"floor":16.0,"key":"LifebloodPotion"},{"floor":18.0,"key":"DistilledChaos"},{"floor":27.0,"key":"SkillPotion"},{"floor":30.0,"key":"sneckomod:MuddlingPotion"},{"floor":33.0,"key":"bronze:BurnAndBuffPotion"},{"floor":34.0,"key":"ColorlessPotion"},{"floor":35.0,"key":"LifebloodPotion"},{"floor":37.0,"key":"Block Potion"},{"floor":41.0,"key":"SteroidPotion"},{"floor":48.0,"key":"Adrenaline Potion"},{"floor":53.0,"key":"Strength Potion"},{"floor":54.0,"key":"SneckoOil"},{"floor":58.0,"key":"SpeedPotion"},{"floor":62.0,"key":"champ:CounterPotion"},{"floor":69.0,"key":"bronze:BurnAndBuffPotion"},{"floor":87.0,"key":"ColorlessPotion"},{"floor":90.0,"key":"Adrenaline Potion"},{"floor":91,"key":"Reflective Coating"},{"floor":93,"key":"bronze:BuildAFunctionPotion"},{"floor":95,"key":"infinitespire:BlackPotion"}],"is_trial":true,"path_per_floor":["M","?","M","M","?","E","R","E","T","E","M","E","E","M","R","B",null,"?","?","?","?","AVR","T","E","T","T","E","?","E","?","T","T","B",null,"?","?","?","?","?","NM","?","T","E","E","?","?","T","B",null,"?","?","?","?","?","T","E","T","T","NM","?","AVR","?","E","T","B",null,"?","T","?","AVR","?","E","?","E","T","?","T","?","T","NM","T","B",null,"?","?","?","T","?","E","?","NM","T","T","E","?","T","E","T","B",null],"character_chosen":"THE_AUTOMATON","items_purchased":["ReplayTheSpireMod:Brewmster","Mayhem","bronze:MaxOutput","Guide Book","Runesmith:AutoHammer","Replay:Bandana","Shuriken","War Paint","infinitespire:Golems Mask","Replay:Baseball","conspire:DeflatedDodgeball","hubris:SlimyHat","Bird Faced Urn","aspiration:TomeofQuesting","hubris:MedicalManual","Guardian:PocketSentry","Bag of Marbles","bronze:DonusWashers","Strawberry","Pear"],"campfire_rested":1,"item_purchase_floors":[70,70,70,70,70,70,70,70,70,70,70,70,70,70,70,70,70,70,70,70],"current_hp_per_floor":[69,52,52,52,52,47,47,47,47,49,51,53,55,57,57,59,70,70,70,70,70,70,70,70,70,70,69,70,70,70,70,70,60,75,75,75,75,75,75,57,66,66,68,75,75,75,75,22,75,75,75,75,75,75,75,75,75,75,43,52,52,54,56,56,14,75,75,92,92,92,92,92,92,92,92,92,69,60,60,19,39,57,66,68,69,69,74,74,74,74,19,19,19,33,36,36,46,46,74,74,74,74],"gold":7190,"neow_bonus":"","is_daily":false,"chose_seed":false,"campfire_upgraded":6,"win_rate":0.0,"timestamp":1611599427,"path_taken":["M","?","?","M","?","E","R","E","T","E","M","?","E","M","R","BOSS","?","?","?","?","AVR","T","E","T","T","E","?","E","?","?","T","BOSS","?","?","?","?","?","NM","?","T","E","E","?","?","T","BOSS","?","?","?","?","?","T","E","T","T","NM","?","AVR","?","E","T","BOSS","?","T","?","AVR","?","E","?","E","T","?","T","?","T","NM","T","BOSS","?","?","?","?","?","E","?","NM","T","T","E","?","T","E","T","BOSS"],"items_purchased_type":["Card","Card","Card","Relic","Relic","Relic","Relic","Relic","Relic","Relic","Relic","Relic","Relic","Relic","Relic","Relic","Relic","Relic","Relic","Relic"],"build_version":"2020-12-22","purchased_purges":4,"victory":false,"max_hp_per_floor":[70,70,70,70,70,70,70,70,70,70,70,70,70,70,70,70,70,70,70,70,70,70,70,70,70,70,70,70,70,70,70,70,70,75,75,75,75,75,75,75,75,75,75,75,75,75,75,75,75,75,75,75,75,75,75,75,75,75,75,75,75,75,75,75,75,75,75,92,92,92,92,92,92,92,92,92,69,69,69,69,69,69,69,69,69,69,74,74,74,74,74,74,74,74,74,74,74,74,74,74,74,74],"card_choices":[{"not_picked":["bronze:BuggyMess","bronze:FineTuning"],"picked":"bronze:ChosenStrike","floor":0.0},{"not_picked":["bronze:BronzeArmor","bronze:Constructor"],"picked":"bronze:Turbo","floor":0.0},{"not_picked":["bronze:DelayedSlice","bronze:BronzeOrb"],"picked":"bronze:BuggyMess","floor":0.0},{"not_picked":["bronze:BitShift","bronze:Deprecate"],"picked":"bronze:ForceShield","floor":0.0},{"not_picked":["bronze:Invalidate","bronze:Turbo"],"picked":"bronze:BuggyMess","floor":0.0},{"not_picked":["bronze:Invalidate","bronze:BronzeArmor"],"picked":"bronze:BronzeOrb","floor":0.0},{"not_picked":["bronze:NullPointer","bronze:Iterate"],"picked":"bronze:GetLatest","floor":0.0},{"not_picked":["bronze:CloningBeam","bronze:Iterate"],"picked":"bronze:DelayedSlice","floor":0.0},{"not_picked":["bronze:Turbo","bronze:Overheat"],"picked":"bronze:Shell","floor":0.0},{"not_picked":["bronze:NullPointer","bronze:BugBarrage"],"picked":"bronze:DelayedGuard","floor":0.0},{"not_picked":["bronze:BugBarrage","bronze:OilSpill"],"picked":"bronze:FineTuning","floor":0.0},{"not_picked":["bronze:Shield","bronze:WhirlingStrike"],"picked":"bronze:CutThrough","floor":0.0},{"not_picked":["bronze:Safeguard","bronze:Shield"],"picked":"bronze:Branch","floor":0.0},{"not_picked":["bronze:WildBeam","bronze:Repulsor"],"picked":"bronze:DelayedGuard","floor":0.0},{"not_picked":["bronze:Deprecate","bronze:DelayedGuard"],"picked":"bronze:BuggyMess","floor":0.0},{"not_picked":["bronze:Overheat","bronze:BronzeArmor"],"picked":"bronze:Turbo","floor":1.0},{"not_picked":["bronze:Safeguard","bronze:Turbo"],"picked":"bronze:Allocate","floor":2.0},{"not_picked":["bronze:OilSpill","bronze:Backtrace"],"picked":"bronze:Branch","floor":3.0},{"not_picked":["bronze:MaxOutput","bronze:Branch"],"picked":"bronze:ChosenStrike","floor":4.0},{"not_picked":["bronze:FindAndReplace","bronze:ThunderWave"],"picked":"bronze:SpaghettiCode","floor":6.0},{"not_picked":["bronze:RecursiveStrike","bronze:CleanCode","bronze:ThunderWave"],"picked":"SKIP","floor":8.0},{"not_picked":["bronze:FindAndReplace","bronze:Break"],"picked":"bronze:AlphaBuild","floor":10.0},{"not_picked":["bronze:Philosophize","bronze:CloningBeam","bronze:Iterate"],"picked":"SKIP","floor":11.0},{"not_picked":["bronze:ThunderWave","bronze:BurnOut"],"picked":"bronze:HardenedForm","floor":12.0},{"not_picked":["bronze:Break","bronze:Virus"],"picked":"bronze:Mutator","floor":13.0},{"not_picked":["bronze:BronzeArmor","bronze:Invalidate","bronze:FineTuning"],"picked":"SKIP","floor":14.0},{"not_picked":["bronze:BurnOut","bronze:HyperBeam"],"picked":"bronze:Assembly","floor":16.0},{"not_picked":["bronze:Overload","bronze:Shell"],"picked":"bronze:ClassDefault","floor":18.0},{"not_picked":["bronze:WildBeam","bronze:DarkDash+1"],"picked":"bronze:Repair","floor":19.0},{"not_picked":["bronze:Philosophize","bronze:DigitalCarnage"],"picked":"bronze:DelayedSlice","floor":20.0},{"not_picked":["bronze:ShipIt","bronze:HyperBeam"],"picked":"bronze:Assembly","floor":24.0},{"not_picked":["bronze:CleanCode","bronze:AlphaBuild"],"picked":"bronze:SpaghettiCode","floor":27.0},{"not_picked":["bronze:CloningBeam","bronze:Repulsor"],"picked":"bronze:ClassDefault","floor":28.0},{"not_picked":["bronze:ShipIt","bronze:Virus"],"picked":"bronze:Assembly","floor":29.0},{"not_picked":["bronze:BitShift","bronze:Safeguard","bronze:Frontload"],"picked":"SKIP","floor":30.0},{"not_picked":["bronze:BurnOut","bronze:ThunderWave"],"picked":"bronze:SpaghettiCode","floor":33.0},{"not_picked":["bronze:BronzeArmor+1","bronze:Separator+1"],"picked":"bronze:DelayedGuard","floor":34.0},{"not_picked":["bronze:Boost+1","bronze:DelayedGuard+1"],"picked":"bronze:ItsAFeature+1","floor":35.0},{"not_picked":["bronze:FollowUp+1","bronze:OilSpill"],"picked":"bronze:CutThrough+1","floor":36.0},{"not_picked":["bronze:ForLoop","bronze:Turbo+1"],"picked":"bronze:MaxOutput+1","floor":37.0},{"not_picked":["bronze:ThunderWave","bronze:Shield+1","bronze:Frontload+1"],"picked":"SKIP","floor":38.0},{"not_picked":["bronze:Assembly","bronze:CleanCode"],"picked":"bronze:Verify","floor":41.0},{"not_picked":["bronze:Constructor+1","bronze:Boost+1"],"picked":"bronze:BugBarrage+1","floor":42.0},{"not_picked":["bronze:RecursiveStrike","bronze:Virus"],"picked":"bronze:SpaghettiCode","floor":44.0},{"not_picked":["bronze:HyperBeam","bronze:ShipIt","bronze:RecursiveStrike"],"picked":"SKIP","floor":46.0},{"not_picked":["bronze:Overheat+1","bronze:ClassDefault"],"picked":"bronze:CutThrough","floor":47.0},{"not_picked":["bronze:Safeguard+1","bronze:Allocate","bronze:Invalidate"],"picked":"SKIP","floor":48.0},{"not_picked":["bronze:HyperBeam","bronze:Virus"],"picked":"bronze:BurnOut","floor":50.0},{"not_picked":["bronze:OilSpill","bronze:WhirlingStrike","bronze:BitShift"],"picked":"SKIP","floor":52.0},{"not_picked":["bronze:DigitalCarnage","bronze:Shield","bronze:FollowUp"],"picked":"SKIP","floor":53.0},{"not_picked":["bronze:Safeguard","bronze:Invalidate","bronze:WildBeam"],"picked":"SKIP","floor":54.0},{"not_picked":["bronze:DarkDash","bronze:Deprecate","bronze:WhirlingStrike"],"picked":"SKIP","floor":55.0},{"not_picked":["bronze:Assembly","bronze:CloningBeam"],"picked":"bronze:CutThrough","floor":56.0},{"not_picked":["bronze:ThunderWave","bronze:Mutator","bronze:HyperBeam"],"picked":"SKIP","floor":58.0},{"not_picked":["bronze:Format","bronze:ShipIt"],"picked":"bronze:Verify","floor":61.0},{"not_picked":["bronze:Deprecate","bronze:Allocate","bronze:DelayedSlice"],"picked":"SKIP","floor":62.0},{"not_picked":["bronze:CutThrough","bronze:Branch"],"picked":"bronze:MaxOutput","floor":64.0},{"not_picked":["bronze:AlphaBuild","bronze:RecursiveStrike"],"picked":"bronze:Verify","floor":65.0},{"not_picked":["bronze:CleanCode","bronze:Format"],"picked":"bronze:AlphaBuild","floor":67.0},{"not_picked":["bronze:Flail+1","bronze:Shield","bronze:Deprecate+1"],"picked":"SKIP","floor":69.0},{"not_picked":["bronze:BronzeOrb","bronze:ForceShield"],"picked":"bronze:BuggyMess","floor":73.0},{"not_picked":["bronze:RecursiveStrike","bronze:ShipIt"],"picked":"bronze:BurnOut","floor":74.0},{"not_picked":["bronze:CleanCode","bronze:ShipIt","bronze:Mutator"],"picked":"SKIP","floor":76.0},{"not_picked":["bronze:WhirlingStrike+1","bronze:ForLoop"],"picked":"bronze:Terminator+1","floor":78.0},{"not_picked":["bronze:Invalidate+1","bronze:OilSpill"],"picked":"bronze:Terminator+1","floor":80.0},{"not_picked":["bronze:RecursiveStrike","bronze:CleanCode"],"picked":"bronze:AlphaBuild","floor":82.0},{"not_picked":["bronze:FindAndReplace","bronze:Break"],"picked":"bronze:HardenedForm","floor":84.0},{"not_picked":["bronze:ChosenStrike+1","bronze:FineTuning+1"],"picked":"bronze:Shell+1","floor":86.0},{"not_picked":["bronze:DelayedSlice","bronze:Constructor"],"picked":"bronze:DelayedGuard","floor":87.0},{"not_picked":["bronze:BronzeOrb","bronze:ChildClass"],"picked":"bronze:CutThrough+1","floor":90.0},{"not_picked":["bronze:ThunderWave","bronze:SpaghettiCode","bronze:Format"],"picked":"SKIP","floor":91},{"not_picked":["bronze:DelayedGuard","bronze:Frontload+1"],"picked":"bronze:Repulsor","floor":92},{"not_picked":["infinitespire:NeuralNetwork","ReplayTheSpireMod:Haul"],"picked":"Replay:Fractal Strike","floor":93},{"not_picked":["bronze:ShipIt","bronze:HyperBeam"],"picked":"bronze:BurnOut","floor":93},{"not_picked":["infinitespire:Fortify","infinitespire:Menacing"],"picked":"Replay:Fractal Strike","floor":93},{"not_picked":["bronze:Assembly","bronze:ThunderWave"],"picked":"bronze:AlphaBuild","floor":96},{"not_picked":["bronze:CutThrough","bronze:ForLoop+1","bronze:Deprecate"],"picked":"SKIP","floor":97},{"not_picked":["bronze:Assembly","bronze:ThunderWave","bronze:RecursiveStrike"],"picked":"SKIP","floor":99},{"not_picked":["bronze:Mutator","bronze:FindAndReplace"],"picked":"bronze:Verify","floor":101}],"player_experience":123160,"relics_obtained":[{"floor":2.0,"key":"infinitespire:Beetle Shell"},{"floor":6.0,"key":"PreservedInsect"},{"floor":8.0,"key":"Blood Vial"},{"floor":9.0,"key":"Quantum Egg"},{"floor":10.0,"key":"Boot"},{"floor":12.0,"key":"champ:DuelingGlove"},{"floor":13.0,"key":"infinitespire:Satchel"},{"floor":24.0,"key":"Mirror"},{"floor":26.0,"key":"hubris:PeanutButter"},{"floor":27.0,"key":"hubris:Teleporter"},{"floor":29.0,"key":"FossilizedHelix"},{"floor":31.0,"key":"conspire:Dentures"},{"floor":41.0,"key":"hubris:Potato"},{"floor":43.0,"key":"infinitespire:Bottled Soul"},{"floor":44.0,"key":"CaptainsWheel"},{"floor":46.0,"key":"Pen Nib"},{"floor":49.0,"key":"The Courier"},{"floor":58.0,"key":"Ornamental Fan"},{"floor":60.0,"key":"Golden Egg"},{"floor":61.0,"key":"Replay:Multitool"},{"floor":64.0,"key":"Odd Mushroom"},{"floor":65.0,"key":"Turnip"},{"floor":66.0,"key":"Tiny Chest"},{"floor":74.0,"key":"conspire:Flyswatter"},{"floor":76.0,"key":"ReplayTheSpireMod:Lightbulb"},{"floor":77.0,"key":"Blue Doll"},{"floor":79.0,"key":"infinitespire:Lychee Nut"},{"floor":81.0,"key":"hubris:MysteriousPyramids"},{"floor":82.0,"key":"Gambling Chip"},{"floor":89.0,"key":"Durian"},{"floor":91,"key":"infinitespire:Broken Mirror"},{"floor":93,"key":"hubris:BundleOfHerbs"},{"floor":94,"key":"bronze:DecasWashers"},{"floor":96,"key":"champ:DeflectingBracers"},{"floor":98,"key":"Iron Hammer"},{"floor":99,"key":"Nunchaku"}],"event_choices":[{"damage_healed":0.0,"max_hp_gain":0.0,"max_hp_loss":0.0,"gold_gain":99.0,"event_name":"Nest","player_choice":"Stole From Cult","floor":21.0,"gold_loss":0.0,"damage_taken":0.0},{"cards_removed":["bronze:Branch"],"damage_healed":0.0,"max_hp_gain":0.0,"max_hp_loss":0.0,"gold_gain":0.0,"event_name":"Purifier","player_choice":"Purged","floor":39.0,"gold_loss":0.0,"damage_taken":0.0},{"damage_healed":0.0,"max_hp_gain":0.0,"max_hp_loss":0.0,"gold_gain":0.0,"event_name":"Mushrooms","player_choice":"Fought Mushrooms","floor":64.0,"gold_loss":0.0,"damage_taken":0.0},{"damage_healed":0.0,"max_hp_gain":0.0,"max_hp_loss":0.0,"gold_gain":0.0,"event_name":"WeMeetAgain","player_choice":"Gave Potion","floor":88.0,"gold_loss":0.0,"damage_taken":0.0,"relics_obtained":["hexamod:CandleOfCauterizing"]},{"damage_healed":0,"gold_gain":0,"player_choice":"Memory 1","damage_taken":0,"max_hp_gain":0,"max_hp_loss":0,"event_name":"SensoryStone","floor":100,"gold_loss":0}],"is_beta":false,"boss_relics":[{"not_picked":["Abe\u0027s Treasure","Runic Pyramid"],"picked":"Painkiller Herb"},{"not_picked":["aspiration:RunicSpoon","Snecko Eye"],"picked":"Tiny House"},{"not_picked":["conspire:SeveredTorchhead","aspiration:SecretTechniqueScroll"],"picked":"hubris:HollowSoul"},{"not_picked":["SacredBark","aspiration:RunicSpoon"],"picked":"ReplayTheSpireMod:DimensionalGlitch"},{"not_picked":["Replay:Drink Me","Sozu"],"picked":"hubris:TerracottaHorce"},{"not_picked":["aspiration:SilentSkillbook","conspire:RunicOctahedron"],"picked":"conspire:RoyalGoblet"}],"items_purged_floors":[22,63,70,72],"is_endless":true,"potions_floor_spawned":[3,4,10,12,14,16,18,19,27,30,33,35,37,41,48,53,54,58,61,62,69,73,82,87,90,91,93,96],"ascension_level":0}}