{"host":"h1qktzcccqnez8tx","time":1611615316,"event":{"mods":["AchievementEnabler","BaseMod","Bestiary","Better Note","Block Reminder","Colored Map","Colored Powertips","Curses Come First","Highlight Path","Minty Spire (QoL Compilation)","Permanent Neow","Quick Restart","Relic Stats","StSLib","UnlockEverythingMod"],"gold_per_floor":[116,66,17,17,36,36,67,67,116,141,141,172,183,16,16,118,118,134,150,150,150,160,175,209,209,209,242,253,69,69,80,80,183,183,202,202,221,234,81,81,110,110,110,110,0,0,28,38,38,38,38],"floor_reached":50,"language":"ENG","playtime":2443,"items_purged":["Strike_G"],"score":814,"play_id":"f74f8456-e7ee-4e21-8129-3f7605e4091c","local_time":"20210125235516","is_ascension_mode":true,"campfire_choices":[{"data":"Corpse Explosion","floor":6,"key":"SMITH"},{"data":"Neutralize","floor":8,"key":"SMITH"},{"data":"Leg Sweep","floor":11,"key":"SMITH"},{"floor":15,"key":"REST"},{"floor":32,"key":"REST"},{"data":"Wraith Form v2","floor":40,"key":"SMITH"},{"data":"Wraith Form v2","floor":42,"key":"SMITH"},{"data":"Caltrops","floor":44,"key":"SMITH"},{"data":"Outmaneuver","floor":49,"key":"SMITH"}],"circlet_count":0,"master_deck":["Defend_G","Survivor","Neutralize+1","Corpse Explosion+1","Leg Sweep+1","Deadly Poison","Dodge and Roll","Prepared","PiercingWail","Poisoned Stab+1","Bane+1","Footwork","Bane+1","Wraith Form v2+1","Outmaneuver+1","Bane+1","Wraith Form v2+1","Wraith Form v2+1","Catalyst+1","Caltrops+1","Bite+1","Bite+1","Bite+1","Bite+1","Bite+1","Prepared+1","Backstab+1","Riddle With Holes+1","Die Die Die+1","Concentrate+1","PiercingWail+1"],"relics":["Ring of the Snake","Anchor","Bronze Scales","Molten Egg 2","Orichalcum","Runic Pyramid","NlothsMask","Dream Catcher","Whetstone","Toolbox","Astrolabe","Vajra","FossilizedHelix","Red Mask","Art of War"],"acts_visited":["Exordium","TheCity","TheBeyond"],"potions_floor_usage":[7,24,48,50,50],"damage_taken":[{"damage":6,"enemies":"Cultist","floor":1,"turns":4},{"damage":1,"enemies":"Jaw Worm","floor":5,"turns":4},{"damage":10,"enemies":"Gremlin Nob","floor":7,"turns":4},{"damage":7,"enemies":"Lagavulin","floor":10,"turns":6},{"damage":13,"enemies":"3 Sentries","floor":12,"turns":4},{"damage":0,"enemies":"Small Slimes","floor":13,"turns":4},{"damage":8,"enemies":"The Guardian","floor":16,"turns":10},{"damage":9,"enemies":"2 Thieves","floor":18,"turns":4},{"damage":0,"enemies":"Chosen","floor":19,"turns":5},{"damage":0,"enemies":"Centurion and Healer","floor":22,"turns":5},{"damage":0,"enemies":"Snake Plant","floor":23,"turns":3},{"damage":0,"enemies":"Slavers","floor":24,"turns":2},{"damage":0,"enemies":"Book of Stabbing","floor":27,"turns":7},{"damage":21,"enemies":"Sentry and Sphere","floor":28,"turns":9},{"damage":10,"enemies":"Shelled Parasite and Fungi","floor":31,"turns":4},{"damage":34,"enemies":"Collector","floor":33,"turns":9},{"damage":0,"enemies":"3 Shapes","floor":35,"turns":6},{"damage":6,"enemies":"Orb Walker","floor":37,"turns":4},{"damage":21,"enemies":"Spire Growth","floor":38,"turns":6},{"damage":3,"enemies":"Giant Head","floor":41,"turns":8},{"damage":0,"enemies":"Reptomancer","floor":47,"turns":6},{"damage":0,"enemies":"Writhing Mass","floor":48,"turns":4},{"damage":56,"enemies":"Awakened One","floor":50,"turns":13}],"seed_played":"1357485701761270957","potions_obtained":[{"floor":1,"key":"Block Potion"},{"floor":4,"key":"Swift Potion"},{"floor":4,"key":"CunningPotion"},{"floor":10,"key":"LiquidMemories"},{"floor":19,"key":"GhostInAJar"},{"floor":28,"key":"LiquidBronze"}],"is_trial":false,"path_per_floor":["M","?","$","?","M","R","E","R","T","E","R","E","M","$","R","B",null,"M","M","?","?","M","M","E","?","T","E","M","$","?","M","R","B",null,"M","?","M","M","$","R","E","R","T","R","?","?","E","M","R","B"],"character_chosen":"THE_SILENT","items_purchased":["Deadly Poison","Footwork","Bane+1","Caltrops","Toolbox","Vajra"],"campfire_rested":2,"item_purchase_floors":[3,14,14,29,29,39],"current_hp_per_floor":[57,57,57,57,56,56,46,46,46,39,39,26,26,26,44,36,56,47,47,47,47,47,47,47,47,47,47,26,26,26,25,38,19,38,44,44,44,35,35,35,44,44,44,44,44,44,44,44,44,0,0],"gold":38,"neow_bonus":"THREE_RARE_CARDS","is_daily":false,"chose_seed":false,"campfire_upgraded":7,"win_rate":0.0,"timestamp":1611615316,"path_taken":["M","?","$","?","M","R","E","R","T","E","R","E","?","$","R","BOSS","M","M","?","?","M","?","E","?","T","E","M","$","?","M","R","BOSS","M","?","?","M","?","R","E","R","T","R","?","?","E","M","R","BOSS"],"items_purchased_type":["Card","Card","Card","Card","Relic","Relic"],"build_version":"2020-12-22","purchased_purges":1,"victory":false,"max_hp_per_floor":[63,63,63,63,63,63,63,63,63,63,63,63,63,63,63,63,63,63,63,63,63,63,63,63,63,63,63,63,63,44,44,44,44,44,44,44,44,44,44,44,44,44,44,44,44,44,44,44,44,44,44],"relic_stats":{"Dream Catcher":1,"counters":[23,131],"Bronze Scales":[408],"Astrolabe":["Backstab","Riddle With Holes","Die Die Die"],"Art of War":[3],"Whetstone":["Strike_G","Strike_G"],"Orichalcum":[342],"obtain_stats":[{"Astrolabe":34,"Vajra":39,"Whetstone":27,"Orichalcum":12,"Anchor":7,"Dream Catcher":24,"Bronze Scales":9,"Toolbox":29,"Molten Egg 2":10,"Red Mask":45,"Art of War":47,"FossilizedHelix":41,"Ring of the Snake":0,"Runic Pyramid":17,"NlothsMask":21},{"Astrolabe":16,"Vajra":19,"Whetstone":13,"Orichalcum":5,"Anchor":3,"Dream Catcher":12,"Bronze Scales":3,"Toolbox":14,"Molten Egg 2":4,"Red Mask":20,"Art of War":21,"FossilizedHelix":20,"Ring of the Snake":0,"Runic Pyramid":7,"NlothsMask":9},{"Astrolabe":84,"Vajra":100,"Whetstone":62,"Orichalcum":22,"Anchor":12,"Dream Catcher":55,"Bronze Scales":12,"Toolbox":71,"Molten Egg 2":18,"Red Mask":108,"Art of War":114,"FossilizedHelix":108,"Ring of the Snake":0,"Runic Pyramid":36,"NlothsMask":45}],"Ring of the Snake":[46]},"card_choices":[{"not_picked":["Doppelganger","Unload"],"picked":"Corpse Explosion","floor":0},{"not_picked":["All Out Attack","Slice"],"picked":"Leg Sweep","floor":1},{"not_picked":["Dagger Throw","Quick Slash"],"picked":"Dodge and Roll","floor":5},{"not_picked":["Quick Slash","Slice"],"picked":"Prepared","floor":7},{"not_picked":["All Out Attack+1","Underhanded Strike+1"],"picked":"PiercingWail","floor":10},{"not_picked":["Deadly Poison","Phantasmal Killer"],"picked":"Poisoned Stab+1","floor":12},{"not_picked":["Quick Slash+1","Footwork"],"picked":"Bane+1","floor":13},{"not_picked":["Die Die Die+1","Storm of Steel"],"picked":"Wraith Form v2","floor":16},{"not_picked":["Infinite Blades","Distraction"],"picked":"Outmaneuver","floor":18},{"not_picked":["Flying Knee+1","Choke+1","Reflex"],"picked":"SKIP","floor":19},{"not_picked":["Bouncing Flask","Outmaneuver"],"picked":"Bane+1","floor":22},{"not_picked":["Accuracy","Slice+1","Cloak And Dagger"],"picked":"SKIP","floor":23},{"not_picked":["Cloak And Dagger","Tools of the Trade"],"picked":"Wraith Form v2","floor":24},{"not_picked":["Choke+1","Outmaneuver","Distraction+1"],"picked":"SKIP","floor":27},{"not_picked":["Bane+1","Prepared"],"picked":"Catalyst+1","floor":28},{"not_picked":["Dash+1","Flying Knee+1"],"picked":"Prepared+1","floor":31},{"not_picked":["Underhanded Strike+1","Blur"],"picked":"Concentrate+1","floor":35},{"not_picked":["Cloak And Dagger+1","Quick Slash+1","Slice+1"],"picked":"SKIP","floor":37},{"not_picked":["Well Laid Plans+1","Skewer+1","Bane+1"],"picked":"SKIP","floor":38},{"not_picked":["Prepared","Slice+1","Endless Agony+1"],"picked":"SKIP","floor":41},{"not_picked":["Blur","Distraction"],"picked":"PiercingWail+1","floor":47},{"not_picked":["Bane+1","Underhanded Strike+1","Phantasmal Killer"],"picked":"SKIP","floor":48}],"player_experience":162036,"relics_obtained":[{"floor":7,"key":"Anchor"},{"floor":9,"key":"Bronze Scales"},{"floor":10,"key":"Molten Egg 2"},{"floor":12,"key":"Orichalcum"},{"floor":24,"key":"Dream Catcher"},{"floor":27,"key":"Whetstone"},{"floor":41,"key":"FossilizedHelix"},{"floor":47,"key":"Art of War"}],"event_choices":[{"cards_removed":["Strike_G"],"damage_healed":0,"gold_gain":0,"player_choice":"Card Removal","damage_taken":0,"max_hp_gain":0,"max_hp_loss":0,"event_name":"The Cleric","floor":2,"gold_loss":50},{"damage_healed":0,"gold_gain":0,"player_choice":"Got Potions","damage_taken":0,"max_hp_gain":0,"max_hp_loss":0,"event_name":"Lab","floor":4,"gold_loss":0},{"cards_removed":["Defend_G"],"damage_healed":0,"gold_gain":0,"player_choice":"Purged","damage_taken":0,"max_hp_gain":0,"max_hp_loss":0,"event_name":"Purifier","floor":20,"gold_loss":0},{"damage_healed":0,"gold_gain":0,"player_choice":"Trade","damage_taken":0,"relics_obtained":["NlothsMask"],"max_hp_gain":0,"max_hp_loss":0,"event_name":"FaceTrader","floor":21,"gold_loss":0},{"damage_healed":0,"gold_gain":0,"player_choice":"Copied","damage_taken":0,"max_hp_gain":0,"max_hp_loss":0,"event_name":"Duplicator","floor":25,"gold_loss":0,"cards_obtained":["Wraith Form v2"]},{"damage_healed":0,"gold_gain":0,"player_choice":"Became a vampire","damage_taken":0,"max_hp_gain":0,"max_hp_loss":19,"event_name":"Vampires","floor":30,"gold_loss":0,"cards_obtained":["Bite","Bite","Bite","Bite","Bite"]},{"damage_healed":0,"gold_gain":0,"player_choice":"Upgraded","damage_taken":0,"max_hp_gain":0,"max_hp_loss":0,"event_name":"Upgrade Shrine","floor":36,"gold_loss":0,"cards_upgraded":["Wraith Form v2"]},{"damage_healed":0,"gold_gain":0,"player_choice":"Paid","damage_taken":0,"relics_obtained":["Red Mask"],"max_hp_gain":0,"max_hp_loss":0,"event_name":"Tomb of Lord Red Mask","floor":45,"gold_loss":110},{"damage_healed":0,"gold_gain":0,"player_choice":"Memory 1","damage_taken":0,"max_hp_gain":0,"max_hp_loss":0,"event_name":"SensoryStone","floor":46,"gold_loss":0}],"is_beta":false,"boss_relics":[{"not_picked":["Philosopher\u0027s Stone","Tiny House"],"picked":"Runic Pyramid"},{"not_picked":["Coffee Dripper","Ring of the Serpent"],"picked":"Astrolabe"}],"items_purged_floors":[14],"is_endless":false,"potions_floor_spawned":[1,5,10,19,22,28,33,38,41,47],"killed_by":"Awakened One","ascension_level":5}}