{"host":"92108ef2q9tm8rod","time":1611573199,"event":{"mods":["BaseMod","Defuse TimeMaze Blight","Minty Spire (QoL Compilation)","StSLib","The Jungle"],"gold_per_floor":[112,112,112,128,128,128,140,140,140,140,154,154,170,188,188,287,287,306,325,343,261,279,279,297,297,366,379,390,416,416,433,433,536,536,547,558,558,608,608,643,653,663,737,474,474,494,196,215,215,215],"floor_reached":51,"language":"ENG","playtime":2644,"items_purged":[],"score":770,"play_id":"f8444a12-6644-4c03-aa69-5a587b78f872","local_time":"20210125111319","daily_mods":["SealedDeck","Purple Cards","Heirloom"],"is_ascension_mode":false,"campfire_choices":[{"data":"Forethought","floor":6,"key":"SMITH"},{"data":"Prostrate","floor":8,"key":"SMITH"},{"data":"1","floor":10,"key":"LIFT"},{"data":"2","floor":15,"key":"LIFT"},{"data":"Protect","floor":23,"key":"SMITH"},{"data":"3","floor":25,"key":"LIFT"},{"data":"LikeWater","floor":30,"key":"SMITH"},{"data":"Gash","floor":32,"key":"SMITH"},{"floor":45,"key":"REST"},{"floor":49,"key":"REST"}],"circlet_count":0,"master_deck":["Prostrate+1","Protect+1","Gash+1","Conserve Battery","Ball Lightning","ThirdEye","Gash","LikeWater+1","Ball Lightning","Forethought+1","Bandage Up+1","FearNoEvil","Perseverance+1","Establishment","Master of Strategy+1","Devotion"],"relics":["Cracked Core","Girya","Toxic Egg 2","Cables","Kunai","StoneCalendar","Gremlin Horn","StrikeDummy","Ancient Tea Set","Runic Capacitor"],"acts_visited":["Exordium","Exordium","TheBeyond"],"potions_floor_usage":[16,22,24,29,33,35,40,41,42,50,50,50],"damage_taken":[{"damage":0,"enemies":"Jaw Worm","floor":1,"turns":3},{"damage":0,"enemies":"2 Louse","floor":4,"turns":2},{"damage":0,"enemies":"Small Slimes","floor":7,"turns":3},{"damage":15,"enemies":"3 Louse","floor":11,"turns":3},{"damage":8,"enemies":"Lots of Slimes","floor":13,"turns":4},{"damage":0,"enemies":"Looter","floor":14,"turns":3},{"damage":0,"enemies":"Slime Boss","floor":16,"turns":6},{"damage":8,"enemies":"theJungle:GiantWrat","floor":18,"turns":5},{"damage":8,"enemies":"theJungle:MUSHROOMGANG","floor":19,"turns":5},{"damage":18,"enemies":"theJungle:Lyon","floor":20,"turns":5},{"damage":5,"enemies":"theJungle:JungleHuntersEncounter","floor":22,"turns":7},{"damage":9,"enemies":"Snake Plant","floor":24,"turns":4},{"damage":13,"enemies":"theJungle:Lyon","floor":27,"turns":4},{"damage":1,"enemies":"theJungle:2_Snecko_Cultists","floor":28,"turns":5},{"damage":0,"enemies":"theJungle:2_Phrogs","floor":29,"turns":7},{"damage":3,"enemies":"theJungle:Snecko_Cultist_And_Trap","floor":31,"turns":5},{"damage":11,"enemies":"theJungle:FunGuy","floor":33,"turns":10},{"damage":1,"enemies":"3 Darklings","floor":35,"turns":8},{"damage":8,"enemies":"Orb Walker","floor":36,"turns":3},{"damage":0,"enemies":"Mind Bloom Boss Battle","floor":38,"turns":9},{"damage":32,"enemies":"Nemesis","floor":40,"turns":8},{"damage":26,"enemies":"Jaw Worm Horde","floor":41,"turns":6},{"damage":0,"enemies":"Transient","floor":42,"turns":5},{"damage":11,"enemies":"Spire Growth","floor":46,"turns":5},{"damage":9,"enemies":"Sphere and 2 Shapes","floor":48,"turns":5},{"damage":51,"enemies":"Donu and Deca","floor":50,"turns":11}],"seed_played":"-2526228150504584354","potions_obtained":[{"floor":7,"key":"FocusPotion"},{"floor":13,"key":"Energy Potion"},{"floor":20,"key":"PowerPotion"},{"floor":22,"key":"Weak Potion"},{"floor":27,"key":"ColorlessPotion"},{"floor":28,"key":"LiquidMemories"},{"floor":29,"key":"Swift Potion"},{"floor":38,"key":"SkillPotion"},{"floor":41,"key":"Swift Potion"},{"floor":42,"key":"Dexterity Potion"},{"floor":46,"key":"Ancient Potion"},{"floor":48,"key":"ColorlessPotion"}],"is_trial":true,"path_per_floor":["M","?","?","M","?","R","M","R","T","R","M","?","M","M","R","B",null,"M","M","M","$","M","R","M","R","T","M","M","E","R","M","R","B",null,"M","M","?","?","?","E","M","M","T","$","R","M","$","M","R","B",null],"character_chosen":"DEFECT","items_purchased":["Bandage Up+1","Establishment","Master of Strategy+1","Ancient Tea Set","Runic Capacitor"],"campfire_rested":2,"item_purchase_floors":[21,44,44,47,47],"current_hp_per_floor":[75,80,80,80,80,80,80,80,80,80,72,72,71,78,78,80,80,79,78,67,67,75,75,79,79,79,79,80,80,80,80,80,80,80,80,78,78,80,80,54,34,40,40,40,64,59,59,56,80,35],"gold":215,"neow_bonus":"","is_daily":false,"chose_seed":false,"campfire_upgraded":5,"win_rate":0.0,"timestamp":1611573199,"path_taken":["M","?","?","M","?","R","M","R","T","R","?","?","M","M","R","BOSS","M","M","M","$","M","R","?","R","T","M","M","E","R","M","R","BOSS","M","M","?","?","?","E","M","?","T","$","R","M","$","M","R","BOSS"],"items_purchased_type":["Card","Card","Card","Relic","Relic"],"build_version":"2020-12-22","purchased_purges":0,"victory":true,"max_hp_per_floor":[75,80,80,80,80,80,80,80,80,80,80,80,80,80,80,80,80,80,80,80,80,80,80,80,80,80,80,80,80,80,80,80,80,80,80,80,80,80,80,80,80,80,80,80,80,80,80,80,80,80],"card_choices":[{"not_picked":["Steam","Coolheaded","EmptyFist"],"picked":"SKIP","floor":1},{"not_picked":["Compile Driver","Hello World","Skim"],"picked":"SKIP","floor":4},{"not_picked":["Compile Driver","Rebound","Darkness"],"picked":"SKIP","floor":7},{"not_picked":["Conclude","Barrage","EmptyMind+1"],"picked":"SKIP","floor":11},{"not_picked":["Compile Driver","FlyingSleeves","SpiritShield+1"],"picked":"SKIP","floor":13},{"not_picked":["Auto Shields+1","Aggregate+1","Force Field+1"],"picked":"SKIP","floor":14},{"not_picked":["Blasphemy+1","Rainbow+1"],"picked":"Vault+1","floor":16},{"not_picked":["Reinforced Body+1","Cold Snap","Go for the Eyes"],"picked":"SKIP","floor":18},{"not_picked":["Coolheaded+1","Indignation+1","InnerPeace+1"],"picked":"SKIP","floor":19},{"not_picked":["Compile Driver","LikeWater","Rebound"],"picked":"SKIP","floor":20},{"not_picked":["Turbo+1","FollowUp+1","FlurryOfBlows"],"picked":"SKIP","floor":22},{"not_picked":["BowlingBash","Heatsinks"],"picked":"FearNoEvil","floor":24},{"not_picked":["Undo+1","Coolheaded+1","FlurryOfBlows"],"picked":"SKIP","floor":27},{"not_picked":["Compile Driver","Blizzard","WaveOfTheHand+1"],"picked":"SKIP","floor":28},{"not_picked":["Blizzard","Protect+1","EmptyBody+1"],"picked":"SKIP","floor":29},{"not_picked":["InnerPeace+1","Self Repair","CrushJoints"],"picked":"SKIP","floor":31},{"not_picked":["SandsOfTime+1","Auto Shields+1","Barrage+1"],"picked":"SKIP","floor":35},{"not_picked":["Evaluate+1","White Noise+1","ThirdEye+1"],"picked":"SKIP","floor":36},{"not_picked":["Core Surge","FearNoEvil+1"],"picked":"Perseverance+1","floor":38},{"not_picked":["Halt+1","FollowUp","BowlingBash"],"picked":"SKIP","floor":40},{"not_picked":["EmptyBody+1","Steam+1","Fusion+1"],"picked":"SKIP","floor":41},{"not_picked":["Adaptation","FlurryOfBlows+1","Crescendo+1"],"picked":"SKIP","floor":42},{"not_picked":["FlyingSleeves+1","Consecrate"],"picked":"Devotion","floor":46},{"not_picked":["Turbo+1","Ball Lightning","Indignation+1"],"picked":"SKIP","floor":48}],"player_experience":3341806,"relics_obtained":[{"floor":9,"key":"Toxic Egg 2"},{"floor":26,"key":"Cables"},{"floor":29,"key":"Kunai"},{"floor":38,"key":"StoneCalendar"},{"floor":40,"key":"Gremlin Horn"},{"floor":43,"key":"StrikeDummy"}],"event_choices":[{"damage_healed":0,"gold_gain":0,"player_choice":"Donut","damage_taken":0,"max_hp_gain":5,"max_hp_loss":0,"event_name":"Big Fish","floor":2,"gold_loss":0},{"damage_healed":0,"gold_gain":0,"player_choice":"Ignored","damage_taken":0,"max_hp_gain":0,"max_hp_loss":0,"event_name":"Golden Wing","floor":3,"gold_loss":0},{"damage_healed":0,"gold_gain":0,"player_choice":"1 cards matched","damage_taken":0,"max_hp_gain":0,"max_hp_loss":0,"event_name":"Match and Keep!","floor":5,"gold_loss":0,"cards_obtained":["Forethought"]},{"damage_healed":0,"gold_gain":0,"player_choice":"Ignored","damage_taken":0,"max_hp_gain":0,"max_hp_loss":0,"event_name":"Transmorgrifier","floor":12,"gold_loss":0},{"cards_removed":["Vault"],"damage_healed":0,"gold_gain":0,"player_choice":"Removed Skill","damage_taken":0,"max_hp_gain":0,"max_hp_loss":0,"event_name":"Falling","floor":37,"gold_loss":0},{"damage_healed":0,"gold_gain":0,"player_choice":"Fight","damage_taken":0,"max_hp_gain":0,"max_hp_loss":0,"event_name":"MindBloom","floor":38,"gold_loss":0},{"cards_removed":["Self Repair"],"damage_healed":0,"gold_gain":0,"player_choice":"Offered Uncommon","damage_taken":0,"max_hp_gain":0,"max_hp_loss":0,"event_name":"Bonfire Elementals","floor":39,"gold_loss":0}],"is_beta":false,"boss_relics":[{"not_picked":["Coffee Dripper","Snecko Eye","Sozu"]},{"not_picked":["Fusion Hammer","Calling Bell","Runic Pyramid"]}],"items_purged_floors":[],"is_endless":false,"potions_floor_spawned":[7,13,20,22,27,28,29,31,38,41,42,46,48],"ascension_level":0}}