{"host":"g3eueebv62qighx3","time":1611617807,"event":{"mods":["AchievementEnabler","BaseMod","BetterRewards","Colored Map","Downfall","Duelist Mod","Hermit","Hubris","Infinite Spire","Marisa????????","Minty Spire (QoL Compilation)","Remilia??????","Replay The Spire","StSLib","The Animator","The Bug Knight","The Construct","The Cursed","The Necromancer","The Runesmith","The Servant 0.9.4"],"gold_per_floor":[113,113,129,141,141,141,152,152,152,2,2,15,48,67,67,168,168,181,181,181,200,241,270,289,300,326,326,326],"floor_reached":27,"language":"ENG","playtime":957,"items_purged":[],"score":310,"play_id":"4ca1a751-d6f3-44b9-9db0-956783a00295","local_time":"20210125183647","is_ascension_mode":false,"campfire_choices":[{"data":"Genetic Algorithm","floor":6,"key":"SMITH"},{"data":"Bouncing Flask","floor":8,"key":"SMITH"},{"floor":15,"key":"REST"}],"circlet_count":0,"master_deck":["Genetic Algorithm+1","Strike_G","Strike_G","Strike_G","Strike_G","Strike_G+1","Defend_G","Defend_G","Defend_G","Defend_G","Defend_G+1","Survivor","Neutralize","Dagger Spray+1","Bouncing Flask+1","Infinite Blades","Night Terror+1","Bouncing Flask","Noxious Fumes","Dagger Spray","Catalyst","Underhanded Strike","Envenom","PiercingWail+1","Dagger Spray","ReplayTheSpireMod:Splinters","Sneak Up+1","Outmaneuver","Riddle With Holes+1","hubris:TrickCloak","Blade Dance"],"relics":["Uniform","NeowsBlessing","infinitespire:Cubic Diamond","Bag of Marbles","Replay:Wax Seal","hubris:Reverence","AntiCross","hubris:Towel","War Paint","Blue Candle","Whetstone","ScarletDevilRocket"],"acts_visited":["Exordium","TheCity"],"potions_floor_usage":[13,25],"damage_taken":[{"damage":0,"enemies":"2 Louse","floor":1,"turns":2},{"damage":0,"enemies":"Jaw Worm","floor":3,"turns":1},{"damage":0,"enemies":"Small Slimes","floor":4,"turns":1},{"damage":5,"enemies":"Exordium Wildlife","floor":7,"turns":4},{"damage":13,"enemies":"Red Slaver","floor":12,"turns":4},{"damage":2,"enemies":"3 Sentries","floor":13,"turns":7},{"damage":0,"enemies":"Exordium Thugs","floor":14,"turns":2},{"damage":0,"enemies":"Slime Boss","floor":16,"turns":6},{"damage":24,"enemies":"3 Byrds","floor":18,"turns":3},{"damage":2,"enemies":"Chosen","floor":21,"turns":4},{"damage":3,"enemies":"Replay:Snechameleon","floor":23,"turns":4},{"damage":33,"enemies":"Snecko","floor":24,"turns":6},{"damage":5,"enemies":"Centurion and Healer","floor":25,"turns":3},{"damage":4,"enemies":"3 Cultists","floor":27,"turns":2}],"seed_played":"7389899774163951413","potions_obtained":[{"floor":3,"key":"Cursed Concoction"},{"floor":12,"key":"LifebloodPotion"},{"floor":23,"key":"AttackPotion"}],"is_trial":false,"path_per_floor":["M","?","M","M","?","R","M","R","T","$","?","M","E","M","R","B",null,"M","?","T","M","?","E","M","M","T","M"],"character_chosen":"THE_SILENT","items_purchased":["Replay:Wax Seal","Noxious Fumes"],"campfire_rested":1,"item_purchase_floors":[10,10],"current_hp_per_floor":[70,70,70,70,70,70,65,65,65,65,40,27,25,25,46,46,70,46,46,46,44,44,41,8,3,3,0,0],"gold":326,"neow_bonus":"THREE_ENEMY_KILL","is_daily":false,"chose_seed":false,"campfire_upgraded":2,"win_rate":0.0,"timestamp":1611617807,"path_taken":["M","?","M","M","?","R","M","R","T","$","?","?","E","M","R","BOSS","M","?","?","M","?","E","M","?","T","M"],"items_purchased_type":["Relic","Card"],"build_version":"2020-12-22","purchased_purges":0,"victory":false,"max_hp_per_floor":[70,70,70,70,70,70,70,70,70,70,70,70,70,70,70,70,70,70,70,70,70,70,70,70,70,70,70,70],"card_choices":[{"not_picked":["PiercingWail","Acrobatics"],"picked":"Dagger Spray","floor":1},{"not_picked":["ReplayTheSpireMod:The Works","ReplayTheSpireMod:Scrap Shanks"],"picked":"Bouncing Flask","floor":3},{"not_picked":["Finisher","Bane"],"picked":"Infinite Blades","floor":4},{"not_picked":["Slice","Sucker Punch"],"picked":"Bouncing Flask","floor":7},{"not_picked":["hubris:TrickCloak","hubris:SlightOfHand"],"picked":"Dagger Spray","floor":12},{"not_picked":["Phantasmal Killer","Toxin Wave"],"picked":"Catalyst","floor":13},{"not_picked":["PiercingWail","Blade Dance"],"picked":"Underhanded Strike","floor":14},{"not_picked":["Corpse Explosion","Burst"],"picked":"Envenom","floor":16},{"not_picked":["Dagger Spray","Leg Sweep"],"picked":"PiercingWail+1","floor":18},{"not_picked":["Bane","Dagger Throw"],"picked":"Dagger Spray","floor":21},{"not_picked":["hubris:Sniper","ReplayTheSpireMod:Speed Training+1"],"picked":"Sneak Up+1","floor":22},{"not_picked":["Hidden Blade","Escape Plan"],"picked":"Outmaneuver","floor":22},{"not_picked":["Dodge and Roll","hubris:Counter"],"picked":"Riddle With Holes+1","floor":23},{"not_picked":["Bane+1","Flying Knee"],"picked":"hubris:TrickCloak","floor":24},{"not_picked":["Hidden Blade","Masterful Stab"],"picked":"Blade Dance","floor":25}],"player_experience":124909,"relics_obtained":[{"floor":9,"key":"Bag of Marbles"},{"floor":13,"key":"AntiCross"},{"floor":20,"key":"War Paint"},{"floor":22,"key":"Blue Candle"},{"floor":23,"key":"Whetstone"},{"floor":26,"key":"ScarletDevilRocket"}],"event_choices":[{"damage_healed":0,"gold_gain":0,"player_choice":"Success","damage_taken":25,"relics_obtained":["hubris:Reverence"],"max_hp_gain":0,"max_hp_loss":0,"event_name":"Scrap Ooze","floor":11,"gold_loss":0}],"is_beta":false,"boss_relics":[{"not_picked":["Replay:Drink Me","Snecko Scales","ChewingGum"]}],"items_purged_floors":[],"is_endless":false,"potions_floor_spawned":[3,12,23],"killed_by":"3 Cultists","ascension_level":0}}