{"host":"ymmeoa1x24ihslbm","time":1611601821,"event":{"mods":["AchievementEnabler","BaseMod","Colored Map","Colored Powertips","Defuse TimeMaze Blight","Highlight Path","Minty Spire (QoL Compilation)","Permanent Neow","Quick Restart","Rare Cards Sparkle","Shop Mod","StSLib","Unceasing Turn Reminder"],"gold_per_floor":[110,110,110,126,136,169,169,199,222,242,242,258,258,258,258,362,362,378,82,82,97,57,95,114,114,114,114,114,114,125,40,40,142,142,155,167,180,25,43,43,77,77,101,113,113,113],"floor_reached":45,"language":"ENG","playtime":2805,"items_purged":[],"score":663,"play_id":"f9d01f14-f914-4907-8268-b0b2f43480f6","local_time":"20210125201021","is_ascension_mode":true,"campfire_choices":[{"data":"Eruption","floor":7.0,"key":"SMITH"},{"data":"ForeignInfluence","floor":11.0,"key":"SMITH"},{"data":"Vigilance","floor":13.0,"key":"SMITH"},{"data":"PathToVictory","floor":15.0,"key":"SMITH"},{"data":"Judgement","floor":25.0,"key":"SMITH"},{"data":"FlyingSleeves","floor":27.0,"key":"SMITH"},{"data":"FollowUp","floor":29.0,"key":"SMITH"},{"data":"Discovery","floor":32.0,"key":"SMITH"},{"data":"Defend_P","floor":40.0,"key":"SMITH"},{"floor":42,"key":"REST"}],"circlet_count":0,"master_deck":["Strike_P","Strike_P","Strike_P","Strike_P+1","Defend_P+1","Defend_P","Defend_P","Eruption+1","Vigilance+1","Alpha","FlyingSleeves+1","PathToVictory+1","Evaluate+1","ForeignInfluence+1","FollowUp+1","Judgement+1","Protect+1","Discovery+1","Evaluate+1","FlurryOfBlows+1","BowlingBash+1"],"relics":["HolyWater","Smiling Mask","Happy Flower","Anchor","Boot","Sling","MutagenicStrength","Pen Nib","Black Star","Vajra","Blood Vial","Bottled Flame","Art of War"],"acts_visited":["Exordium","TheCity","TheBeyond"],"potions_floor_usage":[],"damage_taken":[{"damage":0.0,"enemies":"Cultist","floor":1.0,"turns":4.0},{"damage":7.0,"enemies":"Jaw Worm","floor":4.0,"turns":2.0},{"damage":1.0,"enemies":"2 Louse","floor":5.0,"turns":3.0},{"damage":0.0,"enemies":"Lagavulin","floor":6.0,"turns":4.0},{"damage":26.0,"enemies":"Gremlin Nob","floor":8.0,"turns":3.0},{"damage":2.0,"enemies":"Lots of Slimes","floor":10.0,"turns":4.0},{"damage":0.0,"enemies":"2 Fungi Beasts","floor":12.0,"turns":2.0},{"damage":0.0,"enemies":"Slime Boss","floor":16.0,"turns":5.0},{"damage":0.0,"enemies":"2 Thieves","floor":18.0,"turns":3.0},{"damage":0.0,"enemies":"Shell Parasite","floor":21.0,"turns":2.0},{"damage":26.0,"enemies":"Snecko","floor":23.0,"turns":3.0},{"damage":12.0,"enemies":"3 Cultists","floor":24.0,"turns":4.0},{"damage":2.0,"enemies":"Snake Plant","floor":30.0,"turns":4.0},{"damage":13.0,"enemies":"Champ","floor":33.0,"turns":9.0},{"damage":0.0,"enemies":"3 Shapes","floor":35.0,"turns":5.0},{"damage":2.0,"enemies":"Orb Walker","floor":36.0,"turns":4.0},{"damage":12.0,"enemies":"3 Darklings","floor":37.0,"turns":4.0},{"damage":15.0,"enemies":"4 Shapes","floor":39.0,"turns":3.0},{"damage":32,"enemies":"Nemesis","floor":41,"turns":3},{"damage":21,"enemies":"Maw","floor":44,"turns":8},{"damage":13,"enemies":"3 Darklings","floor":45,"turns":2}],"seed_played":"8646346527312576596","potions_obtained":[{"floor":4.0,"key":"SpeedPotion"},{"floor":8.0,"key":"Dexterity Potion"},{"floor":10.0,"key":"Fruit Juice"},{"floor":16.0,"key":"EntropicBrew"},{"floor":23.0,"key":"Energy Potion"},{"floor":30.0,"key":"LiquidBronze"},{"floor":44,"key":"Fire Potion"}],"is_trial":false,"path_per_floor":["M","$","?","M","M","E","R","E","T","M","R","M","R","?","R","B",null,"M","$","?","M","?","M","M","R","T","R","?","R","M","$","R","B",null,"M","M","M","$","M","R","E","R","T","M","M"],"character_chosen":"WATCHER","items_purchased":["Boot","Sling","Discovery","Vajra"],"campfire_rested":1,"item_purchase_floors":[19,19,31,38],"current_hp_per_floor":[72,72,72,65,64,64,64,38,38,41,41,41,41,41,41,41,68,68,68,68,68,68,42,30,30,30,30,16,16,14,14,14,1,62,62,60,48,48,33,33,1,25,25,6,0,0],"gold":113,"neow_bonus":"TRANSFORM_CARD","is_daily":false,"chose_seed":false,"campfire_upgraded":9,"win_rate":0.0,"timestamp":1611601821,"path_taken":["M","?","?","M","M","E","R","E","T","?","R","M","R","?","R","BOSS","M","?","?","M","?","?","M","R","T","R","?","R","M","?","R","BOSS","M","M","M","?","M","R","E","R","T","M","M"],"items_purchased_type":["Relic","Relic","Card","Relic"],"build_version":"2020-12-22","purchased_purges":0,"victory":false,"max_hp_per_floor":[72,72,72,72,72,72,72,72,72,77,77,77,77,77,77,77,77,77,77,77,77,77,77,77,77,77,77,82,82,82,82,82,82,82,82,82,82,82,82,82,82,82,82,82,82,82],"card_choices":[{"not_picked":["Halt","CutThroughFate"],"picked":"FlyingSleeves","floor":1.0},{"not_picked":["FlyingSleeves","Study"],"picked":"PathToVictory","floor":4.0},{"not_picked":["ThirdEye","CrushJoints"],"picked":"Evaluate","floor":5.0},{"not_picked":["EmptyBody","Consecrate"],"picked":"ForeignInfluence","floor":6.0},{"not_picked":["SashWhip","Indignation","Wallop"],"picked":"SKIP","floor":8.0},{"not_picked":["Perseverance","FlyingSleeves"],"picked":"FollowUp","floor":10.0},{"not_picked":["Evaluate","CrushJoints","Crescendo"],"picked":"SKIP","floor":12.0},{"not_picked":["Wish","SpiritShield"],"picked":"Judgement","floor":16.0},{"not_picked":["EmptyBody+1","FollowUp","InnerPeace"],"picked":"SKIP","floor":18.0},{"not_picked":["CutThroughFate","BowlingBash+1","SignatureMove"],"picked":"SKIP","floor":21.0},{"not_picked":["EmptyFist","JustLucky","Nirvana+1"],"picked":"SKIP","floor":23.0},{"not_picked":["FlyingSleeves","WreathOfFlame+1","BowlingBash"],"picked":"SKIP","floor":24.0},{"not_picked":["Vengeance+1","FollowUp"],"picked":"Protect+1","floor":30.0},{"not_picked":["WheelKick","Crescendo+1","Sanctity"],"picked":"SKIP","floor":35.0},{"not_picked":["Crescendo","Worship+1"],"picked":"Evaluate+1","floor":36.0},{"not_picked":["FlyingSleeves","SandsOfTime"],"picked":"FlurryOfBlows+1","floor":37.0},{"not_picked":["FollowUp","BattleHymn+1","Weave+1"],"picked":"SKIP","floor":39.0},{"not_picked":["Evaluate","JustLucky+1"],"picked":"BowlingBash+1","floor":41},{"not_picked":["Consecrate","Evaluate","JustLucky+1"],"picked":"SKIP","floor":44}],"player_experience":707266,"relics_obtained":[{"floor":6.0,"key":"Smiling Mask"},{"floor":8.0,"key":"Happy Flower"},{"floor":9.0,"key":"Anchor"},{"floor":26.0,"key":"Pen Nib"},{"floor":41,"key":"Blood Vial"},{"floor":41,"key":"Bottled Flame"},{"floor":43,"key":"Art of War"}],"event_choices":[{"damage_healed":0.0,"max_hp_gain":0.0,"max_hp_loss":0.0,"gold_gain":0.0,"event_name":"Match and Keep!","player_choice":"0 cards matched","floor":3.0,"gold_loss":0.0,"damage_taken":0.0,"cards_obtained":[]},{"damage_healed":0.0,"max_hp_gain":0.0,"max_hp_loss":0.0,"gold_gain":0.0,"event_name":"The Woman in Blue","player_choice":"Bought 0 Potions","floor":14.0,"gold_loss":0.0,"damage_taken":0.0},{"damage_healed":0.0,"max_hp_gain":0.0,"max_hp_loss":0.0,"gold_gain":0.0,"event_name":"Drug Dealer","player_choice":"Inject Mutagens","floor":20.0,"gold_loss":0.0,"damage_taken":0.0,"relics_obtained":["MutagenicStrength"]},{"damage_healed":0.0,"max_hp_gain":0.0,"max_hp_loss":0.0,"gold_gain":0.0,"event_name":"Designer","player_choice":"Upgraded Two","floor":22.0,"gold_loss":40.0,"damage_taken":0.0,"cards_upgraded":["Evaluate","Strike_P"]},{"damage_healed":0.0,"max_hp_gain":5.0,"max_hp_loss":0.0,"gold_gain":0.0,"event_name":"Forgotten Altar","player_choice":"Shed Blood","floor":28.0,"gold_loss":0.0,"damage_taken":19.0}],"is_beta":false,"boss_relics":[{"not_picked":["Ectoplasm","Fusion Hammer"],"picked":"HolyWater"},{"not_picked":["Cursed Key","Calling Bell"],"picked":"Black Star"}],"items_purged_floors":[],"is_endless":false,"potions_floor_spawned":[4,8,10,16,23,30,36,39,44],"killed_by":"3 Darklings","ascension_level":5}}