{"host":"36umirwmj0u9xjg7","time":1611613760,"event":{"mods":["Aspiration","BaseMod","CCEM","Downfall","Minty Spire (QoL Compilation)","Reliquary","Replay The Spire","StS++","StSLib","The Construct","The Gatherer","The Necromancer","The Runesmith"],"gold_per_floor":[118,137,137,137,148,148,167,193,219,219,219,219,219,240,240,371,371,311,183,183,206,206,206,206,206,261,261,275,290,341,341,341],"floor_reached":31,"language":"ENG","playtime":898,"items_purged":["Shame"],"score":256,"play_id":"1ed1fd94-7475-4a7b-b005-44ddac36ac98","local_time":"20210125232920","is_ascension_mode":false,"campfire_choices":[{"data":"construct:DefenseMode+1","floor":6,"key":"SMITH"},{"data":"construct:Autoturret","floor":12,"key":"SMITH"},{"data":"construct:LaserCore+1","floor":15,"key":"SMITH"},{"data":"construct:Autoturret","floor":23,"key":"SMITH"},{"data":"construct:Autoturret+1","floor":25,"key":"SMITH"},{"data":"construct:ShieldBurst","floor":27,"key":"SMITH"}],"circlet_count":0,"master_deck":["construct:Strike_Gold","construct:Strike_Gold","construct:Strike_Gold","construct:Strike_Gold","construct:Strike_Gold","construct:Defend_Gold","construct:Defend_Gold","construct:Defend_Gold","construct:Defend_Gold","construct:Defend_Gold","construct:DefenseMode+2","construct:Autoturret+2","construct:LaserCore+2","construct:ShieldBurst+1","construct:Autoturret+2","construct:ElectricArmor+1","construct:Enhance"],"relics":["construct:ClockworkPhoenix","Toxic Egg 2","StSpp:BrokenTotem","Tiny Chest","Golden Idol","reliquary:Ember","Akabeko","construct:MasterCore"],"acts_visited":["Exordium","TheCity"],"potions_floor_usage":[14,16,31],"damage_taken":[{"damage":9,"enemies":"Jaw Worm","floor":1,"turns":5},{"damage":5,"enemies":"Small Slimes","floor":2,"turns":4},{"damage":9,"enemies":"2 Louse","floor":5,"turns":5},{"damage":0,"enemies":"Exordium Wildlife","floor":7,"turns":3},{"damage":0,"enemies":"Lagavulin","floor":8,"turns":35},{"damage":7,"enemies":"Looter","floor":14,"turns":5},{"damage":27,"enemies":"The Guardian","floor":16,"turns":8},{"damage":24,"enemies":"2 Thieves","floor":18,"turns":4},{"damage":1,"enemies":"Spheric Guardian","floor":21,"turns":4},{"damage":12,"enemies":"Snecko","floor":28,"turns":5},{"damage":26,"enemies":"Snake Plant","floor":29,"turns":4},{"damage":16,"enemies":"Centurion and Healer","floor":31,"turns":3}],"seed_played":"-2676069657539751943","potions_obtained":[{"floor":2,"key":"sneckomod:MuddlingPotion"},{"floor":5,"key":"Adrenaline Potion"},{"floor":14,"key":"champ:CounterPotion"},{"floor":28,"key":"Weak Potion"}],"is_trial":false,"path_per_floor":["M","M","?","?","M","R","M","E","T","?","$","R","?","M","R","B",null,"M","$","T","M","?","R","?","R","T","R","M","M","T","M"],"character_chosen":"THE_CONSTRUCT_MOD","items_purchased":["construct:Autoturret"],"campfire_rested":0,"item_purchase_floors":[19],"current_hp_per_floor":[76,71,71,71,62,62,62,62,62,62,62,62,62,55,55,28,79,55,55,55,54,54,54,54,54,54,54,42,16,16,0,0],"gold":341,"neow_bonus":"UPGRADE_CARD","is_daily":false,"chose_seed":false,"campfire_upgraded":6,"win_rate":0.0,"timestamp":1611613760,"path_taken":["M","M","?","?","M","R","M","E","T","?","?","R","?","M","R","BOSS","M","$","?","M","?","R","?","R","T","R","M","?","?","M"],"items_purchased_type":["Card"],"build_version":"2020-12-22","purchased_purges":1,"victory":false,"max_hp_per_floor":[85,85,85,85,85,85,85,85,85,79,79,79,79,79,79,79,79,79,79,79,79,79,79,79,79,79,79,79,79,79,79,79],"card_choices":[{"not_picked":["construct:ModeShift","construct:ChargeShot","construct:PointDefense"],"picked":"SKIP","floor":1},{"not_picked":["construct:Accumulate","construct:HeavyBolt","construct:Zapper"],"picked":"SKIP","floor":2},{"not_picked":["construct:Construct_Overclock","construct:Overcharge","construct:ScrapCannon"],"picked":"SKIP","floor":5},{"not_picked":["construct:Dampening+1","construct:Analyze+1"],"picked":"construct:Autoturret","floor":7},{"not_picked":["construct:Impenetrable+1","construct:VentSteam+1","construct:Reserves+1"],"picked":"SKIP","floor":8},{"not_picked":["construct:BatteryAcid+1","construct:Forcefield+1"],"picked":"construct:LaserCore+1","floor":14},{"not_picked":["construct:BatteryCore+1","construct:HyperBeam"],"picked":"construct:ShieldBurst","floor":16},{"not_picked":["construct:HeavyBolt","construct:SweepLaser","construct:FlakBarrage"],"picked":"SKIP","floor":18},{"not_picked":["construct:Hazardproof+1","construct:SyphonStrike","construct:HardReboot+1"],"picked":"SKIP","floor":21},{"not_picked":["construct:HeavyBolt+1","construct:SweepLaser+1"],"picked":"construct:ElectricArmor+1","floor":28},{"not_picked":["construct:Accumulate","construct:Impenetrable+1"],"picked":"construct:Enhance","floor":29}],"player_experience":155942,"relics_obtained":[{"floor":8,"key":"StSpp:BrokenTotem"},{"floor":9,"key":"Tiny Chest"},{"floor":26,"key":"Akabeko"},{"floor":30,"key":"construct:MasterCore"}],"event_choices":[{"damage_healed":0,"gold_gain":0,"player_choice":"Lose Max HP","damage_taken":0,"relics_obtained":["Golden Idol"],"max_hp_gain":0,"max_hp_loss":6,"event_name":"Golden Idol","floor":10,"gold_loss":0},{"damage_healed":0,"gold_gain":0,"player_choice":"Grow","damage_taken":0,"max_hp_gain":0,"max_hp_loss":0,"event_name":"Living Wall","floor":13,"gold_loss":0,"cards_upgraded":["construct:Autoturret"]},{"damage_healed":0,"gold_gain":0,"player_choice":"Ignored","damage_taken":0,"max_hp_gain":0,"max_hp_loss":0,"event_name":"Vampires","floor":22,"gold_loss":0},{"cards_removed":["construct:AttackMode"],"damage_healed":0,"gold_gain":0,"player_choice":"Card Removal","damage_taken":0,"max_hp_gain":0,"max_hp_loss":0,"event_name":"Wheel of Change","floor":24,"gold_loss":0}],"is_beta":false,"boss_relics":[{"not_picked":["aspiration:DefectSkillbook","CCEMRelics:GreenEgg"],"picked":"reliquary:Ember"}],"items_purged_floors":[19],"is_endless":false,"potions_floor_spawned":[2,5,14,28],"killed_by":"Centurion and Healer","ascension_level":0}}