{"host":"z7byfb4bpt09dh7e","time":1611541225,"event":{"mods":["Aspiration","BaseMod","BetterRewards","Displayed Cursed Tome","Downfall","Infinite Spire","Minty Spire (QoL Compilation)","StSLib","The Blue Laboratory","Uncapped"],"gold_per_floor":[110,38,38,0,16,16,29,87,141,216,216,235,44,44,44,144,144,158,158,174,174,174,208,208,223,250,250,270,289,306,326,326,326,326],"floor_reached":33,"language":"ENG","playtime":3294,"items_purged":[],"score":382,"play_id":"d087228a-23a4-4a0b-b660-02371d765318","local_time":"20210124212025","is_ascension_mode":false,"campfire_choices":[{"floor":6,"key":"REST"},{"floor":11,"key":"REST"},{"floor":15,"key":"REST"},{"floor":27,"key":"REST"},{"floor":32,"key":"REST"}],"circlet_count":0,"master_deck":["Strike_B","Strike_B","Strike_B","Strike_B","Defend_B","Defend_B","Defend_B+1","Zap","Dualcast","White Noise","Loop","Mind Blast","Capacitor+1","Tempest","BootSequence","Regret","Static Discharge","Ball Lightning","Static Discharge","White Noise","Leap","Capacitor","Conserve Battery","Dramatic Entrance","Fusion","Amplify","Sweeping Beam+1","Necronomicurse","Fusion","infinitespire:Oblivion","Redo","Echo Form","Melter","Conserve Battery","Storm","Beam Cell+1"],"relics":["CaptainsWheel","FossilizedHelix","aspiration:EnhancedActuators","The Courier","aspiration:TomeofQuesting","aspiration:FutureDiary","Necronomicon","MutagenicStrength","aspiration:Lifesprig","Centennial Puzzle"],"acts_visited":["Exordium","TheCity"],"potions_floor_usage":[8,23,29,33,33,33],"damage_taken":[{"damage":19,"enemies":"Small Slimes","floor":1,"turns":5},{"damage":0,"enemies":"2 Louse","floor":5,"turns":2},{"damage":2,"enemies":"Cultist","floor":7,"turns":4},{"damage":2,"enemies":"Gremlin Nob","floor":8,"turns":5},{"damage":2,"enemies":"2 Fungi Beasts","floor":12,"turns":4},{"damage":32,"enemies":"The Guardian","floor":16,"turns":8},{"damage":1,"enemies":"2 Thieves","floor":18,"turns":5},{"damage":0,"enemies":"Spheric Guardian","floor":20,"turns":1},{"damage":46,"enemies":"Gremlin Leader","floor":23,"turns":5},{"damage":0,"enemies":"Centurion and Healer","floor":25,"turns":4},{"damage":0,"enemies":"Cultist and Chosen","floor":28,"turns":4},{"damage":4,"enemies":"Shelled Parasite and Fungi","floor":29,"turns":3},{"damage":6,"enemies":"3 Cultists","floor":30,"turns":3},{"damage":0,"enemies":"Snecko","floor":31,"turns":2},{"damage":69,"enemies":"Automaton","floor":33,"turns":6}],"seed_played":"6758788862111550200","potions_obtained":[{"floor":1,"key":"blueLaboratory:BiasPotion"},{"floor":7,"key":"SpeedPotion"},{"floor":8,"key":"CultistPotion"},{"floor":16,"key":"blueLaboratory:EnragingPotion"},{"floor":20,"key":"AttackPotion"},{"floor":23,"key":"blueLaboratory:RelayPotion"},{"floor":31,"key":"blueLaboratory:FruitPunch"}],"is_trial":false,"path_per_floor":["M","$","?","$","M","R","M","?","T","?","R","M","$","?","R","B",null,"M","?","M","AVR","?","E","?","M","T","R","M","M","M","M","R","B"],"character_chosen":"DEFECT","items_purchased":["White Noise","Loop","FossilizedHelix","Mind Blast","Capacitor","BootSequence","Static Discharge","Capacitor","Conserve Battery","Dramatic Entrance","Fusion"],"campfire_rested":5,"item_purchase_floors":[0,0,0,0,0,2,4,13,13,13,13],"current_hp_per_floor":[16,16,16,16,16,38,36,34,34,23,45,43,43,28,50,18,75,74,58,58,58,58,12,12,12,12,34,34,30,24,24,46,0,0],"gold":326,"neow_bonus":"","is_daily":false,"chose_seed":false,"campfire_upgraded":0,"win_rate":0.0,"timestamp":1611541225,"path_taken":["M","$","?","$","M","R","M","?","T","?","R","M","$","?","R","BOSS","M","?","M","AVR","?","E","?","M","T","R","M","M","M","M","R","BOSS"],"items_purchased_type":["Card","Card","Relic","Card","Card","Card","Card","Card","Card","Card","Card"],"build_version":"2020-12-22","purchased_purges":0,"victory":false,"max_hp_per_floor":[75,75,75,75,75,75,75,75,75,75,75,75,75,75,75,75,75,75,75,75,75,75,75,75,75,75,75,75,75,75,75,75,77,77],"card_choices":[{"not_picked":["Loop","Stack"],"picked":"Tempest","floor":1},{"not_picked":["Sweeping Beam","Lockon"],"picked":"Ball Lightning","floor":5},{"not_picked":["Darkness","Steam Power"],"picked":"Static Discharge","floor":7},{"not_picked":["Ball Lightning","Go for the Eyes"],"picked":"White Noise","floor":8},{"not_picked":["Undo","Lockon"],"picked":"Leap","floor":12},{"not_picked":["Seek","Core Surge"],"picked":"Amplify","floor":16},{"not_picked":["Fusion","Gash"],"picked":"Sweeping Beam+1","floor":18},{"not_picked":["Recycle","Cold Snap+1"],"picked":"Fusion","floor":20},{"not_picked":["Reprogram","Streamline"],"picked":"Redo","floor":23},{"not_picked":["Rebound","Beam Cell"],"picked":"Echo Form","floor":25},{"not_picked":["Force Field","Fusion"],"picked":"Melter","floor":28},{"not_picked":["Go for the Eyes","Genetic Algorithm"],"picked":"Conserve Battery","floor":29},{"not_picked":["Hello World","Rebound+1"],"picked":"Storm","floor":30},{"not_picked":["Consume","Redo"],"picked":"Beam Cell+1","floor":31}],"player_experience":289697,"relics_obtained":[{"floor":8,"key":"The Courier"},{"floor":9,"key":"aspiration:TomeofQuesting"},{"floor":23,"key":"aspiration:Lifesprig"},{"floor":26,"key":"Centennial Puzzle"}],"event_choices":[{"damage_healed":0,"gold_gain":0,"player_choice":"Box","damage_taken":0,"relics_obtained":["aspiration:EnhancedActuators"],"max_hp_gain":0,"max_hp_loss":0,"event_name":"Big Fish","floor":3,"gold_loss":0,"cards_obtained":["Regret"]},{"damage_healed":0,"gold_gain":0,"player_choice":"Searched \u00271\u0027 times","damage_taken":0,"max_hp_gain":0,"max_hp_loss":0,"event_name":"Dead Adventurer","floor":8,"gold_loss":0},{"damage_healed":0,"gold_gain":75,"player_choice":"Gather Gold","damage_taken":11,"max_hp_gain":0,"max_hp_loss":0,"event_name":"World of Goop","floor":10,"gold_loss":0},{"damage_healed":0,"gold_gain":0,"player_choice":"Entered Light","damage_taken":15,"max_hp_gain":0,"max_hp_loss":0,"event_name":"Shining Light","floor":14,"gold_loss":0,"cards_upgraded":["Capacitor","Defend_B"]},{"damage_healed":0,"gold_gain":0,"player_choice":"Obtained Book","damage_taken":16,"max_hp_gain":0,"max_hp_loss":0,"event_name":"Cursed Tome","floor":19,"gold_loss":0},{"damage_healed":0,"gold_gain":0,"player_choice":"Inject Mutagens","damage_taken":0,"relics_obtained":["MutagenicStrength"],"max_hp_gain":0,"max_hp_loss":0,"event_name":"Drug Dealer","floor":22,"gold_loss":0},{"damage_healed":0,"gold_gain":0,"player_choice":"Got Potions","damage_taken":0,"max_hp_gain":0,"max_hp_loss":0,"event_name":"Lab","floor":24,"gold_loss":0}],"is_beta":false,"boss_relics":[{"not_picked":["aspiration:SilentSkillbook","Philosopher\u0027s Stone"],"picked":"aspiration:FutureDiary"}],"items_purged_floors":[],"is_endless":false,"potions_floor_spawned":[1,7,8,16,20,23,31],"killed_by":"Automaton","ascension_level":0}}