{"host":"xmrw7jl1ir2912vf","time":1611588520,"event":{"mods":["BaseMod","Minty Spire (QoL Compilation)","Relic Stats"],"gold_per_floor":[368,368,89,105,118,157,178,178,201,201,73,73,73,107,107,196,196,211,211,211,211,191,222,222,222,222],"floor_reached":25,"language":"ENG","playtime":1119,"items_purged":["Strike_R"],"score":416,"play_id":"ede82ac4-f485-413f-8a78-d3c579a2f8da","local_time":"20210125102840","is_ascension_mode":true,"campfire_choices":[{"floor":8.0,"key":"REST"},{"data":"Immolate","floor":13.0,"key":"SMITH"},{"data":"Bash","floor":15.0,"key":"SMITH"},{"data":"Corruption","floor":24,"key":"SMITH"}],"circlet_count":0,"master_deck":["AscendersBane","Strike_R+1","Defend_R+1","Defend_R+1","Defend_R+1","Defend_R+1","Bash+1","Sword Boomerang","Dark Embrace","Shrug It Off","Shrug It Off","Sentinel","Burning Pact","Immolate+1","Warcry","Corruption+1","Dual Wield","Rage","Double Tap","Feel No Pain","Ghostly Armor"],"relics":["Burning Blood","Golden Idol","Question Card","Smiling Mask","MealTicket","Art of War","Vajra","Runic Pyramid","Orichalcum"],"acts_visited":[],"potions_floor_usage":[25,25],"damage_taken":[{"damage":4.0,"enemies":"Jaw Worm","floor":1.0,"turns":4.0},{"damage":19.0,"enemies":"Small Slimes","floor":4.0,"turns":3.0},{"damage":11.0,"enemies":"2 Louse","floor":5.0,"turns":3.0},{"damage":24.0,"enemies":"Gremlin Nob","floor":6.0,"turns":5.0},{"damage":6.0,"enemies":"2 Fungi Beasts","floor":7.0,"turns":4.0},{"damage":2.0,"enemies":"3 Sentries","floor":14.0,"turns":4.0},{"damage":27.0,"enemies":"The Guardian","floor":16.0,"turns":13.0},{"damage":19.0,"enemies":"Shell Parasite","floor":18.0,"turns":4.0},{"damage":36,"enemies":"Gremlin Leader","floor":23,"turns":6},{"damage":14,"enemies":"Slavers","floor":25,"turns":1}],"seed_played":"-1812643065737401076","potions_obtained":[{"floor":4.0,"key":"Weak Potion"},{"floor":6.0,"key":"BlessingOfTheForge"},{"floor":14.0,"key":"Block Potion"},{"floor":16.0,"key":"SteroidPotion"},{"floor":22,"key":"BlessingOfTheForge"}],"is_trial":false,"path_per_floor":["M","?","$","M","M","E","M","R","T","?","$","?","R","E","R","B",null,"M","?","?","?","?","E","R","E"],"character_chosen":"IRONCLAD","items_purchased":["Question Card","Burning Pact"],"campfire_rested":1,"item_purchase_floors":[3,11],"current_hp_per_floor":[68,45,45,32,27,9,9,29,29,24,39,39,39,43,43,22,57,44,44,44,44,44,14,14,0,0],"gold":222,"neow_bonus":"TWO_FIFTY_GOLD","is_daily":false,"chose_seed":false,"campfire_upgraded":3,"win_rate":0.0,"timestamp":1611588520,"path_taken":["M","?","$","M","M","E","M","R","T","?","$","?","R","E","R","BOSS","M","?","?","?","?","E","R","E"],"items_purchased_type":["Relic","Card"],"build_version":"2020-12-22","purchased_purges":1,"victory":false,"max_hp_per_floor":[68,68,68,68,68,68,68,68,68,68,68,68,68,68,68,68,68,68,68,68,68,68,68,68,68,68],"relic_stats":{"counters":[2,7],"Golden Idol":6,"MealTicket":0,"Art of War":[2],"Orichalcum":[6],"Question Card":1,"Smiling Mask":0,"obtain_stats":[{"Golden Idol":0,"Vajra":0,"MealTicket":0,"Art of War":0,"Orichalcum":23,"Question Card":0,"Smiling Mask":0,"Burning Blood":0,"Runic Pyramid":0},{"Golden Idol":0,"Vajra":0,"MealTicket":0,"Art of War":0,"Orichalcum":1,"Question Card":0,"Smiling Mask":0,"Burning Blood":0,"Runic Pyramid":0},{"Golden Idol":0,"Vajra":0,"MealTicket":0,"Art of War":0,"Orichalcum":6,"Question Card":0,"Smiling Mask":0,"Burning Blood":0,"Runic Pyramid":0}],"Burning Blood":6},"card_choices":[{"not_picked":["Clash","Infernal Blade"],"picked":"Sword Boomerang","floor":1.0},{"not_picked":["Havoc","Clash","Second Wind"],"picked":"Dark Embrace","floor":4.0},{"not_picked":["Wild Strike","Thunderclap","Anger"],"picked":"Shrug It Off","floor":5.0},{"not_picked":["Fire Breathing","Sentinel","Bloodletting"],"picked":"Shrug It Off","floor":6.0},{"not_picked":["Headbutt","Carnage","Havoc"],"picked":"Sentinel","floor":7.0},{"not_picked":["Searing Blow","Clothesline","Anger"],"picked":"Warcry","floor":14.0},{"not_picked":["Juggernaut","Barricade","Brutality"],"picked":"Corruption","floor":16.0},{"not_picked":["Second Wind","Thunderclap","Pommel Strike"],"picked":"Dual Wield","floor":18.0},{"not_picked":["Dual Wield","Iron Wave","Perfected Strike"],"picked":"Ghostly Armor","floor":23}],"player_experience":447389,"relics_obtained":[{"floor":6.0,"key":"Smiling Mask"},{"floor":9.0,"key":"MealTicket"},{"floor":14.0,"key":"Vajra"},{"floor":23,"key":"Orichalcum"}],"event_choices":[{"damage_healed":0.0,"max_hp_gain":0.0,"max_hp_loss":0.0,"gold_gain":0.0,"event_name":"Golden Idol","player_choice":"Take Damage","floor":2.0,"gold_loss":0.0,"damage_taken":23.0,"relics_obtained":["Golden Idol"]},{"damage_healed":0.0,"max_hp_gain":0.0,"max_hp_loss":0.0,"gold_gain":0.0,"event_name":"Scrap Ooze","player_choice":"Success","floor":10.0,"gold_loss":0.0,"damage_taken":5.0,"relics_obtained":["Art of War"]},{"damage_healed":0.0,"max_hp_gain":0.0,"max_hp_loss":0.0,"gold_gain":0.0,"cards_transformed":["Strike_R"],"event_name":"Living Wall","player_choice":"Change","floor":12.0,"gold_loss":0.0,"damage_taken":0.0,"cards_obtained":["Immolate"]},{"damage_healed":0.0,"max_hp_gain":0.0,"max_hp_loss":0.0,"gold_gain":0.0,"cards_transformed":["Strike_R","Strike_R"],"event_name":"Drug Dealer","player_choice":"Became Test Subject","floor":19.0,"gold_loss":0.0,"damage_taken":0.0,"cards_obtained":["Rage","Double Tap"]},{"damage_healed":0.0,"max_hp_gain":0.0,"max_hp_loss":0.0,"gold_gain":0.0,"event_name":"The Library","player_choice":"Read","floor":20.0,"gold_loss":0.0,"damage_taken":0.0,"cards_obtained":["Feel No Pain"]},{"damage_healed":0,"gold_gain":0,"player_choice":"Simplicity","damage_taken":0,"max_hp_gain":0,"max_hp_loss":0,"event_name":"Back to Basics","floor":21,"gold_loss":0,"cards_upgraded":["Strike_R","Defend_R","Defend_R","Defend_R","Defend_R"]},{"damage_healed":0,"gold_gain":0,"player_choice":"Bought 1 Potion","damage_taken":0,"max_hp_gain":0,"max_hp_loss":0,"event_name":"The Woman in Blue","floor":22,"gold_loss":0}],"is_beta":false,"boss_relics":[{"not_picked":["Tiny House","SlaversCollar"],"picked":"Runic Pyramid"}],"items_purged_floors":[11],"is_endless":false,"potions_floor_spawned":[4,6,14,16],"killed_by":"Slavers","ascension_level":17}}