{"host":"edc6wmn2qug8wnvl","time":1611566968,"event":{"mods":["AchievementEnabler","BaseMod","Colored Map","Colored Powertips","Minty Spire (QoL Compilation)","StSLib"],"gold_per_floor":[110,32,56,81,93,130,142,179,215,243,255,286,298,310,322,429,441,465,477,87,87,104,104,19,19,44,62,75,175,201,220,220,220,220],"floor_reached":33,"language":"ENG","playtime":1739,"items_purged":[],"score":325,"play_id":"57f043ec-59ab-4093-8570-144cb3f65912","local_time":"20210125012928","is_ascension_mode":false,"campfire_choices":[{"data":"Reinforced Body","floor":7,"key":"SMITH"},{"floor":11,"key":"REST"},{"data":"Electrodynamics","floor":13,"key":"SMITH"},{"floor":15,"key":"REST"},{"data":"Bandage Up","floor":23,"key":"SMITH"},{"floor":25,"key":"REST"},{"floor":32,"key":"REST"}],"circlet_count":0,"master_deck":["Strike_B","Strike_B","Strike_B","Strike_B","Defend_B","Defend_B","Defend_B+1","Defend_B+1","Zap","Dualcast","Reinforced Body+1","Auto Shields","Ball Lightning","Electrodynamics+1","Skim","Double Energy","Hyperbeam","Sunder+1","Bandage Up+1","Defragment","Defragment","Biased Cognition"],"relics":["Cracked Core","NeowsBlessing","MawBank","Lizard Tail","Centennial Puzzle","Bag of Marbles","Ancient Tea Set","SacredBark","Enchiridion","Strange Spoon","Orichalcum","Boot","Juzu Bracelet"],"acts_visited":["Exordium","TheCity"],"potions_floor_usage":[8,10,18,18,21,27,30,30,31,33],"damage_taken":[{"damage":0,"enemies":"Cultist","floor":1,"turns":1},{"damage":0,"enemies":"2 Louse","floor":4,"turns":1},{"damage":0,"enemies":"Lagavulin","floor":6,"turns":1},{"damage":6,"enemies":"Gremlin Nob","floor":8,"turns":3},{"damage":10,"enemies":"Small Slimes","floor":10,"turns":3},{"damage":2,"enemies":"Blue Slaver","floor":12,"turns":4},{"damage":18,"enemies":"The Guardian","floor":16,"turns":13},{"damage":4,"enemies":"Shell Parasite","floor":18,"turns":4},{"damage":13,"enemies":"Spheric Guardian","floor":21,"turns":5},{"damage":24,"enemies":"Snake Plant","floor":22,"turns":6},{"damage":6,"enemies":"Shelled Parasite and Fungi","floor":27,"turns":7},{"damage":16,"enemies":"Cultist and Chosen","floor":28,"turns":5},{"damage":0,"enemies":"Slavers","floor":30,"turns":1},{"damage":15,"enemies":"Centurion and Healer","floor":31,"turns":5},{"damage":173,"enemies":"Champ","floor":33,"turns":15}],"seed_played":"-3965585993440114497","potions_obtained":[{"floor":4,"key":"Fire Potion"},{"floor":6,"key":"FocusPotion"},{"floor":8,"key":"AttackPotion"},{"floor":18,"key":"Fruit Juice"},{"floor":27,"key":"BlessingOfTheForge"},{"floor":28,"key":"DistilledChaos"},{"floor":30,"key":"Explosive Potion"},{"floor":31,"key":"Fire Potion"}],"is_trial":false,"path_per_floor":["M","$","T","M","?","E","R","E","T","M","R","M","R","?","R","B",null,"M","?","$","M","M","R","?","R","T","M","M","?","E","M","R","B"],"character_chosen":"DEFECT","items_purchased":["Auto Shields","SmokeBomb","Strange Spoon","Bandage Up","Dexterity Potion"],"campfire_rested":4,"item_purchase_floors":[2,20,20,20,20],"current_hp_per_floor":[75,75,75,75,63,63,63,57,57,47,69,67,67,52,74,56,75,81,65,65,56,36,36,36,61,61,61,51,51,57,48,73,0,0],"gold":220,"neow_bonus":"THREE_ENEMY_KILL","is_daily":false,"chose_seed":false,"campfire_upgraded":3,"win_rate":0.0,"timestamp":1611566968,"path_taken":["M","$","?","M","?","E","R","E","T","M","R","M","R","?","R","BOSS","M","?","$","M","M","R","?","R","T","M","M","?","E","M","R","BOSS"],"items_purchased_type":["Card","Potion","Relic","Card","Potion"],"build_version":"2020-12-22","purchased_purges":0,"victory":false,"max_hp_per_floor":[75,75,75,75,75,75,75,75,75,75,75,75,75,75,75,75,75,85,85,85,85,85,85,85,85,85,85,85,85,85,85,85,85,85],"card_choices":[{"not_picked":["Streamline","Redo"],"picked":"Reinforced Body","floor":1},{"not_picked":["Sweeping Beam","Beam Cell","Compile Driver"],"picked":"SKIP","floor":4},{"not_picked":["Machine Learning","Beam Cell"],"picked":"Ball Lightning","floor":6},{"not_picked":["Barrage","Reprogram"],"picked":"Electrodynamics","floor":8},{"not_picked":["Self Repair","Sweeping Beam"],"picked":"Skim","floor":10},{"not_picked":["Gash","Steam"],"picked":"Double Energy","floor":12},{"not_picked":["Machine Learning","Rainbow"],"picked":"Hyperbeam","floor":16},{"not_picked":["Beam Cell","Hello World"],"picked":"Sunder+1","floor":18},{"not_picked":["Sweeping Beam","Steam","Hello World+1"],"picked":"SKIP","floor":22},{"not_picked":["Genetic Algorithm+1","Steam"],"picked":"Defragment","floor":27},{"not_picked":["Consume","Gash","Sweeping Beam"],"picked":"SKIP","floor":28},{"not_picked":["Cold Snap+1","FTL"],"picked":"Defragment","floor":30},{"not_picked":["Ball Lightning","Gash+1"],"picked":"Biased Cognition","floor":31}],"player_experience":34859,"relics_obtained":[{"floor":3,"key":"MawBank"},{"floor":6,"key":"Centennial Puzzle"},{"floor":8,"key":"Bag of Marbles"},{"floor":9,"key":"Ancient Tea Set"},{"floor":19,"key":"Enchiridion"},{"floor":26,"key":"Boot"},{"floor":30,"key":"Juzu Bracelet"}],"event_choices":[{"damage_healed":0,"gold_gain":0,"player_choice":"Success","damage_taken":12,"relics_obtained":["Lizard Tail"],"max_hp_gain":0,"max_hp_loss":0,"event_name":"Scrap Ooze","floor":5,"gold_loss":0},{"damage_healed":0,"gold_gain":0,"player_choice":"Entered Light","damage_taken":15,"max_hp_gain":0,"max_hp_loss":0,"event_name":"Shining Light","floor":14,"gold_loss":0,"cards_upgraded":["Defend_B","Defend_B"]},{"damage_healed":0,"gold_gain":0,"player_choice":"Obtained Book","damage_taken":16,"max_hp_gain":0,"max_hp_loss":0,"event_name":"Cursed Tome","floor":19,"gold_loss":0},{"damage_healed":0,"gold_gain":0,"player_choice":"Obtained Relic","damage_taken":0,"relics_obtained":["Orichalcum"],"max_hp_gain":0,"max_hp_loss":0,"event_name":"Addict","floor":24,"gold_loss":85},{"damage_healed":0,"gold_gain":100,"player_choice":"Pray","damage_taken":0,"max_hp_gain":0,"max_hp_loss":0,"event_name":"Golden Shrine","floor":29,"gold_loss":0}],"is_beta":false,"boss_relics":[{"not_picked":["Snecko Eye","Cursed Key"],"picked":"SacredBark"}],"items_purged_floors":[],"is_endless":false,"potions_floor_spawned":[4,6,8,18,27,28,30,31],"killed_by":"Champ","ascension_level":0}}