{"host":"2vm9o2fc5crca06n","time":1611617698,"event":{"mods":["AchievementEnabler","BaseMod","Bestiary","Googly Eyes","Minty Spire (QoL Compilation)","SuperFastMode"],"gold_per_floor":[109,120,120,120,31,31,9,9,9,9,23,48,59,79,79,180,180,197,122,122,122,122,149,149,48,73,90,190,190,222,33,33,133,133,143,160,179,190,90,119,0,45,100,25,25,25,53,353,353,353,353,353,13,42,42,42],"floor_reached":55,"language":"ENG","playtime":2730,"items_purged":["Defend_P","Strike_P+1"],"score":932,"play_id":"114bcdfe-22c5-4155-b11f-5e2d7e0186b5","local_time":"20210125233458","is_ascension_mode":false,"campfire_choices":[{"data":"WheelKick","floor":6,"key":"SMITH"},{"floor":8,"key":"RECALL"},{"data":"FlurryOfBlows","floor":10,"key":"SMITH"},{"data":"ForeignInfluence","floor":15,"key":"SMITH"},{"floor":24,"key":"REST"},{"floor":29,"key":"REST"},{"data":"ClearTheMind","floor":32,"key":"SMITH"},{"floor":45,"key":"REST"},{"data":"CutThroughFate","floor":49,"key":"SMITH"},{"data":"EmptyBody","floor":52,"key":"SMITH"}],"circlet_count":0,"master_deck":["Strike_P+1","Strike_P+1","Strike_P+1","Eruption","Vigilance","Tantrum+1","CutThroughFate+1","WheelKick+1","FlurryOfBlows+1","FlurryOfBlows","ForeignInfluence+1","Scrawl+1","Consecrate","EmptyBody+1","ClearTheMind+1","FlurryOfBlows","JustLucky+1","MentalFortress+1","MasterReality+1","WreathOfFlame+1","WreathOfFlame+1","EmptyFist","Adaptation+1","Madness","Madness","EmptyFist+1","Devotion+1"],"relics":["Philosopher\u0027s Stone","Ornamental Fan","Empty Cage","Nilry\u0027s Codex","Boot","Ancient Tea Set","FossilizedHelix","Frozen Egg 2","Blood Vial","Sling","SlaversCollar","Anchor","Red Mask","Calipers","Oddly Smooth Stone","Juzu Bracelet","TungstenRod","Centennial Puzzle"],"acts_visited":["Exordium","TheCity","TheBeyond","TheEnding"],"potions_floor_usage":[14,16,28,28,30,50,55,55],"damage_taken":[{"damage":2,"enemies":"Jaw Worm","floor":1,"turns":2},{"damage":0,"enemies":"Small Slimes","floor":2,"turns":2},{"damage":0,"enemies":"Cultist","floor":11,"turns":2},{"damage":0,"enemies":"Gremlin Nob","floor":12,"turns":2},{"damage":0,"enemies":"Blue Slaver","floor":13,"turns":1},{"damage":0,"enemies":"Looter","floor":14,"turns":1},{"damage":0,"enemies":"Slime Boss","floor":16,"turns":3},{"damage":0,"enemies":"Shell Parasite","floor":18,"turns":1},{"damage":38,"enemies":"Book of Stabbing","floor":23,"turns":3},{"damage":0,"enemies":"Spheric Guardian","floor":27,"turns":1},{"damage":16,"enemies":"Colosseum Slavers","floor":28,"turns":2},{"damage":0,"enemies":"Colosseum Nobs","floor":28,"turns":1},{"damage":0,"enemies":"Slavers","floor":30,"turns":2},{"damage":29,"enemies":"Champ","floor":33,"turns":7},{"damage":0,"enemies":"Orb Walker","floor":35,"turns":2},{"damage":0,"enemies":"3 Darklings","floor":36,"turns":2},{"damage":0,"enemies":"Spire Growth","floor":37,"turns":3},{"damage":18,"enemies":"Maw","floor":38,"turns":5},{"damage":0,"enemies":"Giant Head","floor":40,"turns":2},{"damage":0,"enemies":"2 Orb Walkers","floor":42,"turns":3},{"damage":0,"enemies":"Reptomancer","floor":47,"turns":2},{"damage":38,"enemies":"Time Eater","floor":50,"turns":7},{"damage":0,"enemies":"Shield and Spear","floor":54,"turns":3},{"damage":73,"enemies":"The Heart","floor":55,"turns":5}],"seed_played":"4780778480240795474","potions_obtained":[{"floor":2,"key":"Dexterity Potion"},{"floor":11,"key":"BlessingOfTheForge"},{"floor":13,"key":"DistilledChaos"},{"floor":16,"key":"EssenceOfSteel"},{"floor":23,"key":"Regen Potion"},{"floor":27,"key":"AttackPotion"},{"floor":37,"key":"Swift Potion"},{"floor":47,"key":"BlessingOfTheForge"}],"is_trial":false,"path_per_floor":["M","M","?","?","$","R","$","R","T","R","M","E","M","M","R","B",null,"M","$","?","?","?","E","R","$","T","M","?","R","E","$","R","B",null,"M","M","M","M","$","E","?","?","T","$","R","?","E","?","R","B",null,"R","$","E","B"],"character_chosen":"WATCHER","items_purchased":["CutThroughFate","WheelKick","FlurryOfBlows","EmptyBody","ClearTheMind","MentalFortress+1","Sling","Adaptation+1","TungstenRod","Swift Potion"],"campfire_rested":3,"item_purchase_floors":[5,5,7,25,25,31,31,44,53,53],"current_hp_per_floor":[70,70,70,70,70,70,70,70,70,70,70,70,70,70,70,70,72,72,72,56,56,56,18,39,39,39,39,23,44,44,44,44,17,72,72,72,72,54,54,56,56,58,58,58,72,63,65,65,65,29,72,72,72,72,0,0],"gold":42,"neow_bonus":"BOSS_RELIC","is_daily":false,"chose_seed":false,"campfire_upgraded":6,"win_rate":0.0,"timestamp":1611617698,"path_taken":["M","M","?","?","$","R","$","R","T","R","?","E","M","M","R","BOSS","M","$","?","?","?","E","R","$","T","?","?","R","E","?","R","BOSS","M","?","M","M","$","E","?","?","T","$","R","?","E","?","R","BOSS","R","$","E","BOSS"],"items_purchased_type":["Card","Card","Card","Card","Card","Card","Relic","Card","Relic","Potion"],"build_version":"2020-12-22","purchased_purges":2,"victory":false,"max_hp_per_floor":[72,72,72,72,72,72,72,72,72,72,72,72,72,72,72,72,72,72,72,72,72,72,72,72,72,72,72,72,72,72,72,72,72,72,72,72,72,72,72,72,72,72,72,72,72,72,72,72,72,72,72,72,72,72,72,72],"card_choices":[{"not_picked":["EmptyFist","Weave"],"picked":"Tantrum","floor":1},{"not_picked":["BattleHymn","Study","Swivel"],"picked":"SKIP","floor":2},{"not_picked":["JustLucky","Evaluate"],"picked":"FlurryOfBlows","floor":11},{"not_picked":["Alpha","Brilliance"],"picked":"ForeignInfluence","floor":12},{"not_picked":["Halt","ForeignInfluence","Swivel"],"picked":"SKIP","floor":13},{"not_picked":["ThirdEye","Evaluate","BowlingBash"],"picked":"SKIP","floor":14},{"not_picked":["Devotion","Omniscience"],"picked":"Scrawl","floor":16},{"not_picked":["EmptyBody","CrushJoints","BattleHymn"],"picked":"SKIP","floor":18},{"not_picked":["Crescendo","DeceiveReality"],"picked":"Consecrate","floor":23},{"not_picked":["ThirdEye","Meditate","Crescendo"],"picked":"SKIP","floor":27},{"not_picked":["Consecrate","ThirdEye"],"picked":"FlurryOfBlows","floor":28},{"not_picked":["WreathOfFlame","Collect"],"picked":"JustLucky+1","floor":30},{"not_picked":["Omniscience","ConjureBlade"],"picked":"MasterReality+1","floor":33},{"not_picked":["SignatureMove","CutThroughFate","FlyingSleeves+1"],"picked":"SKIP","floor":35},{"not_picked":["Worship","Nirvana+1"],"picked":"WreathOfFlame+1","floor":36},{"not_picked":["Halt","FlyingSleeves"],"picked":"WreathOfFlame+1","floor":37},{"not_picked":["EmptyBody","ReachHeaven"],"picked":"EmptyFist","floor":38},{"not_picked":["Meditate+1","Prostrate","SignatureMove+1"],"picked":"SKIP","floor":40},{"not_picked":["Vault","Protect+1"],"picked":"EmptyFist+1","floor":47},{"not_picked":["FollowUp","ThirdEye"],"picked":"Devotion+1","floor":54}],"player_experience":352793,"relics_obtained":[{"floor":12,"key":"Ornamental Fan"},{"floor":20,"key":"Nilry\u0027s Codex"},{"floor":23,"key":"Boot"},{"floor":26,"key":"Ancient Tea Set"},{"floor":28,"key":"FossilizedHelix"},{"floor":28,"key":"Frozen Egg 2"},{"floor":30,"key":"Blood Vial"},{"floor":40,"key":"Anchor"},{"floor":42,"key":"Calipers"},{"floor":43,"key":"Oddly Smooth Stone"},{"floor":47,"key":"Juzu Bracelet"},{"floor":54,"key":"Centennial Puzzle"}],"event_choices":[{"cards_removed":["Defend_P"],"damage_healed":0,"gold_gain":0,"player_choice":"Forget","damage_taken":0,"max_hp_gain":0,"max_hp_loss":0,"event_name":"Living Wall","floor":3,"gold_loss":0},{"damage_healed":0,"gold_gain":0,"player_choice":"Upgraded","damage_taken":0,"max_hp_gain":0,"max_hp_loss":0,"event_name":"Upgrade Shrine","floor":4,"gold_loss":0,"cards_upgraded":["Tantrum"]},{"damage_healed":0,"gold_gain":0,"player_choice":"Obtained Book","damage_taken":16,"max_hp_gain":0,"max_hp_loss":0,"event_name":"Cursed Tome","floor":20,"gold_loss":0},{"damage_healed":0,"gold_gain":0,"player_choice":"Simplicity","damage_taken":0,"max_hp_gain":0,"max_hp_loss":0,"event_name":"Back to Basics","floor":21,"gold_loss":0,"cards_upgraded":["Strike_P","Strike_P","Strike_P","Strike_P"]},{"damage_healed":0,"gold_gain":0,"player_choice":"Upgraded","damage_taken":0,"max_hp_gain":0,"max_hp_loss":0,"event_name":"Upgrade Shrine","floor":22,"gold_loss":0,"cards_upgraded":["Scrawl"]},{"damage_healed":0,"gold_gain":0,"player_choice":"Fight","damage_taken":0,"max_hp_gain":0,"max_hp_loss":0,"event_name":"Colosseum","floor":28,"gold_loss":0},{"damage_healed":0,"gold_gain":0,"player_choice":"Fought Nobs","damage_taken":0,"max_hp_gain":0,"max_hp_loss":0,"event_name":"Colosseum","floor":28,"gold_loss":0},{"damage_healed":0,"gold_gain":0,"player_choice":"Paid","damage_taken":0,"relics_obtained":["Red Mask"],"max_hp_gain":0,"max_hp_loss":0,"event_name":"Tomb of Lord Red Mask","floor":41,"gold_loss":119},{"damage_healed":0,"gold_gain":0,"player_choice":"Fight","damage_taken":0,"max_hp_gain":0,"max_hp_loss":0,"event_name":"Mysterious Sphere","floor":42,"gold_loss":0},{"damage_healed":0,"gold_gain":0,"player_choice":"Embrace Madness","damage_taken":9,"max_hp_gain":0,"max_hp_loss":0,"event_name":"Winding Halls","floor":46,"gold_loss":0,"cards_obtained":["Madness","Madness"]},{"damage_healed":0,"gold_gain":300,"player_choice":"Gold","damage_taken":0,"max_hp_gain":0,"max_hp_loss":0,"event_name":"Wheel of Change","floor":48,"gold_loss":0}],"is_beta":false,"boss_relics":[{"not_picked":["Runic Dome","Tiny House"],"picked":"Empty Cage"},{"not_picked":["Black Star","Fusion Hammer"],"picked":"SlaversCollar"}],"items_purged_floors":[19,39],"is_endless":false,"potions_floor_spawned":[2,11,13,16,23,27,37,47],"killed_by":"The Heart","ascension_level":0}}