{"host":"ooa7gbxz3ilj1hm6","time":1611555269,"event":{"mods":["BaseMod","Downfall","Minty Spire (QoL Compilation)","StSLib"],"gold_per_floor":[99,111,122,222,239,258,284,302,330,341,358,220,220,235,255,255,255,255],"floor_reached":16,"language":"ENG","playtime":912,"items_purged":["Slimebound:Strike_Slimebound"],"score":108,"play_id":"44563124-d8dd-4e6c-a54c-f20c9baaad80","local_time":"20210124231429","is_ascension_mode":false,"campfire_choices":[{"data":"Slimebound:Split","floor":1,"key":"SMITH"},{"floor":13,"key":"REST"}],"circlet_count":0,"master_deck":["Slimebound:Strike_Slimebound+1","Slimebound:Strike_Slimebound","Slimebound:Tackle","Slimebound:Defend_Slimebound","Slimebound:Defend_Slimebound","Slimebound:Defend_Slimebound","Slimebound:Defend_Slimebound","Slimebound:Split+1","Slimebound:CorrosiveSpit","Slimebound:ViciousTackle+1","Slimebound:FlameTackle","Slimebound:SlimeSpikes","Slimebound:GoopTackle","Slimebound:LivingWall","Slimebound:RollThrough","Slimebound:RollThrough"],"relics":["Slimebound:AbsorbEndCombat","Tiny Chest","Whetstone"],"acts_visited":["Exordium"],"potions_floor_usage":[],"damage_taken":[{"damage":3,"enemies":"Small Slimes","floor":2,"turns":4},{"damage":0,"enemies":"Cultist","floor":3,"turns":4},{"damage":11,"enemies":"Jaw Worm","floor":5,"turns":3},{"damage":23,"enemies":"Exordium Wildlife","floor":6,"turns":6},{"damage":14,"enemies":"3 Louse","floor":8,"turns":3},{"damage":20,"enemies":"Gremlin Nob","floor":9,"turns":3},{"damage":10,"enemies":"Large Slime","floor":10,"turns":6},{"damage":3,"enemies":"Red Slaver","floor":11,"turns":4},{"damage":1,"enemies":"downfall:FleeingMerchant","floor":12,"turns":4},{"damage":16,"enemies":"Exordium Thugs","floor":14,"turns":4},{"damage":1,"enemies":"3 Louse","floor":15,"turns":3},{"damage":31,"enemies":"SI_SHIV_ARCHETYPE","floor":16,"turns":10}],"seed_played":"4092141084570308784","potions_obtained":[{"floor":5,"key":"Slimebound:SpawnSlimePotion"},{"floor":10,"key":"Guardian:BlockOnCardUsePotion"},{"floor":11,"key":"Ancient Potion"},{"floor":14,"key":"Strength Potion"}],"is_trial":false,"path_per_floor":["R","M","M","?","M","M","T","M","E","M","M","$","R","M","M","B"],"character_chosen":"SLIMEBOUND","items_purchased":["Slimebound:RollThrough"],"campfire_rested":1,"item_purchase_floors":[12],"current_hp_per_floor":[71,71,71,71,62,39,39,29,13,11,10,9,30,16,23,0,0,0],"gold":255,"neow_bonus":"TEN_PERCENT_HP_BONUS","is_daily":false,"chose_seed":false,"campfire_upgraded":1,"win_rate":0.0,"timestamp":1611555269,"path_taken":["R","M","M","?","M","?","T","M","E","M","M","$","R","M","M","BOSS"],"items_purchased_type":["Card"],"build_version":"2020-12-22","purchased_purges":1,"victory":false,"max_hp_per_floor":[71,71,71,71,71,71,71,71,71,71,71,71,71,71,71,71,71,71],"card_choices":[{"not_picked":["Slimebound:LeechEnergy","Slimebound:FormOfPuddle"],"picked":"Slimebound:ViciousTackle","floor":2},{"not_picked":["Slimebound:GoopTackle","Slimebound:RejuvenatingLick"],"picked":"Slimebound:FlameTackle","floor":3},{"not_picked":["Slimebound:SlimeBarrage","Slimebound:LeechEnergy","Slimebound:DivideAndConquer"],"picked":"SKIP","floor":5},{"not_picked":["Slimebound:ServeAndProtect","Slimebound:RainOfGoop","Slimebound:Prepare"],"picked":"SKIP","floor":6},{"not_picked":["Slimebound:FlameTackle","Slimebound:LeechingTouch","Slimebound:ComboTackle"],"picked":"SKIP","floor":8},{"not_picked":["Slimebound:DivideAndConquer","Slimebound:FirmFortitude"],"picked":"Slimebound:SlimeSpikes","floor":9},{"not_picked":["Slimebound:Replication","Slimebound:HauntingLick"],"picked":"Slimebound:GoopTackle","floor":10},{"not_picked":["Slimebound:ComboTackle","Slimebound:SplitLeeching","Slimebound:Prepare"],"picked":"SKIP","floor":11},{"not_picked":["Slimebound:ServeAndProtect","Slimebound:GoopSpray"],"picked":"Slimebound:LivingWall","floor":12},{"not_picked":["Slimebound:Dissolve","Slimebound:SplitAcid","Slimebound:LeechEnergy"],"picked":"SKIP","floor":14},{"not_picked":["Slimebound:AcidTongue","Slimebound:LivingWall"],"picked":"Slimebound:RollThrough","floor":15}],"player_experience":24141,"relics_obtained":[{"floor":7,"key":"Tiny Chest"},{"floor":9,"key":"Whetstone"}],"event_choices":[],"is_beta":false,"boss_relics":[],"items_purged_floors":[12],"is_endless":false,"potions_floor_spawned":[5,10,11,14],"killed_by":"SI_SHIV_ARCHETYPE","ascension_level":0}}