{"host":"7eytxr1oawi6r5nr","time":1611577079,"event":{"mods":["BaseMod","Better Third Choice","Curses Come First","Dark Map","Hermit","Hubris","Ironclad Rager","Jorbs\u0027s Wanderer Trilogy","Minty Spire (QoL Compilation)","Permanent Neow","Quick Restart","Rare Cards Sparkle","Replay The Spire","Robot Space Explorer","StSLib","The Cursed","The Disciple","The Forsaken","The Marked","The Mystic","The Runesmith","UnlockEverythingMod","Wide Potions"],"gold_per_floor":[111,129,145,163,166,166,166,197,197,211,211,231,231,231,231,326,326,344,176,195,195,195,195,195],"floor_reached":23,"language":"ENG","playtime":1312,"items_purged":["Voices","Strike_R"],"score":229,"play_id":"03b231b4-edfe-4a96-acfc-ea2906095e81","local_time":"20210125121759","is_ascension_mode":true,"campfire_choices":[{"data":"True Grit","floor":6.0,"key":"SMITH"},{"data":"Fiend Fire","floor":11.0,"key":"SMITH"},{"floor":15.0,"key":"REST"}],"circlet_count":0,"master_deck":["Strike_R","Defend_R","Defend_R","Defend_R","Defend_R","Bash","Anger","Whirlwind","Power Through","ReplayReversal","True Grit+1","Evolve","Fiend Fire+1","ReplayTheSpireMod:Strike From Hell","Sentinel","Feed","Corruption","ReplayTheSpireMod:LeadingStrike","Seeing Red"],"relics":["Burning Blood","ReplayTheSpireMod:CursedCoin","hubris:AstralHammer","hubris:EvacipatedBox","ChewingGum","hubris:BottledHeart"],"acts_visited":["Exordium","TheCity"],"potions_floor_usage":[23,23],"damage_taken":[{"damage":7.0,"enemies":"Jaw Worm","floor":1.0,"turns":3.0},{"damage":6.0,"enemies":"Cultist","floor":2.0,"turns":3.0},{"damage":7.0,"enemies":"Small Slimes","floor":3.0,"turns":3.0},{"damage":2.0,"enemies":"Looter","floor":4.0,"turns":3.0},{"damage":29.0,"enemies":"Gremlin Nob","floor":8.0,"turns":5.0},{"damage":8.0,"enemies":"Blue Slaver","floor":10.0,"turns":4.0},{"damage":27.0,"enemies":"Gremlin Gang","floor":12.0,"turns":3.0},{"damage":12.0,"enemies":"Hexaghost","floor":16.0,"turns":5.0},{"damage":41.0,"enemies":"Spheric Guardian","floor":18.0,"turns":6.0},{"damage":10,"enemies":"Chosen","floor":20,"turns":8},{"damage":6,"enemies":"Book of Stabbing","floor":23,"turns":4}],"seed_played":"5433669018838983447","potions_obtained":[{"floor":1.0,"key":"GamblersBrew"},{"floor":8.0,"key":"SteroidPotion"},{"floor":14.0,"key":"Strength Potion"},{"floor":14.0,"key":"Reflective Coating"},{"floor":16.0,"key":"ColorlessPotion"}],"is_trial":false,"path_per_floor":["M","M","M","M","$","R","?","E","T","M","R","M","$","?","R","B",null,"M","$","M","?","?","E"],"character_chosen":"IRONCLAD","items_purchased":["ReplayTheSpireMod:CursedCoin","Evolve","Elixir","hubris:EvacipatedBox","Corruption"],"campfire_rested":1,"item_purchase_floors":[5,5,13,13,19],"current_hp_per_floor":[79,79,78,80,80,80,80,57,57,55,55,34,13,13,37,31,80,48,48,44,1,1,0,0],"gold":195,"neow_bonus":"THREE_CARDS","is_daily":false,"chose_seed":false,"campfire_upgraded":2,"win_rate":0.0,"timestamp":1611577079,"path_taken":["M","M","M","M","$","R","?","E","T","?","R","M","?","?","R","BOSS","M","$","M","?","?","E"],"items_purchased_type":["Relic","Card","Potion","Relic","Card"],"build_version":"2020-12-22","purchased_purges":2,"victory":false,"max_hp_per_floor":[80,80,80,80,80,80,80,80,80,80,80,80,80,80,80,80,80,83,83,83,1,1,1,1],"card_choices":[{"not_picked":["Rupture","Massacre"],"picked":"Anger","floor":0.0},{"not_picked":["Clash","Shockwave"],"picked":"Whirlwind","floor":1.0},{"not_picked":["Massacre","Run Through"],"picked":"Power Through","floor":2.0},{"not_picked":["Armaments","Body Slam"],"picked":"ReplayReversal","floor":3.0},{"not_picked":["Anger","Replay:Undeath\u0027s Touch"],"picked":"True Grit","floor":4.0},{"not_picked":["Evolve","Life Link"],"picked":"Fiend Fire","floor":8.0},{"not_picked":["Warcry","Havoc"],"picked":"ReplayTheSpireMod:Strike From Hell","floor":10.0},{"not_picked":["Twin Strike","Bloodletting"],"picked":"Sentinel","floor":12.0},{"not_picked":["Barricade","Hemogenesis"],"picked":"Feed","floor":16.0},{"not_picked":["Iron Wave","Dropkick+1","Clothesline+1"],"picked":"SKIP","floor":18.0},{"not_picked":["Flex","Heavy Blade","Clash"],"picked":"SKIP","floor":20}],"player_experience":189139,"relics_obtained":[{"floor":8.0,"key":"hubris:AstralHammer"}],"event_choices":[{"cards_removed":["Strike_R"],"damage_healed":0.0,"max_hp_gain":0.0,"max_hp_loss":0.0,"gold_gain":0.0,"event_name":"Purifier","player_choice":"Purged","floor":7.0,"gold_loss":0.0,"damage_taken":0.0},{"damage_healed":0.0,"max_hp_gain":0.0,"max_hp_loss":0.0,"gold_gain":0.0,"event_name":"Lab","player_choice":"Got Potions","floor":14.0,"gold_loss":0.0,"damage_taken":0.0},{"damage_healed":0,"gold_gain":0,"cards_transformed":["Strike_R","Strike_R"],"player_choice":"Became Test Subject","damage_taken":0,"max_hp_gain":0,"max_hp_loss":0,"event_name":"Drug Dealer","floor":22,"gold_loss":0,"cards_obtained":["ReplayTheSpireMod:LeadingStrike","Seeing Red"]}],"is_beta":false,"boss_relics":[{"not_picked":["theForsaken:PaleLantern","Runic Cube","hubris:TerracottaHorce"],"picked":"ChewingGum"}],"items_purged_floors":[5,19],"is_endless":false,"potions_floor_spawned":[1,8,16,18,20],"killed_by":"Book of Stabbing","ascension_level":4}}