{"host":"nia1zwr35jsu5y7h","time":1611539230,"event":{"mods":["2.2 Compatiblity","Abigail Mod","Bard","BaseMod","Colored Map","Conspire","Downfall","Friendly Minions","Hermit","Highlight Path","Hubris","Infinite Spire","Kiyohime????","Koishi","Marisa????????","Minty Spire (QoL Compilation)","Quick Restart","Replay The Spire","Shade Mod","Shop Mod","StSLib","The Administrix","The Animator","The Construct","The Cursed","The Disciple","The Mystic","The Necromancer","The Servant 0.9.4"],"gold_per_floor":[118,118,128,128,203,203,203,258,330,330,380,392,392,392],"floor_reached":13,"language":"ENG","playtime":616,"items_purged":[],"score":121,"play_id":"8db6c538-2b70-4bd8-be52-7883daf2fe49","local_time":"20210124174710","is_ascension_mode":true,"campfire_choices":[{"data":"animator:Aisha","floor":6,"key":"SMITH"},{"data":"animator:Shizu","floor":10,"key":"SMITH"}],"circlet_count":0,"master_deck":["animator:Strike_Katanagatari","animator:Defend_Katanagatari","animator:Strike","animator:Strike","animator:Defend","animator:Defend","animator:Defend","animator:Azekura","animator:Emonzaemon","animator:Gilgamesh+3","animator:YunYun+1","animator:Aisha+1","animator:DolaRiku","hubris:Sloth","animator:MisaKurobane","animator:Shizu+1","animator:KyokoSakura","animator:Benimaru"],"relics":["animator:LivingPicture","animator:TheMissingPiece","animator:PurgingStone","Strawberry","Orichalcum","hubris:Spice"],"acts_visited":[],"potions_floor_usage":[13],"damage_taken":[{"damage":0,"enemies":"Small Slimes","floor":1,"turns":3},{"damage":1,"enemies":"Cultist","floor":3,"turns":3},{"damage":22,"enemies":"Lagavulin","floor":8,"turns":9},{"damage":30,"enemies":"Gremlin Nob","floor":11,"turns":5},{"damage":1,"enemies":"Jaw Worm","floor":12,"turns":2},{"damage":18,"enemies":"3 Sentries","floor":13,"turns":4}],"seed_played":"6781935943986543125","potions_obtained":[{"floor":8,"key":"Fire Potion"},{"floor":12,"key":"Elixir"}],"is_trial":false,"path_per_floor":["M","?","M","?","?","R","?","E","T","R","E","M","E"],"character_chosen":"THE_ANIMATOR","items_purchased":[],"campfire_rested":0,"item_purchase_floors":[],"current_hp_per_floor":[66,66,65,65,54,54,54,39,39,39,17,16,0,0],"gold":392,"neow_bonus":"ONE_RANDOM_RARE_CARD","is_daily":false,"chose_seed":false,"campfire_upgraded":2,"win_rate":0.0,"timestamp":1611539230,"path_taken":["M","?","?","?","?","R","?","E","T","R","E","M","E"],"items_purchased_type":[],"build_version":"2020-12-22","purchased_purges":0,"victory":false,"max_hp_per_floor":[66,66,66,66,66,66,66,73,73,73,81,81,81,81],"card_choices":[{"not_picked":["animator:Spearman","animator:Chung"],"picked":"animator:YunYun","floor":1},{"not_picked":["animator:Lu","animator:DolaStephanie"],"picked":"animator:Aisha","floor":3},{"not_picked":["animator:Priestess","animator:Lancer"],"picked":"animator:Shizu","floor":8},{"not_picked":["animator:YuiTsuruno","animator:IrohaTamaki"],"picked":"animator:KyokoSakura","floor":11},{"not_picked":["animator:YuiTsuruno","animator:DwarfShaman"],"picked":"animator:Benimaru","floor":12}],"player_experience":2254929,"relics_obtained":[{"floor":8,"key":"Strawberry"},{"floor":9,"key":"Orichalcum"},{"floor":11,"key":"hubris:Spice"}],"event_choices":[{"damage_healed":0,"gold_gain":0,"player_choice":"Upgraded","damage_taken":0,"max_hp_gain":0,"max_hp_loss":0,"event_name":"Upgrade Shrine","floor":2,"gold_loss":0,"cards_upgraded":["animator:YunYun"]},{"damage_healed":0,"gold_gain":0,"cards_transformed":["animator:Strike"],"player_choice":"Change","damage_taken":0,"max_hp_gain":0,"max_hp_loss":0,"event_name":"Living Wall","floor":4,"gold_loss":0,"cards_obtained":["animator:DolaRiku"]},{"damage_healed":0,"gold_gain":75,"player_choice":"Gather Gold","damage_taken":11,"max_hp_gain":0,"max_hp_loss":0,"event_name":"World of Goop","floor":5,"gold_loss":0},{"damage_healed":0,"gold_gain":0,"player_choice":"2 cards matched","damage_taken":0,"max_hp_gain":0,"max_hp_loss":0,"event_name":"Match and Keep!","floor":7,"gold_loss":0,"cards_obtained":["hubris:Sloth","animator:MisaKurobane"]}],"is_beta":false,"boss_relics":[],"items_purged_floors":[],"is_endless":false,"potions_floor_spawned":[8,12],"killed_by":"3 Sentries","ascension_level":1}}