{"host":"qxt9611uhnemh1bn","time":1611542010,"event":{"mods":["BaseMod","Minty Spire (QoL Compilation)","StSLib"],"gold_per_floor":[113,39,39,39,39,39,64,64,64,14,26,26,43,61,61,162,162,174,188,68,80,95,95,110,127,127,127,127],"floor_reached":27,"language":"ENG","playtime":789,"items_purged":[],"score":215,"play_id":"3d4da4fb-ff20-4404-9250-7e2a16ad59a6","local_time":"20210124203330","is_ascension_mode":false,"campfire_choices":[{"data":"Whirlwind","floor":6,"key":"SMITH"},{"data":"Dropkick","floor":12,"key":"SMITH"},{"data":"Armaments","floor":15,"key":"SMITH"},{"data":"Limit Break","floor":23,"key":"SMITH"}],"circlet_count":0,"master_deck":["Strike_R","Strike_R","Strike_R","Strike_R","Strike_R","Defend_R+1","Defend_R+1","Defend_R","Defend_R","Bash+1","Whirlwind+1","Metallicize+1","Pommel Strike","Cleave","Dropkick+1","Armaments+1","Evolve","Limit Break+1","Flex","Twin Strike","Spot Weakness","Seeing Red","Armaments+1","Flame Barrier+1"],"relics":["Burning Blood","Magic Flower","Du-Vu Doll","Busted Crown","Bronze Scales"],"acts_visited":["Exordium","TheCity"],"potions_floor_usage":[16,16,21,24],"damage_taken":[{"damage":0,"enemies":"Small Slimes","floor":1,"turns":3},{"damage":19,"enemies":"Gremlin Nob","floor":7,"turns":4},{"damage":0,"enemies":"2 Louse","floor":11,"turns":1},{"damage":11,"enemies":"Jaw Worm","floor":13,"turns":2},{"damage":6,"enemies":"Blue Slaver","floor":14,"turns":3},{"damage":46,"enemies":"Hexaghost","floor":16,"turns":10},{"damage":34,"enemies":"Spheric Guardian","floor":18,"turns":6},{"damage":5,"enemies":"3 Byrds","floor":19,"turns":4},{"damage":38,"enemies":"Shelled Parasite and Fungi","floor":21,"turns":6},{"damage":7,"enemies":"Cultist and Chosen","floor":22,"turns":7},{"damage":9,"enemies":"Chosen and Byrds","floor":24,"turns":5},{"damage":14,"enemies":"Centurion and Healer","floor":25,"turns":6},{"damage":21,"enemies":"Gremlin Leader","floor":27,"turns":4}],"seed_played":"-8158024628579986432","potions_obtained":[{"floor":1,"key":"Strength Potion"},{"floor":7,"key":"Swift Potion"},{"floor":11,"key":"SmokeBomb"},{"floor":19,"key":"Block Potion"},{"floor":22,"key":"Energy Potion"},{"floor":24,"key":"FairyPotion"}],"is_trial":false,"path_per_floor":["M","$","?","?","?","R","E","$","T","$","M","R","M","M","R","B",null,"M","M","$","M","M","R","M","M","T","E"],"character_chosen":"IRONCLAD","items_purchased":["Metallicize","Cleave","Spot Weakness","Seeing Red"],"campfire_rested":0,"item_purchase_floors":[2,10,20,20],"current_hp_per_floor":[80,80,64,69,69,69,56,56,56,56,65,65,63,66,66,29,85,60,64,64,35,37,37,37,32,32,11,11],"gold":127,"neow_bonus":"UPGRADE_CARD","is_daily":false,"chose_seed":false,"campfire_upgraded":4,"win_rate":0.0,"timestamp":1611542010,"path_taken":["M","$","?","?","?","R","E","$","T","?","M","R","M","?","R","BOSS","M","M","$","M","M","R","M","M","T","E"],"items_purchased_type":["Card","Card","Card","Card"],"build_version":"2020-12-22","purchased_purges":0,"victory":false,"max_hp_per_floor":[80,80,80,85,85,85,85,85,85,85,85,85,85,85,85,85,85,85,85,85,85,85,85,85,85,85,85,85],"card_choices":[{"not_picked":["Iron Wave","Blood for Blood"],"picked":"Whirlwind","floor":1},{"not_picked":["Body Slam","Anger"],"picked":"Pommel Strike","floor":7},{"not_picked":["True Grit","Power Through"],"picked":"Dropkick","floor":11},{"not_picked":["Anger","Ghostly Armor"],"picked":"Armaments","floor":13},{"not_picked":["Wild Strike","Flex"],"picked":"Evolve","floor":14},{"not_picked":["Offering","Corruption"],"picked":"Limit Break","floor":16},{"not_picked":[],"picked":"Flex","floor":18},{"not_picked":[],"picked":"Twin Strike","floor":19},{"not_picked":[],"picked":"Armaments+1","floor":21},{"not_picked":["Blood for Blood"],"picked":"SKIP","floor":22},{"not_picked":[],"picked":"Flame Barrier+1","floor":24},{"not_picked":["Infernal Blade"],"picked":"SKIP","floor":25}],"player_experience":215136,"relics_obtained":[{"floor":7,"key":"Magic Flower"},{"floor":9,"key":"Du-Vu Doll"},{"floor":26,"key":"Bronze Scales"}],"event_choices":[{"damage_healed":0,"gold_gain":0,"player_choice":"Entered Light","damage_taken":16,"max_hp_gain":0,"max_hp_loss":0,"event_name":"Shining Light","floor":3,"gold_loss":0,"cards_upgraded":["Defend_R","Defend_R"]},{"damage_healed":0,"gold_gain":0,"player_choice":"Donut","damage_taken":0,"max_hp_gain":5,"max_hp_loss":0,"event_name":"Big Fish","floor":4,"gold_loss":0},{"damage_healed":0,"gold_gain":0,"player_choice":"Grow","damage_taken":0,"max_hp_gain":0,"max_hp_loss":0,"event_name":"Living Wall","floor":5,"gold_loss":0,"cards_upgraded":["Metallicize"]}],"is_beta":false,"boss_relics":[{"not_picked":["Philosopher\u0027s Stone","SacredBark"],"picked":"Busted Crown"}],"items_purged_floors":[],"is_endless":false,"potions_floor_spawned":[1,7,11,19,22,24],"killed_by":"Gremlin Leader","ascension_level":0}}