{"host":"aqym1xxr3lb31d9m","time":1611576464,"event":{"mods":["BaseMod","Block Reminder","Colored Map","Colored Powertips","DeckTracker","Highlight Path","Minty Spire (QoL Compilation)","Quick Restart","Random Character Button","StSLib","SuperFastMode","UnlockEverythingMod"],"gold_per_floor":[319,319,333,351,276,276,326,357,380,380,396,396,396,425,425,500,500,516,526,526,526],"floor_reached":20,"language":"JPN","playtime":656,"items_purged":[],"score":364,"play_id":"326d910d-d258-47e7-bef7-2eaa0d864a72","local_time":"20210125210744","is_ascension_mode":true,"campfire_choices":[{"data":"Sunder","floor":6,"key":"SMITH"},{"data":"Beam Cell","floor":10,"key":"SMITH"},{"data":"Defragment","floor":12,"key":"SMITH"},{"data":"Consume","floor":15,"key":"SMITH"}],"circlet_count":0,"master_deck":["AscendersBane","Strike_B","Strike_B","Strike_B","Defend_B","Defend_B","Defend_B+1","Defend_B","Zap","Dualcast+1","Compile Driver","Sunder+1","Defragment+1","Beam Cell+1","Hello World","Consume+1","Hyperbeam","Double Energy"],"relics":["Cracked Core","Old Coin","War Paint","Dream Catcher","Orichalcum","Oddly Smooth Stone","Inserter"],"acts_visited":["Exordium","TheCity"],"potions_floor_usage":[8],"damage_taken":[{"damage":4,"enemies":"Small Slimes","floor":1,"turns":4},{"damage":1,"enemies":"Cultist","floor":3,"turns":3},{"damage":0,"enemies":"2 Louse","floor":4,"turns":2},{"damage":7,"enemies":"3 Sentries","floor":8,"turns":4},{"damage":1,"enemies":"Looter","floor":11,"turns":2},{"damage":2,"enemies":"Gremlin Nob","floor":14,"turns":3},{"damage":15,"enemies":"The Guardian","floor":16,"turns":12},{"damage":21,"enemies":"Chosen","floor":18,"turns":5},{"damage":20,"enemies":"Shell Parasite","floor":19,"turns":5},{"damage":31,"enemies":"Sentry and Sphere","floor":20,"turns":3}],"seed_played":"122370523868906370","potions_obtained":[{"floor":4,"key":"LiquidMemories"},{"floor":8,"key":"Swift Potion"},{"floor":13,"key":"CultistPotion"},{"floor":13,"key":"Weak Potion"}],"is_trial":false,"path_per_floor":["M","?","M","M","?","R","?","E","T","R","M","R","?","E","R","B",null,"M","M","M"],"character_chosen":"DEFECT","items_purchased":[],"campfire_rested":0,"item_purchase_floors":[],"current_hp_per_floor":[60,60,59,59,59,59,59,52,52,52,51,51,51,49,49,34,62,41,21,0,0],"gold":526,"neow_bonus":"ONE_RARE_RELIC","is_daily":false,"chose_seed":false,"campfire_upgraded":4,"win_rate":0.0,"timestamp":1611576464,"path_taken":["M","?","M","?","?","R","?","E","T","R","?","R","?","E","R","BOSS","M","M","?"],"items_purchased_type":[],"build_version":"2020-12-22","purchased_purges":0,"victory":false,"max_hp_per_floor":[71,71,71,71,71,71,71,71,71,71,71,71,71,71,71,71,71,71,71,71,71],"card_choices":[{"not_picked":["Auto Shields","Self Repair"],"picked":"Compile Driver","floor":1},{"not_picked":["Ball Lightning","Coolheaded"],"picked":"Sunder","floor":3},{"not_picked":["Stack","Sweeping Beam"],"picked":"Defragment","floor":4},{"not_picked":["Stack","Loop"],"picked":"Beam Cell","floor":8},{"not_picked":["Barrage","Conserve Battery"],"picked":"Hello World","floor":11},{"not_picked":["Streamline","Ball Lightning"],"picked":"Consume","floor":14},{"not_picked":["Machine Learning","Creative AI"],"picked":"Hyperbeam","floor":16},{"not_picked":["Static Discharge","Redo","Beam Cell"],"picked":"SKIP","floor":18},{"not_picked":["Leap","Beam Cell"],"picked":"Double Energy","floor":19}],"player_experience":4056313,"relics_obtained":[{"floor":2,"key":"War Paint"},{"floor":8,"key":"Dream Catcher"},{"floor":9,"key":"Orichalcum"},{"floor":14,"key":"Oddly Smooth Stone"}],"event_choices":[{"damage_healed":0,"gold_gain":0,"player_choice":"Relic","damage_taken":0,"max_hp_gain":0,"max_hp_loss":0,"event_name":"Wheel of Change","floor":2,"gold_loss":0},{"cards_removed":["Strike_B"],"damage_healed":0,"gold_gain":0,"player_choice":"Card Removal","damage_taken":0,"max_hp_gain":0,"max_hp_loss":0,"event_name":"The Cleric","floor":5,"gold_loss":75},{"damage_healed":0,"gold_gain":50,"player_choice":"Pray","damage_taken":0,"max_hp_gain":0,"max_hp_loss":0,"event_name":"Golden Shrine","floor":7,"gold_loss":0},{"damage_healed":0,"gold_gain":0,"player_choice":"Got Potions","damage_taken":0,"max_hp_gain":0,"max_hp_loss":0,"event_name":"Lab","floor":13,"gold_loss":0}],"is_beta":false,"boss_relics":[{"not_picked":["SlaversCollar","Philosopher\u0027s Stone"],"picked":"Inserter"}],"items_purged_floors":[],"is_endless":false,"potions_floor_spawned":[4,8,14],"killed_by":"Sentry and Sphere","ascension_level":20}}