{"host":"hwrdjx5eod2cxh09","time":1611583383,"event":{"mods":["AchievementEnabler","BaseMod","Bestiary","Minty Spire (QoL Compilation)","Relic Stats"],"gold_per_floor":[115,126,136,136,159,203,203,18,93,93,106,106,121,134,134,263,263,284,159,159,175,194,235,255,271,271,181,216,241,255,279,279,405,405,426,426,444,463,484,517,517,548,560,381,444,329,329,350,350,350],"floor_reached":51,"language":"ENG","playtime":2418,"items_purged":["Strike_R","Strike_R","Strike_R","Defend_R"],"score":930,"play_id":"84bf7541-bba5-4154-a81e-8f5830777f24","local_time":"20210125230303","is_ascension_mode":false,"campfire_choices":[{"data":"Body Slam","floor":7.0,"key":"SMITH"},{"data":"Armaments","floor":12.0,"key":"SMITH"},{"floor":15.0,"key":"DIG"},{"floor":32.0,"key":"DIG"},{"data":"Body Slam","floor":41.0,"key":"SMITH"},{"floor":47,"key":"DIG"},{"floor":49,"key":"REST"}],"circlet_count":0,"master_deck":["Defend_R","Defend_R","Defend_R","Bash","Body Slam+1","Clash","Clothesline","Armaments+1","Shrug It Off+1","True Grit+1","Body Slam+1","Pommel Strike","Shrug It Off+1","Shrug It Off+1","Shrug It Off+1","Shrug It Off"],"relics":["Burning Blood","Ancient Tea Set","Golden Idol","Shovel","Membership Card","StrikeDummy","Oddly Smooth Stone","Cursed Key","Bird Faced Urn","HornCleat","Pear","Runic Cube","Orichalcum","MawBank","Pantograph","Incense Burner","Frozen Egg 2"],"acts_visited":["Exordium","TheCity","TheBeyond"],"potions_floor_usage":[50,50,50],"damage_taken":[{"damage":9.0,"enemies":"Small Slimes","floor":1.0,"turns":3.0},{"damage":5.0,"enemies":"Jaw Worm","floor":2.0,"turns":4.0},{"damage":1.0,"enemies":"Cultist","floor":3.0,"turns":3.0},{"damage":11.0,"enemies":"Lots of Slimes","floor":5.0,"turns":5.0},{"damage":38.0,"enemies":"3 Sentries","floor":6.0,"turns":10.0},{"damage":0.0,"enemies":"3 Louse","floor":11.0,"turns":2.0},{"damage":11.0,"enemies":"Red Slaver","floor":13.0,"turns":4.0},{"damage":0.0,"enemies":"Lots of Slimes","floor":14.0,"turns":4.0},{"damage":22.0,"enemies":"The Guardian","floor":16.0,"turns":11.0},{"damage":12.0,"enemies":"Spheric Guardian","floor":18.0,"turns":4.0},{"damage":0.0,"enemies":"2 Thieves","floor":21.0,"turns":4.0},{"damage":0.0,"enemies":"Centurion and Healer","floor":22.0,"turns":7.0},{"damage":0.0,"enemies":"Book of Stabbing","floor":23.0,"turns":6.0},{"damage":11.0,"enemies":"Snake Plant","floor":24.0,"turns":4.0},{"damage":24.0,"enemies":"Shelled Parasite and Fungi","floor":25.0,"turns":5.0},{"damage":12.0,"enemies":"Gremlin Leader","floor":28.0,"turns":8.0},{"damage":0.0,"enemies":"3 Cultists","floor":29.0,"turns":5.0},{"damage":0.0,"enemies":"Snecko","floor":30.0,"turns":4.0},{"damage":0.0,"enemies":"Centurion and Healer","floor":31.0,"turns":6.0},{"damage":71.0,"enemies":"Collector","floor":33.0,"turns":12.0},{"damage":2.0,"enemies":"3 Darklings","floor":35.0,"turns":7.0},{"damage":0.0,"enemies":"3 Shapes","floor":37.0,"turns":3.0},{"damage":2.0,"enemies":"Writhing Mass","floor":38.0,"turns":9.0},{"damage":2.0,"enemies":"Spire Growth","floor":39.0,"turns":5.0},{"damage":32.0,"enemies":"Reptomancer","floor":40.0,"turns":10.0},{"damage":7.0,"enemies":"Nemesis","floor":42.0,"turns":7.0},{"damage":0,"enemies":"Mind Bloom Boss Battle","floor":45,"turns":6},{"damage":31,"enemies":"4 Shapes","floor":48,"turns":6},{"damage":0,"enemies":"Donu and Deca","floor":50,"turns":10}],"seed_played":"-8622067386068567523","potions_obtained":[{"floor":2.0,"key":"Strength Potion"},{"floor":6.0,"key":"DistilledChaos"},{"floor":16.0,"key":"SpeedPotion"},{"floor":18.0,"key":"GamblersBrew"},{"floor":24.0,"key":"Fruit Juice"},{"floor":25.0,"key":"FearPotion"},{"floor":28.0,"key":"ElixirPotion"},{"floor":31.0,"key":"SteroidPotion"},{"floor":48,"key":"Dexterity Potion"}],"is_trial":false,"path_per_floor":["M","M","M","?","M","E","R","$","T","?","M","R","M","M","R","B",null,"M","$","?","M","M","E","M","M","T","?","E","M","M","M","R","B",null,"M","?","M","M","M","E","R","E","T","$","?","$","R","M","R","B",null],"character_chosen":"IRONCLAD","items_purchased":["Membership Card","Shrug It Off","CultistPotion","Pantograph","DuplicationPotion"],"campfire_rested":1,"item_purchase_floors":[8,19,19,44,46],"current_hp_per_floor":[77,78,80,74,69,37,37,37,37,37,43,43,38,44,44,28,74,68,68,68,74,74,74,74,56,56,56,50,56,62,68,78,13,89,89,89,89,89,89,63,63,62,62,62,89,89,89,64,89,89],"gold":350,"neow_bonus":"RANDOM_COMMON_RELIC","is_daily":false,"chose_seed":false,"campfire_upgraded":3,"win_rate":0.0,"timestamp":1611583383,"path_taken":["M","M","M","?","M","E","R","$","T","?","M","R","M","M","R","BOSS","M","$","?","M","M","E","?","M","T","?","E","M","?","?","R","BOSS","M","?","M","M","?","E","R","E","T","$","?","$","R","M","R","BOSS"],"items_purchased_type":["Relic","Card","Potion","Relic","Potion"],"build_version":"2020-12-22","purchased_purges":4,"victory":true,"max_hp_per_floor":[80,80,80,74,74,74,74,74,74,74,74,74,74,74,74,74,74,74,74,74,74,74,74,79,79,79,79,79,79,79,79,89,89,89,89,89,89,89,89,89,89,89,89,89,89,89,89,89,89,89],"relic_stats":{"Shovel":3,"counters":[29,174],"Golden Idol":193,"Bird Faced Urn":[0],"Pantograph":25,"Orichalcum":[6],"Cursed Key":0,"MawBank":24,"obtain_stats":[{"Pear":32,"Golden Idol":4,"Oddly Smooth Stone":15,"Incense Burner":45,"Orichalcum":40,"Frozen Egg 2":47,"Ancient Tea Set":0,"Cursed Key":17,"MawBank":42,"Burning Blood":0,"Shovel":6,"HornCleat":28,"Bird Faced Urn":23,"Pantograph":44,"Membership Card":8,"StrikeDummy":9,"Runic Cube":34},{"Pear":19,"Golden Idol":3,"Oddly Smooth Stone":8,"Incense Burner":27,"Orichalcum":25,"Frozen Egg 2":27,"Ancient Tea Set":0,"Cursed Key":9,"MawBank":26,"Burning Blood":0,"Shovel":5,"HornCleat":16,"Bird Faced Urn":13,"Pantograph":26,"Membership Card":5,"StrikeDummy":5,"Runic Cube":20},{"Pear":99,"Golden Idol":10,"Oddly Smooth Stone":35,"Incense Burner":158,"Orichalcum":145,"Frozen Egg 2":158,"Ancient Tea Set":0,"Cursed Key":46,"MawBank":152,"Burning Blood":0,"Shovel":25,"HornCleat":84,"Bird Faced Urn":67,"Pantograph":152,"Membership Card":25,"StrikeDummy":25,"Runic Cube":111}],"Burning Blood":131,"Runic Cube":[9]},"card_choices":[{"not_picked":["Cleave","Sword Boomerang"],"picked":"Body Slam","floor":1.0},{"not_picked":["Whirlwind","Flex"],"picked":"Clash","floor":2.0},{"not_picked":["Reckless Charge","Flex"],"picked":"Clothesline","floor":3.0},{"not_picked":["Blood for Blood","Dropkick","Heavy Blade"],"picked":"SKIP","floor":5.0},{"not_picked":["Reaper","Reckless Charge"],"picked":"Armaments","floor":6.0},{"not_picked":["Twin Strike","Metallicize","Perfected Strike"],"picked":"SKIP","floor":11.0},{"not_picked":["Headbutt","Twin Strike","Evolve"],"picked":"SKIP","floor":13.0},{"not_picked":["Carnage","Second Wind","Entrench"],"picked":"SKIP","floor":14.0},{"not_picked":["Thunderclap","Dark Embrace","Headbutt"],"picked":"SKIP","floor":18.0},{"not_picked":["Sever Soul","Flex"],"picked":"True Grit+1","floor":21.0},{"not_picked":["Fiend Fire","Dark Embrace+1","Warcry"],"picked":"SKIP","floor":22.0},{"not_picked":["Anger+1","Brutality","Flex"],"picked":"SKIP","floor":23.0},{"not_picked":["Iron Wave","Clash+1","Wild Strike"],"picked":"SKIP","floor":24.0},{"not_picked":["Berserk","Havoc+1","Dark Embrace"],"picked":"SKIP","floor":25.0},{"not_picked":["Headbutt","Perfected Strike"],"picked":"Body Slam","floor":28.0},{"not_picked":["Headbutt","Fire Breathing"],"picked":"Pommel Strike","floor":29.0},{"not_picked":["Limit Break","Headbutt","Perfected Strike+1"],"picked":"SKIP","floor":30.0},{"not_picked":["Armaments","Perfected Strike+1","Headbutt"],"picked":"SKIP","floor":31.0},{"not_picked":["Inflame+1","Sword Boomerang+1"],"picked":"Shrug It Off+1","floor":35.0},{"not_picked":["Pommel Strike+1","Anger","Flex+1"],"picked":"SKIP","floor":37.0},{"not_picked":["Havoc+1","Clothesline+1"],"picked":"Shrug It Off+1","floor":38.0},{"not_picked":["Headbutt","Clash+1","Wild Strike"],"picked":"SKIP","floor":39.0},{"not_picked":["Warcry","Seeing Red"],"picked":"Shrug It Off","floor":40.0},{"not_picked":["Pommel Strike","Sword Boomerang","Iron Wave+1"],"picked":"SKIP","floor":42.0},{"not_picked":["Power Through","Intimidate","Wild Strike+1"],"picked":"SKIP","floor":48}],"player_experience":300024,"relics_obtained":[{"floor":6.0,"key":"Shovel"},{"floor":9.0,"key":"StrikeDummy"},{"floor":15.0,"key":"Oddly Smooth Stone"},{"floor":23.0,"key":"Bird Faced Urn"},{"floor":28.0,"key":"HornCleat"},{"floor":32.0,"key":"Pear"},{"floor":40.0,"key":"Orichalcum"},{"floor":42.0,"key":"MawBank"},{"floor":45,"key":"Incense Burner"},{"floor":47,"key":"Frozen Egg 2"}],"event_choices":[{"damage_healed":0.0,"max_hp_gain":0.0,"max_hp_loss":6.0,"gold_gain":0.0,"event_name":"Golden Idol","player_choice":"Lose Max HP","floor":4.0,"gold_loss":0.0,"damage_taken":0.0,"relics_obtained":["Golden Idol"]},{"damage_healed":0.0,"max_hp_gain":0.0,"max_hp_loss":0.0,"gold_gain":0.0,"event_name":"Match and Keep!","player_choice":"0 cards matched","floor":10.0,"gold_loss":0.0,"damage_taken":0.0,"cards_obtained":[]},{"cards_removed":["Strike_R"],"damage_healed":0.0,"max_hp_gain":0.0,"max_hp_loss":0.0,"gold_gain":0.0,"event_name":"Bonfire Elementals","player_choice":"Offered Basic","floor":20.0,"gold_loss":0.0,"damage_taken":0.0},{"cards_removed":["Strike_R"],"damage_healed":0.0,"max_hp_gain":0.0,"max_hp_loss":0.0,"gold_gain":0.0,"event_name":"Designer","player_choice":"Upgrade and Remove","floor":27.0,"gold_loss":90.0,"damage_taken":0.0,"cards_upgraded":["Shrug It Off"]},{"damage_healed":0.0,"max_hp_gain":0.0,"max_hp_loss":0.0,"gold_gain":0.0,"event_name":"Duplicator","player_choice":"Copied","floor":36.0,"gold_loss":0.0,"damage_taken":0.0,"cards_obtained":["Shrug It Off"]},{"damage_healed":0,"gold_gain":0,"player_choice":"Fight","damage_taken":0,"max_hp_gain":0,"max_hp_loss":0,"event_name":"MindBloom","floor":45,"gold_loss":0}],"is_beta":false,"boss_relics":[{"not_picked":["Philosopher\u0027s Stone","Snecko Eye"],"picked":"Cursed Key"},{"not_picked":["Pandora\u0027s Box","Runic Dome"],"picked":"Runic Cube"}],"items_purged_floors":[8,19,44,46],"is_endless":false,"potions_floor_spawned":[2,6,16,18,24,25,28,31,35,38,40,48],"ascension_level":0}}