{"host":"fnk117zi8wf5078t","time":1611584335,"event":{"mods":["AchievementEnabler","BaseMod","Colored Map","Minty Spire (QoL Compilation)","Rare Cards Sparkle","SuperFastMode","everything is the same but u backflip on backflip"],"gold_per_floor":[114,114,114,128,138,138,151,169,196,209,21,21,21,21,21,122,122,140,66,0,0,14,14,30,59,71,83,106,118,130,161,173,185,185],"floor_reached":33,"language":"KOR","playtime":854,"items_purged":[],"score":461,"play_id":"3d6dd241-99d9-4bfe-8ece-f73f73cf1d01","local_time":"20210125231855","is_ascension_mode":true,"campfire_choices":[{"data":"Rip and Tear","floor":6.0,"key":"SMITH"},{"floor":12.0,"key":"REST"},{"data":"Static Discharge","floor":15.0,"key":"SMITH"},{"floor":23,"key":"REST"},{"floor":27,"key":"REST"},{"floor":30,"key":"REST"},{"floor":32,"key":"REST"}],"circlet_count":0,"master_deck":["AscendersBane","Strike_B+1","Strike_B","Defend_B","Defend_B","Zap","Dualcast","Scrape","Tempest","Rip and Tear+1","Sweeping Beam+1","FTL","BootSequence","Defragment","Static Discharge+1","Echo Form","Skim","Electrodynamics","Melter","White Noise","Decay","Machine Learning+1"],"relics":["Cracked Core","Mango","DataDisk","Tiny Chest","Pen Nib","Empty Cage","Whetstone","MawBank","Frozen Egg 2"],"acts_visited":["Exordium","TheCity"],"potions_floor_usage":[24,25,33],"damage_taken":[{"damage":0.0,"enemies":"Small Slimes","floor":1.0,"turns":3.0},{"damage":6.0,"enemies":"2 Louse","floor":4.0,"turns":2.0},{"damage":1.0,"enemies":"Cultist","floor":5.0,"turns":3.0},{"damage":11.0,"enemies":"Blue Slaver","floor":7.0,"turns":3.0},{"damage":17.0,"enemies":"Exordium Thugs","floor":8.0,"turns":3.0},{"damage":1.0,"enemies":"Looter","floor":10.0,"turns":2.0},{"damage":0.0,"enemies":"Slime Boss","floor":16.0,"turns":5.0},{"damage":11,"enemies":"Spheric Guardian","floor":18,"turns":3},{"damage":23,"enemies":"Shell Parasite","floor":22,"turns":3},{"damage":25,"enemies":"Snecko","floor":24,"turns":4},{"damage":34,"enemies":"Gremlin Leader","floor":25,"turns":3},{"damage":14,"enemies":"Snake Plant","floor":28,"turns":3},{"damage":28,"enemies":"Sentry and Sphere","floor":31,"turns":4},{"damage":51,"enemies":"Collector","floor":33,"turns":3}],"seed_played":"-1053226132010195560","potions_obtained":[{"floor":1.0,"key":"FocusPotion"},{"floor":5.0,"key":"Fire Potion"},{"floor":10.0,"key":"Energy Potion"},{"floor":16.0,"key":"DuplicationPotion"},{"floor":25,"key":"FearPotion"}],"is_trial":false,"path_per_floor":["M","?","?","M","M","R","M","M","T","M","$","R","?","$","R","B",null,"M","$","?","T","M","R","M","E","T","R","M","?","R","M","R","B"],"character_chosen":"DEFECT","items_purchased":["Tiny Chest","Static Discharge","Electrodynamics"],"campfire_rested":5,"item_purchase_floors":[11,11,19],"current_hp_per_floor":[82,75,75,69,68,68,57,40,40,39,39,63,63,63,63,63,77,66,66,66,66,43,67,42,8,8,32,18,18,42,14,38,0,0],"gold":185,"neow_bonus":"ONE_RARE_RELIC","is_daily":false,"chose_seed":false,"campfire_upgraded":2,"win_rate":0.0,"timestamp":1611584335,"path_taken":["M","?","?","M","M","R","M","M","T","?","$","R","?","?","R","BOSS","M","$","?","?","M","R","M","E","T","R","M","?","R","M","R","BOSS"],"items_purchased_type":["Relic","Card","Card"],"build_version":"2020-12-22","purchased_purges":0,"victory":false,"max_hp_per_floor":[82,82,82,82,82,82,82,82,82,82,82,82,82,82,82,82,82,82,82,82,82,82,82,82,82,82,82,82,82,82,82,82,82,82],"card_choices":[{"not_picked":["Beam Cell","Gash"],"picked":"Scrape","floor":1.0},{"not_picked":["Fusion","Streamline"],"picked":"Rip and Tear","floor":4.0},{"not_picked":["Tempest","Redo"],"picked":"Sweeping Beam","floor":5.0},{"not_picked":["Leap","Rebound"],"picked":"FTL","floor":7.0},{"not_picked":["Fusion","Barrage"],"picked":"BootSequence","floor":8.0},{"not_picked":["Redo","Coolheaded"],"picked":"Defragment","floor":10.0},{"not_picked":["Amplify","Meteor Strike"],"picked":"Echo Form","floor":16.0},{"not_picked":["Beam Cell","Tempest"],"picked":"Skim","floor":18},{"not_picked":["Sunder","Chaos"],"picked":"Melter","floor":22},{"not_picked":["Darkness","Ball Lightning+1"],"picked":"White Noise","floor":24},{"not_picked":["Cold Snap+1","Steam","Hologram"],"picked":"SKIP","floor":25},{"not_picked":["Reprogram+1","Ball Lightning+1","Compile Driver"],"picked":"SKIP","floor":28},{"not_picked":["Barrage+1","Gash"],"picked":"Machine Learning+1","floor":31}],"player_experience":414988,"relics_obtained":[{"floor":9.0,"key":"DataDisk"},{"floor":13.0,"key":"Pen Nib"},{"floor":21,"key":"Whetstone"},{"floor":25,"key":"MawBank"},{"floor":26,"key":"Frozen Egg 2"}],"event_choices":[{"cards_removed":["Strike_B"],"damage_healed":0.0,"max_hp_gain":0.0,"max_hp_loss":0.0,"gold_gain":0.0,"event_name":"Golden Wing","player_choice":"Card Removal","floor":2.0,"gold_loss":0.0,"damage_taken":7.0},{"damage_healed":0.0,"max_hp_gain":0.0,"max_hp_loss":0.0,"gold_gain":0.0,"cards_transformed":["Defend_B"],"event_name":"Transmorgrifier","player_choice":"Transformed","floor":3.0,"gold_loss":0.0,"damage_taken":0.0,"cards_obtained":["Tempest"]},{"damage_healed":0.0,"max_hp_gain":0.0,"max_hp_loss":0.0,"gold_gain":0.0,"event_name":"Wheel of Change","player_choice":"Relic","floor":13.0,"gold_loss":0.0,"damage_taken":0.0},{"damage_healed":0,"gold_gain":0,"player_choice":"Paid Fearfully","damage_taken":0,"max_hp_gain":0,"max_hp_loss":0,"event_name":"Masked Bandits","floor":20,"gold_loss":66},{"damage_healed":0,"gold_gain":0,"player_choice":"Smashed Altar","damage_taken":0,"max_hp_gain":0,"max_hp_loss":0,"event_name":"Forgotten Altar","floor":29,"gold_loss":0,"cards_obtained":["Decay"]}],"is_beta":false,"boss_relics":[{"not_picked":["Fusion Hammer","Pandora\u0027s Box"],"picked":"Empty Cage"}],"items_purged_floors":[],"is_endless":false,"potions_floor_spawned":[1,5,10,16,22,25],"killed_by":"Collector","ascension_level":10}}