{"host":"wwo1kwxjf4eyz37q","time":1611600511,"event":{"mods":["AchievementEnabler","BaseMod","Colored Map","Minty Spire (QoL Compilation)","Quick Restart","SuperFastMode"],"gold_per_floor":[112,13,188,113,113,147,147,161,161,175,175,195,222,222,222,325,325,338,370,380,380,399,424,439,485,485,308,308,243,243,253,253,349,376,402,402,86,136,165,165,199,199,199,199,232,232,232],"floor_reached":46,"language":"KOR","playtime":1199,"items_purged":["Doubt","Strike_G"],"score":891,"play_id":"1975abee-9a92-4939-b842-97e84b193499","local_time":"20210126034831","is_ascension_mode":true,"campfire_choices":[{"data":"Noxious Fumes","floor":7.0,"key":"SMITH"},{"data":"Dagger Spray","floor":11.0,"key":"SMITH"},{"data":"Catalyst","floor":15.0,"key":"SMITH"},{"data":"Neutralize","floor":28,"key":"SMITH"},{"data":"Footwork","floor":30,"key":"SMITH"},{"data":"Catalyst","floor":32,"key":"SMITH"},{"data":"Catalyst","floor":40,"key":"SMITH"},{"data":"Acrobatics","floor":42,"key":"SMITH"}],"circlet_count":0,"master_deck":["AscendersBane","Strike_G","Defend_G","Defend_G","Defend_G","Defend_G","Defend_G","Survivor","Neutralize+1","Dagger Spray+1","Noxious Fumes+1","Dodge and Roll","Acrobatics+1","Flying Knee","Catalyst+1","Die Die Die","Deadly Poison","Dagger Spray+1","Crippling Poison+1","Footwork+1","Backflip","Catalyst+1","Expertise+1","Footwork+1","Footwork+1","Tactician+1","Backflip","Catalyst+1","Bouncing Flask+1"],"relics":["Ring of the Snake","NeowsBlessing","StrikeDummy","Juzu Bracelet","Ninja Scroll","Tiny Chest","Busted Crown","Red Mask","Centennial Puzzle","CeramicFish","Happy Flower","Astrolabe","Kunai","Mango","Vajra","Bronze Scales","Oddly Smooth Stone"],"acts_visited":["Exordium","TheCity","TheBeyond"],"potions_floor_usage":[24,33,45],"damage_taken":[{"damage":0.0,"enemies":"Jaw Worm","floor":1.0,"turns":1.0},{"damage":0.0,"enemies":"Lagavulin","floor":6.0,"turns":1.0},{"damage":0.0,"enemies":"Small Slimes","floor":8.0,"turns":1.0},{"damage":0.0,"enemies":"2 Louse","floor":10.0,"turns":3.0},{"damage":0.0,"enemies":"2 Fungi Beasts","floor":12.0,"turns":1.0},{"damage":11.0,"enemies":"3 Sentries","floor":13.0,"turns":5.0},{"damage":28.0,"enemies":"Hexaghost","floor":16.0,"turns":8.0},{"damage":7,"enemies":"Shell Parasite","floor":18,"turns":5},{"damage":0,"enemies":"Masked Bandits","floor":19,"turns":2},{"damage":1,"enemies":"3 Byrds","floor":20,"turns":4},{"damage":13,"enemies":"Snake Plant","floor":22,"turns":3},{"damage":7,"enemies":"Gremlin Leader","floor":23,"turns":5},{"damage":21,"enemies":"Cultist and Chosen","floor":24,"turns":5},{"damage":0,"enemies":"3 Cultists","floor":31,"turns":4},{"damage":33,"enemies":"Collector","floor":33,"turns":6},{"damage":12,"enemies":"Orb Walker","floor":35,"turns":4},{"damage":16,"enemies":"Mind Bloom Boss Battle","floor":38,"turns":5},{"damage":3,"enemies":"3 Shapes","floor":39,"turns":4},{"damage":0,"enemies":"Giant Head","floor":41,"turns":5},{"damage":23,"enemies":"Reptomancer","floor":45,"turns":4},{"damage":32,"enemies":"Spire Growth","floor":46,"turns":3}],"seed_played":"7663331794201531363","potions_obtained":[{"floor":6.0,"key":"Regen Potion"},{"floor":8.0,"key":"DistilledChaos"},{"floor":16.0,"key":"Regen Potion"},{"floor":18,"key":"Regen Potion"},{"floor":22,"key":"Ancient Potion"},{"floor":33,"key":"Regen Potion"},{"floor":38,"key":"PowerPotion"},{"floor":45,"key":"Strength Potion"}],"is_trial":false,"path_per_floor":["M","$","?","$","?","E","R","M","T","M","R","M","E","?","R","B",null,"M","?","M","?","M","E","M","T","T","$","R","$","R","M","R","B",null,"M","?","$","?","M","R","E","R","T","?","E","M"],"character_chosen":"THE_SILENT","items_purchased":["Noxious Fumes","Dodge and Roll","Footwork","Backflip","Catalyst","Backflip","Catalyst","Kunai"],"campfire_rested":0,"item_purchase_floors":[2,2,27,27,29,37,37,37],"current_hp_per_floor":[63,63,63,63,56,56,56,56,56,56,56,56,45,50,50,37,66,59,59,58,58,45,38,31,31,31,31,31,31,31,31,31,12,59,47,47,47,45,42,42,42,42,42,42,31,0,0],"gold":232,"neow_bonus":"THREE_ENEMY_KILL","is_daily":false,"chose_seed":false,"campfire_upgraded":8,"win_rate":0.0,"timestamp":1611600511,"path_taken":["M","$","?","$","?","E","R","M","T","M","R","M","E","?","R","BOSS","M","?","M","?","M","E","M","?","T","$","R","$","R","M","R","BOSS","M","?","$","?","M","R","E","R","T","?","E","M"],"items_purchased_type":["Card","Card","Card","Card","Card","Card","Card","Relic"],"build_version":"2020-12-22","purchased_purges":2,"victory":false,"max_hp_per_floor":[70,70,70,70,70,70,70,70,70,70,70,70,70,75,75,75,75,75,75,75,75,75,75,75,75,75,75,75,75,75,75,75,75,75,75,71,71,85,85,85,85,85,85,85,85,85,85],"card_choices":[{"not_picked":["Acrobatics","Cloak And Dagger"],"picked":"Dagger Spray","floor":1.0},{"not_picked":["Deadly Poison","All Out Attack"],"picked":"Acrobatics","floor":6.0},{"not_picked":["Quick Slash","Dagger Spray"],"picked":"Flying Knee","floor":8.0},{"not_picked":["Backflip","Setup"],"picked":"Glass Knife","floor":10.0},{"not_picked":["Heel Hook","Backflip"],"picked":"Catalyst","floor":12.0},{"not_picked":["Quick Slash","Prepared","Setup"],"picked":"SKIP","floor":13.0},{"not_picked":["Tools of the Trade","Unload"],"picked":"Die Die Die","floor":16.0},{"not_picked":[],"picked":"Deadly Poison","floor":18},{"not_picked":[],"picked":"Dagger Spray+1","floor":19},{"not_picked":["Outmaneuver+1"],"picked":"SKIP","floor":20},{"not_picked":["Dodge and Roll"],"picked":"SKIP","floor":22},{"not_picked":["Concentrate"],"picked":"SKIP","floor":23},{"not_picked":[],"picked":"Crippling Poison+1","floor":24},{"not_picked":["Sucker Punch+1"],"picked":"SKIP","floor":31},{"not_picked":[],"picked":"Tactician+1","floor":35},{"not_picked":[],"picked":"Bouncing Flask+1","floor":39},{"not_picked":["Deflect"],"picked":"SKIP","floor":41},{"not_picked":["Endless Agony"],"picked":"SKIP","floor":45}],"player_experience":254650,"relics_obtained":[{"floor":6.0,"key":"Juzu Bracelet"},{"floor":9.0,"key":"Ninja Scroll"},{"floor":13.0,"key":"Tiny Chest"},{"floor":19,"key":"Red Mask"},{"floor":23,"key":"Centennial Puzzle"},{"floor":25,"key":"CeramicFish"},{"floor":26,"key":"Happy Flower"},{"floor":38,"key":"Mango"},{"floor":41,"key":"Vajra"},{"floor":43,"key":"Bronze Scales"},{"floor":45,"key":"Oddly Smooth Stone"}],"event_choices":[{"damage_healed":0.0,"max_hp_gain":0.0,"max_hp_loss":0.0,"gold_gain":175.0,"event_name":"Liars Game","player_choice":"AGREE","floor":3.0,"gold_loss":0.0,"damage_taken":0.0,"cards_obtained":["Doubt"]},{"damage_healed":0.0,"max_hp_gain":0.0,"max_hp_loss":0.0,"gold_gain":0.0,"event_name":"Scrap Ooze","player_choice":"Success","floor":5.0,"gold_loss":0.0,"damage_taken":7.0,"relics_obtained":["StrikeDummy"]},{"damage_healed":0.0,"max_hp_gain":5.0,"max_hp_loss":0.0,"gold_gain":0.0,"event_name":"Big Fish","player_choice":"Donut","floor":14.0,"gold_loss":0.0,"damage_taken":0.0},{"damage_healed":0,"gold_gain":0,"player_choice":"Fought Bandits","damage_taken":0,"max_hp_gain":0,"max_hp_loss":0,"event_name":"Masked Bandits","floor":19,"gold_loss":0},{"damage_healed":0,"gold_gain":0,"player_choice":"Ignored","damage_taken":0,"max_hp_gain":0,"max_hp_loss":0,"event_name":"Vampires","floor":21,"gold_loss":0},{"damage_healed":0,"gold_gain":0,"player_choice":"Max HP","damage_taken":0,"max_hp_gain":0,"max_hp_loss":4,"event_name":"Winding Halls","floor":36,"gold_loss":0},{"damage_healed":0,"gold_gain":0,"player_choice":"Fight","damage_taken":0,"max_hp_gain":0,"max_hp_loss":0,"event_name":"MindBloom","floor":38,"gold_loss":0},{"cards_removed":["Glass Knife"],"damage_healed":0,"gold_gain":0,"player_choice":"Removed Attack","damage_taken":0,"max_hp_gain":0,"max_hp_loss":0,"event_name":"Falling","floor":44,"gold_loss":0}],"is_beta":false,"boss_relics":[{"not_picked":["Tiny House","Pandora\u0027s Box"],"picked":"Busted Crown"},{"not_picked":["Runic Pyramid","Coffee Dripper"],"picked":"Astrolabe"}],"items_purged_floors":[4,27],"is_endless":false,"potions_floor_spawned":[6,8,16,18,22,33,38,45],"killed_by":"Spire Growth","ascension_level":10}}