{"host":"bpkhhmvsfrvlto2l","time":1611593757,"event":{"mods":["2.2 Compatiblity","AchievementEnabler","Act Like it!","AlwaysNeverKeys","Aspiration","BaseMod","Better Silent Start","Challenge The Spire","Colored Map","Colored Powertips","Custom Start","Energized Spire","Friendly Minions","GifTheSpireLib","Halation","Hubris","Infinite Spire","Ironclad Rager","Mimic Mod","Minty Spire (QoL Compilation)","Permanent Neow","Quick Restart","Random Character Button","Relic Sorter","Replay The Spire","Spikes Relics","StSLib","Stuff the Spire","Swap Starting Deck Mod","Trackpad"],"gold_per_floor":[110,110,120,120,120,149,149,149,173,203,220,220,67,95,95,199,199,219,237,237,237,253,288,299,224,224,224,224,224,235,235,235],"floor_reached":31,"language":"ENG","playtime":519,"items_purged":[],"score":494,"play_id":"9c71e9f4-b467-4c1a-9f10-1136f5ca0998","local_time":"20210125115557","is_ascension_mode":true,"campfire_choices":[{"data":"Rip and Tear","floor":7,"key":"SMITH"},{"data":"Gash","floor":12,"key":"SMITH"},{"floor":15,"key":"REST"},{"floor":29,"key":"REST"}],"circlet_count":0,"master_deck":["AscendersBane","Gash","Gash","Gash","Gash+1","Rip and Tear+1","Reprogram+1","Steam","Steam","Steam","Steam","Creative AI","Reboot"],"relics":["Cracked Core","swapstartingdeckmod:DeadBlossom","Replay:Baseball","Molten Egg 2","MiniBlackHole","ZombieTooth","Omamori","Bronze Scales","hubris:ScarierMask","Letter Opener"],"acts_visited":["Exordium","TheCity"],"potions_floor_usage":[10,14,16,22,23,30],"damage_taken":[{"damage":0,"enemies":"Small Slimes","floor":1,"turns":3},{"damage":0,"enemies":"2 Louse","floor":3,"turns":2},{"damage":24,"enemies":"Gremlin Nob","floor":6,"turns":4},{"damage":4,"enemies":"3 Sentries","floor":10,"turns":5},{"damage":12,"enemies":"Jaw Worm","floor":11,"turns":2},{"damage":0,"enemies":"Gremlin Nob","floor":14,"turns":4},{"damage":17,"enemies":"Hexaghost","floor":16,"turns":5},{"damage":11,"enemies":"Shell Parasite","floor":18,"turns":5},{"damage":3,"enemies":"2 Thieves","floor":19,"turns":2},{"damage":6,"enemies":"Snecko","floor":22,"turns":3},{"damage":13,"enemies":"Book of Stabbing","floor":23,"turns":5},{"damage":10,"enemies":"3 Cultists","floor":24,"turns":5},{"damage":1,"enemies":"Chosen and Byrds","floor":30,"turns":3},{"damage":13,"enemies":"Slavers","floor":31,"turns":1}],"seed_played":"-3791706995795867115","potions_obtained":[{"floor":6,"key":"ColorlessPotion"},{"floor":11,"key":"Languid Potion"},{"floor":14,"key":"AttackPotion"},{"floor":16,"key":"Regen Potion"},{"floor":22,"key":"Swift Potion"},{"floor":24,"key":"LiquidMemories"}],"is_trial":false,"path_per_floor":["M","?","M","$","?","E","R","?","T","E","M","R","$","E","R","B",null,"M","M","?","?","M","E","M","?","PTL","PTL","T","R","M","E"],"character_chosen":"DEFECT","items_purchased":["Omamori"],"campfire_rested":2,"item_purchase_floors":[13],"current_hp_per_floor":[68,68,68,68,68,44,44,44,44,40,28,28,28,28,39,22,42,31,28,28,28,25,12,2,2,2,2,2,13,12,0,0],"gold":235,"neow_bonus":"","is_daily":false,"chose_seed":false,"campfire_upgraded":2,"win_rate":0.0,"timestamp":1611593757,"path_taken":["M","?","M","$","?","E","R","?","T","E","M","R","$","E","R","BOSS","M","M","?","?","M","E","?","?","PTL","PTL","T","R","M","E"],"items_purchased_type":["Relic"],"build_version":"2020-12-22","purchased_purges":0,"victory":false,"max_hp_per_floor":[75,75,75,75,75,75,75,75,75,75,75,75,75,75,75,75,75,75,75,75,75,75,75,75,75,75,75,75,75,75,75,75],"card_choices":[{"not_picked":["Hyperbeam+1","ReplayTheSpireMod:Fabricate Wheel"],"picked":"Creative AI","floor":16},{"not_picked":["Turbo+1","StuffTheSpire:Plugnplay","Fusion"],"picked":"SKIP","floor":22},{"not_picked":["Compile Driver+1","Chill+1"],"picked":"Reboot","floor":30}],"player_experience":110581,"relics_obtained":[{"floor":6,"key":"Replay:Baseball"},{"floor":9,"key":"MiniBlackHole"},{"floor":10,"key":"ZombieTooth"},{"floor":14,"key":"Bronze Scales"},{"floor":28,"key":"Letter Opener"}],"event_choices":[{"damage_healed":0,"gold_gain":0,"player_choice":"Grow","damage_taken":0,"max_hp_gain":0,"max_hp_loss":0,"event_name":"Living Wall","floor":5,"gold_loss":0,"cards_upgraded":["Reprogram"]},{"damage_healed":0,"gold_gain":0,"player_choice":"Ignored","damage_taken":0,"max_hp_gain":0,"max_hp_loss":0,"event_name":"Ghosts","floor":21,"gold_loss":0},{"cards_removed":["Injury"],"damage_healed":0,"gold_gain":0,"player_choice":"Gave Gold","damage_taken":0,"max_hp_gain":0,"max_hp_loss":0,"event_name":"Beggar","floor":25,"gold_loss":75}],"is_beta":false,"boss_relics":[{"not_picked":["energizedSpire:StickyHand","energizedSpire:EnergizedDie"],"picked":"hubris:ScarierMask"}],"items_purged_floors":[],"is_endless":false,"potions_floor_spawned":[6,11,14,16,22,24],"killed_by":"Slavers","ascension_level":10}}