{"host":"61r95uy0hn86b9iu","time":1611539835,"event":{"mods":["AchievementEnabler","BaseMod","Better Vampires","BetterRewards","Colored Powertips","Hubris","Minty Spire (QoL Compilation)","Shop Mod","StSLib"],"gold_per_floor":[113,126,126,139,64,94,39,49,72,92,92,49,74,74,74,151,151,163,173,223,240,0,0,0,0,47,47,59,109,119,19,19,19,19],"floor_reached":33,"language":"ENG","playtime":1690,"items_purged":["Pain","Strike_B"],"score":664,"play_id":"e1b700e0-4b4c-4b99-b759-ded656bf83a3","local_time":"20210124195715","is_ascension_mode":true,"campfire_choices":[{"floor":15.0,"key":"REST"},{"floor":23.0,"key":"REST"},{"floor":25.0,"key":"REST"},{"floor":27.0,"key":"DIG"},{"floor":32,"key":"REST"}],"circlet_count":0,"master_deck":["AscendersBane","Strike_B","Strike_B","Strike_B","Defend_B","Defend_B","Defend_B","Defend_B","Zap","Dualcast","Capacitor","Static Discharge","Turbo","Undo","Streamline","Sunder+1","Glacier","Conserve Battery","Fusion","Conserve Battery","Doom and Gloom","Multi-Cast","Chaos+1","White Noise"],"relics":["Cracked Core","Pear","Shovel","WarpedTongs","hubris:Metronome","Omamori","Akabeko","hubris:CrystalStatue","SlaversCollar","Mango"],"acts_visited":["Exordium","TheCity"],"potions_floor_usage":[33],"damage_taken":[{"damage":9.0,"enemies":"Small Slimes","floor":1.0,"turns":3.0},{"damage":0.0,"enemies":"Cultist","floor":2.0,"turns":4.0},{"damage":2.0,"enemies":"2 Louse","floor":4.0,"turns":1.0},{"damage":27.0,"enemies":"Lagavulin","floor":6.0,"turns":6.0},{"damage":1.0,"enemies":"Exordium Wildlife","floor":8.0,"turns":5.0},{"damage":0.0,"enemies":"Looter","floor":10.0,"turns":3.0},{"damage":5.0,"enemies":"Gremlin Nob","floor":13.0,"turns":3.0},{"damage":8.0,"enemies":"The Guardian","floor":16.0,"turns":11.0},{"damage":11.0,"enemies":"Chosen","floor":18.0,"turns":4.0},{"damage":8.0,"enemies":"Shell Parasite","floor":19.0,"turns":6.0},{"damage":43.0,"enemies":"Centurion and Healer","floor":21.0,"turns":7.0},{"damage":42,"enemies":"Sentry and Sphere","floor":28,"turns":7},{"damage":19,"enemies":"Snecko","floor":30,"turns":5},{"damage":62,"enemies":"Collector","floor":33,"turns":7}],"seed_played":"-3171773401089758854","potions_obtained":[{"floor":4.0,"key":"GamblersBrew"},{"floor":8.0,"key":"Block Potion"},{"floor":10.0,"key":"Strength Potion"},{"floor":28,"key":"Dexterity Potion"},{"floor":30,"key":"EssenceOfSteel"}],"is_trial":false,"path_per_floor":["M","M","?","M","$","E","$","M","T","M","?","$","E","T","R","B",null,"M","M","?","M","?","R","$","R","T","R","M","?","M","$","R","B"],"character_chosen":"DEFECT","items_purchased":["Capacitor","Pear","Static Discharge","Shovel","Turbo","Conserve Battery","Doom and Gloom"],"campfire_rested":4,"item_purchase_floors":[0,0,0,0,0,7,12],"current_hp_per_floor":[44,44,44,42,42,15,15,14,14,14,14,14,9,9,33,25,67,56,48,48,5,5,29,29,53,53,67,25,25,6,6,34,0,0],"gold":19,"neow_bonus":"","is_daily":false,"chose_seed":false,"campfire_upgraded":0,"win_rate":0.0,"timestamp":1611539835,"path_taken":["M","M","?","?","$","E","$","M","T","M","?","?","E","?","R","BOSS","M","M","?","?","?","R","$","R","T","R","M","?","M","$","R","BOSS"],"items_purchased_type":["Card","Relic","Card","Relic","Card","Card","Card"],"build_version":"2020-12-22","purchased_purges":2,"victory":false,"max_hp_per_floor":[81,81,81,81,81,81,81,81,81,81,81,81,81,81,81,81,81,81,81,81,81,81,81,81,81,81,95,95,95,95,95,95,95,95],"card_choices":[{"not_picked":["Rebound","Hologram"],"picked":"Undo","floor":1.0},{"not_picked":["Redo","Barrage"],"picked":"Streamline","floor":2.0},{"not_picked":["Sweeping Beam","Go for the Eyes"],"picked":"Sunder","floor":4.0},{"not_picked":["Hologram","Genetic Algorithm"],"picked":"Glacier","floor":6.0},{"not_picked":["Heatsinks","Capacitor"],"picked":"Fusion","floor":8.0},{"not_picked":["Lockon","Steam"],"picked":"Conserve Battery","floor":10.0},{"not_picked":["Turbo","Sweeping Beam","hubris:DoWhile"],"picked":"SKIP","floor":13.0},{"not_picked":["Biased Cognition","Amplify"],"picked":"Multi-Cast","floor":16.0},{"not_picked":["Barrage+1","Blizzard"],"picked":"Chaos+1","floor":18.0},{"not_picked":["Rebound","Stack+1","Barrage"],"picked":"SKIP","floor":19.0},{"not_picked":["Sweeping Beam","Sunder+1"],"picked":"White Noise","floor":21.0},{"not_picked":["Sunder","Hologram","Fusion"],"picked":"SKIP","floor":28},{"not_picked":["Lockon","Blizzard","Hologram"],"picked":"SKIP","floor":30}],"player_experience":3290891,"relics_obtained":[{"floor":6.0,"key":"hubris:Metronome"},{"floor":9.0,"key":"Omamori"},{"floor":13.0,"key":"Akabeko"},{"floor":14.0,"key":"hubris:CrystalStatue"},{"floor":27.0,"key":"Mango"}],"event_choices":[{"damage_healed":0.0,"max_hp_gain":0.0,"max_hp_loss":0.0,"gold_gain":0.0,"event_name":"Accursed Blacksmith","player_choice":"Rummage","floor":3.0,"gold_loss":0.0,"damage_taken":0.0,"relics_obtained":["WarpedTongs"],"cards_obtained":["Pain"]},{"damage_healed":0.0,"max_hp_gain":0.0,"max_hp_loss":0.0,"gold_gain":0.0,"event_name":"Living Wall","player_choice":"Grow","floor":11.0,"gold_loss":0.0,"damage_taken":0.0,"cards_upgraded":["Sunder"]},{"damage_healed":0.0,"max_hp_gain":0.0,"max_hp_loss":0.0,"gold_gain":100.0,"event_name":"The Joust","player_choice":"Bet on Murderer","floor":20.0,"gold_loss":50.0,"damage_taken":0.0},{"damage_healed":0.0,"max_hp_gain":0.0,"max_hp_loss":0.0,"gold_gain":0.0,"event_name":"Masked Bandits","player_choice":"Paid Fearfully","floor":22.0,"gold_loss":240.0,"damage_taken":0.0},{"damage_healed":0,"gold_gain":50,"player_choice":"Stole From Cult","damage_taken":0,"max_hp_gain":0,"max_hp_loss":0,"event_name":"Nest","floor":29,"gold_loss":0}],"is_beta":false,"boss_relics":[{"not_picked":["hubris:GrandSneckoEye","hubris:Stopwatch"],"picked":"SlaversCollar"}],"items_purged_floors":[5,31],"is_endless":false,"potions_floor_spawned":[4,8,10,28,30],"killed_by":"Collector","ascension_level":16}}