{"host":"Naix","time":1611541793,"event":{"mods":["Act Like it!","Aspiration","BaseMod","Energized Spire","Friendly Minions","Gensokyo","HornydragonMod","Koishi","Minty Spire (QoL Compilation)","Reliquary","Replay The Spire","StSLib","The Alterego","The Jungle","The Poker Player","Waifu the Spire","WarShipGirlsR/’ΩΩ¢…Ÿ≈ÆR mod","Wide Potions","Youmu£®ªÍ∆«—˝√Œ£©","°æ“≈ŒÔø®≈∆°øREMEMod"],"gold_per_floor":[114,62,62,31,31,61,76,306,331,56,71,71,86,146,146,246,246,461,461,476,491,506,536,551,326,326,326,341,571,571,571,571,671,871,1086,1101,1151,1166,986,1016,1016,1046,1046,1046,163,178,214,244,244,244],"floor_reached":51,"language":"ZHS","playtime":5184,"items_purged":["Defend_P","Amnesia","Defend_G"],"score":1118,"play_id":"188fbecb-b301-40e3-a4de-f8d14b4afa88","local_time":"20210125102952","daily_mods":["Chimera","Colorless Cards","Lethality"],"is_ascension_mode":false,"campfire_choices":[{"data":"SwordExtraction","floor":15,"key":"SMITH"},{"data":"Trip","floor":27,"key":"SMITH"},{"data":"HeartExcerptSlash","floor":32,"key":"SMITH"},{"data":"Deadly Poison","floor":49,"key":"PURGE"}],"circlet_count":0,"master_deck":["Survivor","Strike_R","Strike_G+1","Strike_B","Defend_R+1","Panache","ThreeKonsSevenHakus","CrescentMoonSlash","LowerRealmReflectionSlash","HumanKnowledgeSword+1","CherryBlossomFlashing","ReplayTheSpireMod:Private Reserves+1","SwordExtraction+1","Glass Knife","aspiration:Lunge","HeavenlyHaloSlash","HeavenGodSword","Writhe","SlashOfMeditation+1","HeartExcerptSlash+1","SpiritCuttingSword","Trip+1","SanzenSekai","HeavenSword","REME_Flogging","CurseOfTheBell","EchoesOfTheInclemencyOfAllBeings+1","HesitationCuttingSword+1","Dramatic Entrance+1","SuddenPhantomFormationSlashOfKarmicWind+1"],"relics":["HalfPhantom","REME_ComplimentaryCards","Simple Rune","reliquary:RoseTintedGlasses","Lantern","ReplayTheSpireMod:Ninjato","Bag of Marbles","REME_DemonsWealth","reliquary:SilkGlove","reliquary:Knoch","Mummified Hand","Eternal Feather","Calling Bell","Akabeko","Toxic Egg 2","WingedGreaves","Peace Pipe","Replay:Baseball","Replay:Wax Seal","Quantum Egg","REME_CardOfGreed","Mango","REME_PuzzleBoxRelic","Incense Burner","aspiration:HiddenCompartment"],"acts_visited":["Exordium","TheCity","TheBeyond"],"potions_floor_usage":[14,23,40,45,46,46,47],"damage_taken":[{"damage":5.0,"enemies":"Gensokyo:2_Kodama","floor":1.0,"turns":3.0},{"damage":6,"enemies":"Gensokyo:Mamizou","floor":6,"turns":6},{"damage":2,"enemies":"Gensokyo:3_Fairies","floor":7,"turns":4},{"damage":25,"enemies":"Gensokyo:Aya","floor":8,"turns":4},{"damage":11,"enemies":"Gensokyo:Gryphon","floor":11,"turns":3},{"damage":0,"enemies":"Gensokyo:Python_and_Kodama","floor":13,"turns":2},{"damage":0,"enemies":"Gensokyo:Mamizou","floor":14,"turns":6},{"damage":25,"enemies":"Gensokyo:Reimu","floor":16,"turns":5},{"damage":8,"enemies":"Shell Parasite","floor":18,"turns":2},{"damage":0,"enemies":"Spheric Guardian","floor":20,"turns":1},{"damage":0,"enemies":"3 Cultists","floor":21,"turns":2},{"damage":0,"enemies":"Sentry and Sphere","floor":22,"turns":2},{"damage":1,"enemies":"Replay:Snechameleon","floor":23,"turns":2},{"damage":0,"enemies":"Snecko","floor":24,"turns":2},{"damage":0,"enemies":"Snake Plant","floor":28,"turns":1},{"damage":0,"enemies":"Gremlin Leader","floor":29,"turns":2},{"damage":6,"enemies":"Champ","floor":33,"turns":4},{"damage":0,"enemies":"Orb Walker","floor":35,"turns":1},{"damage":10,"enemies":"3 Darklings","floor":36,"turns":3},{"damage":17,"enemies":"Mind Bloom Boss Battle","floor":37,"turns":3},{"damage":0,"enemies":"Maw","floor":38,"turns":3},{"damage":0,"enemies":"R_Hoarder","floor":40,"turns":4},{"damage":0,"enemies":"Reptomancer","floor":42,"turns":1},{"damage":0,"enemies":"Transient","floor":46,"turns":3},{"damage":0,"enemies":"2 Orb Walkers","floor":47,"turns":1},{"damage":0,"enemies":"Giant Head","floor":48,"turns":1},{"damage":0,"enemies":"Awakened One","floor":50,"turns":3}],"seed_played":"7295166269203286773","potions_obtained":[{"floor":1.0,"key":"CausticAgent"},{"floor":11,"key":"REME_GoldPotion"},{"floor":20,"key":"Weak Potion"},{"floor":23,"key":"LiquidMemories"},{"floor":24,"key":"Block Potion"},{"floor":28,"key":"PowerPotion"},{"floor":40,"key":"LiquidMemories"}],"is_trial":false,"path_per_floor":["M","$","?","COS","?","E","M","E","T","$","M","?","M","E","R","B",null,"M","?","M","M","M","E","M","$","T","R","M","E","?","?","R","B",null,"M","M","?","M","$","E","R","E","T","?","$","M","?","E","R","B",null],"character_chosen":"YOUMU","items_purchased":["CrescentMoonSlash","ReplayTheSpireMod:Ninjato","SwordExtraction","reliquary:Knoch","EchoesOfTheInclemencyOfAllBeings+1","REME_CardOfGreed","Mango","REME_PuzzleBoxRelic","SuddenPhantomFormationSlashOfKarmicWind+1","REME_GoldPotion","SkillPotion"],"campfire_rested":0,"item_purchase_floors":[2,10,10,25,39,45,45,45,45,45,45],"current_hp_per_floor":[70,70,70,70,70,64,62,37,37,37,26,26,26,26,26,1,75,67,67,67,67,67,66,66,66,66,66,66,66,66,66,75,69,75,75,65,48,48,48,48,66,66,66,66,80,80,80,80,89,89],"gold":244,"neow_bonus":"","is_daily":true,"chose_seed":false,"campfire_upgraded":3,"win_rate":0.0,"timestamp":1611541792,"path_taken":["M","$","?","COS","?","E","M","E","T","$","M","?","?","E","R","BOSS","M","?","M","M","M","E","M","?","T","R","?","E","?","?","R","BOSS","M","M","?","M","$","E","R","E","T","?","$","M","?","E","R","BOSS"],"items_purchased_type":["Card","Relic","Card","Relic","Card","Relic","Relic","Relic","Card","Potion","Potion"],"build_version":"2020-12-18","purchased_purges":3,"victory":true,"max_hp_per_floor":[75,75,75,75,75,75,75,75,75,75,75,75,75,75,75,75,75,75,75,75,75,75,75,75,75,75,75,75,75,75,75,75,75,75,75,75,75,75,75,75,75,75,75,75,89,89,89,89,89,89],"card_choices":[{"not_picked":["Good Instincts","BizarrenessOfSixRealms"],"picked":"ThreeKonsSevenHakus","floor":1.0},{"not_picked":["CrescentMoonSlash","ConstancyOfTheConventionalTruth"],"picked":"LowerRealmReflectionSlash","floor":3.0},{"not_picked":["SwordOfBindingDesires","IrresoluteSoul"],"picked":"PhosphoricSlash","floor":6},{"not_picked":["PhosphoricSlash","TwoHundredYojanaInOneSlash"],"picked":"CherryBlossomFlashing","floor":7},{"not_picked":["Transmutation","DoubleWheelOfPain"],"picked":"ReplayTheSpireMod:Private Reserves","floor":8},{"not_picked":["SwordOfBindingDesires","ConstancyOfTheConventionalTruth","FlashingScatteredFlowers"],"picked":"SKIP","floor":11},{"not_picked":["LowerRealmReflectionSlash","SwordExtraction","CherryBlossomFlashing"],"picked":"SKIP","floor":13},{"not_picked":["ReplayTheSpireMod:Necrogeddon","SlashOfAscensionToBuddhahood"],"picked":"HeavenlyHaloSlash","floor":14},{"not_picked":["IrresoluteSoul","Magnetism"],"picked":"HeavenGodSword","floor":16},{"not_picked":["HumanGodSword+1","SwordExtraction","SwordOfBindingDesires+1"],"picked":"Writhe","floor":18},{"not_picked":["TwoHundredYojanaInOneSlash","CherryBlossomFlashing","Hallucinations"],"picked":"SlashOfMeditation+1","floor":20},{"not_picked":["HumanKnowledgeSword","SanzenSekai","Injury"],"picked":"HeartExcerptSlash","floor":21},{"not_picked":["TenKingsRetributionOnThePreta+1","RapidSlash","Doubt"],"picked":"SpiritCuttingSword","floor":22},{"not_picked":["ReplayTheSpireMod:Private Reserves+1","TwoHundredYojanaInOneSlash","ReplayTheSpireMod:Splinters"],"picked":"Trip","floor":23},{"not_picked":["FlashingScatteredFlowers+1","LifeCuttingSword","Normality"],"picked":"SanzenSekai","floor":24},{"not_picked":["LifeCuttingSword+1","HumanKnowledgeSword","PhosphoricSlash+1","ReplayTheSpireMod:Restless Dread"],"picked":"SKIP","floor":28},{"not_picked":["KarmicPunishmentOfTheIdleAndUnfocused+1","SwordExtraction","ReplayTheSpireMod:Trickstab"],"picked":"Amnesia","floor":29},{"not_picked":["ASingleThoughtAndInfiniteKalpas","Secret Weapon","Flag"],"picked":"REME_Flogging","floor":33},{"not_picked":["PhosphoricSlash","SlashOfDepartureFromHesitation","CherryBlossomFlashing+1"],"picked":"ReplayTheSpireMod:Faulty Equipment+1","floor":35},{"not_picked":["ThreeKonsSevenHakus+1","LifeCuttingSword","SwordOfBindingDesires+1","Mistake"],"picked":"SKIP","floor":36},{"not_picked":["CrescentMoonSlash","CherryBlossomFlashing+1","SanzenSekai+1","Flag"],"picked":"SKIP","floor":38},{"not_picked":["SanzenSekai","DispleasureOfTheSevenHakus+1","Voices"],"picked":"HesitationCuttingSword+1","floor":40},{"not_picked":["Crow Ritual","SwordOfBindingDesires+1","Overencumbered"],"picked":"Dramatic Entrance+1","floor":42},{"not_picked":["SanzenSekai","DispleasureOfTheSevenHakus+1","PhosphoricSlash+1","Mistake"],"picked":"SKIP","floor":46},{"not_picked":["VoidnessSword","CrescentMoonSlash","SlashOfDepartureFromHesitation","Normality"],"picked":"SKIP","floor":48}],"player_experience":704419,"relics_obtained":[{"floor":6,"key":"Simple Rune"},{"floor":8,"key":"reliquary:RoseTintedGlasses"},{"floor":9,"key":"Lantern"},{"floor":14,"key":"Bag of Marbles"},{"floor":23,"key":"reliquary:SilkGlove"},{"floor":26,"key":"Mummified Hand"},{"floor":29,"key":"Eternal Feather"},{"floor":34,"key":"Akabeko"},{"floor":34,"key":"Toxic Egg 2"},{"floor":34,"key":"WingedGreaves"},{"floor":37,"key":"Peace Pipe"},{"floor":40,"key":"Replay:Baseball"},{"floor":42,"key":"Replay:Wax Seal"},{"floor":43,"key":"Quantum Egg"},{"floor":47,"key":"Incense Burner"},{"floor":48,"key":"aspiration:HiddenCompartment"}],"event_choices":[{"damage_healed":0,"gold_gain":0,"player_choice":"Upgraded","damage_taken":0,"max_hp_gain":0,"max_hp_loss":0,"event_name":"Upgrade Shrine","floor":19,"gold_loss":0,"cards_upgraded":["ReplayTheSpireMod:Private Reserves"]},{"damage_healed":0,"gold_gain":0,"player_choice":"Read","damage_taken":0,"max_hp_gain":0,"max_hp_loss":0,"event_name":"The Library","floor":30,"gold_loss":0,"cards_obtained":["HeavenSword"]},{"damage_healed":0,"gold_gain":0,"player_choice":"Ignored","damage_taken":0,"max_hp_gain":0,"max_hp_loss":0,"event_name":"Ghosts","floor":31,"gold_loss":0},{"damage_healed":0,"gold_gain":0,"player_choice":"Fight","damage_taken":0,"max_hp_gain":0,"max_hp_loss":0,"event_name":"MindBloom","floor":37,"gold_loss":0},{"cards_removed":["PhosphoricSlash"],"damage_healed":0,"gold_gain":0,"player_choice":"Removed Attack","damage_taken":0,"max_hp_gain":0,"max_hp_loss":0,"event_name":"Falling","floor":44,"gold_loss":0},{"damage_healed":0,"gold_gain":0,"player_choice":"Fight","damage_taken":0,"max_hp_gain":0,"max_hp_loss":0,"event_name":"Mysterious Sphere","floor":47,"gold_loss":0}],"is_beta":true,"boss_relics":[{"not_picked":["Runic Pyramid","ChewingGum"],"picked":"REME_DemonsWealth"},{"not_picked":["Replay:Drink Me","Velvet Choker"],"picked":"Calling Bell"}],"items_purged_floors":[25,39,45],"is_endless":false,"potions_floor_spawned":[1,11,20,21,23,24,28,36,37,38,40],"ascension_level":0}}