{"host":"1qhzi8r9ejho5yph","time":1611568769,"event":{"mods":["AchievementEnabler","BaseMod","Colored Map","Colored Powertips","Highlight Path","Minty Spire (QoL Compilation)","Permanent Neow","Quick Restart","Random Character Button","StSLib","SuperFastMode"],"gold_per_floor":[118,137,39,39,57,57,70,70,70,88,106,106,106,6,6,101,101,120,140,152,70,170,170,196,212,237,30,40,40,40,40],"floor_reached":30,"language":"ENG","playtime":832,"items_purged":["Strike_R","Strike_R"],"score":242,"play_id":"00efdff2-d6c4-4477-beb4-710451ce2f19","local_time":"20210125175929","is_ascension_mode":false,"campfire_choices":[{"data":"Havoc","floor":6.0,"key":"SMITH"},{"data":"Pommel Strike","floor":8.0,"key":"SMITH"},{"data":"Berserk","floor":13.0,"key":"SMITH"},{"data":"True Grit","floor":15.0,"key":"SMITH"},{"floor":23.0,"key":"REST"},{"data":"True Grit","floor":29,"key":"SMITH"}],"circlet_count":0,"master_deck":["Strike_R","Defend_R","Defend_R","Defend_R","Defend_R","Bash","Pommel Strike+1","Metallicize","Anger","Impervious","Havoc+1","True Grit+1","Berserk+1","Juggernaut","Shrug It Off","Warcry","Ghostly Armor","Dark Embrace","Dropkick+1","Armaments+1","True Grit+1","Spot Weakness+1"],"relics":["Burning Blood","Lee\u0027s Waffle"],"acts_visited":["Exordium","TheCity"],"potions_floor_usage":[],"damage_taken":[{"damage":11.0,"enemies":"Jaw Worm","floor":1.0,"turns":3.0},{"damage":1.0,"enemies":"Cultist","floor":2.0,"turns":3.0},{"damage":2.0,"enemies":"2 Louse","floor":5.0,"turns":3.0},{"damage":11.0,"enemies":"Large Slime","floor":7.0,"turns":4.0},{"damage":0.0,"enemies":"Lots of Slimes","floor":10.0,"turns":5.0},{"damage":9.0,"enemies":"Blue Slaver","floor":11.0,"turns":3.0},{"damage":23.0,"enemies":"Slime Boss","floor":16.0,"turns":8.0},{"damage":7.0,"enemies":"3 Byrds","floor":18.0,"turns":5.0},{"damage":0.0,"enemies":"Chosen","floor":19.0,"turns":4.0},{"damage":36.0,"enemies":"Shelled Parasite and Fungi","floor":20.0,"turns":6.0},{"damage":23.0,"enemies":"Book of Stabbing","floor":24.0,"turns":7.0},{"damage":3,"enemies":"Snake Plant","floor":25,"turns":6},{"damage":23,"enemies":"Centurion and Healer","floor":28,"turns":8},{"damage":0,"enemies":"Snecko","floor":30,"turns":1}],"seed_played":"6697431349833943202","potions_obtained":[{"floor":5.0,"key":"AttackPotion"},{"floor":7.0,"key":"Strength Potion"},{"floor":10.0,"key":"Fruit Juice"},{"floor":24,"key":"Explosive Potion"}],"is_trial":false,"path_per_floor":["M","M","$","?","M","R","M","R","T","M","M","?","R","$","R","B",null,"M","M","M","$","?","R","E","M","T","$","M","R","M"],"character_chosen":"IRONCLAD","items_purchased":["Anger","Dark Embrace","Lee\u0027s Waffle","True Grit"],"campfire_rested":1,"item_purchase_floors":[3,21,27,27],"current_hp_per_floor":[75,80,80,80,80,80,75,75,75,85,82,82,82,82,82,65,85,84,85,55,55,55,80,63,66,66,92,75,75,75,75],"gold":40,"neow_bonus":"REMOVE_CARD","is_daily":false,"chose_seed":false,"campfire_upgraded":5,"win_rate":0.0,"timestamp":1611568769,"path_taken":["M","M","$","?","M","R","M","R","T","M","?","?","R","$","R","BOSS","M","M","M","$","?","R","E","M","T","$","M","R","M"],"items_purchased_type":["Card","Card","Relic","Card"],"build_version":"2020-12-22","purchased_purges":2,"victory":false,"max_hp_per_floor":[80,80,80,80,80,80,80,80,80,85,85,85,85,85,85,85,85,85,85,85,85,85,85,85,85,85,92,92,92,92,92],"card_choices":[{"not_picked":["Sword Boomerang","Twin Strike"],"picked":"Pommel Strike","floor":1.0},{"not_picked":["Flex","Armaments"],"picked":"Metallicize","floor":2.0},{"not_picked":["Clothesline","Combust"],"picked":"Havoc","floor":5.0},{"not_picked":["Second Wind","Clash","Wild Strike"],"picked":"SKIP","floor":7.0},{"not_picked":["Fire Breathing","Wild Strike"],"picked":"True Grit","floor":10.0},{"not_picked":["Iron Wave","Thunderclap"],"picked":"Berserk","floor":11.0},{"not_picked":["Corruption","Reaper"],"picked":"Juggernaut","floor":16.0},{"not_picked":["Perfected Strike","Combust"],"picked":"Shrug It Off","floor":18.0},{"not_picked":["Clash","Twin Strike"],"picked":"Warcry","floor":19.0},{"not_picked":["Perfected Strike","Corruption"],"picked":"Ghostly Armor","floor":20.0},{"not_picked":["Battle Trance","Clothesline"],"picked":"Dropkick+1","floor":24},{"not_picked":["Reckless Charge+1","Pommel Strike+1"],"picked":"Armaments+1","floor":25},{"not_picked":["Cleave+1","Armaments"],"picked":"Spot Weakness+1","floor":28}],"player_experience":329653,"relics_obtained":[],"event_choices":[{"damage_healed":0.0,"max_hp_gain":0.0,"max_hp_loss":0.0,"gold_gain":0.0,"cards_transformed":["Strike_R"],"event_name":"Transmorgrifier","player_choice":"Transformed","floor":4.0,"gold_loss":0.0,"damage_taken":0.0,"cards_obtained":["Impervious"]},{"damage_healed":0.0,"max_hp_gain":0.0,"max_hp_loss":0.0,"gold_gain":0.0,"event_name":"Dead Adventurer","player_choice":"Searched \u00270\u0027 times","floor":12.0,"gold_loss":0.0,"damage_taken":0.0},{"damage_healed":0.0,"max_hp_gain":0.0,"max_hp_loss":0.0,"gold_gain":100.0,"event_name":"Golden Shrine","player_choice":"Pray","floor":22.0,"gold_loss":0.0,"damage_taken":0.0}],"is_beta":false,"boss_relics":[{"not_picked":["Runic Dome","Runic Cube","Velvet Choker"]}],"items_purged_floors":[3,14],"is_endless":false,"potions_floor_spawned":[5,7,10,24],"killed_by":"Snecko","ascension_level":0}}