{"host":"6jxiafzta1a1kcvk","time":1611589596,"event":{"mods":["Act Like it!","BaseMod","Conspire","Downfall","Hubris","Minty Spire (QoL Compilation)","Replay The Spire","Spicy Shops","StSLib","SuperFastMode"],"gold_per_floor":[99,115,164,174,84,84,158,184,184,219,219,219,219,319,339,339,339,339],"floor_reached":16,"language":"ZHS","playtime":729,"items_purged":["bronze:Strike"],"score":156,"play_id":"71b08062-8e89-4d5f-9cfa-dacd7d332cf8","local_time":"20210125234636","is_ascension_mode":false,"campfire_choices":[{"floor":1,"key":"DIG"},{"data":"bronze:Goto","floor":6,"key":"SMITH"},{"floor":9,"key":"REST"},{"floor":11,"key":"REST"}],"circlet_count":0,"master_deck":["conspire:GhostlyStrike","conspire:GhostlyStrike","conspire:GhostlyDefend","conspire:GhostlyDefend","conspire:GhostlyDefend","conspire:GhostlyDefend","bronze:Replicate","bronze:Goto+1","bronze:DelayedSlice","bronze:ThunderWave","bronze:Frontload","bronze:ChildClass","bronze:DelayedGuard"],"relics":["bronze:BronzeCore","Turnip","Lantern","Replay:Ringing Soul","conspire:Dentures","WingedGreaves","downfall:CloakOfManyFaces","CultistMask","FaceOfCleric","NlothsMask","GremlinMask","SsserpentHead"],"acts_visited":["Exordium"],"potions_floor_usage":[16,16,16],"damage_taken":[{"damage":1,"enemies":"Cultist","floor":2,"turns":4},{"damage":0,"enemies":"Small Slimes","floor":4,"turns":3},{"damage":0,"enemies":"downfall:FleeingMerchant","floor":5,"turns":4},{"damage":36,"enemies":"Lagavulin","floor":8,"turns":8},{"damage":47,"enemies":"Gremlin Nob","floor":10,"turns":7},{"damage":1,"enemies":"downfall:FaceTrader","floor":14,"turns":11},{"damage":0,"enemies":"Jaw Worm","floor":15,"turns":3},{"damage":54,"enemies":"IC_STATUS_ARCHETYPE","floor":16,"turns":13}],"seed_played":"140633801848897809","potions_obtained":[{"floor":8,"key":"Adrenaline Potion"},{"floor":10,"key":"SkillPotion"},{"floor":14,"key":"Weak Potion"}],"is_trial":false,"path_per_floor":["R","M","T","M","$","R","T","E","R","E","R","?","?","?","M","B"],"character_chosen":"THE_AUTOMATON","items_purchased":[],"campfire_rested":2,"item_purchase_floors":[],"current_hp_per_floor":[77,76,76,76,76,76,76,43,67,23,47,47,47,46,50,0,0,0],"gold":339,"neow_bonus":"TEN_PERCENT_HP_BONUS","is_daily":false,"chose_seed":false,"campfire_upgraded":1,"win_rate":0.0,"timestamp":1611589596,"path_taken":["R","M","?","M","?","R","T","E","R","E","R","?","?","?","M","BOSS"],"items_purchased_type":[],"build_version":"2020-12-22","purchased_purges":1,"victory":false,"max_hp_per_floor":[77,77,77,77,77,77,77,80,80,83,83,83,83,83,87,87,87,87],"card_choices":[{"not_picked":["bronze:WhirlingStrike","bronze:Repulsor"],"picked":"bronze:DelayedSlice","floor":2},{"not_picked":["bronze:MaxOutput","bronze:BuggyMess","bronze:DigitalCarnage"],"picked":"SKIP","floor":4},{"not_picked":["bronze:Return","bronze:OilSpill"],"picked":"bronze:ThunderWave","floor":5},{"not_picked":["bronze:BugBarrage","bronze:Shield"],"picked":"bronze:Frontload","floor":8},{"not_picked":["bronze:Overheat","bronze:Branch"],"picked":"bronze:ChildClass","floor":10},{"not_picked":["bronze:OilSpill","bronze:Mutator"],"picked":"bronze:DelayedGuard","floor":15}],"player_experience":62156,"relics_obtained":[{"floor":1,"key":"Turnip"},{"floor":3,"key":"Lantern"},{"floor":7,"key":"Replay:Ringing Soul"},{"floor":8,"key":"conspire:Dentures"},{"floor":10,"key":"WingedGreaves"},{"floor":14,"key":"downfall:CloakOfManyFaces"}],"event_choices":[{"damage_healed":0,"gold_gain":0,"player_choice":"Agree","damage_taken":0,"max_hp_gain":0,"max_hp_loss":0,"event_name":"conspire:LoneGhost","floor":12,"gold_loss":0}],"is_beta":false,"boss_relics":[],"items_purged_floors":[5],"is_endless":false,"potions_floor_spawned":[8,10,14,15],"killed_by":"IC_STATUS_ARCHETYPE","ascension_level":0}}