{"host":"s9dep4x43c14s74h","time":1611593563,"event":{"mods":["BaseMod","Downfall","Gremlin Mod","Hermit","HololiveMod","Jorbs\u0027s Wanderer Trilogy","Lobotomy","Marisa????????","Minty Spire (QoL Compilation)","StSLib","The Animator","The Bug Knight","The Construct","The Cursed","The Necromancer","The Runesmith","The Servant 0.9.4"],"gold_per_floor":[99,99,114,114,125,138,138,167,180,195,101,101,1,21,33,136,136,136,155,155,172,75,60,110,124,124,24,24,37,55,55,55,55],"floor_reached":31,"language":"RUS","playtime":3065,"items_purged":[],"score":239,"play_id":"d5d8310c-7e3a-4fe4-a9b7-60b060ca05a1","local_time":"20210125195243","is_ascension_mode":false,"campfire_choices":[{"data":"champ:Taunt","floor":1.0,"key":"SMITH"},{"floor":13.0,"key":"REST"},{"data":"champ:TripleStrike","floor":18.0,"key":"SMITH"},{"floor":27.0,"key":"REST"}],"circlet_count":0,"master_deck":["champ:Execute","champ:Taunt+1","champ:ShieldSlam+1","champ:SkillfulDodge","champ:EnragedBash","champ:DefensiveStyle","champ:TripleStrike+1","champ:ViciousMockery","champ:ShieldWall","champ:SkillfulDodge","champ:DefensiveShout","champ:HeavySlash","champ:EndlessRage","champ:ViciousMockery","champ:BerserkersShout","champ:CalledShot","champ:SkillfulDodge","champ:SwordSigil","champ:PreciseThrust","champ:RageSigil","champ:HeartStrike","expansioncontent:AwakenDeath","champ:IronFortress","champ:RisingSlash+1","Necronomicurse"],"relics":["champ:ChampionCrown","Bag of Preparation","Question Card","White Beast Statue","champ:LiftRelic","downfall:HeartBlessingGreen","Pandora\u0027s Box","Necronomicon","downfall:HeartBlessingBlue"],"acts_visited":["Exordium","TheCity"],"potions_floor_usage":[30,31],"damage_taken":[{"damage":10.0,"enemies":"2 Louse","floor":3.0,"turns":3.0},{"damage":10.0,"enemies":"Small Slimes","floor":5.0,"turns":5.0},{"damage":27.0,"enemies":"Cultist","floor":6.0,"turns":6.0},{"damage":82.0,"enemies":"Lagavulin","floor":8.0,"turns":9.0},{"damage":29.0,"enemies":"Gremlin Gang","floor":9.0,"turns":5.0},{"damage":25.0,"enemies":"Blue Slaver","floor":10.0,"turns":4.0},{"damage":50.0,"enemies":"downfall:FleeingMerchant","floor":11.0,"turns":4.0},{"damage":0.0,"enemies":"2 Fungi Beasts","floor":14.0,"turns":3.0},{"damage":10.0,"enemies":"Lots of Slimes","floor":15.0,"turns":4.0},{"damage":54.0,"enemies":"DF_ARCHETYPE_STREAMLINE","floor":16.0,"turns":12.0},{"damage":41.0,"enemies":"3 Byrds","floor":19.0,"turns":5.0},{"damage":33.0,"enemies":"Snecko","floor":21.0,"turns":4.0},{"damage":15.0,"enemies":"downfall:FleeingMerchant","floor":22.0,"turns":4.0},{"damage":0.0,"enemies":"downfall:FleeingMerchant","floor":23.0,"turns":4.0},{"damage":75.0,"enemies":"Centurion and Healer","floor":25.0,"turns":11.0},{"damage":0.0,"enemies":"Snake Plant","floor":29.0,"turns":2.0},{"damage":44,"enemies":"Shelled Parasite and Fungi","floor":30,"turns":4},{"damage":62,"enemies":"Gremlin Leader","floor":31,"turns":9}],"seed_played":"-3109341922186626375","potions_obtained":[{"floor":5.0,"key":"Explosive Potion"},{"floor":9.0,"key":"ColorlessPotion"},{"floor":10.0,"key":"sneckomod:MuddlingPotion"},{"floor":11.0,"key":"LiquidBronze"},{"floor":14.0,"key":"construct:ShiftPotion"},{"floor":15.0,"key":"FairyPotion"},{"floor":16.0,"key":"PowerPotion"},{"floor":19.0,"key":"GamblersBrew"},{"floor":21.0,"key":"champ:CounterPotion"},{"floor":22.0,"key":"Block Potion"},{"floor":23.0,"key":"Strength Potion"},{"floor":25.0,"key":"sneckomod:MuddlingPotion"},{"floor":29.0,"key":"Guardian:BlockOnCardUsePotion"},{"floor":30,"key":"Ancient Potion"}],"is_trial":false,"path_per_floor":["R","?","M","?","M","M","T","E","M","M","$","?","R","M","M","B",null,"R","M","?","M","$","$","T","M","?","R","?","M","M","E"],"character_chosen":"THE_CHAMP","items_purchased":["champ:ShieldWall","expansioncontent:AwakenDeath"],"campfire_rested":2,"item_purchase_floors":[11,22],"current_hp_per_floor":[90,90,90,90,90,83,83,46,27,27,17,17,44,44,44,42,90,90,69,69,56,56,56,56,19,3,43,43,43,19,0,0,0],"gold":55,"neow_bonus":"RANDOM_COMMON_RELIC","is_daily":false,"chose_seed":false,"campfire_upgraded":2,"win_rate":0.0,"timestamp":1611593563,"path_taken":["R","?","M","?","?","?","T","E","M","M","$","?","R","M","M","BOSS","R","M","?","?","?","$","T","M","?","R","?","M","M","E"],"items_purchased_type":["Card","Card"],"build_version":"2020-12-22","purchased_purges":0,"victory":false,"max_hp_per_floor":[90,90,90,90,90,90,90,90,90,90,90,90,90,90,90,90,90,90,90,90,90,90,90,90,90,90,100,100,100,100,100,100,100],"card_choices":[{"not_picked":["champ:Shatter","champ:FanOfKnives"],"picked":"champ:ShieldSlam","floor":3.0},{"not_picked":["champ:Circumvent","champ:BerserkersShout"],"picked":"champ:SkillfulDodge","floor":5.0},{"not_picked":["champ:Backstep","champ:FanOfKnives"],"picked":"champ:EnragedBash","floor":6.0},{"not_picked":["champ:TornadoPunch","champ:DefensiveShout","champ:FanOfKnives"],"picked":"champ:DefensiveStyle","floor":8.0},{"not_picked":["champ:DefensiveShout","champ:AdrenalArmor","champ:EnGarde","champ:BerserkersShout"],"picked":"SKIP","floor":9.0},{"not_picked":["champ:FlashCut","champ:FocusedDefense","champ:CrownThrow"],"picked":"champ:TripleStrike","floor":10.0},{"not_picked":["champ:PreciseThrust","champ:TornadoPunch","champ:BringItOn"],"picked":"champ:ViciousMockery","floor":11.0},{"not_picked":["champ:FlashCut","champ:Circumvent","champ:StanceDance"],"picked":"champ:SkillfulDodge","floor":14.0},{"not_picked":["champ:Haymaker","champ:SwordSigil","champ:GutPunch"],"picked":"champ:DefensiveShout","floor":15.0},{"not_picked":["champ:SwordThrow","champ:LastStand","champ:IgnorePain"],"picked":"champ:HeavySlash","floor":16.0},{"not_picked":["champ:StanceDance+1","champ:RapidStrikes+1","champ:PreciseThrust"],"picked":"champ:RageSigil","floor":19.0},{"not_picked":["champ:DefensiveShout","champ:Haymaker","champ:RisingSlash","champ:BringItOn+1"],"picked":"SKIP","floor":21.0},{"not_picked":["champ:HeavySlash","champ:CalledShot","champ:DefensiveShout"],"picked":"champ:HeartStrike","floor":22.0},{"not_picked":["champ:Haymaker+1","champ:BringItOn","champ:ViciousMockery"],"picked":"champ:IronFortress","floor":23.0},{"not_picked":["champ:FanOfKnives+1","champ:PerfectedStrike","champ:DeathBlow+1"],"picked":"champ:RisingSlash+1","floor":25.0},{"not_picked":["champ:DefensiveShout","champ:EnGarde+1","champ:BringItOn","champ:TornadoPunch"],"picked":"SKIP","floor":29.0},{"not_picked":["champ:EnragedBash+1","champ:TornadoPunch","champ:FlashCut","champ:Circumvent"],"picked":"SKIP","floor":30}],"player_experience":890835,"relics_obtained":[{"floor":7.0,"key":"Question Card"},{"floor":8.0,"key":"White Beast Statue"},{"floor":26.0,"key":"Necronomicon"}],"event_choices":[],"is_beta":false,"boss_relics":[{"not_picked":["SlaversCollar","Empty Cage"],"picked":"Pandora\u0027s Box"}],"items_purged_floors":[],"is_endless":false,"potions_floor_spawned":[5,9,10,11,14,15,16,19,21,22,23,25,29,30],"killed_by":"Gremlin Leader","ascension_level":0}}