{"host":"1bmpebsu0h6jmm2g","time":1611583867,"event":{"mods":["BaseMod","Colored Map","DeckTracker","Highlight Path","Keyboard Shortcuts","Minty Spire (QoL Compilation)","Permanent Neow","Quick Restart","Relic Stats","Slay the Relics Exporter","StSLib","SuperFastMode"],"gold_per_floor":[17,28,43,53,69,69,98,111,165,179,179,213,226,244,244,321,321,335,14,25,43,71,71,98,112,136,136,235,235,252,352,352,425,425,435,239,1238,1238,1254,1280,1296,1296,1321,1332,1359,1359,1373,1385,1385,1385,1385,1385,584,610,610],"floor_reached":56,"language":"KOR","playtime":2338,"items_purged":["Strike_B","Strike_B"],"score":2074,"play_id":"a240a963-6852-40bd-b9d6-45830cb6310d","local_time":"20210125231107","is_ascension_mode":true,"campfire_choices":[{"floor":6.0,"key":"REST"},{"data":"Defragment","floor":15.0,"key":"SMITH"},{"floor":23.0,"key":"REST"},{"floor":27.0,"key":"REST"},{"data":"Hologram","floor":29.0,"key":"SMITH"},{"data":"Seek","floor":32.0,"key":"SMITH"},{"data":"Steam Power","floor":46.0,"key":"SMITH"},{"floor":49.0,"key":"RECALL"},{"data":"Hologram","floor":52.0,"key":"SMITH"}],"circlet_count":0,"master_deck":["AscendersBane","Strike_B","Strike_B+1","Defend_B","Defend_B","Defend_B","Defend_B","Zap","Dualcast","Aggregate","Doom and Gloom","Ball Lightning","Turbo","Hologram+1","All For One+1","Cold Snap","Stack","Steam","Defragment+1","Self Repair","Steam","BootSequence","Barrage","Electrodynamics","Hologram","FTL","Turbo","Turbo","Seek+1","Defragment+1","Hologram","Echo Form+1","Hello World+1","Hologram+1","Self Repair+1","Conserve Battery","Steam Power+1","Leap+1","Hologram+1","Undo+1","All For One","Self Repair+1","Glacier+1","Capacitor+1","Compile Driver","Turbo+1","Compile Driver","Dark Shackles","Finesse","Hologram+1","Hello World+1","Go for the Eyes+1","Cold Snap+1","Defragment+1","Flash of Steel","Reinforced Body","Steam","Steam Power"],"relics":["Cracked Core","Prayer Wheel","Pear","MealTicket","Kunai","Nuclear Battery","Frozen Egg 2","Red Mask","Shuriken","Omamori","Torii","Darkstone Periapt","Runic Pyramid","Centennial Puzzle","Meat on the Bone","Medical Kit","Orichalcum","Whetstone","Symbiotic Virus"],"acts_visited":["Exordium","TheCity","TheBeyond","TheEnding"],"potions_floor_usage":[55,55],"damage_taken":[{"damage":1.0,"enemies":"Cultist","floor":1.0,"turns":3.0},{"damage":12.0,"enemies":"Jaw Worm","floor":2.0,"turns":3.0},{"damage":0.0,"enemies":"2 Louse","floor":3.0,"turns":2.0},{"damage":11.0,"enemies":"Looter","floor":4.0,"turns":2.0},{"damage":8.0,"enemies":"Blue Slaver","floor":5.0,"turns":3.0},{"damage":12.0,"enemies":"Lagavulin","floor":7.0,"turns":7.0},{"damage":7.0,"enemies":"Exordium Thugs","floor":8.0,"turns":3.0},{"damage":9.0,"enemies":"Large Slime","floor":10.0,"turns":5.0},{"damage":26.0,"enemies":"Gremlin Nob","floor":12.0,"turns":5.0},{"damage":0.0,"enemies":"2 Fungi Beasts","floor":13.0,"turns":3.0},{"damage":13.0,"enemies":"Exordium Thugs","floor":14.0,"turns":5.0},{"damage":2.0,"enemies":"Hexaghost","floor":16.0,"turns":9.0},{"damage":13.0,"enemies":"3 Byrds","floor":18.0,"turns":4.0},{"damage":0.0,"enemies":"Chosen","floor":20.0,"turns":4.0},{"damage":18.0,"enemies":"Sentry and Sphere","floor":21.0,"turns":5.0},{"damage":53.0,"enemies":"Masked Bandits","floor":22.0,"turns":4.0},{"damage":27.0,"enemies":"Slavers","floor":24.0,"turns":4.0},{"damage":0.0,"enemies":"Centurion and Healer","floor":25.0,"turns":8.0},{"damage":13.0,"enemies":"Snecko","floor":30.0,"turns":5.0},{"damage":24.0,"enemies":"Colosseum Slavers","floor":31.0,"turns":4.0},{"damage":10.0,"enemies":"Colosseum Nobs","floor":31.0,"turns":5.0},{"damage":21.0,"enemies":"Champ","floor":33.0,"turns":11.0},{"damage":0.0,"enemies":"Orb Walker","floor":35.0,"turns":2.0},{"damage":1.0,"enemies":"3 Shapes","floor":39.0,"turns":3.0},{"damage":17.0,"enemies":"Nemesis","floor":40.0,"turns":7.0},{"damage":0.0,"enemies":"Writhing Mass","floor":41.0,"turns":6.0},{"damage":13.0,"enemies":"Sphere and 2 Shapes","floor":44.0,"turns":5.0},{"damage":16.0,"enemies":"Reptomancer","floor":45.0,"turns":5.0},{"damage":10.0,"enemies":"Transient","floor":47.0,"turns":5.0},{"damage":11.0,"enemies":"3 Darklings","floor":48.0,"turns":5.0},{"damage":52.0,"enemies":"Time Eater","floor":50.0,"turns":16.0},{"damage":12.0,"enemies":"Shield and Spear","floor":54.0,"turns":11.0},{"damage":41,"enemies":"The Heart","floor":55,"turns":11}],"seed_played":"4434907649675640934","potions_obtained":[{"floor":2.0,"key":"FearPotion"},{"floor":3.0,"key":"Block Potion"},{"floor":7.0,"key":"AttackPotion"},{"floor":10.0,"key":"PotionOfCapacity"},{"floor":12.0,"key":"Dexterity Potion"},{"floor":14.0,"key":"LiquidMemories"},{"floor":18.0,"key":"DistilledChaos"},{"floor":21.0,"key":"BlessingOfTheForge"},{"floor":33.0,"key":"LiquidBronze"},{"floor":39.0,"key":"Regen Potion"},{"floor":45.0,"key":"EntropicBrew"}],"is_trial":false,"path_per_floor":["M","M","M","M","M","R","E","M","T","M","?","E","M","M","R","B",null,"M","$","M","M","?","R","E","M","T","R","?","R","M","?","R","B",null,"M","$","?","?","M","E","M","?","T","M","E","R","M","M","R","B",null,"R","$","E","B",null],"character_chosen":"DEFECT","items_purchased":["Frozen Egg 2","Defragment+1","Capacitor+1","Compile Driver","Medical Kit","Orichalcum","Whetstone","Flash of Steel","Reinforced Body","Steam","FocusPotion"],"campfire_rested":3,"item_purchase_floors":[19,19,36,36,53,53,53,53,53,53,53],"current_hp_per_floor":[63,51,51,40,32,53,51,44,44,42,47,21,28,22,22,27,71,58,73,73,55,9,34,7,24,24,49,49,49,50,40,40,53,78,78,86,86,86,85,86,86,76,76,86,86,86,86,86,86,66,81,81,86,86,62],"gold":610,"neow_bonus":"ONE_RARE_RELIC","is_daily":false,"chose_seed":false,"campfire_upgraded":5,"win_rate":0.0,"timestamp":1611583867,"path_taken":["M","M","M","M","M","R","E","?","T","M","?","E","M","M","R","BOSS","M","$","M","M","?","R","E","M","T","R","?","R","M","?","R","BOSS","M","$","?","?","M","E","?","?","T","M","E","R","M","M","R","BOSS","R","$","E","BOSS"],"items_purchased_type":["Relic","Card","Card","Card","Relic","Relic","Relic","Card","Card","Card","Potion"],"build_version":"2020-12-22","purchased_purges":2,"victory":true,"max_hp_per_floor":[71,71,71,71,71,71,81,81,81,81,86,86,86,86,86,86,86,86,86,86,86,86,86,86,86,86,86,86,86,86,86,86,86,86,86,86,86,86,86,86,86,86,86,86,86,86,86,86,86,86,86,86,86,86,86],"relic_stats":{"Darkstone Periapt":0,"Torii":43,"counters":[33,180],"Whetstone":["All For One","Strike_B"],"Orichalcum":[18],"Medical Kit":[5],"Centennial Puzzle":[21],"Shuriken":[55],"Prayer Wheel":20,"MealTicket":28,"Kunai":[68],"obtain_stats":[{"Darkstone Periapt":31,"Pear":7,"Torii":31,"Omamori":26,"Whetstone":53,"Frozen Egg 2":19,"Orichalcum":53,"Medical Kit":53,"Nuclear Battery":17,"Centennial Puzzle":40,"Shuriken":24,"Prayer Wheel":0,"MealTicket":9,"Red Mask":22,"Kunai":12,"Cracked Core":0,"Symbiotic Virus":54,"Runic Pyramid":34,"Meat on the Bone":45},{"Darkstone Periapt":21,"Pear":6,"Torii":21,"Omamori":18,"Whetstone":31,"Frozen Egg 2":13,"Orichalcum":31,"Medical Kit":31,"Nuclear Battery":12,"Centennial Puzzle":25,"Shuriken":17,"Prayer Wheel":0,"MealTicket":7,"Red Mask":16,"Kunai":9,"Cracked Core":0,"Symbiotic Virus":32,"Runic Pyramid":22,"Meat on the Bone":28},{"Darkstone Periapt":93,"Pear":20,"Torii":93,"Omamori":79,"Whetstone":158,"Frozen Egg 2":54,"Orichalcum":158,"Medical Kit":158,"Nuclear Battery":50,"Centennial Puzzle":116,"Shuriken":71,"Prayer Wheel":0,"MealTicket":23,"Red Mask":67,"Kunai":33,"Cracked Core":0,"Symbiotic Virus":169,"Runic Pyramid":104,"Meat on the Bone":132}],"Meat on the Bone":12},"card_choices":[{"not_picked":["Beam Cell","Gash"],"picked":"Aggregate","floor":1.0},{"not_picked":["Turbo","Scrape"],"picked":"Gash","floor":1.0},{"not_picked":["Compile Driver","Beam Cell"],"picked":"Doom and Gloom","floor":2.0},{"not_picked":["Aggregate","Blizzard"],"picked":"Ball Lightning","floor":2.0},{"not_picked":["Barrage","Steam Power"],"picked":"Turbo","floor":3.0},{"not_picked":["Sweeping Beam","Chaos"],"picked":"Hologram","floor":3.0},{"not_picked":["Coolheaded","Gash"],"picked":"All For One","floor":4.0},{"not_picked":["Conserve Battery","Redo"],"picked":"Cold Snap","floor":4.0},{"not_picked":["Coolheaded","Cold Snap"],"picked":"Stack","floor":5.0},{"not_picked":["Static Discharge","Conserve Battery"],"picked":"Steam","floor":5.0},{"not_picked":["Rebound","Compile Driver"],"picked":"Defragment","floor":7.0},{"not_picked":["Ball Lightning","Stack"],"picked":"Self Repair","floor":8.0},{"not_picked":["Heatsinks","Recycle"],"picked":"Steam","floor":8.0},{"not_picked":["Reprogram","Compile Driver"],"picked":"BootSequence","floor":10.0},{"not_picked":["Ball Lightning","Consume"],"picked":"Barrage","floor":10.0},{"not_picked":["Fusion","Chaos"],"picked":"Electrodynamics","floor":12.0},{"not_picked":["Chill","Cold Snap"],"picked":"Hologram","floor":13.0},{"not_picked":["Compile Driver","Sweeping Beam"],"picked":"FTL","floor":13.0},{"not_picked":["Redo","Steam"],"picked":"Turbo","floor":14.0},{"not_picked":["Consume","Blizzard"],"picked":"Turbo","floor":14.0},{"not_picked":["Electrodynamics","Meteor Strike"],"picked":"Seek","floor":16.0},{"not_picked":["Beam Cell","FTL","Gash"],"picked":"SKIP","floor":18.0},{"not_picked":["Chaos","Steam","Sunder+1"],"picked":"SKIP","floor":18.0},{"not_picked":["Ball Lightning","Coolheaded"],"picked":"Hologram","floor":20.0},{"not_picked":["Go for the Eyes","Compile Driver"],"picked":"Echo Form+1","floor":20.0},{"not_picked":["Barrage","Gash"],"picked":"Hello World+1","floor":21.0},{"not_picked":["Barrage","Reprogram","Coolheaded"],"picked":"SKIP","floor":21.0},{"not_picked":["White Noise","Gash"],"picked":"Hologram","floor":22.0},{"not_picked":["Leap","Coolheaded"],"picked":"Self Repair+1","floor":24.0},{"not_picked":["Leap","Streamline"],"picked":"Conserve Battery","floor":25.0},{"not_picked":["Streamline","Coolheaded"],"picked":"Steam Power","floor":25.0},{"not_picked":["Reinforced Body","Sunder"],"picked":"Leap+1","floor":30.0},{"not_picked":["Undo","Rebound"],"picked":"Hologram+1","floor":30.0},{"not_picked":["Barrage","Fission"],"picked":"Undo+1","floor":31.0},{"not_picked":["Biased Cognition+1","Rainbow"],"picked":"All For One","floor":33.0},{"not_picked":["Sweeping Beam+1","Beam Cell"],"picked":"Self Repair+1","floor":35.0},{"not_picked":["Streamline+1","Defragment+1"],"picked":"Glacier+1","floor":35.0},{"not_picked":["Coolheaded","Rip and Tear"],"picked":"Turbo+1","floor":39.0},{"not_picked":["Consume+1","Tempest","Glacier"],"picked":"SKIP","floor":39.0},{"not_picked":["Streamline","Darkness"],"picked":"Compile Driver","floor":40.0},{"not_picked":["Scrape","Redo","Go for the Eyes"],"picked":"SKIP","floor":41.0},{"not_picked":["Chaos","Turbo","Leap"],"picked":"SKIP","floor":41.0},{"not_picked":["Good Instincts","Discovery"],"picked":"Dark Shackles","floor":42.0},{"not_picked":["Forethought","PanicButton"],"picked":"Finesse","floor":42.0},{"not_picked":["Redo","Coolheaded","Reprogram"],"picked":"SKIP","floor":44.0},{"not_picked":["Coolheaded","FTL+1","Auto Shields"],"picked":"SKIP","floor":44.0},{"not_picked":["Coolheaded","Beam Cell"],"picked":"Hologram+1","floor":45.0},{"not_picked":["Consume","Recycle"],"picked":"Hello World+1","floor":47.0},{"not_picked":["Genetic Algorithm","Coolheaded"],"picked":"Go for the Eyes+1","floor":47.0},{"not_picked":["Ball Lightning","Streamline+1"],"picked":"Cold Snap+1","floor":48.0},{"not_picked":["Lockon","Gash"],"picked":"Defragment+1","floor":48.0},{"not_picked":["Steam","Static Discharge+1"],"picked":"Steam Power","floor":54.0}],"player_experience":492801,"relics_obtained":[{"floor":7.0,"key":"Pear"},{"floor":9.0,"key":"MealTicket"},{"floor":12.0,"key":"Kunai"},{"floor":22.0,"key":"Red Mask"},{"floor":24.0,"key":"Shuriken"},{"floor":26.0,"key":"Omamori"},{"floor":31.0,"key":"Torii"},{"floor":31.0,"key":"Darkstone Periapt"},{"floor":40.0,"key":"Centennial Puzzle"},{"floor":45.0,"key":"Meat on the Bone"},{"floor":54.0,"key":"Symbiotic Virus"}],"event_choices":[{"damage_healed":0.0,"max_hp_gain":5.0,"max_hp_loss":0.0,"gold_gain":0.0,"event_name":"Big Fish","player_choice":"Donut","floor":11.0,"gold_loss":0.0,"damage_taken":0.0},{"damage_healed":0.0,"max_hp_gain":0.0,"max_hp_loss":0.0,"gold_gain":0.0,"event_name":"Masked Bandits","player_choice":"Fought Bandits","floor":22.0,"gold_loss":0.0,"damage_taken":0.0},{"damage_healed":0.0,"max_hp_gain":0.0,"max_hp_loss":0.0,"gold_gain":99.0,"event_name":"Nest","player_choice":"Stole From Cult","floor":28.0,"gold_loss":0.0,"damage_taken":0.0},{"damage_healed":0.0,"max_hp_gain":0.0,"max_hp_loss":0.0,"gold_gain":0.0,"event_name":"Colosseum","player_choice":"Fight","floor":31.0,"gold_loss":0.0,"damage_taken":0.0},{"damage_healed":0.0,"max_hp_gain":0.0,"max_hp_loss":0.0,"gold_gain":0.0,"event_name":"Colosseum","player_choice":"Fled From Nobs","floor":31.0,"gold_loss":0.0,"damage_taken":0.0},{"damage_healed":0.0,"max_hp_gain":0.0,"max_hp_loss":0.0,"gold_gain":0.0,"event_name":"Colosseum","player_choice":"Fought Nobs","floor":31.0,"gold_loss":0.0,"damage_taken":0.0},{"damage_healed":0.0,"max_hp_gain":0.0,"max_hp_loss":0.0,"gold_gain":999.0,"event_name":"MindBloom","player_choice":"Gold","floor":37.0,"gold_loss":0.0,"damage_taken":0.0,"cards_obtained":["Normality","Normality"]},{"cards_removed":["Gash"],"damage_healed":5.0,"max_hp_gain":0.0,"max_hp_loss":0.0,"gold_gain":0.0,"event_name":"Bonfire Elementals","player_choice":"Offered Common","floor":38.0,"gold_loss":0.0,"damage_taken":0.0},{"cards_removed":["Gash"],"damage_healed":5.0,"max_hp_gain":0.0,"max_hp_loss":0.0,"gold_gain":0.0,"event_name":"Bonfire Elementals","player_choice":"Offered Special","floor":38.0,"gold_loss":0.0,"damage_taken":0.0},{"damage_healed":0.0,"max_hp_gain":0.0,"max_hp_loss":0.0,"gold_gain":0.0,"event_name":"SensoryStone","player_choice":"Memory 3","floor":42.0,"gold_loss":0.0,"damage_taken":10.0}],"is_beta":false,"boss_relics":[{"not_picked":["FrozenCore","Snecko Eye"],"picked":"Nuclear Battery"},{"not_picked":["Sozu","SacredBark"],"picked":"Runic Pyramid"}],"items_purged_floors":[36,53],"is_endless":false,"potions_floor_spawned":[2,3,7,10,12,14,18,21,31,33,39,45],"ascension_level":14}}