{"host":"zi8hgkvmbjur1a9v","time":1611599601,"event":{"mods":["AchievementEnabler","AlwaysNeverKeys","Aspiration","BaseMod","BetterRewards","Colored Map","Colored Powertips","Conspire","Downfall","Energized Spire","Friendly Minions","Hubris","Infinite Spire","Minty Spire (QoL Compilation)","Permanent Neow","Quick Restart","Relic Filter","Replay The Spire","Shop Mod","StSLib"],"gold_per_floor":[99,114,132,132,142,142,142,142],"floor_reached":6,"language":"ENG","playtime":729,"items_purged":[],"score":43,"play_id":"faaa515c-e226-44d5-be25-8de8a4acf1ac","local_time":"20210125133321","is_ascension_mode":true,"campfire_choices":[{"data":"Slimebound:Split","floor":1,"key":"SMITH"}],"circlet_count":0,"master_deck":["Slimebound:Strike_Slimebound","Slimebound:Strike_Slimebound","Slimebound:Strike_Slimebound","Slimebound:Tackle","Slimebound:Defend_Slimebound","Slimebound:Defend_Slimebound","Slimebound:Defend_Slimebound","Slimebound:Defend_Slimebound","Slimebound:Split+1","Slimebound:CorrosiveSpit","Slimebound:SplitAcid","Swivel","Doubt","Slimebound:OneTwoCombo"],"relics":["aspiration:WatcherSkillbook","Ring of Hypnosis","Ring of Panic"],"acts_visited":["Exordium"],"potions_floor_usage":[],"damage_taken":[{"damage":14,"enemies":"Jaw Worm","floor":2,"turns":3},{"damage":6,"enemies":"Small Slimes","floor":3,"turns":3},{"damage":6,"enemies":"Cultist","floor":5,"turns":4},{"damage":40,"enemies":"3 Sentries","floor":6,"turns":6}],"seed_played":"-7080847453044618416","potions_obtained":[{"floor":5,"key":"FearPotion"}],"is_trial":false,"path_per_floor":["R","M","M","?","M","E"],"character_chosen":"SLIMEBOUND","items_purchased":[],"campfire_rested":0,"item_purchase_floors":[],"current_hp_per_floor":[65,51,45,45,39,0,0,0],"gold":142,"neow_bonus":"BOSS_RELIC","is_daily":false,"chose_seed":false,"campfire_upgraded":1,"win_rate":0.0,"timestamp":1611599601,"path_taken":["R","M","M","?","M","E"],"items_purchased_type":[],"build_version":"2020-12-22","purchased_purges":0,"victory":false,"max_hp_per_floor":[65,65,65,65,65,65,65,65],"card_choices":[{"not_picked":["Slimebound:TongueLash","Slimebound:PressTheAttack","Slimebound:Dissolve"],"picked":"Slimebound:SplitAcid","floor":2},{"not_picked":["Slimebound:Prepare","SashWhip","Slimebound:ComboTackle"],"picked":"Swivel","floor":3},{"not_picked":["CarveReality","Slimebound:ViciousTackle","Slimebound:RollThrough"],"picked":"Slimebound:OneTwoCombo","floor":5}],"player_experience":595969,"relics_obtained":[{"floor":4,"key":"Ring of Hypnosis"},{"floor":4,"key":"Ring of Panic"}],"event_choices":[],"is_beta":false,"boss_relics":[],"items_purged_floors":[],"is_endless":false,"potions_floor_spawned":[5],"killed_by":"3 Sentries","ascension_level":4}}