{"host":"8is2j71l4wmybkoi","time":1611564861,"event":{"mods":["AchievementEnabler","BaseMod","Colored Map","Minty Spire (QoL Compilation)","Rare Cards Sparkle","StSLib","SuperFastMode"],"gold_per_floor":[418,431,356,369,152,152,152,177,200,200,212,229,262,278,278,353,353,368,384,384,384,403,403,414,414,414,68,68,95,95,105,105,105,105],"floor_reached":33,"language":"KOR","playtime":1280,"items_purged":["Clumsy","Shame"],"score":554,"play_id":"59be854c-195e-4018-9654-d7cf595bf85d","local_time":"20210125175421","is_ascension_mode":true,"campfire_choices":[{"data":"Deadly Poison","floor":6,"key":"SMITH"},{"data":"Dagger Spray","floor":10,"key":"SMITH"},{"data":"Neutralize","floor":15,"key":"SMITH"},{"floor":23,"key":"REST"},{"floor":25,"key":"REST"},{"floor":28,"key":"REST"},{"floor":32,"key":"REST"}],"circlet_count":0,"master_deck":["AscendersBane","Strike_G","Strike_G","Strike_G","Strike_G","Strike_G","Defend_G","Defend_G","Defend_G","Defend_G","Survivor","Neutralize+1","PiercingWail","Deadly Poison+1","Slice","Finisher","Dagger Spray+1","Masterful Stab","Acrobatics","Eviscerate","Endless Agony","Burst","Prepared+1","Noxious Fumes","Leg Sweep","Reflex","After Image","Backflip"],"relics":["Ring of the Snake","Old Coin","Ornamental Fan","Darkstone Periapt","Ancient Tea Set","PreservedInsect","HoveringKite","Potion Belt","Question Card","Bronze Scales","WingedGreaves"],"acts_visited":["Exordium","TheCity"],"potions_floor_usage":[8,13,14,16,19,31,31,33],"damage_taken":[{"damage":6,"enemies":"Cultist","floor":1,"turns":5},{"damage":3,"enemies":"Small Slimes","floor":2,"turns":5},{"damage":8,"enemies":"Jaw Worm","floor":4,"turns":4},{"damage":2,"enemies":"Gremlin Nob","floor":8,"turns":3},{"damage":0,"enemies":"Exordium Wildlife","floor":11,"turns":2},{"damage":3,"enemies":"3 Louse","floor":12,"turns":3},{"damage":17,"enemies":"Lagavulin","floor":13,"turns":6},{"damage":1,"enemies":"2 Fungi Beasts","floor":14,"turns":2},{"damage":18,"enemies":"The Guardian","floor":16,"turns":11},{"damage":0,"enemies":"Spheric Guardian","floor":18,"turns":1},{"damage":8,"enemies":"Shell Parasite","floor":19,"turns":3},{"damage":34,"enemies":"Snecko","floor":22,"turns":6},{"damage":33,"enemies":"Sentry and Sphere","floor":24,"turns":7},{"damage":1,"enemies":"Gremlin Leader","floor":29,"turns":6},{"damage":13,"enemies":"3 Cultists","floor":31,"turns":5},{"damage":84,"enemies":"Automaton","floor":33,"turns":10}],"seed_played":"-3491613113749237129","potions_obtained":[{"floor":1,"key":"PowerPotion"},{"floor":8,"key":"SneckoOil"},{"floor":14,"key":"BlessingOfTheForge"},{"floor":16,"key":"FairyPotion"},{"floor":18,"key":"SkillPotion"},{"floor":24,"key":"LiquidBronze"},{"floor":29,"key":"SteroidPotion"},{"floor":31,"key":"CunningPotion"}],"is_trial":false,"path_per_floor":["M","M","?","M","$","R","T","E","T","R","M","M","E","M","R","B",null,"M","M","?","?","M","R","M","R","T","$","R","E","?","M","R","B"],"character_chosen":"THE_SILENT","items_purchased":["Poison Potion","Finisher","Bronze Scales","Reflex"],"campfire_rested":4,"item_purchase_floors":[5,5,27,27],"current_hp_per_floor":[53,50,50,42,42,42,42,40,40,40,40,37,20,19,19,1,50,50,42,55,61,27,48,15,36,36,36,57,56,36,23,46,0,0],"gold":105,"neow_bonus":"ONE_RARE_RELIC","is_daily":false,"chose_seed":false,"campfire_upgraded":3,"win_rate":0.0,"timestamp":1611564861,"path_taken":["M","?","?","M","$","R","?","E","T","R","M","?","E","M","R","BOSS","M","M","?","?","M","R","M","R","T","$","R","E","?","?","R","BOSS"],"items_purchased_type":["Potion","Card","Relic","Card"],"build_version":"2020-12-22","purchased_purges":2,"victory":false,"max_hp_per_floor":[66,66,66,66,66,66,66,66,66,66,66,66,66,66,66,66,66,66,66,66,72,72,72,72,72,72,72,72,72,77,77,77,77,77],"card_choices":[{"not_picked":["Sucker Punch","Bane"],"picked":"PiercingWail","floor":1},{"not_picked":["Choke","PiercingWail"],"picked":"Deadly Poison","floor":2},{"not_picked":["Bane","Prepared"],"picked":"Slice","floor":4},{"not_picked":["Acrobatics","Choke"],"picked":"Dagger Spray","floor":8},{"not_picked":["Prepared","PiercingWail"],"picked":"Masterful Stab","floor":11},{"not_picked":["Bane","Eviscerate"],"picked":"Acrobatics","floor":12},{"not_picked":["Storm of Steel","Masterful Stab"],"picked":"Eviscerate","floor":13},{"not_picked":["Acrobatics","Dagger Spray"],"picked":"Endless Agony","floor":14},{"not_picked":["Die Die Die","Unload"],"picked":"Burst","floor":16},{"not_picked":["Blade Dance","Choke"],"picked":"Prepared+1","floor":18},{"not_picked":["PiercingWail","Outmaneuver"],"picked":"Noxious Fumes","floor":19},{"not_picked":["Masterful Stab","Deadly Poison","Slice"],"picked":"SKIP","floor":22},{"not_picked":["Concentrate","Prepared"],"picked":"Leg Sweep","floor":24},{"not_picked":["Acrobatics","Prepared","Dodge and Roll"],"picked":"After Image","floor":29},{"not_picked":["Choke","Deadly Poison","Flying Knee"],"picked":"Backflip","floor":31}],"player_experience":781807,"relics_obtained":[{"floor":7,"key":"Ornamental Fan"},{"floor":8,"key":"Darkstone Periapt"},{"floor":9,"key":"Ancient Tea Set"},{"floor":13,"key":"PreservedInsect"},{"floor":26,"key":"Question Card"},{"floor":29,"key":"WingedGreaves"}],"event_choices":[{"cards_removed":["Defend_G"],"damage_healed":0,"gold_gain":0,"player_choice":"Card Removal","damage_taken":0,"max_hp_gain":0,"max_hp_loss":0,"event_name":"The Cleric","floor":3,"gold_loss":75},{"damage_healed":13,"gold_gain":0,"player_choice":"Heal","damage_taken":0,"max_hp_gain":0,"max_hp_loss":0,"event_name":"The Library","floor":20,"gold_loss":0},{"damage_healed":0,"gold_gain":0,"player_choice":"Stole Relic","damage_taken":0,"relics_obtained":["Potion Belt"],"max_hp_gain":0,"max_hp_loss":0,"event_name":"Addict","floor":21,"gold_loss":0,"cards_obtained":["Shame"]},{"damage_healed":0,"gold_gain":0,"player_choice":"Shed Blood","damage_taken":25,"max_hp_gain":5,"max_hp_loss":0,"event_name":"Forgotten Altar","floor":30,"gold_loss":0}],"is_beta":false,"boss_relics":[{"not_picked":["Velvet Choker","Busted Crown"],"picked":"HoveringKite"}],"items_purged_floors":[5,27],"is_endless":false,"potions_floor_spawned":[1,8,14,16,18,24,29,31],"killed_by":"Automaton","ascension_level":20}}