{"host":"pyelotildgrd5mks","time":1611577411,"event":{"mods":["BaseMod","Downfall","Minty Spire (QoL Compilation)","Quick Restart","StSLib"],"gold_per_floor":[349,366,366,377,239,239,239,239,239,174,198,231,249,78,96,195,195,195,205,90,109,109,119,119,119,119,146,96,96,331,346,363,460,460,360,370,370,389,403,403,427,441,441,241,260,285,285,285,304,304,304,329,31,31,31,31],"floor_reached":57,"language":"ZHS","playtime":2928,"items_purged":["Slimebound:Strike_Slimebound","Slimebound:Strike_Slimebound","Slimebound:Defend_Slimebound","Slimebound:Tackle+1"],"score":1325,"play_id":"f1cdd1f8-e762-4cee-99b7-403807f9017a","local_time":"20210125202331","is_ascension_mode":false,"campfire_choices":[{"data":"Slimebound:CorrosiveSpit","floor":1.0,"key":"SMITH"},{"data":"Slimebound:Split","floor":9.0,"key":"SMITH"},{"data":"Slimebound:OneTwoCombo","floor":18.0,"key":"SMITH"},{"data":"Slimebound:LevelUp","floor":25.0,"key":"SMITH"},{"data":"Slimebound:Teamwork","floor":29.0,"key":"SMITH"},{"data":"Slimebound:SelfFormingGoo","floor":35.0,"key":"SMITH"},{"floor":40.0,"key":"RECALL"},{"data":"Slimebound:TagTeam","floor":44.0,"key":"SMITH"},{"data":"Slimebound:Darklings","floor":47.0,"key":"SMITH"},{"data":"Slimebound:LeadByExample","floor":54,"key":"SMITH"}],"circlet_count":0,"master_deck":["Slimebound:Defend_Slimebound+1","Slimebound:Defend_Slimebound+1","Slimebound:Split+1","Slimebound:CorrosiveSpit+1","Slimebound:LevelUp+1","Slimebound:SplitMire+1","Slimebound:LeadByExample+1","Slimebound:TagTeam+1","Slimebound:FormOfPuddle+1","Slimebound:OneTwoCombo+1","Slimebound:Teamwork+1","Slimebound:Darklings+1","Slimebound:MinionMaster","Slimebound:SplitSpecialist","Slimebound:SelfFormingGoo+1","Slimebound:SplitAcid+1","Slimebound:Replication+1","Slimebound:SlimeTap+1"],"relics":["Slimebound:AbsorbEndCombat","Lantern","hexamod:BolsterEngine","Omamori","Orrery","Coffee Dripper","White Beast Statue","Pen Nib","Sozu","downfall:HeartBlessingGreen","War Paint","downfall:HeartBlessingRed","downfall:HeartBlessingBlue","bronze:BronzeIdol","InkBottle","Mummified Hand","Lee\u0027s Waffle"],"acts_visited":["Exordium","TheCity","TheBeyond","TheEnding"],"potions_floor_usage":[56],"damage_taken":[{"damage":1.0,"enemies":"Cultist","floor":2.0,"turns":3.0},{"damage":9.0,"enemies":"Jaw Worm","floor":4.0,"turns":4.0},{"damage":2.0,"enemies":"downfall:FleeingMerchant","floor":5.0,"turns":4.0},{"damage":5.0,"enemies":"downfall:FleeingMerchant","floor":10.0,"turns":4.0},{"damage":38.0,"enemies":"Gremlin Nob","floor":12.0,"turns":4.0},{"damage":0.0,"enemies":"2 Louse","floor":13.0,"turns":2.0},{"damage":1.0,"enemies":"downfall:FleeingMerchant","floor":14.0,"turns":4.0},{"damage":0.0,"enemies":"Large Slime","floor":15.0,"turns":4.0},{"damage":8.0,"enemies":"SI_SHIV_ARCHETYPE","floor":16.0,"turns":9.0},{"damage":2.0,"enemies":"3 Byrds","floor":19.0,"turns":4.0},{"damage":17.0,"enemies":"downfall:FleeingMerchant","floor":20.0,"turns":4.0},{"damage":12.0,"enemies":"Centurion and Healer","floor":21.0,"turns":5.0},{"damage":3.0,"enemies":"Shelled Parasite and Fungi","floor":23.0,"turns":3.0},{"damage":14.0,"enemies":"Slavers","floor":27.0,"turns":3.0},{"damage":5.0,"enemies":"downfall:FleeingMerchant","floor":30.0,"turns":4.0},{"damage":0.0,"enemies":"Chosen and Byrds","floor":31.0,"turns":2.0},{"damage":11.0,"enemies":"Centurion and Healer","floor":32.0,"turns":3.0},{"damage":17.0,"enemies":"IC_MUSHROOM_ARCHETYPE","floor":33.0,"turns":4.0},{"damage":0.0,"enemies":"Orb Walker","floor":36.0,"turns":2.0},{"damage":12.0,"enemies":"3 Shapes","floor":38.0,"turns":3.0},{"damage":1.0,"enemies":"Transient","floor":39.0,"turns":5.0},{"damage":19.0,"enemies":"Jaw Worm Horde","floor":42.0,"turns":3.0},{"damage":23.0,"enemies":"Spire Growth","floor":45.0,"turns":3.0},{"damage":13.0,"enemies":"Nemesis","floor":46.0,"turns":3.0},{"damage":0.0,"enemies":"Maw","floor":49.0,"turns":4.0},{"damage":6.0,"enemies":"WA_ARCHETYPE_DIVINITY","floor":50.0,"turns":6.0},{"damage":1,"enemies":"downfall:CharBossMerchant","floor":52,"turns":4},{"damage":0,"enemies":"downfall:NeowBoss","floor":55,"turns":6},{"damage":69,"enemies":"downfall:NeowBossFinal","floor":56,"turns":6}],"seed_played":"-2184465046456412224","potions_obtained":[{"floor":12.0,"key":"LiquidMemories"},{"floor":15.0,"key":"Weak Potion"},{"floor":19.0,"key":"DistilledChaos"},{"floor":27.0,"key":"Dexterity Potion"},{"floor":30.0,"key":"bronze:BurnAndBuffPotion"},{"floor":31.0,"key":"FearPotion"}],"is_trial":false,"path_per_floor":["R","M","?","M","$","?","T","?","R","$","T","E","M","$","M","B",null,"R","M","$","M","?","M","T","R","?","E","?","R","$","M","M","B",null,"R","M","?","M","M","R","T","M","?","R","M","E","R","T","M","B",null,"E","$","R","B","B",null],"character_chosen":"SLIMEBOUND","items_purchased":["Slimebound:SplitMire","Orrery","Lee\u0027s Waffle"],"campfire_rested":0,"item_purchase_floors":[5,14,53],"current_hp_per_floor":[47,48,48,43,43,43,43,43,43,42,42,8,12,17,23,23,65,65,63,52,46,46,49,49,49,49,37,63,63,64,65,54,45,65,65,65,65,57,64,64,64,52,52,62,45,36,36,36,40,42,75,74,82,82,82,21],"gold":31,"neow_bonus":"TWO_FIFTY_GOLD","is_daily":false,"chose_seed":false,"campfire_upgraded":9,"win_rate":0.0,"timestamp":1611577411,"path_taken":["R","M","?","M","$","?","T","?","R","?","?","E","?","$","M","BOSS","R","M","$","M","?","?","T","R","?","E","?","R","?","?","M","BOSS","R","M","?","M","M","R","T","M","?","R","M","E","R","?","M","BOSS","E","$","R","BOSS","BOSS"],"items_purchased_type":["Card","Relic","Relic"],"build_version":"2020-12-22","purchased_purges":4,"victory":true,"max_hp_per_floor":[65,65,65,65,65,65,65,65,65,65,65,65,65,65,65,65,65,65,65,65,65,65,65,65,65,65,65,65,65,65,65,65,65,65,65,65,65,65,65,65,65,65,65,75,75,75,75,75,75,75,75,75,82,82,82,82],"card_choices":[{"not_picked":["Slimebound:Schlurp","Slimebound:ItLooksTasty"],"picked":"Slimebound:LevelUp","floor":2.0},{"not_picked":["Slimebound:Grow","Slimebound:PressTheAttack","Slimebound:SlimeSpikes"],"picked":"SKIP","floor":4.0},{"not_picked":["Slimebound:Prepare","Slimebound:FinishingTackle","Slimebound:SlimeSpikes"],"picked":"SKIP","floor":5.0},{"not_picked":["Slimebound:Equalize","Slimebound:Schlurp"],"picked":"Slimebound:LeadByExample","floor":12.0},{"not_picked":["Slimebound:Nibble","Slimebound:ItLooksTasty","Slimebound:SplitAcid"],"picked":"SKIP","floor":13.0},{"not_picked":["Slimebound:SplitSpecialist","Slimebound:PressTheAttack"],"picked":"Slimebound:TagTeam","floor":14.0},{"not_picked":["Slimebound:LivingWall","Slimebound:GrowthPunch"],"picked":"Slimebound:FormOfPuddle","floor":14.0},{"not_picked":["Slimebound:Schlurp","Slimebound:FlameTackle"],"picked":"Slimebound:SplitBruiser","floor":14.0},{"not_picked":["Slimebound:GoopTackle","Slimebound:GoopSpray"],"picked":"Slimebound:OneTwoCombo","floor":14.0},{"not_picked":["Slimebound:SamplingLick","Slimebound:SlimeSpikes","Slimebound:Gluttony"],"picked":"SKIP","floor":15.0},{"not_picked":["Slimebound:LeechLife","Slimebound:SlimeSlap"],"picked":"Slimebound:Teamwork","floor":16.0},{"not_picked":["Slimebound:GoopSpray+1","Slimebound:SlimeSpikes","Slimebound:DisruptingSlam+1"],"picked":"SKIP","floor":19.0},{"not_picked":["Slimebound:SplitLeeching","Slimebound:SamplingLick"],"picked":"Slimebound:Darklings","floor":20.0},{"not_picked":["Slimebound:FinishingTackle","Slimebound:ForwardTackle","Slimebound:Recollect+1"],"picked":"SKIP","floor":21.0},{"not_picked":["Slimebound:PressTheAttack","Slimebound:LeadByExample+1","Slimebound:LivingWall"],"picked":"SKIP","floor":23.0},{"not_picked":["Slimebound:SamplingLick","Slimebound:SlimeBrawl+1","Slimebound:LivingWall+1"],"picked":"SKIP","floor":27.0},{"not_picked":["Slimebound:SlimeSlap","Slimebound:SplitMire"],"picked":"Slimebound:SplitSpecialist","floor":30.0},{"not_picked":["Slimebound:Schlurp","Slimebound:LevelUp","Slimebound:GoopSpray"],"picked":"SKIP","floor":31.0},{"not_picked":["Slimebound:Schlurp","Slimebound:LevelUp","Slimebound:GoopSpray"],"picked":"SKIP","floor":31.0},{"not_picked":["Slimebound:SpikyOuterGoop+1","Slimebound:SplitSpecialist","Slimebound:SplitAcid+1"],"picked":"SKIP","floor":32.0},{"not_picked":["Slimebound:TagTeam","Slimebound:RallyTheTroops"],"picked":"Slimebound:SelfFormingGoo","floor":33.0},{"not_picked":["Slimebound:Nibble","Slimebound:DivideAndConquer+1"],"picked":"Slimebound:SplitAcid+1","floor":36.0},{"not_picked":["Slimebound:SamplingLick+1","Slimebound:Gluttony+1","Slimebound:RollThrough"],"picked":"SKIP","floor":38.0},{"not_picked":["Slimebound:SplitMire","Slimebound:Schlurp+1","Slimebound:SlimeSpikes+1"],"picked":"SKIP","floor":39.0},{"not_picked":["Slimebound:LeadByExample","Slimebound:AcidTongue+1","Slimebound:LivingWall"],"picked":"SKIP","floor":42.0},{"not_picked":["Slimebound:SlimeBarrage","Slimebound:PressTheAttack+1","Slimebound:GrowthPunch"],"picked":"SKIP","floor":45.0},{"not_picked":["Slimebound:LeechEnergy","Slimebound:ComboTackle+1"],"picked":"Slimebound:Replication+1","floor":46.0},{"not_picked":["Slimebound:SlimeBrawl","Slimebound:RollThrough+1","Slimebound:Grow+1"],"picked":"SKIP","floor":49.0},{"not_picked":["Slimebound:LivingWall+1","Slimebound:PrepareCrush"],"picked":"Slimebound:SlimeTap+1","floor":52}],"player_experience":656667,"relics_obtained":[{"floor":7.0,"key":"Lantern"},{"floor":11.0,"key":"hexamod:BolsterEngine"},{"floor":12.0,"key":"Omamori"},{"floor":24.0,"key":"White Beast Statue"},{"floor":27.0,"key":"Pen Nib"},{"floor":43.0,"key":"War Paint"},{"floor":46.0,"key":"bronze:BronzeIdol"},{"floor":48.0,"key":"InkBottle"},{"floor":52,"key":"Mummified Hand"}],"event_choices":[{"cards_removed":["Slimebound:Strike_Slimebound"],"damage_healed":0.0,"max_hp_gain":0.0,"max_hp_loss":0.0,"gold_gain":0.0,"event_name":"The Cleric","player_choice":"Card Removal","floor":6.0,"gold_loss":0.0,"damage_taken":0.0},{"cards_removed":["downfall:Malfunctioning"],"damage_healed":0.0,"max_hp_gain":0.0,"max_hp_loss":0.0,"gold_gain":0.0,"event_name":"The Cleric","player_choice":"Card Removal","floor":10.0,"gold_loss":50.0,"damage_taken":0.0},{"cards_removed":["Slimebound:Defend_Slimebound"],"damage_healed":0.0,"max_hp_gain":0.0,"max_hp_loss":0.0,"gold_gain":0.0,"event_name":"Bonfire Elementals","player_choice":"Offered Basic","floor":22.0,"gold_loss":0.0,"damage_taken":0.0},{"damage_healed":0.0,"max_hp_gain":0.0,"max_hp_loss":0.0,"gold_gain":0.0,"event_name":"The Library","player_choice":"Read","floor":26.0,"gold_loss":0.0,"damage_taken":0.0,"cards_obtained":["Slimebound:MinionMaster"]},{"cards_removed":["Slimebound:SplitBruiser"],"damage_healed":0.0,"max_hp_gain":0.0,"max_hp_loss":0.0,"gold_gain":0.0,"event_name":"Falling","player_choice":"Removed Skill","floor":37.0,"gold_loss":0.0,"damage_taken":0.0}],"is_beta":false,"boss_relics":[{"not_picked":["sneckomod:SneckoTalon","Pandora\u0027s Box"],"picked":"Coffee Dripper"},{"not_picked":["bronze:MakeshiftBattery","Snecko Eye"],"picked":"Sozu"}],"items_purged_floors":[5,20,30,53],"is_endless":false,"potions_floor_spawned":[12,15,19,27,30,31,32,33,36,38,39,42,45,46,49,52],"ascension_level":0}}