{"host":"pgm1p3lvdjflie30","time":1611570246,"event":{"mods":["100% Spire Juice","AchievementEnabler","Act Like it!","Aspiration","Bard","BaseMod","Block Reminder","Colored Map","Colored Powertips","Conspire","Downfall","Energized Spire","Gremlin Mod","GungeonMod","Hermit","HornydragonMod","Minty Spire (QoL Compilation)","Nova Terra(?«½¡P®õ©Ô)","Quarter Circle Forward PUNCH!","Reimu¡]³Õ???¡^","Remilia¡]Á¢¦Ì²ú?¡^","Replay The Spire","Robot Space Explorer","SOS¡]´µ¤Ú?¤§¤l¡^","StSLib","The Alterego","The Bug Knight","The Cursed","The Dragon Tamer","The Gatherer","The Hierophant","The IronCluck","The Jungle","The Mystic","The Runesmith","The Saiyan","The Senshi","The Servant 0.9.4","TheHeartMod","Waifu the Spire","¡i¥\¯àMod¡j²V¨P¤§?­×Î`?¤B","¡i?ª«¥dµP¡jREMEMod"],"gold_per_floor":[116,132,132,132,132,165,165,178,209,219,179,179,179,3,3,105,105,125,135,145,85,98,98,13,27,95,194,194,204,204,47,47,147,147,159,3,44,44,64,155,169,169,169,260,270,287,385,29,29,139,139],"floor_reached":50,"language":"ZHS","playtime":3447,"items_purged":[],"score":573,"play_id":"5bb9d424-e94a-4905-91dd-0cc315b54a0e","local_time":"20210125182406","is_ascension_mode":false,"campfire_choices":[{"floor":7.0,"key":"RECALL"},{"data":"LightFlow","floor":13.0,"key":"SMITH"},{"data":"REME_WheelOfFate","floor":15.0,"key":"SMITH"},{"data":"MurderousAura","floor":23.0,"key":"SMITH"},{"floor":32.0,"key":"REST"},{"data":"KillingDoll","floor":42,"key":"SMITH"},{"floor":49,"key":"REST"}],"circlet_count":0,"master_deck":["Strike_S","Strike_S","Strike_S","Defend_S","Defend_S","Defend_S","Defend_S","KidneyShot","Exchange","Starlight","Potential","Rearm","InstantArmor","LightFlow+1","SurpressingFire","REME_WheelOfFate+1","MurderousAura+1","FastForward+1","Revamp+1","Defy","ShiftingGears+1","SpecialFormula","ShatteredReality+1","KillingDoll+1","TimeWarp","Bandage Up","InstantArmor","Desolation+1","ShatteredReality+1","TimeWarp+1","Starlight+1","Snipe","Solidify","sneckomod:UnknownRareAttack+1","Rewind+1"],"relics":["SplendidAttire","REME_ComplimentaryCards","NeowsBlessing","Happy Flower","PaintedHorse:ReiMu","ReplayTheSpireMod:TigerMarble","Mercury Hourglass","Pear","Combocheck","HandDrill","ChewingGum","DemoMod:RingOfEthereal","Akabeko","The Courier","Regal Pillow","Bag of Marbles","PreservedInsect"],"acts_visited":["Exordium","TheCity","TheBeyond"],"potions_floor_usage":[40,44,44,50,50],"damage_taken":[{"damage":0.0,"enemies":"Small Slimes","floor":1.0,"turns":1.0},{"damage":0.0,"enemies":"2 Louse","floor":2.0,"turns":1.0},{"damage":0.0,"enemies":"Lagavulin","floor":6.0,"turns":2.0},{"damage":11.0,"enemies":"Jaw Worm","floor":8.0,"turns":3.0},{"damage":0.0,"enemies":"Gremlin Gang","floor":9.0,"turns":5.0},{"damage":15.0,"enemies":"Gremlin Gang","floor":10.0,"turns":4.0},{"damage":42.0,"enemies":"Hexaghost","floor":16.0,"turns":10.0},{"damage":0.0,"enemies":"3 Byrds","floor":18.0,"turns":4.0},{"damage":6.0,"enemies":"Shell Parasite","floor":19.0,"turns":3.0},{"damage":0.0,"enemies":"Chosen and Byrds","floor":20.0,"turns":3.0},{"damage":9.0,"enemies":"3 Cultists","floor":22.0,"turns":4.0},{"damage":32.0,"enemies":"Snake Plant","floor":25.0,"turns":3.0},{"damage":0.0,"enemies":"conspire:HollyBat","floor":27.0,"turns":5.0},{"damage":5.0,"enemies":"Chosen and Byrds","floor":29.0,"turns":2.0},{"damage":41.0,"enemies":"Collector","floor":33.0,"turns":7.0},{"damage":0.0,"enemies":"Orb Walker","floor":35.0,"turns":3.0},{"damage":10.0,"enemies":"conspire:MimicChest","floor":37.0,"turns":6.0},{"damage":27.0,"enemies":"3 Shapes","floor":39.0,"turns":3.0},{"damage":0,"enemies":"Spire Growth","floor":40,"turns":4},{"damage":0,"enemies":"3 Darklings","floor":41,"turns":4},{"damage":73,"enemies":"Writhing Mass","floor":44,"turns":6},{"damage":0,"enemies":"Spire Growth","floor":45,"turns":3},{"damage":0,"enemies":"Jaw Worm Horde","floor":46,"turns":3},{"damage":0,"enemies":"Sphere and 2 Shapes","floor":47,"turns":3},{"damage":112,"enemies":"conspire:OrnateMirror","floor":50,"turns":5}],"seed_played":"3150227130301019878","potions_obtained":[{"floor":1.0,"key":"Weak Potion"},{"floor":2.0,"key":"Toxic Potion"},{"floor":18.0,"key":"GrandPatriotsElixir:ReiMu"},{"floor":20.0,"key":"ZuzhouPotion:ReiMu"},{"floor":25.0,"key":"Energy Potion"},{"floor":27.0,"key":"Death Potion"},{"floor":33.0,"key":"Strength Potion"},{"floor":37.0,"key":"GamblersBrew"},{"floor":39,"key":"Dexterity Potion"},{"floor":41,"key":"SpeedPotion"},{"floor":45,"key":"FairyPotion"},{"floor":47,"key":"REME_GoldPotion"}],"is_trial":false,"path_per_floor":["M","M","?","$","?","E","R","M","T","M","?","?","R","$","R","B",null,"M","M","M","?","M","R","?","M","T","M","?","M","?","$","R","B",null,"M","$","?","?","M","M","M","R","T","M","M","M","M","$","R","B"],"character_chosen":"THE_SERVANT","items_purchased":["REME_WheelOfFate","HandDrill","Bandage Up","Venom Potion","Regal Pillow","Bag of Marbles","PreservedInsect"],"campfire_rested":2,"item_purchase_floors":[14,31,36,36,48,48,48],"current_hp_per_floor":[65,65,65,65,75,75,75,64,64,49,49,49,49,49,49,7,75,75,69,69,75,66,66,66,34,44,44,44,44,44,44,69,44,85,85,85,75,75,56,65,69,69,69,5,30,30,30,30,70,0,0],"gold":139,"neow_bonus":"THREE_ENEMY_KILL","is_daily":false,"chose_seed":false,"campfire_upgraded":4,"win_rate":0.0,"timestamp":1611570246,"path_taken":["M","M","?","$","?","E","R","M","T","?","?","?","R","$","R","BOSS","M","M","M","?","M","R","?","M","T","M","?","M","?","?","R","BOSS","M","?","?","?","M","?","M","R","T","M","M","?","M","?","R","BOSS"],"items_purchased_type":["Card","Relic","Card","Potion","Relic","Relic","Relic"],"build_version":"2020-12-22","purchased_purges":0,"victory":false,"max_hp_per_floor":[65,65,65,65,75,75,75,75,75,75,75,75,75,75,75,75,75,75,75,75,75,75,75,75,75,85,85,85,85,85,85,85,85,85,85,85,85,85,85,85,85,85,85,85,85,85,85,85,85,85,85],"card_choices":[{"not_picked":["Defy","FastForward"],"picked":"Starlight","floor":1.0},{"not_picked":["Moonlight","Reset"],"picked":"Potential","floor":2.0},{"not_picked":["Read","Replace"],"picked":"Rearm","floor":6.0},{"not_picked":["FanOfKnives","Starlight"],"picked":"InstantArmor","floor":8.0},{"not_picked":["Reset","GearUp"],"picked":"LightFlow","floor":9.0},{"not_picked":["Rearm","Starlight"],"picked":"SurpressingFire","floor":10.0},{"not_picked":["Solidify","Duplication"],"picked":"MurderousAura","floor":16.0},{"not_picked":["Potential","Read"],"picked":"FastForward+1","floor":18.0},{"not_picked":["Gouge","Rearm"],"picked":"Revamp+1","floor":19.0},{"not_picked":["DualDimension","Starlight"],"picked":"Defy","floor":20.0},{"not_picked":["Revamp","Rearm"],"picked":"ShiftingGears+1","floor":22.0},{"not_picked":["Replace","TimeWarp"],"picked":"Contraction+1","floor":25.0},{"not_picked":["DoubleEdge+1","GearUp"],"picked":"SpecialFormula","floor":27.0},{"not_picked":["SurpressingFire","Alleviate"],"picked":"ShatteredReality+1","floor":29.0},{"not_picked":["PendulumOfEternity","FloweringNight"],"picked":"KillingDoll","floor":33.0},{"not_picked":["FastForward+1","Starlight+1"],"picked":"TimeWarp","floor":35.0},{"not_picked":["Contraction","Revamp+1"],"picked":"InstantArmor","floor":37.0},{"not_picked":["Potential+1","DoubleEdge+1"],"picked":"Desolation+1","floor":39},{"not_picked":["Spin","Reset+1"],"picked":"ShatteredReality+1","floor":40},{"not_picked":["Alleviate","ForgedInTime"],"picked":"TimeWarp+1","floor":41},{"not_picked":["Alleviate","Barrier"],"picked":"Starlight+1","floor":44},{"not_picked":["Starlight+1","StarChef+1"],"picked":"Snipe","floor":45},{"not_picked":["Ricochet","Replace"],"picked":"Solidify","floor":46},{"not_picked":["sneckomod:Unknown1Cost+1","sneckomod:UnknownClassBARD_COLOR+1"],"picked":"sneckomod:UnknownRareAttack+1","floor":47},{"not_picked":["ShiftingGears+1","Luminosity+1"],"picked":"Rewind+1","floor":47}],"player_experience":321313,"relics_obtained":[{"floor":6.0,"key":"Happy Flower"},{"floor":26.0,"key":"Pear"},{"floor":37.0,"key":"DemoMod:RingOfEthereal"},{"floor":43,"key":"The Courier"}],"event_choices":[{"cards_removed":["SoulSculpture"],"damage_healed":0.0,"max_hp_gain":10.0,"max_hp_loss":0.0,"gold_gain":0.0,"event_name":"Bonfire Elementals","player_choice":"Offered Rare","floor":5.0,"gold_loss":0.0,"damage_taken":0.0},{"damage_healed":0.0,"max_hp_gain":0.0,"max_hp_loss":0.0,"gold_gain":0.0,"event_name":"yidonshenshe","player_choice":"¶ë?","floor":11.0,"gold_loss":40.0,"damage_taken":0.0,"relics_obtained":["PaintedHorse:ReiMu"]},{"damage_healed":0.0,"max_hp_gain":0.0,"max_hp_loss":0.0,"gold_gain":0.0,"event_name":"Addict","player_choice":"Obtained Relic","floor":24.0,"gold_loss":85.0,"damage_taken":0.0,"relics_obtained":["Mercury Hourglass"]},{"damage_healed":0.0,"max_hp_gain":0.0,"max_hp_loss":0.0,"gold_gain":0.0,"event_name":"Ghosts","player_choice":"Ignored","floor":30.0,"gold_loss":0.0,"damage_taken":0.0},{"cards_removed":["Contraction"],"damage_healed":0.0,"max_hp_gain":0.0,"max_hp_loss":0.0,"gold_gain":0.0,"event_name":"WeMeetAgain","player_choice":"Gave Card","floor":38.0,"gold_loss":0.0,"damage_taken":0.0,"relics_obtained":["Akabeko"]}],"is_beta":false,"boss_relics":[{"not_picked":["energizedSpire:CursedPentagram","Ring of Chaos"],"picked":"SplendidAttire"},{"not_picked":["Empty Cage","ReplayTheSpireMod:DimensionalGlitch"],"picked":"ChewingGum"}],"items_purged_floors":[],"is_endless":false,"potions_floor_spawned":[1,2,18,20,25,27,33,37,39,41,45,47],"killed_by":"conspire:OrnateMirror","ascension_level":0}}