{"host":"2e3z4r48quhw80cc","time":1611565650,"event":{"mods":["BaseMod","Minty Spire (QoL Compilation)","Quick Restart","StSLib","SuperFastMode"],"gold_per_floor":[361,361,209,227,239,239,273,285,285,285,285],"floor_reached":10,"language":"KOR","playtime":192,"items_purged":["Doubt"],"score":88,"play_id":"5bcc445f-c3b7-4555-bfe8-22e5e117bc13","local_time":"20210125180730","is_ascension_mode":true,"campfire_choices":[{"data":"Defragment","floor":6.0,"key":"SMITH"}],"circlet_count":0,"master_deck":["Strike_B","Strike_B","Strike_B","Strike_B","Defend_B","Defend_B","Defend_B","Defend_B","Zap+1","Dualcast","Doom and Gloom","Defragment+1","Ball Lightning","Static Discharge","Echo Form","Loop"],"relics":["Cracked Core","Gremlin Horn"],"acts_visited":["Exordium"],"potions_floor_usage":[10],"damage_taken":[{"damage":13.0,"enemies":"Jaw Worm","floor":1.0,"turns":4.0},{"damage":1.0,"enemies":"Cultist","floor":4.0,"turns":3.0},{"damage":6.0,"enemies":"2 Louse","floor":5.0,"turns":2.0},{"damage":15.0,"enemies":"3 Sentries","floor":7.0,"turns":3.0},{"damage":21,"enemies":"Large Slime","floor":8,"turns":5},{"damage":5,"enemies":"Lagavulin","floor":10,"turns":5}],"seed_played":"-9087560112782116672","potions_obtained":[{"floor":4.0,"key":"AttackPotion"},{"floor":8,"key":"Swift Potion"}],"is_trial":false,"path_per_floor":["M","?","$","M","M","R","E","M","T","E"],"character_chosen":"DEFECT","items_purchased":["Defragment"],"campfire_rested":0,"item_purchase_floors":[3],"current_hp_per_floor":[55,55,55,54,48,48,33,12,12,7,7],"gold":285,"neow_bonus":"TWO_FIFTY_GOLD","is_daily":false,"chose_seed":false,"campfire_upgraded":1,"win_rate":0.0,"timestamp":1611565650,"path_taken":["M","?","$","?","M","R","E","M","T","E"],"items_purchased_type":["Card"],"build_version":"2020-12-22","purchased_purges":1,"victory":false,"max_hp_per_floor":[75,75,75,75,75,75,75,75,75,75,75],"card_choices":[{"not_picked":["Beam Cell","Streamline"],"picked":"Doom and Gloom","floor":1.0},{"not_picked":["Gash","Beam Cell"],"picked":"Ball Lightning","floor":4.0},{"not_picked":["Stack","Compile Driver"],"picked":"Static Discharge","floor":5.0},{"not_picked":["Sunder","Blizzard"],"picked":"Echo Form","floor":7},{"not_picked":["Conserve Battery","Cold Snap"],"picked":"Loop","floor":8}],"player_experience":74085,"relics_obtained":[{"floor":9,"key":"Gremlin Horn"}],"event_choices":[{"damage_healed":0.0,"max_hp_gain":0.0,"max_hp_loss":0.0,"gold_gain":0.0,"event_name":"Upgrade Shrine","player_choice":"Upgraded","floor":2.0,"gold_loss":0.0,"damage_taken":0.0,"cards_upgraded":["Zap"]}],"is_beta":false,"boss_relics":[],"items_purged_floors":[3],"is_endless":false,"potions_floor_spawned":[4,8],"killed_by":"Lagavulin","ascension_level":6}}