{"host":"hfxp6ue4pvwo3fit","time":1611538436,"event":{"mods":["AchievementEnabler","BaseMod","Colored Map","Colored Powertips","Highlight Path","Minty Spire (QoL Compilation)","Relic Stats","StSLib","SuperFastMode"],"gold_per_floor":[119,119,119,139,154,185,201,201,226,264,14,58,58,28,28,121,121,134,147,165,165,185,185,185],"floor_reached":23,"language":"ENG","playtime":689,"items_purged":[],"score":422,"play_id":"0a0d2294-9f36-4112-95b1-2240383efe7d","local_time":"20210124193356","is_ascension_mode":true,"campfire_choices":[{"floor":8,"key":"REST"},{"floor":15,"key":"REST"}],"circlet_count":0,"master_deck":["AscendersBane","Strike_R","Strike_R+1","Strike_R","Strike_R","Strike_R","Defend_R","Defend_R","Defend_R","Defend_R","Bash","Thunderclap","Shockwave","Rampage","Metallicize","Twin Strike+1","Apotheosis","Reaper","Offering","Clothesline","Corruption"],"relics":["Black Star","Golden Idol","Blood Vial","Ancient Tea Set","Bag of Preparation","Centennial Puzzle","Bag of Marbles","Whetstone","Vajra","Shuriken","Philosopher\u0027s Stone"],"acts_visited":["Exordium","TheCity"],"potions_floor_usage":[6,10,10,12,16,19,22,22],"damage_taken":[{"damage":7,"enemies":"Small Slimes","floor":1,"turns":4},{"damage":1,"enemies":"Cultist","floor":4,"turns":3},{"damage":10,"enemies":"2 Louse","floor":5,"turns":3},{"damage":18,"enemies":"3 Sentries","floor":6,"turns":9},{"damage":16,"enemies":"Gremlin Gang","floor":7,"turns":8},{"damage":24,"enemies":"Lagavulin","floor":10,"turns":8},{"damage":8,"enemies":"Gremlin Nob","floor":12,"turns":3},{"damage":38,"enemies":"Hexaghost","floor":16,"turns":8},{"damage":18,"enemies":"Shell Parasite","floor":18,"turns":4},{"damage":28,"enemies":"2 Thieves","floor":19,"turns":3},{"damage":34,"enemies":"Sentry and Sphere","floor":20,"turns":5},{"damage":26,"enemies":"Cultist and Chosen","floor":22,"turns":5},{"damage":8,"enemies":"Book of Stabbing","floor":23,"turns":1}],"seed_played":"-6275832929306706966","potions_obtained":[{"floor":4,"key":"HeartOfIron"},{"floor":5,"key":"FearPotion"},{"floor":7,"key":"SkillPotion"},{"floor":14,"key":"SteroidPotion"},{"floor":14,"key":"DistilledChaos"},{"floor":16,"key":"LiquidBronze"},{"floor":20,"key":"SkillPotion"}],"is_trial":false,"path_per_floor":["M","?","?","M","M","E","M","R","T","E","$","E","?","?","R","B",null,"M","M","M","?","M","E"],"character_chosen":"IRONCLAD","items_purchased":["Apotheosis","AttackPotion"],"campfire_rested":2,"item_purchase_floors":[11,11],"current_hp_per_floor":[61,61,61,62,54,38,24,44,44,22,22,16,16,16,36,12,54,42,34,14,28,4,0,0],"gold":185,"neow_bonus":"BOSS_RELIC","is_daily":false,"chose_seed":false,"campfire_upgraded":0,"win_rate":0.0,"timestamp":1611538436,"path_taken":["M","?","?","M","?","E","M","R","T","E","$","E","?","?","R","BOSS","M","M","?","?","M","E"],"items_purchased_type":["Card","Potion"],"build_version":"2020-12-22","purchased_purges":0,"victory":false,"max_hp_per_floor":[75,68,68,68,68,68,68,68,68,68,68,68,68,68,68,68,68,68,68,68,68,68,68,68],"relic_stats":{"Blood Vial":24,"Centennial Puzzle":[21],"counters":[13,64],"Golden Idol":66,"Shuriken":[8],"Black Star":3,"Bag of Preparation":[18],"Whetstone":["Strike_R","Twin Strike"],"obtain_stats":[{"Blood Vial":3,"Centennial Puzzle":9,"Golden Idol":2,"Shuriken":12,"Vajra":12,"Philosopher\u0027s Stone":17,"Black Star":0,"Bag of Preparation":6,"Bag of Marbles":10,"Whetstone":10,"Ancient Tea Set":6,"Burning Blood":0},{"Blood Vial":1,"Centennial Puzzle":5,"Golden Idol":1,"Shuriken":7,"Vajra":7,"Philosopher\u0027s Stone":8,"Black Star":0,"Bag of Preparation":4,"Bag of Marbles":6,"Whetstone":6,"Ancient Tea Set":4,"Burning Blood":0},{"Blood Vial":4,"Centennial Puzzle":27,"Golden Idol":4,"Shuriken":38,"Vajra":38,"Philosopher\u0027s Stone":46,"Black Star":0,"Bag of Preparation":19,"Bag of Marbles":35,"Whetstone":35,"Ancient Tea Set":19,"Burning Blood":0}]},"card_choices":[{"not_picked":["Shrug It Off","Body Slam"],"picked":"Thunderclap","floor":1},{"not_picked":["Clash","Sentinel"],"picked":"Shockwave","floor":4},{"not_picked":["Sword Boomerang","Iron Wave"],"picked":"Rampage","floor":5},{"not_picked":["Infernal Blade","Intimidate"],"picked":"Metallicize","floor":6},{"not_picked":["Seeing Red","Warcry"],"picked":"Twin Strike","floor":7},{"not_picked":["Blood for Blood","Clash","Ghostly Armor"],"picked":"SKIP","floor":10},{"not_picked":["Havoc","Dark Embrace"],"picked":"Reaper","floor":12},{"not_picked":["Juggernaut","Limit Break"],"picked":"Offering","floor":16},{"not_picked":["Seeing Red","Rage"],"picked":"Clothesline","floor":18},{"not_picked":["Intimidate+1","Rampage","Twin Strike"],"picked":"SKIP","floor":19},{"not_picked":["Wild Strike","Anger","Clash"],"picked":"SKIP","floor":20},{"not_picked":["Flame Barrier","Body Slam"],"picked":"Corruption","floor":22}],"player_experience":510027,"relics_obtained":[{"floor":3,"key":"Blood Vial"},{"floor":6,"key":"Ancient Tea Set"},{"floor":6,"key":"Bag of Preparation"},{"floor":9,"key":"Centennial Puzzle"},{"floor":10,"key":"Bag of Marbles"},{"floor":10,"key":"Whetstone"},{"floor":12,"key":"Vajra"},{"floor":12,"key":"Shuriken"}],"event_choices":[{"damage_healed":0,"gold_gain":0,"player_choice":"Lose Max HP","damage_taken":0,"relics_obtained":["Golden Idol"],"max_hp_gain":0,"max_hp_loss":7,"event_name":"Golden Idol","floor":2,"gold_loss":0},{"damage_healed":0,"gold_gain":0,"player_choice":"Relic","damage_taken":0,"max_hp_gain":0,"max_hp_loss":0,"event_name":"Wheel of Change","floor":3,"gold_loss":0},{"damage_healed":0,"gold_gain":0,"player_choice":"Ignored","damage_taken":0,"max_hp_gain":0,"max_hp_loss":0,"event_name":"Shining Light","floor":13,"gold_loss":0},{"damage_healed":0,"gold_gain":0,"player_choice":"Bought 2 Potions","damage_taken":0,"max_hp_gain":0,"max_hp_loss":0,"event_name":"The Woman in Blue","floor":14,"gold_loss":0},{"damage_healed":14,"gold_gain":0,"player_choice":"Heal","damage_taken":0,"max_hp_gain":0,"max_hp_loss":0,"event_name":"The Library","floor":21,"gold_loss":0}],"is_beta":false,"boss_relics":[{"not_picked":["Sozu","Ectoplasm"],"picked":"Philosopher\u0027s Stone"}],"items_purged_floors":[],"is_endless":false,"potions_floor_spawned":[4,5,7,16,18,20],"killed_by":"Book of Stabbing","ascension_level":20}}