{"host":"og21o26alpnbwmz8","time":1611608441,"event":{"mods":["Act Like it!","Aspiration","BaseMod","Conspire","Downfall","Halation","Hubris","Jedi Mod","Mimic Mod","Minty Spire (QoL Compilation)","Pale of the Ancients","Replay The Spire","Shop Mod","Spikes Relics","StSLib","The Alterego","The Blue Laboratory","The Death Knight","The Wild Card","Waifu the Spire"],"gold_per_floor":[113,113,72,72,87,120,136,136,136,136,168,168,184,214,214,328,328,353,397,397,399,399],"floor_reached":21,"language":"ENG","playtime":924,"items_purged":[],"score":214,"play_id":"9e9fd5d4-16a5-4440-83e5-836b5539cc37","local_time":"20210125160041","is_ascension_mode":false,"campfire_choices":[{"data":"DeathKnight:Hysteria","floor":10,"key":"SMITH"},{"data":"DeathKnight:RuneStrike","floor":12,"key":"SMITH"},{"data":"DeathKnight:Runeguard","floor":15,"key":"SMITH"}],"circlet_count":0,"master_deck":["DeathKnight:Strike_DeathKnight","DeathKnight:Strike_DeathKnight","DeathKnight:Strike_DeathKnight","DeathKnight:Strike_DeathKnight","DeathKnight:Defend_DeathKnight","DeathKnight:Defend_DeathKnight","DeathKnight:Defend_DeathKnight","DeathKnight:Defend_DeathKnight","DeathKnight:RuneTap","DeathKnight:RuneStrike+1","DeathKnight:IcyTouch","DeathKnight:DarkSuccor+1","DeathKnight:Hysteria+1","DeathKnight:Runeguard+1","DeathKnight:MarkOfBlood","DeathKnight:HartStrike+1"],"relics":["DeathKnight:BrokenRuneblade","NeowsBlessing","Blue Doll","Gremlin Food","halation:EternalFortune","halation:IllGainedPizza","Empty Cage"],"acts_visited":["Exordium","TheCity"],"potions_floor_usage":[11],"damage_taken":[{"damage":0,"enemies":"Jaw Worm","floor":1,"turns":1},{"damage":0,"enemies":"Cultist","floor":5,"turns":1},{"damage":0,"enemies":"3 Sentries","floor":6,"turns":2},{"damage":2,"enemies":"conspire:RoseBush","floor":7,"turns":3},{"damage":3,"enemies":"Lagavulin","floor":11,"turns":8},{"damage":0,"enemies":"Large Slime","floor":13,"turns":6},{"damage":2,"enemies":"conspire:2 RoseBushes","floor":14,"turns":5},{"damage":10,"enemies":"The Guardian","floor":16,"turns":11},{"damage":22,"enemies":"Spheric Guardian","floor":18,"turns":8},{"damage":19,"enemies":"3 Byrds","floor":19,"turns":6},{"damage":11,"enemies":"Shelled Parasite and Fungi","floor":21,"turns":2}],"seed_played":"-6445211193636265644","potions_obtained":[{"floor":1,"key":"Elixir"},{"floor":5,"key":"blueLaboratory:FrostheartPotion"},{"floor":16,"key":"blueLaboratory:Moonshine"},{"floor":19,"key":"SkillPotion"}],"is_trial":false,"path_per_floor":["M","?","$","$","M","E","M","?","T","R","E","R","M","M","R","B",null,"M","M","?","M"],"character_chosen":"DEATH_KNIGHT","items_purchased":["DeathKnight:DarkSuccor+1"],"campfire_rested":0,"item_purchase_floors":[3],"current_hp_per_floor":[75,72,72,72,72,72,70,73,73,73,70,70,70,68,68,58,78,56,37,63,52,52],"gold":399,"neow_bonus":"THREE_ENEMY_KILL","is_daily":false,"chose_seed":false,"campfire_upgraded":3,"win_rate":0.0,"timestamp":1611608441,"path_taken":["M","?","?","$","M","E","M","?","T","R","E","R","M","M","R","BOSS","M","M","?","?"],"items_purchased_type":["Card"],"build_version":"2020-12-22","purchased_purges":0,"victory":false,"max_hp_per_floor":[75,75,75,75,75,75,75,78,78,78,78,78,78,78,78,78,78,78,78,78,78,78],"card_choices":[{"not_picked":["DeathKnight:UnholyPresence","DeathKnight:ChainsOfIce"],"picked":"DeathKnight:IcyTouch","floor":1},{"not_picked":["DeathKnight:FrosPresence","DeathKnight:Culling","DeathKnight:Simulacrum"],"picked":"SKIP","floor":5},{"not_picked":["DeathKnight:UnholyFrenzy","DeathKnight:RunicDetonation"],"picked":"DeathKnight:Hysteria","floor":6},{"not_picked":["DeathKnight:FoulBulwark","DeathKnight:MindFreeze","DeathKnight:Hysteria"],"picked":"SKIP","floor":7},{"not_picked":["DeathKnight:GargoyleSkin","DeathKnight:ScourgeStrike","DeathKnight:UnholyAssault"],"picked":"SKIP","floor":11},{"not_picked":["DeathKnight:MindFreeze","DeathKnight:PillarOfFrost","DeathKnight:UnholyAssault"],"picked":"SKIP","floor":13},{"not_picked":["DeathKnight:FesteringStrike","DeathKnight:BloodStrike"],"picked":"DeathKnight:Runeguard","floor":14},{"not_picked":["DeathKnight:VampiricBlood","DeathKnight:Defile"],"picked":"DeathKnight:MarkOfBlood","floor":16},{"not_picked":["DeathKnight:DeathCoil+1","DeathKnight:MindFreeze"],"picked":"DeathKnight:HartStrike+1","floor":18},{"not_picked":["DeathKnight:DeathGrip","DeathKnight:Defile","DeathKnight:DeathRune"],"picked":"SKIP","floor":19}],"player_experience":179555,"relics_obtained":[{"floor":6,"key":"Gremlin Food"},{"floor":11,"key":"halation:IllGainedPizza"}],"event_choices":[{"damage_healed":0,"gold_gain":0,"player_choice":"Success","damage_taken":3,"relics_obtained":["Blue Doll"],"max_hp_gain":0,"max_hp_loss":0,"event_name":"Scrap Ooze","floor":2,"gold_loss":0},{"damage_healed":26,"gold_gain":0,"player_choice":"Heal","damage_taken":0,"max_hp_gain":0,"max_hp_loss":0,"event_name":"The Library","floor":20,"gold_loss":0}],"is_beta":false,"boss_relics":[{"not_picked":["hubris:GrandSneckoEye","Pandora\u0027s Box"],"picked":"Empty Cage"}],"items_purged_floors":[],"is_endless":false,"potions_floor_spawned":[1,5,16,19],"killed_by":"Shelled Parasite and Fungi","ascension_level":0}}