{"host":"yaxsefyig1et0yi2","time":1611558199,"event":{"mods":["Aspiration","BaseMod","BetterRewards","Colored Powertips","Conspire","Displayed Cursed Tome","Downfall","Halation","Hubris","Infinite Spire","JesterMod","Minty Spire (QoL Compilation)","Quick Restart","RatMod","Replay The Spire","Reworked Bosses","Spikes Relics","StSLib","The Bug Knight","The Jungle"],"gold_per_floor":[109,123,134,57,69,86,86,66,140,140,159,172,185,212,212,212,212],"floor_reached":16,"language":"ENG","playtime":751,"items_purged":[],"score":96,"play_id":"cb73c253-ab91-4fbc-982f-e6b54fd71ee2","local_time":"20210125020319","is_ascension_mode":false,"campfire_choices":[{"data":"HollowMod:SiblingsSouls","floor":7.0,"key":"SMITH"},{"data":"HollowMod:WraithStrike","floor":10.0,"key":"SMITH"},{"floor":15,"key":"REST"}],"circlet_count":0,"master_deck":["HollowMod:NailStrikeStart","HollowMod:NailStrikeStart","HollowMod:NailStrikeStart","HollowMod:NailStrikeStart","HollowMod:QuickDashStart","HollowMod:QuickDashStart","HollowMod:QuickDashStart","HollowMod:QuickDashStart","HollowMod:FocusHealStart","HollowMod:PogoStrike","HollowMod:VengefulVoid","HollowMod:DescendingDark","HollowMod:SiblingsSouls","HollowMod:BlackTendrils","HollowMod:SiblingsSouls+1","HollowMod:DashSlash","HollowMod:WraithStrike+1","HollowMod:VengefulVoid","HollowMod:HuntersJournal","HollowMod:SiblingsSouls","HollowMod:SharpenedNail","HollowMod:FastStrike"],"relics":["HollowMod:VesselMask","ShockBauble","infinitespire:FocusingShard"],"acts_visited":["Exordium"],"potions_floor_usage":[14,14,16],"damage_taken":[{"damage":7.0,"enemies":"2 Louse","floor":1.0,"turns":2.0},{"damage":0.0,"enemies":"Cultist","floor":2.0,"turns":2.0},{"damage":9.0,"enemies":"Jaw Worm","floor":3.0,"turns":2.0},{"damage":23.0,"enemies":"Exordium Wildlife","floor":5.0,"turns":5.0},{"damage":11.0,"enemies":"3 Louse","floor":6.0,"turns":2.0},{"damage":0.0,"enemies":"Large Slime","floor":11.0,"turns":4.0},{"damage":13.0,"enemies":"Red Slaver","floor":12.0,"turns":2.0},{"damage":8,"enemies":"Blue Slaver","floor":13,"turns":5},{"damage":25,"enemies":"conspire:MimicChest","floor":14,"turns":5},{"damage":40,"enemies":"The Guardian","floor":16,"turns":6}],"seed_played":"-6703322227341489223","potions_obtained":[{"floor":1.0,"key":"Death Potion"},{"floor":6.0,"key":"Toxic Potion"},{"floor":8.0,"key":"Dexterity Potion"},{"floor":11.0,"key":"SkillPotion"},{"floor":13,"key":"Regen Potion"},{"floor":14,"key":"SteroidPotion"}],"is_trial":false,"path_per_floor":["M","M","M","$","M","M","R","?","T","R","M","M","M","?","R","B"],"character_chosen":"THE_BUGKNIGHT","items_purchased":["HollowMod:SiblingsSouls","HollowMod:DashSlash"],"campfire_rested":1,"item_purchase_floors":[4,4],"current_hp_per_floor":[68,68,59,59,42,33,33,33,33,33,36,23,21,16,38,0,0],"gold":212,"neow_bonus":"THREE_CARDS","is_daily":false,"chose_seed":false,"campfire_upgraded":2,"win_rate":0.0,"timestamp":1611558199,"path_taken":["M","M","M","$","M","M","R","?","T","R","?","M","M","?","R","BOSS"],"items_purchased_type":["Card","Card"],"build_version":"2020-12-22","purchased_purges":0,"victory":false,"max_hp_per_floor":[75,75,75,75,75,75,75,75,75,75,75,75,75,75,75,75,75],"card_choices":[{"not_picked":["HollowMod:GoodIntentions","HollowMod:WraithStrike"],"picked":"HollowMod:VengefulVoid","floor":0.0},{"not_picked":["HollowMod:RecoilStrike","HollowMod:NewLittleFool"],"picked":"HollowMod:DescendingDark","floor":1.0},{"not_picked":["HollowMod:NewLittleFool","HollowMod:QuirrelsAssistance"],"picked":"HollowMod:SiblingsSouls","floor":2.0},{"not_picked":["HollowMod:QuirrelsAssistance","HollowMod:HuntersJournal"],"picked":"HollowMod:BlackTendrils","floor":3.0},{"not_picked":["HollowMod:VengefulSpirit","HollowMod:CycloneSlash"],"picked":"HollowMod:WraithStrike","floor":5.0},{"not_picked":["HollowMod:GrimmsGift","HollowMod:HuntersJournal"],"picked":"HollowMod:VengefulVoid","floor":6.0},{"not_picked":["HollowMod:DreamGate","HollowMod:PerfectDash"],"picked":"HollowMod:HuntersJournal","floor":11.0},{"not_picked":["HollowMod:DoubleDash","HollowMod:WraithStrike"],"picked":"HollowMod:SiblingsSouls","floor":12.0},{"not_picked":["HollowMod:ChannelNail","HollowMod:WraithStrike"],"picked":"HollowMod:SharpenedNail","floor":13},{"not_picked":["HollowMod:InfectedAttack","HollowMod:SoulStrike"],"picked":"HollowMod:FastStrike","floor":14}],"player_experience":265789,"relics_obtained":[{"floor":9.0,"key":"ShockBauble"},{"floor":14,"key":"infinitespire:FocusingShard"}],"event_choices":[{"damage_healed":0.0,"max_hp_gain":0.0,"max_hp_loss":0.0,"gold_gain":0.0,"event_name":"The Woman in Blue","player_choice":"Bought 1 Potion","floor":8.0,"gold_loss":0.0,"damage_taken":0.0}],"is_beta":false,"boss_relics":[],"items_purged_floors":[],"is_endless":false,"potions_floor_spawned":[1,6,11,13,14],"killed_by":"The Guardian","ascension_level":0}}