{"host":"pyelotildgrd5mks","time":1611574020,"event":{"mods":["BaseMod","Downfall","Minty Spire (QoL Compilation)","Quick Restart","StSLib"],"gold_per_floor":[99,114,125,200,210,210,233,292,292,292,292,309,324,76,86,187,187,187,187,187,187],"floor_reached":19,"language":"ZHS","playtime":1920,"items_purged":["Clumsy"],"score":157,"play_id":"c59d1982-e918-4ecf-967c-2649e2d2bcdd","local_time":"20210125192700","is_ascension_mode":false,"campfire_choices":[{"data":"Slimebound:CorrosiveSpit","floor":1.0,"key":"SMITH"},{"data":"Slimebound:SamplingLick","floor":6.0,"key":"SMITH"},{"data":"Slimebound:MegaLick","floor":9.0,"key":"SMITH"},{"floor":11.0,"key":"REST"},{"data":"Slimebound:LevelUp","floor":18,"key":"SMITH"}],"circlet_count":0,"master_deck":["Slimebound:Strike_Slimebound","Slimebound:Strike_Slimebound","Slimebound:Strike_Slimebound","Slimebound:Tackle","Slimebound:Defend_Slimebound","Slimebound:Defend_Slimebound","Slimebound:Defend_Slimebound","Slimebound:Defend_Slimebound","Slimebound:Split","Slimebound:CorrosiveSpit+1","Slimebound:MegaLick+1","Slimebound:SamplingLick+1","Slimebound:SlimeSpikes","Slimebound:SplitLeeching","CurseOfTheBell","CurseOfTheBell","Slimebound:SelfFormingGoo","Slimebound:RainOfGoop","Slimebound:Nibble","Slimebound:LevelUp+1","Slimebound:LevelUp","Slimebound:SlimeTap","Slimebound:ItLooksTasty","Slimebound:MassRepurpose"],"relics":["Slimebound:AbsorbEndCombatUpgraded","Potion Belt","Akabeko","Art of War","downfall:ExtraCursedBell","Bag of Preparation","Matryoshka","Lizard Tail"],"acts_visited":["Exordium","TheCity"],"potions_floor_usage":[16,16],"damage_taken":[{"damage":4.0,"enemies":"2 Louse","floor":2.0,"turns":3.0},{"damage":3.0,"enemies":"Jaw Worm","floor":3.0,"turns":3.0},{"damage":2.0,"enemies":"Small Slimes","floor":5.0,"turns":3.0},{"damage":36.0,"enemies":"Lagavulin Event","floor":8.0,"turns":8.0},{"damage":3.0,"enemies":"2 Fungi Beasts","floor":12.0,"turns":3.0},{"damage":4.0,"enemies":"Lots of Slimes","floor":13.0,"turns":4.0},{"damage":3.0,"enemies":"downfall:FleeingMerchant","floor":14.0,"turns":4.0},{"damage":13.0,"enemies":"Red Slaver","floor":15.0,"turns":3.0},{"damage":101,"enemies":"DF_ARCHETYPE_STREAMLINE","floor":16,"turns":15},{"damage":3,"enemies":"Spheric Guardian","floor":19,"turns":2}],"seed_played":"-3901526237166817595","potions_obtained":[{"floor":2.0,"key":"Regen Potion"},{"floor":15.0,"key":"Swift Potion"},{"floor":16,"key":"EssenceOfSteel"}],"is_trial":false,"path_per_floor":["R","M","M","?","M","R","T","?","R","?","R","M","M","$","M","B",null,"R","M"],"character_chosen":"SLIMEBOUND","items_purchased":["Slimebound:LevelUp","Slimebound:SlimeTap"],"campfire_rested":1,"item_purchase_floors":[14,14],"current_hp_per_floor":[65,61,62,62,65,65,65,33,33,33,52,53,57,56,45,32,65,65,65,65,65],"gold":187,"neow_bonus":"RANDOM_COMMON_RELIC","is_daily":false,"chose_seed":false,"campfire_upgraded":4,"win_rate":0.0,"timestamp":1611574020,"path_taken":["R","M","M","?","M","R","T","?","R","?","R","M","M","$","M","BOSS","R","M"],"items_purchased_type":["Card","Card"],"build_version":"2020-12-22","purchased_purges":1,"victory":false,"max_hp_per_floor":[65,65,65,65,65,65,65,65,65,65,65,65,65,65,65,65,65,65,65,65,65],"card_choices":[{"not_picked":["Slimebound:SlimeBarrage","Slimebound:LevelUp"],"picked":"Slimebound:MegaLick","floor":2.0},{"not_picked":["Slimebound:GoopTackle","Slimebound:Gluttony"],"picked":"Slimebound:SamplingLick","floor":3.0},{"not_picked":["Slimebound:SplitLeeching","Slimebound:SplitMire"],"picked":"Slimebound:SlimeSpikes","floor":5.0},{"not_picked":["Slimebound:SplitMire","Slimebound:GoopTackle"],"picked":"Slimebound:SplitLeeching","floor":8.0},{"not_picked":["Slimebound:RollThrough","Slimebound:PressTheAttack"],"picked":"Slimebound:RainOfGoop","floor":12.0},{"not_picked":["Slimebound:AcidTongue","Slimebound:MegaLick"],"picked":"Slimebound:Nibble","floor":13.0},{"not_picked":["Slimebound:GrowthPunch","Slimebound:RollThrough"],"picked":"Slimebound:LevelUp","floor":14.0},{"not_picked":["Slimebound:HauntingLick","Slimebound:LeechingTouch"],"picked":"Slimebound:ItLooksTasty","floor":15.0},{"not_picked":["Slimebound:MassFeed","Slimebound:Overexert"],"picked":"Slimebound:MassRepurpose","floor":16}],"player_experience":654747,"relics_obtained":[{"floor":7.0,"key":"Akabeko"},{"floor":8.0,"key":"Art of War"},{"floor":10.0,"key":"Bag of Preparation"},{"floor":10.0,"key":"Matryoshka"},{"floor":10.0,"key":"Lizard Tail"}],"event_choices":[],"is_beta":false,"boss_relics":[{"not_picked":["Empty Cage","bronze:MakeshiftBattery"],"picked":"Slimebound:AbsorbEndCombatUpgraded"}],"items_purged_floors":[14],"is_endless":false,"potions_floor_spawned":[2,15,16],"killed_by":"Spheric Guardian","ascension_level":0}}