{"host":"z7byfb4bpt09dh7e","time":1611610088,"event":{"mods":["Aspiration","BaseMod","BetterRewards","Displayed Cursed Tome","Downfall","Infinite Spire","Minty Spire (QoL Compilation)","StSLib","The Blue Laboratory","Uncapped"],"gold_per_floor":[119,31,31,44,69,20,20,32,58,70,70,89,104,122,122,227,227,245,260,175,188,287,303,303,321,321,321,83,93,109,120,120,220,220,231,241,241,241,241,267,267,317,390,390,390,400,400,419,419,419],"floor_reached":51,"language":"ENG","playtime":3167,"items_purged":[],"score":898,"play_id":"dadd9d7c-82d6-4381-86cb-b95ef535bdd3","local_time":"20210125162808","is_ascension_mode":false,"campfire_choices":[{"data":"Seek","floor":7,"key":"SMITH"},{"floor":15,"key":"REST"},{"floor":24,"key":"REST"},{"floor":32,"key":"REST"},{"floor":41,"key":"REST"},{"floor":45,"key":"REST"},{"data":"infinitespire:Oblivion","floor":49,"key":"SMITH"}],"circlet_count":0,"master_deck":["Strike_B","Strike_B","Strike_B","Strike_B","Defend_B","Defend_B","Defend_B","Defend_B","Zap","Dualcast","Mayhem","Static Discharge","Sweeping Beam","Bandage Up","Self Repair","Turbo","Static Discharge","Rebound","Darkness","Seek+1","Conserve Battery","Ball Lightning","Sweeping Beam","Cold Snap","Barrage","Heatsinks","Static Discharge","Hello World","Double Energy","Creative AI","Chaos+1","Sweeping Beam","Doom and Gloom+1","Machine Learning","Hologram","Capacitor","Stack","Barrage","Fusion+1","Storm","Capacitor","Machine Learning","Barrage+1","Stack+1","Reinforced Body+1","Meteor Strike","Steam+1","Amplify","White Noise","Capacitor+1","Melter+1","Rip and Tear","Madness","Madness","Metamorphosis","Discovery","Double Energy","Rebound+1","infinitespire:Oblivion+1","Storm+1","Hologram","Hello World+1","Storm+1"],"relics":["Cracked Core","Prayer Wheel","aspiration:ChemicalBlood","Toy Ornithopter","Art of War","aspiration:RunicSpoon","infinitespire:Freezer","infinitespire:WardingShard","Question Card","DataDisk","aspiration:BursterCore","FrozenCore","infinitespire:EmpoweringShard","Emotion Chip","aspiration:MysteriousAuxiliaryCore","InkBottle"],"acts_visited":["Exordium","TheCity","TheBeyond"],"potions_floor_usage":[13,16,18,18,23,23,23,25,30,30,33,35,40,40,40,40,48,48,50],"damage_taken":[{"damage":0,"enemies":"Small Slimes","floor":1,"turns":2},{"damage":5,"enemies":"Cultist","floor":4,"turns":3},{"damage":8,"enemies":"Jaw Worm","floor":8,"turns":3},{"damage":7,"enemies":"Blue Slaver","floor":10,"turns":3},{"damage":3,"enemies":"Looter","floor":12,"turns":3},{"damage":11,"enemies":"3 Louse","floor":13,"turns":3},{"damage":21,"enemies":"2 Fungi Beasts","floor":14,"turns":3},{"damage":26,"enemies":"Slime Boss","floor":16,"turns":6},{"damage":36,"enemies":"2 Thieves","floor":18,"turns":3},{"damage":9,"enemies":"3 Byrds","floor":19,"turns":2},{"damage":28,"enemies":"Snecko","floor":21,"turns":5},{"damage":33,"enemies":"Centurion and Healer","floor":23,"turns":7},{"damage":6,"enemies":"Snake Plant","floor":25,"turns":4},{"damage":21,"enemies":"Shelled Parasite and Fungi","floor":29,"turns":3},{"damage":27,"enemies":"Centurion and Healer","floor":30,"turns":6},{"damage":7,"enemies":"Snake Plant","floor":31,"turns":4},{"damage":21,"enemies":"Champ","floor":33,"turns":11},{"damage":29,"enemies":"3 Shapes","floor":35,"turns":3},{"damage":7,"enemies":"Orb Walker","floor":36,"turns":3},{"damage":39,"enemies":"Reptomancer","floor":40,"turns":8},{"damage":6,"enemies":"Mind Bloom Boss Battle","floor":42,"turns":5},{"damage":19,"enemies":"Maw","floor":46,"turns":5},{"damage":2,"enemies":"3 Darklings","floor":48,"turns":3},{"damage":10,"enemies":"Donu and Deca","floor":50,"turns":7}],"seed_played":"-8744750732828494775","potions_obtained":[{"floor":8,"key":"GamblersBrew"},{"floor":12,"key":"blueLaboratory:PhilterOfMotion"},{"floor":14,"key":"blueLaboratory:LouseDecoction"},{"floor":16,"key":"Swift Potion"},{"floor":19,"key":"DistilledChaos"},{"floor":23,"key":"blueLaboratory:FruitPunch"},{"floor":23,"key":"hexamod:SoulburnPotion"},{"floor":23,"key":"Energy Potion"},{"floor":25,"key":"blueLaboratory:CorrosionFlask"},{"floor":31,"key":"SteroidPotion"},{"floor":33,"key":"blueLaboratory:BottleOfVodka"},{"floor":35,"key":"blueLaboratory:FruitPunch"},{"floor":40,"key":"AttackPotion"},{"floor":40,"key":"Fire Potion"},{"floor":42,"key":"FocusPotion"},{"floor":48,"key":"LiquidMemories"}],"is_trial":false,"path_per_floor":["M","$","?","M","T","$","R","M","T","M","?","M","M","M","R","B",null,"M","M","?","M","?","M","R","M","T","T","$","M","M","M","R","B",null,"M","M","?","?","AVR","E","R","?","T","?","R","M","?","M","R","B",null],"character_chosen":"DEFECT","items_purchased":["Prayer Wheel","Mayhem","Static Discharge","Sweeping Beam","Bandage Up","Static Discharge","Rebound","Conserve Battery","DataDisk","Capacitor"],"campfire_rested":5,"item_purchase_floors":[0,0,0,0,0,2,2,6,28,28],"current_hp_per_floor":[56,56,56,55,55,55,55,54,54,51,51,48,53,43,65,55,75,49,51,51,41,41,36,59,62,62,62,62,45,39,32,55,43,77,65,58,48,43,43,35,58,59,59,41,64,53,53,61,61,60],"gold":419,"neow_bonus":"","is_daily":false,"chose_seed":false,"campfire_upgraded":2,"win_rate":0.0,"timestamp":1611610088,"path_taken":["M","$","?","M","?","?","R","?","T","M","?","M","M","M","R","BOSS","M","M","?","M","?","M","R","M","T","?","$","M","M","M","R","BOSS","M","M","?","?","AVR","E","R","?","T","?","R","M","?","M","R","BOSS"],"items_purchased_type":["Relic","Card","Card","Card","Card","Card","Card","Card","Relic","Card"],"build_version":"2020-12-22","purchased_purges":0,"victory":true,"max_hp_per_floor":[75,75,75,75,75,75,75,75,75,75,75,75,75,75,75,75,75,75,75,75,75,75,77,77,77,77,77,77,77,77,77,77,77,77,79,79,79,79,79,79,79,79,79,79,79,79,79,79,79,79],"card_choices":[{"not_picked":["Stack","Compile Driver"],"picked":"Self Repair","floor":1},{"not_picked":["Blizzard","Undo"],"picked":"Turbo","floor":1},{"not_picked":["Go for the Eyes","Redo"],"picked":"Darkness","floor":4},{"not_picked":["Redo","Beam Cell"],"picked":"Seek","floor":4},{"not_picked":["Rebound","Streamline"],"picked":"Ball Lightning","floor":8},{"not_picked":["Compile Driver","Redo"],"picked":"Sweeping Beam","floor":8},{"not_picked":["Go for the Eyes","Gash"],"picked":"Cold Snap","floor":10},{"not_picked":["Steam","Hyperbeam"],"picked":"Barrage","floor":10},{"not_picked":["Gash","Aggregate"],"picked":"Heatsinks","floor":12},{"not_picked":["Lockon","Tempest","Go for the Eyes"],"picked":"SKIP","floor":12},{"not_picked":["FTL","Steam"],"picked":"Static Discharge","floor":13},{"not_picked":["Sunder","Rip and Tear"],"picked":"Hello World","floor":13},{"not_picked":["Redo","Coolheaded"],"picked":"Double Energy","floor":14},{"not_picked":["Compile Driver","Lockon","Glacier"],"picked":"SKIP","floor":14},{"not_picked":["Core Surge","Biased Cognition"],"picked":"Creative AI","floor":16},{"not_picked":["Barrage","Aggregate+1"],"picked":"Chaos+1","floor":18},{"not_picked":["Gash","Beam Cell"],"picked":"Sweeping Beam","floor":18},{"not_picked":["Streamline","Gash"],"picked":"Doom and Gloom+1","floor":19},{"not_picked":["Force Field+1","Beam Cell+1"],"picked":"Machine Learning","floor":19},{"not_picked":["Stack+1","Beam Cell"],"picked":"Hologram","floor":21},{"not_picked":["Ball Lightning+1","Redo"],"picked":"Capacitor","floor":21},{"not_picked":["Sweeping Beam","Blizzard"],"picked":"Stack","floor":23},{"not_picked":["Beam Cell","Glacier"],"picked":"Barrage","floor":23},{"not_picked":["All For One","Ball Lightning+1"],"picked":"Fusion+1","floor":25},{"not_picked":["Leap","Doom and Gloom+1"],"picked":"Storm","floor":25},{"not_picked":["Stack","Rebound","Hologram"],"picked":"Machine Learning","floor":29},{"not_picked":["Consume","FTL+1","Hologram"],"picked":"Barrage+1","floor":29},{"not_picked":["Heatsinks","Skim","Go for the Eyes"],"picked":"Stack+1","floor":30},{"not_picked":["Hologram+1","Sweeping Beam","Barrage"],"picked":"Reinforced Body+1","floor":30},{"not_picked":["Coolheaded","Gash","Leap"],"picked":"Meteor Strike","floor":31},{"not_picked":["Aggregate","Rebound","Stack"],"picked":"Steam+1","floor":31},{"not_picked":["Core Surge","Rainbow","Machine Learning"],"picked":"Amplify","floor":33},{"not_picked":["Beam Cell","Go for the Eyes+1","Auto Shields+1"],"picked":"White Noise","floor":35},{"not_picked":["Glacier","Aggregate","Reprogram+1"],"picked":"Capacitor+1","floor":35},{"not_picked":["Coolheaded","Gash","Capacitor"],"picked":"Melter+1","floor":36},{"not_picked":["Reinforced Body","Compile Driver","Turbo"],"picked":"Rip and Tear","floor":36},{"not_picked":["Panacea","Finesse","PanicButton"],"picked":"Metamorphosis","floor":38},{"not_picked":["Jack Of All Trades","Mind Blast","Forethought"],"picked":"Discovery","floor":38},{"not_picked":["Conserve Battery+1","Hyperbeam","Barrage"],"picked":"Double Energy","floor":40},{"not_picked":["Turbo","Cold Snap","Capacitor"],"picked":"Rebound+1","floor":42},{"not_picked":["infinitespire:DeathsTouch","infinitespire:Execution"],"picked":"infinitespire:Oblivion","floor":44},{"not_picked":["Compile Driver+1","Cold Snap","Steam+1"],"picked":"Storm+1","floor":46},{"not_picked":["Rebound","Recycle","Conserve Battery"],"picked":"Hologram","floor":46},{"not_picked":["Conserve Battery","Stack","Gash+1"],"picked":"Hello World+1","floor":48},{"not_picked":["Rebound","All For One","Undo+1"],"picked":"Storm+1","floor":48}],"player_experience":297643,"relics_obtained":[{"floor":5,"key":"aspiration:ChemicalBlood"},{"floor":9,"key":"Toy Ornithopter"},{"floor":11,"key":"Art of War"},{"floor":26,"key":"infinitespire:WardingShard"},{"floor":27,"key":"Question Card"},{"floor":40,"key":"Emotion Chip"},{"floor":42,"key":"aspiration:MysteriousAuxiliaryCore"},{"floor":43,"key":"InkBottle"}],"event_choices":[{"damage_healed":0,"gold_gain":0,"player_choice":"Obtained Relic","damage_taken":0,"relics_obtained":["infinitespire:Freezer"],"max_hp_gain":0,"max_hp_loss":0,"event_name":"Addict","floor":20,"gold_loss":85},{"damage_healed":0,"gold_gain":99,"player_choice":"Stole From Cult","damage_taken":0,"max_hp_gain":0,"max_hp_loss":0,"event_name":"Nest","floor":22,"gold_loss":0},{"damage_healed":0,"gold_gain":0,"player_choice":"Embrace Madness","damage_taken":10,"max_hp_gain":0,"max_hp_loss":0,"event_name":"Winding Halls","floor":37,"gold_loss":0,"cards_obtained":["Madness","Madness"]},{"damage_healed":0,"gold_gain":0,"player_choice":"Memory 2","damage_taken":5,"max_hp_gain":0,"max_hp_loss":0,"event_name":"SensoryStone","floor":38,"gold_loss":0},{"damage_healed":0,"gold_gain":0,"player_choice":"Fight","damage_taken":0,"max_hp_gain":0,"max_hp_loss":0,"event_name":"MindBloom","floor":42,"gold_loss":0}],"is_beta":false,"boss_relics":[{"not_picked":["Velvet Choker","infinitespire:Cupcake"],"picked":"aspiration:RunicSpoon"},{"not_picked":["aspiration:SecretTechniqueScroll","aspiration:Stellarator"],"picked":"aspiration:BursterCore"}],"items_purged_floors":[],"is_endless":false,"potions_floor_spawned":[8,12,14,16,19,23,25,31,33,35,40,42,48],"ascension_level":0}}