{"host":"zi8hgkvmbjur1a9v","time":1611595857,"event":{"mods":["AchievementEnabler","AlwaysNeverKeys","Aspiration","BaseMod","BetterRewards","Colored Map","Colored Powertips","Conspire","Downfall","Energized Spire","Friendly Minions","Hubris","Infinite Spire","Minty Spire (QoL Compilation)","Permanent Neow","Quick Restart","Relic Filter","Replay The Spire","Shop Mod","StSLib"],"gold_per_floor":[349,364,16,31,31,77,77,89,99,99,113,143,43,43,54,54,54,54],"floor_reached":16,"language":"ENG","playtime":860,"items_purged":[],"score":122,"play_id":"c2a87977-2bcb-4fbd-a10f-3cca77da7d69","local_time":"20210125123057","is_ascension_mode":true,"campfire_choices":[{"data":"Slimebound:Split","floor":1,"key":"SMITH"},{"floor":10,"key":"REST"},{"data":"expansioncontent:QuickStudy","floor":13,"key":"SMITH"}],"circlet_count":0,"master_deck":["Slimebound:Strike_Slimebound","Slimebound:Strike_Slimebound","Slimebound:Strike_Slimebound","Slimebound:Tackle","Slimebound:Defend_Slimebound","Slimebound:Defend_Slimebound","Slimebound:Defend_Slimebound","Slimebound:Defend_Slimebound","Slimebound:Split+1","Slimebound:CorrosiveSpit","Slimebound:Prepare","Slimebound:FlameTackle","expansioncontent:QuickStudy+1","Slimebound:LeadByExample","Slimebound:MassFeed","Slimebound:FormOfPuddle","Slimebound:Gluttony","Slimebound:BestDefense","Slimebound:MassFeed","Slimebound:LeechEnergy","Slimebound:DisruptingSlam","CommonCold","Looming Evil","ReplayTheSpireMod:Chaos Vortex","Slimebound:SpikyOuterGoop"],"relics":["Slimebound:AbsorbEndCombat","Membership Card","downfall:ShatteredFragment","conspire:DeflatedDodgeball","Question Card","downfall:HeartBlessingRed"],"acts_visited":["Exordium"],"potions_floor_usage":[8],"damage_taken":[{"damage":10,"enemies":"Jaw Worm","floor":2,"turns":3},{"damage":3,"enemies":"downfall:FleeingMerchant","floor":3,"turns":4},{"damage":13,"enemies":"conspire:RoseBush","floor":4,"turns":4},{"damage":0,"enemies":"Small Slimes","floor":8,"turns":3},{"damage":0,"enemies":"2 Fungi Beasts","floor":9,"turns":1},{"damage":0,"enemies":"Exordium Wildlife","floor":11,"turns":1},{"damage":28,"enemies":"Lagavulin","floor":12,"turns":6},{"damage":9,"enemies":"Gremlin Gang","floor":15,"turns":2},{"damage":26,"enemies":"SI_SHIV_ARCHETYPE","floor":16,"turns":6}],"seed_played":"188163859083314950","potions_obtained":[{"floor":2,"key":"Fire Potion"},{"floor":4,"key":"LifebloodPotion"},{"floor":6,"key":"PowerPotion"},{"floor":8,"key":"SkillPotion"}],"is_trial":false,"path_per_floor":["R","M","$","M","?","?","T","M","M","R","M","E","R","?","M","B"],"character_chosen":"SLIMEBOUND","items_purchased":["Membership Card","expansioncontent:QuickStudy","Slimebound:LeadByExample","Slimebound:MassFeed"],"campfire_rested":1,"item_purchase_floors":[3,3,3,3],"current_hp_per_floor":[59,51,54,45,27,4,4,13,13,31,31,14,14,14,17,0,0,0],"gold":54,"neow_bonus":"TWO_FIFTY_GOLD","is_daily":false,"chose_seed":false,"campfire_upgraded":2,"win_rate":0.0,"timestamp":1611595857,"path_taken":["R","M","$","M","?","?","T","M","M","R","M","E","R","?","M","BOSS"],"items_purchased_type":["Relic","Card","Card","Card"],"build_version":"2020-12-22","purchased_purges":0,"victory":false,"max_hp_per_floor":[59,59,59,59,59,59,59,62,62,62,62,65,65,65,77,77,77,77],"card_choices":[{"not_picked":["Slimebound:LivingWall","Slimebound:LeechingTouch"],"picked":"Slimebound:Prepare","floor":2},{"not_picked":["Slimebound:RollThrough","Slimebound:GoopTackle"],"picked":"Slimebound:FlameTackle","floor":3},{"not_picked":["Slimebound:GoopSpray","Slimebound:SlimeSpikes"],"picked":"Slimebound:FormOfPuddle","floor":4},{"not_picked":["Slimebound:GoopSpray","Slimebound:FinishingTackle"],"picked":"Slimebound:Gluttony","floor":6},{"not_picked":["Slimebound:RollThrough","Slimebound:ItLooksTasty"],"picked":"Slimebound:BestDefense","floor":8},{"not_picked":["Slimebound:Repurpose","Slimebound:LivingWall"],"picked":"Slimebound:MassFeed","floor":9},{"not_picked":["Slimebound:GoopTackle","Slimebound:LivingWall"],"picked":"Slimebound:LeechEnergy","floor":11},{"not_picked":["Slimebound:SlimeSpikes","Slimebound:HauntingLick"],"picked":"Slimebound:DisruptingSlam","floor":12},{"not_picked":["hubris:InfiniteBlow","infinitespire:DeathsTouch"],"picked":"ReplayTheSpireMod:Chaos Vortex","floor":14},{"not_picked":["Slimebound:SlimeBarrage","Slimebound:SplitMire","Slimebound:SlimeSpikes"],"picked":"Slimebound:SpikyOuterGoop","floor":15}],"player_experience":593433,"relics_obtained":[{"floor":7,"key":"conspire:DeflatedDodgeball"},{"floor":12,"key":"Question Card"}],"event_choices":[],"is_beta":false,"boss_relics":[],"items_purged_floors":[],"is_endless":false,"potions_floor_spawned":[2,4,8,9],"killed_by":"SI_SHIV_ARCHETYPE","ascension_level":4}}