{"host":"v3mpq6flurzldi5g","time":1611545759,"event":{"mods":["AchievementEnabler","BaseMod","Colored Powertips","Highlight Path","Minty Spire (QoL Compilation)","StSLib"],"gold_per_floor":[109,119,119,140,153,153,194,194,194,194,209,243,243,15,15,144,144,163,177,177,195,95,95,95,20,20,20,36,36,36,36,36,36,36],"floor_reached":33,"language":"ENG","playtime":1271,"items_purged":["Strike_R","Strike_R"],"score":405,"play_id":"5aa27e14-94f0-4f29-bb5f-d9aa62f8ad7c","local_time":"20210124223559","is_ascension_mode":true,"campfire_choices":[{"data":"Defend_R","floor":6,"key":"SMITH"},{"data":"Defend_R","floor":8,"key":"SMITH"},{"data":"Defend_R","floor":10,"key":"SMITH"},{"floor":15,"key":"REST"},{"data":"Armaments","floor":23,"key":"SMITH"},{"data":"Uppercut","floor":27,"key":"SMITH"},{"data":"Metallicize","floor":30,"key":"SMITH"},{"data":"Bash","floor":32,"key":"SMITH"}],"circlet_count":0,"master_deck":["AscendersBane","Strike_R+1","Strike_R+1","Defend_R+1","Defend_R+1","Defend_R+1","Defend_R+1","Bash+1","Inflame","Flame Barrier","Armaments+1","Cleave","Metallicize+1","Uppercut+1","Heavy Blade+1"],"relics":["Burning Blood","Orichalcum","Golden Idol","Bag of Marbles","Letter Opener","Magic Flower","Bronze Scales","Sozu","Lantern"],"acts_visited":["Exordium","TheCity"],"potions_floor_usage":[7,28],"damage_taken":[{"damage":7,"enemies":"Jaw Worm","floor":1,"turns":3},{"damage":5,"enemies":"Cultist","floor":2,"turns":4},{"damage":5,"enemies":"Small Slimes","floor":4,"turns":4},{"damage":6,"enemies":"Blue Slaver","floor":5,"turns":5},{"damage":17,"enemies":"3 Sentries","floor":7,"turns":7},{"damage":0,"enemies":"2 Fungi Beasts","floor":11,"turns":4},{"damage":20,"enemies":"Gremlin Nob","floor":12,"turns":4},{"damage":17,"enemies":"The Guardian","floor":16,"turns":15},{"damage":21,"enemies":"Shell Parasite","floor":18,"turns":7},{"damage":6,"enemies":"Spheric Guardian","floor":19,"turns":4},{"damage":8,"enemies":"Snake Plant","floor":21,"turns":4},{"damage":3,"enemies":"3 Cultists","floor":28,"turns":5},{"damage":76,"enemies":"Champ","floor":33,"turns":17}],"seed_played":"930824307756662904","potions_obtained":[{"floor":2,"key":"LiquidMemories"},{"floor":4,"key":"GamblersBrew"},{"floor":11,"key":"Explosive Potion"},{"floor":12,"key":"Ancient Potion"}],"is_trial":false,"path_per_floor":["M","M","?","M","M","R","E","R","T","R","M","E","?","$","R","B",null,"M","M","?","M","$","R","?","?","T","R","M","$","R","?","R","B"],"character_chosen":"IRONCLAD","items_purchased":["Bronze Scales"],"campfire_rested":1,"item_purchase_floors":[14],"current_hp_per_floor":[71,72,72,73,73,73,62,62,62,62,68,54,54,54,78,70,78,66,69,69,70,70,70,70,70,70,70,76,76,76,76,76,0,0],"gold":36,"neow_bonus":"RANDOM_COMMON_RELIC","is_daily":false,"chose_seed":false,"campfire_upgraded":7,"win_rate":0.0,"timestamp":1611545759,"path_taken":["M","M","?","M","M","R","E","R","T","R","M","E","?","$","R","BOSS","M","M","?","?","?","R","?","?","T","R","M","?","R","?","R","BOSS"],"items_purchased_type":["Relic"],"build_version":"2020-12-22","purchased_purges":2,"victory":false,"max_hp_per_floor":[80,80,80,80,80,80,80,80,80,80,80,80,80,80,80,80,80,80,80,80,80,80,80,80,80,80,80,80,80,80,80,80,80,80],"card_choices":[{"not_picked":["Cleave","True Grit"],"picked":"Inflame","floor":1},{"not_picked":["Fire Breathing","Headbutt"],"picked":"Flame Barrier","floor":2},{"not_picked":["Seeing Red","Sword Boomerang"],"picked":"Armaments","floor":4},{"not_picked":["Havoc","Carnage"],"picked":"Cleave","floor":5},{"not_picked":["Pummel","Clash","Evolve"],"picked":"SKIP","floor":7},{"not_picked":["Brutality","Body Slam","Reckless Charge"],"picked":"SKIP","floor":11},{"not_picked":["Flex","Pommel Strike"],"picked":"Metallicize","floor":12},{"not_picked":["Clash","Pommel Strike"],"picked":"Uppercut","floor":18},{"not_picked":["Body Slam","Flex","Anger"],"picked":"SKIP","floor":19},{"not_picked":["Infernal Blade","Flex","Clash"],"picked":"SKIP","floor":21},{"not_picked":["Dual Wield","Armaments"],"picked":"Heavy Blade+1","floor":28}],"player_experience":1043162,"relics_obtained":[{"floor":7,"key":"Bag of Marbles"},{"floor":9,"key":"Letter Opener"},{"floor":12,"key":"Magic Flower"},{"floor":26,"key":"Lantern"}],"event_choices":[{"damage_healed":0,"gold_gain":0,"player_choice":"Take Wound","damage_taken":0,"relics_obtained":["Golden Idol"],"max_hp_gain":0,"max_hp_loss":0,"event_name":"Golden Idol","floor":3,"gold_loss":0,"cards_obtained":["Injury"]},{"cards_removed":["Injury"],"damage_healed":0,"gold_gain":0,"player_choice":"Forget","damage_taken":0,"max_hp_gain":0,"max_hp_loss":0,"event_name":"Living Wall","floor":13,"gold_loss":0},{"damage_healed":0,"gold_gain":0,"player_choice":"Bought 0 Potions","damage_taken":0,"max_hp_gain":0,"max_hp_loss":0,"event_name":"The Woman in Blue","floor":20,"gold_loss":0},{"damage_healed":0,"gold_gain":0,"player_choice":"Ignored","damage_taken":0,"max_hp_gain":0,"max_hp_loss":0,"event_name":"Vampires","floor":24,"gold_loss":0},{"cards_removed":["Strike_R"],"damage_healed":0,"gold_gain":0,"player_choice":"Gave Gold","damage_taken":0,"max_hp_gain":0,"max_hp_loss":0,"event_name":"Beggar","floor":25,"gold_loss":75},{"damage_healed":0,"gold_gain":0,"player_choice":"Simplicity","damage_taken":0,"max_hp_gain":0,"max_hp_loss":0,"event_name":"Back to Basics","floor":31,"gold_loss":0,"cards_upgraded":["Strike_R","Strike_R","Defend_R"]}],"is_beta":false,"boss_relics":[{"not_picked":["Philosopher\u0027s Stone","Runic Dome"],"picked":"Sozu"}],"items_purged_floors":[14,22],"is_endless":false,"potions_floor_spawned":[2,4,11,12,16,18],"killed_by":"Champ","ascension_level":12}}