{"host":"uonldg9uriwfhjjx","time":1611601004,"event":{"mods":["AchievementEnabler","BaseMod","Colored Map","Colored Powertips","Curses Come First","Highlight Path","Minty Spire (QoL Compilation)","Rare Cards Sparkle","Relic Stats","StSLib","The Cursed","The Marked"],"gold_per_floor":[365,81,81,81,231,266,266,266,293,303,322,332,332,69,69,140,140,157,157,107,126,144,144,175,187,187],"floor_reached":25,"language":"ENG","playtime":687,"items_purged":["Writhe"],"score":405,"play_id":"e3b93eab-633b-43ec-9446-9f73e849a94e","local_time":"20210125135644","is_ascension_mode":true,"campfire_choices":[{"data":"Dual Wield","floor":8,"key":"SMITH"},{"data":"Pommel Strike","floor":13,"key":"SMITH"},{"data":"Trip","floor":15,"key":"SMITH"},{"data":"Demon Form","floor":23,"key":"SMITH"}],"circlet_count":0,"master_deck":["AscendersBane","Strike_R","Strike_R","Strike_R","Strike_R","Strike_R","Defend_R","Defend_R","Defend_R","Bash","Perfected Strike+1","Trip+1","Doubt","Dual Wield+1","Pommel Strike+1","Flex","Flex","Demon Form+1","Perfected Strike+1","Twin Strike","Twin Strike"],"relics":["Burning Blood","Blood Vial","Question Card","Potion Belt","StrikeDummy","Velvet Choker","MawBank"],"acts_visited":["Exordium","TheCity"],"potions_floor_usage":[6,6,16],"damage_taken":[{"damage":7,"enemies":"Small Slimes","floor":1,"turns":3},{"damage":30,"enemies":"Lagavulin","floor":6,"turns":5},{"damage":12,"enemies":"Jaw Worm","floor":10,"turns":3},{"damage":1,"enemies":"2 Louse","floor":11,"turns":3},{"damage":13,"enemies":"Red Slaver","floor":12,"turns":4},{"damage":17,"enemies":"Slime Boss","floor":16,"turns":7},{"damage":0,"enemies":"Chosen","floor":18,"turns":2},{"damage":38,"enemies":"Spheric Guardian","floor":21,"turns":5},{"damage":6,"enemies":"3 Cultists","floor":22,"turns":3},{"damage":25,"enemies":"Gremlin Leader","floor":24,"turns":4},{"damage":60,"enemies":"Chosen and Byrds","floor":25,"turns":5}],"seed_played":"4118747820367478700","potions_obtained":[{"floor":1,"key":"CultistPotion"},{"floor":6,"key":"Explosive Potion"},{"floor":21,"key":"Dexterity Potion"},{"floor":24,"key":"LiquidBronze"}],"is_trial":false,"path_per_floor":["M","$","?","?","?","E","T","R","T","M","M","M","R","$","R","B",null,"M","?","?","M","M","R","E","M"],"character_chosen":"IRONCLAD","items_purchased":["Trip","Fruit Juice","StrikeDummy"],"campfire_rested":0,"item_purchase_floors":[2,2,14],"current_hp_per_floor":[67,67,67,60,60,41,41,41,41,37,44,39,39,39,39,30,68,76,76,76,46,48,48,31,0,0],"gold":187,"neow_bonus":"TWO_FIFTY_GOLD","is_daily":false,"chose_seed":false,"campfire_upgraded":4,"win_rate":0.0,"timestamp":1611601004,"path_taken":["M","$","?","?","?","E","?","R","T","?","M","M","R","$","R","BOSS","M","?","?","M","M","R","E","?"],"items_purchased_type":["Card","Potion","Relic"],"build_version":"2020-12-22","purchased_purges":1,"victory":false,"max_hp_per_floor":[75,75,75,75,75,80,80,80,80,80,80,80,80,80,80,80,80,80,80,80,80,80,80,80,80,80],"relic_stats":{"Blood Vial":18,"counters":[11,44],"Question Card":8,"MawBank":12,"obtain_stats":[{"Blood Vial":6,"Potion Belt":9,"Velvet Choker":17,"Question Card":7,"StrikeDummy":14,"MawBank":24,"Burning Blood":0},{"Blood Vial":2,"Potion Belt":2,"Velvet Choker":6,"Question Card":2,"StrikeDummy":5,"MawBank":10,"Burning Blood":0},{"Blood Vial":8,"Potion Belt":8,"Velvet Choker":25,"Question Card":8,"StrikeDummy":18,"MawBank":39,"Burning Blood":0}],"Burning Blood":60},"card_choices":[{"not_picked":["Heavy Blade","Disarm"],"picked":"Perfected Strike","floor":1},{"not_picked":["Thunderclap","Clash"],"picked":"Dual Wield","floor":6},{"not_picked":["Iron Wave","Headbutt","Sword Boomerang"],"picked":"Pommel Strike","floor":10},{"not_picked":["Warcry","Anger","Sentinel"],"picked":"Flex","floor":11},{"not_picked":["Anger","Body Slam","Iron Wave"],"picked":"Flex","floor":12},{"not_picked":["Bludgeon","Impervious","Immolate"],"picked":"Demon Form","floor":16},{"not_picked":["Bloodletting","Clothesline","Clash","Anger"],"picked":"SKIP","floor":18},{"not_picked":["Body Slam","Clash","Shrug It Off+1"],"picked":"Perfected Strike+1","floor":21},{"not_picked":["Dark Embrace","Havoc","Whirlwind"],"picked":"Twin Strike","floor":22},{"not_picked":["Heavy Blade+1","Second Wind","Blood for Blood"],"picked":"Twin Strike","floor":24}],"player_experience":817578,"relics_obtained":[{"floor":6,"key":"Blood Vial"},{"floor":7,"key":"Question Card"},{"floor":9,"key":"Potion Belt"},{"floor":24,"key":"MawBank"}],"event_choices":[{"damage_healed":0,"gold_gain":0,"player_choice":"Grow","damage_taken":0,"max_hp_gain":0,"max_hp_loss":0,"event_name":"Living Wall","floor":3,"gold_loss":0,"cards_upgraded":["Perfected Strike"]},{"cards_removed":["Defend_R"],"damage_healed":0,"gold_gain":0,"player_choice":"Card Removal","damage_taken":7,"max_hp_gain":0,"max_hp_loss":0,"event_name":"Golden Wing","floor":4,"gold_loss":0},{"damage_healed":0,"gold_gain":150,"player_choice":"AGREE","damage_taken":0,"max_hp_gain":0,"max_hp_loss":0,"event_name":"Liars Game","floor":5,"gold_loss":0,"cards_obtained":["Doubt"]},{"damage_healed":0,"gold_gain":0,"player_choice":"Ignored","damage_taken":0,"max_hp_gain":0,"max_hp_loss":0,"event_name":"Ghosts","floor":19,"gold_loss":0},{"damage_healed":0,"gold_gain":0,"player_choice":"Bet on Owner","damage_taken":0,"max_hp_gain":0,"max_hp_loss":0,"event_name":"The Joust","floor":20,"gold_loss":50}],"is_beta":false,"boss_relics":[{"not_picked":["Fusion Hammer","Mark of Pain"],"picked":"Velvet Choker"}],"items_purged_floors":[2],"is_endless":false,"potions_floor_spawned":[1,6,21,24],"killed_by":"Chosen and Byrds","ascension_level":17}}