{"host":"3xls0xm49ftugio7","time":1611598420,"event":{"mods":["2.2 Compatiblity","A Magickal Journey","AchievementEnabler","Act Like it!","BaseMod","Bestiary","Colored Powertips","Downfall","GifTheSpireLib","Minty Spire (QoL Compilation)","Quick Restart","StSLib","slay the spire mod where everything is the same but ironclad has a cowboy hat"],"gold_per_floor":[349,366,376,476,576,589,642,542,555,555,583,583,583,593,603,603,603,603],"floor_reached":16,"language":"ENG","playtime":479,"items_purged":[],"score":117,"play_id":"d94a5b60-6713-4bec-bae2-28c8867b3bc5","local_time":"20210125201340","is_ascension_mode":true,"campfire_choices":[{"floor":1,"key":"RECALL"},{"data":"bronze:Constructor","floor":8,"key":"SMITH"},{"floor":10,"key":"REST"},{"floor":13,"key":"REST"}],"circlet_count":0,"master_deck":["bronze:Strike+1","bronze:Strike","bronze:Strike+1","bronze:Strike","bronze:Defend","bronze:Defend","bronze:Defend","bronze:Defend","bronze:Replicate","bronze:Goto","bronze:CloningBeam","bronze:Constructor+1","bronze:Backtrace","bronze:Terminator","bronze:ChosenStrike","bronze:Spike","bronze:Explode","bronze:Fortify","bronze:Frontload","bronze:Flail"],"relics":["bronze:BronzeCore","Whetstone","downfall:HeartBlessingRed","Blue Candle"],"acts_visited":["Exordium"],"potions_floor_usage":[12,16,16],"damage_taken":[{"damage":7,"enemies":"Jaw Worm","floor":2,"turns":3},{"damage":1,"enemies":"2 Louse","floor":3,"turns":3},{"damage":1,"enemies":"Cultist","floor":6,"turns":4},{"damage":0,"enemies":"2 Fungi Beasts","floor":9,"turns":2},{"damage":28,"enemies":"Lagavulin","floor":11,"turns":7},{"damage":25,"enemies":"Lagavulin","floor":12,"turns":5},{"damage":4,"enemies":"Blue Slaver","floor":14,"turns":3},{"damage":6,"enemies":"3 Louse","floor":15,"turns":3},{"damage":24,"enemies":"DF_ARCHETYPE_STREAMLINE","floor":16,"turns":7}],"seed_played":"7637956891540807557","potions_obtained":[{"floor":2,"key":"ColorlessPotion"},{"floor":6,"key":"Weak Potion"},{"floor":12,"key":"sneckomod:MuddlingPotion"}],"is_trial":false,"path_per_floor":["R","M","M","?","?","M","T","R","M","R","E","?","R","M","M","B"],"character_chosen":"THE_AUTOMATON","items_purchased":[],"campfire_rested":2,"item_purchase_floors":[],"current_hp_per_floor":[49,42,41,41,41,40,40,40,40,61,33,8,29,25,19,0,0,0],"gold":603,"neow_bonus":"TWO_FIFTY_GOLD","is_daily":false,"chose_seed":false,"campfire_upgraded":1,"win_rate":0.0,"timestamp":1611598420,"path_taken":["R","M","M","?","?","M","T","R","?","R","E","?","R","M","M","BOSS"],"items_purchased_type":[],"build_version":"2020-12-22","purchased_purges":0,"victory":false,"max_hp_per_floor":[70,70,70,70,70,70,70,70,70,70,70,70,70,70,70,70,70,70],"card_choices":[{"not_picked":["bronze:Overload","bronze:BugBarrage"],"picked":"bronze:CloningBeam","floor":2},{"not_picked":["bronze:NullPointer","bronze:BuggyMess"],"picked":"bronze:Constructor","floor":3},{"not_picked":["bronze:CutThrough","bronze:MaxOutput"],"picked":"bronze:Backtrace","floor":6},{"not_picked":["bronze:Separator","bronze:Constructor"],"picked":"bronze:Terminator","floor":9},{"not_picked":["bronze:MaxOutput","bronze:Invalidate"],"picked":"bronze:ChosenStrike","floor":11},{"not_picked":[],"picked":"bronze:Spike","floor":12},{"not_picked":[],"picked":"bronze:Explode","floor":12},{"not_picked":["bronze:FineTuning","bronze:ItsAFeature"],"picked":"bronze:Fortify","floor":12},{"not_picked":["bronze:Turbo","bronze:WhirlingStrike"],"picked":"bronze:Frontload","floor":14},{"not_picked":["bronze:Allocate","bronze:Overheat"],"picked":"bronze:Flail","floor":15}],"player_experience":990190,"relics_obtained":[{"floor":7,"key":"Whetstone"},{"floor":11,"key":"Blue Candle"}],"event_choices":[],"is_beta":false,"boss_relics":[],"items_purged_floors":[],"is_endless":false,"potions_floor_spawned":[2,6,12],"killed_by":"DF_ARCHETYPE_STREAMLINE","ascension_level":3}}