{"host":"b96hyfeqj1peltkw","time":1611563565,"event":{"mods":["AchievementEnabler","Act Like it!","Arknights The Spire","BaseMod","Block Reminder","Gensokyo","Minty Spire (QoL Compilation)","Practice Mode","StSLib"],"gold_per_floor":[117,131,61,61,71,71,91,91,91,91,123,40,58,77,77,182,182,201,316,351,301,336,336,601,601,601,601,628,124,150,150,150],"floor_reached":31,"language":"ENG","playtime":1315,"items_purged":["Injury"],"score":312,"play_id":"a9a5e008-bcc8-4ed6-818b-4f810f381daf","local_time":"20210125163245","is_ascension_mode":false,"campfire_choices":[{"data":"ats:Emotion Absorption","floor":6.0,"key":"SMITH"},{"data":"ats:Thorns","floor":10.0,"key":"SMITH"},{"floor":15.0,"key":"REST"},{"floor":23,"key":"REST"},{"data":"ats:Calcification","floor":25,"key":"SMITH"},{"data":"ats:Thermite Blade","floor":27,"key":"SMITH"}],"circlet_count":0,"master_deck":["ats:Strike C","ats:Strike G+1","ats:Strike S","ats:Strike V","ats:Armor Crushing Shot+1","ats:Defend","ats:Defend","ats:Defend","ats:Defend+1","ats:Emotion Absorption+1","ats:Composite Medical Shells","ats:Guard Mode","ats:Thermite Blade+1","ats:Thorns+1","ats:Serious Mode+1","ats:Shadow Assault","ats:Dogmatic Field+1","CurseOfTheBell","ats:Red Shift","ats:Calcification+1","ats:Curse Doll+1","ats:Cat Scratch","ats:Soul Absorption"],"relics":["ats:Sanity","Pear","Regal Pillow","Frozen Egg 2","ats:Originium","Mummified Hand","Calling Bell","Strawberry","ats:Military Tradition","Ginger","ats:Gyao","Calipers","StrikeDummy","ats:Berate","ats:Rhine Circuitry","Frozen Eye"],"acts_visited":["Gensokyo:Gensokyo","Gensokyo:Gensokyoer"],"potions_floor_usage":[31,31],"damage_taken":[{"damage":6.0,"enemies":"Gensokyo:Gryphon","floor":1.0,"turns":4.0},{"damage":1.0,"enemies":"Gensokyo:3_Fairies","floor":2.0,"turns":5.0},{"damage":4.0,"enemies":"Gensokyo:2_Kodama","floor":5.0,"turns":4.0},{"damage":9.0,"enemies":"Gensokyo:VengefulSpirit","floor":7.0,"turns":5.0},{"damage":22.0,"enemies":"Gensokyo:Aya","floor":11.0,"turns":4.0},{"damage":12.0,"enemies":"Gensokyo:Kitsune","floor":13.0,"turns":2.0},{"damage":4.0,"enemies":"Gensokyo:3_Kodama","floor":14.0,"turns":2.0},{"damage":0.0,"enemies":"Gensokyo:Reimu","floor":16.0,"turns":6.0},{"damage":14.0,"enemies":"Gensokyo:Chomper","floor":18.0,"turns":6.0},{"damage":60,"enemies":"Gensokyo:Chomper","floor":19,"turns":10},{"damage":15,"enemies":"Gensokyo:AngelMirror","floor":20,"turns":3},{"damage":50,"enemies":"Gensokyo:Swordslinger","floor":22,"turns":3},{"damage":3,"enemies":"Gensokyo:3_Gloops","floor":28,"turns":4},{"damage":33,"enemies":"Gensokyo:Slime_Group","floor":30,"turns":3},{"damage":26,"enemies":"Gensokyo:Koishi","floor":31,"turns":4}],"seed_played":"7262738123249294522","potions_obtained":[{"floor":2.0,"key":"FearPotion"},{"floor":5.0,"key":"GamblersBrew"},{"floor":7.0,"key":"Dexterity Potion"},{"floor":13.0,"key":"Explosive Potion"},{"floor":14.0,"key":"SpeedPotion"}],"is_trial":false,"path_per_floor":["M","M","?","?","M","R","M","?","T","R","E","COS","M","M","R","B",null,"M","?","M","?","M","R","?","R","T","R","M","$","M","E"],"character_chosen":"DOCTOR_CLASS","items_purchased":["ats:Berate","ats:Cat Scratch","ats:Soul Absorption","ats:Rhine Circuitry"],"campfire_rested":2,"item_purchase_floors":[29,29,29,29],"current_hp_per_floor":[66,65,65,60,56,56,47,47,47,47,25,25,13,9,48,48,89,75,58,56,63,13,56,56,56,56,56,54,54,21,0,0],"gold":150,"neow_bonus":"UPGRADE_CARD","is_daily":false,"chose_seed":false,"campfire_upgraded":4,"win_rate":0.0,"timestamp":1611563565,"path_taken":["M","M","?","?","?","R","M","?","T","R","E","COS","?","M","R","BOSS","M","?","M","?","?","R","?","R","T","R","M","$","M","E"],"items_purchased_type":["Relic","Card","Card","Relic"],"build_version":"2020-12-22","purchased_purges":1,"victory":false,"max_hp_per_floor":[72,72,72,82,82,82,82,82,82,82,82,82,82,82,82,82,89,89,89,89,96,96,96,91,91,91,91,91,91,91,91,91],"card_choices":[{"not_picked":["ats:Poison Spread","ats:Closed Bolt Burst Fire"],"picked":"ats:Composite Medical Shells","floor":1.0},{"not_picked":["ats:Encircling Forest","ats:Hammer On"],"picked":"ats:Guard Mode","floor":2.0},{"not_picked":["ats:Curse Doll","ats:Defend Order"],"picked":"ats:Thermite Blade","floor":5.0},{"not_picked":["ats:Hammer On","ats:Ignite"],"picked":"ats:Thorns","floor":7.0},{"not_picked":["ats:Flame Of Heaven","ats:Burning Ground+1"],"picked":"ats:Serious Mode+1","floor":11.0},{"not_picked":["ats:Curse Doll","ats:Absolute Focus"],"picked":"ats:Shadow Assault","floor":13.0},{"not_picked":["ats:Powerful Strike","ats:Assault Order","ats:Defend Order+1"],"picked":"SKIP","floor":14.0},{"not_picked":["ats:Fractured Body+1","ats:Disruption Kick+1"],"picked":"ats:Dogmatic Field+1","floor":16.0},{"not_picked":["ats:Flame Of Heaven","ats:Mental Burst","ats:Spore Proliferation"],"picked":"SKIP","floor":18},{"not_picked":["ats:Sword Rain","ats:Guard Mode"],"picked":"ats:Red Shift","floor":19},{"not_picked":["ats:Very Hot Blade+1","ats:Flexible Camouflage","ats:Powerful Strike+1"],"picked":"SKIP","floor":20},{"not_picked":["ats:Curse Doll+1","ats:Sword Rain"],"picked":"ats:Calcification","floor":22},{"not_picked":["ats:Leaping Hammer","ats:Closed Bolt Burst Fire"],"picked":"ats:Curse Doll+1","floor":28},{"not_picked":["ats:Serious Mode+1","ats:Flexible Camouflage","ats:Ignite"],"picked":"SKIP","floor":30}],"player_experience":1375135,"relics_obtained":[{"floor":9.0,"key":"Frozen Egg 2"},{"floor":11.0,"key":"ats:Originium"},{"floor":11.0,"key":"Mummified Hand"},{"floor":17.0,"key":"Strawberry"},{"floor":17.0,"key":"ats:Military Tradition"},{"floor":17.0,"key":"Ginger"},{"floor":19,"key":"ats:Gyao"},{"floor":19,"key":"Calipers"},{"floor":26,"key":"StrikeDummy"}],"event_choices":[],"is_beta":false,"boss_relics":[{"not_picked":["Runic Dome","Pandora\u0027s Box"],"picked":"Calling Bell"}],"items_purged_floors":[29],"is_endless":false,"potions_floor_spawned":[2,5,7,13,14,19,28,30],"killed_by":"Gensokyo:Koishi","ascension_level":0}}