{"host":"o9ks9zgjwk1fcyk2","time":1611542689,"event":{"mods":["A Magickal Journey","AchievementEnabler","Aspiration","BaseMod","BetterRewards","Colored Map","Colored Powertips","Conspire","DeckTracker","Downfall","Friendly Minions","GifTheSpireLib","Halation","Highlight Path","Hubris","Infinite Spire","Ironclad Rager","Minty Spire (QoL Compilation)","Permanent Neow","Quarter Circle Forward PUNCH!","Quick Restart","READ ME - Guardian Mod","Relic Sorter","Replay The Spire","StSLib","Stuff the Spire","The Alterego","The Construct","The Cursed","The Disciple","The Forsaken","The Jungle","The Marked","The Mystic"],"gold_per_floor":[99,119,134,134,151,151,151,182,286,353,364,364,382,393,408,513,513,513,563,580,630,641,641,641,655,655,655,655,655],"floor_reached":27,"language":"ENG","playtime":2106,"items_purged":[],"score":217,"play_id":"8ca34469-125a-4390-9ca2-2d02687f4fb0","local_time":"20210125024449","is_ascension_mode":false,"campfire_choices":[{"data":"bronze:Replicate","floor":1,"key":"SMITH"},{"data":"bronze:AlphaBuild","floor":6,"key":"SMITH"},{"data":"bronze:Goto","floor":12,"key":"SMITH"},{"data":"bronze:Defend","floor":18,"key":"PURGE"},{"data":"bronze:DelayedGuard","floor":23,"key":"SMITH"},{"data":"bronze:BugBarrage","floor":26,"key":"SMITH"}],"circlet_count":0,"master_deck":["champ:EnGarde+1","bronze:Strike","bronze:Strike","bronze:Strike","bronze:Defend","bronze:Defend","bronze:Replicate+1","bronze:Goto+1","bronze:Safeguard","bronze:Repair","bronze:AlphaBuild+1","bronze:DelayedGuard+1","bronze:Fortify","bronze:BugBarrage+1","bronze:Boost","bronze:Philosophize","bronze:FineTuning","bronze:Mutator","bronze:CloningBeam+1","Pride","bronze:CutThrough","bronze:Branch"],"relics":["bronze:BronzeCore","Pocketwatch","conspire:TopHat","downfall:CloakOfManyFaces","CultistMask","FaceOfCleric","NlothsMask","GremlinMask","SsserpentHead","Honey Jar","construct:BoolHorns"],"acts_visited":["Exordium","TheCity"],"potions_floor_usage":[],"damage_taken":[{"damage":2,"enemies":"conspire:RoseBush","floor":2,"turns":4},{"damage":0,"enemies":"Cultist","floor":3,"turns":4},{"damage":0,"enemies":"Small Slimes","floor":5,"turns":4},{"damage":8,"enemies":"Lagavulin","floor":8,"turns":8},{"damage":5,"enemies":"downfall:FaceTrader","floor":9,"turns":17},{"damage":4,"enemies":"Blue Slaver","floor":10,"turns":3},{"damage":4,"enemies":"3 Louse","floor":11,"turns":4},{"damage":2,"enemies":"Exordium Thugs","floor":13,"turns":3},{"damage":0,"enemies":"2 Fungi Beasts","floor":14,"turns":2},{"damage":17,"enemies":"Exordium Wildlife","floor":15,"turns":3},{"damage":22,"enemies":"IC_STATUS_ARCHETYPE","floor":16,"turns":8},{"damage":0,"enemies":"Chosen","floor":20,"turns":4},{"damage":16,"enemies":"Spheric Guardian","floor":22,"turns":4},{"damage":43,"enemies":"Snake Plant","floor":25,"turns":5},{"damage":25,"enemies":"Slavers","floor":27,"turns":2}],"seed_played":"-6735949461887218378","potions_obtained":[{"floor":2,"key":"SpeedPotion"},{"floor":8,"key":"champ:CounterPotion"},{"floor":9,"key":"Languid Potion"},{"floor":25,"key":"bronze:FreeFunctionsPotion"}],"is_trial":false,"path_per_floor":["R","M","M","?","M","R","T","E","?","M","M","R","M","M","M","B",null,"R_BF","?","M","?","M","R","T","M","R","E"],"character_chosen":"THE_AUTOMATON","items_purchased":[],"campfire_rested":0,"item_purchase_floors":[],"current_hp_per_floor":[70,68,68,68,68,68,68,62,64,67,71,71,70,71,55,42,76,76,76,77,77,62,62,62,20,20,0,0,0],"gold":655,"neow_bonus":"TRANSFORM_CARD","is_daily":false,"chose_seed":false,"campfire_upgraded":5,"win_rate":0.0,"timestamp":1611542689,"path_taken":["R","M","M","?","M","R","T","E","?","?","M","R","M","M","M","BOSS","R_BF","?","M","?","M","R","T","M","R","E"],"items_purchased_type":[],"build_version":"2020-12-22","purchased_purges":0,"victory":false,"max_hp_per_floor":[70,70,70,70,70,70,70,70,70,71,72,72,73,74,75,76,76,76,76,77,77,78,78,78,79,79,79,79,79],"card_choices":[{"not_picked":["bronze:WildBeam","bronze:Deprecate","bronze:WhirlingStrike"],"picked":"SKIP","floor":2},{"not_picked":["bronze:OilSpill","bronze:Iterate"],"picked":"bronze:Repair","floor":3},{"not_picked":["bronze:Iterate","bronze:ShipIt"],"picked":"bronze:DelayedGuard","floor":5},{"not_picked":["bronze:BronzeArmor","bronze:WildBeam"],"picked":"bronze:Fortify","floor":8},{"not_picked":["bronze:Deprecate","bronze:BuggyMess"],"picked":"bronze:BugBarrage","floor":9},{"not_picked":["bronze:Backtrace","bronze:BuggyMess","bronze:Shield"],"picked":"SKIP","floor":10},{"not_picked":["bronze:GetLatest","bronze:CloningBeam"],"picked":"bronze:Boost","floor":11},{"not_picked":["bronze:DelayedSlice","bronze:Optimize"],"picked":"bronze:Philosophize","floor":13},{"not_picked":["bronze:WhirlingStrike","bronze:Break"],"picked":"bronze:FineTuning","floor":14},{"not_picked":["bronze:Deprecate","bronze:Shield","bronze:DigitalCarnage"],"picked":"SKIP","floor":15},{"not_picked":["bronze:Virus","bronze:Format"],"picked":"bronze:Mutator","floor":16},{"not_picked":["bronze:Optimize","bronze:Turbo","bronze:Repulsor"],"picked":"bronze:CloningBeam+1","floor":20},{"not_picked":["bronze:DigitalCarnage","bronze:DelayedGuard","bronze:Shield+1"],"picked":"bronze:CutThrough","floor":22},{"not_picked":["bronze:DelayedSlice","bronze:Iterate","bronze:Overload"],"picked":"bronze:Branch","floor":25}],"player_experience":335057,"relics_obtained":[{"floor":7,"key":"Pocketwatch"},{"floor":8,"key":"conspire:TopHat"},{"floor":9,"key":"downfall:CloakOfManyFaces"}],"event_choices":[{"damage_healed":0,"gold_gain":0,"player_choice":"Leave","damage_taken":0,"max_hp_gain":0,"max_hp_loss":0,"event_name":"conspire:Investor","floor":19,"gold_loss":0},{"damage_healed":0,"gold_gain":0,"player_choice":"Stole Relic","damage_taken":0,"relics_obtained":["construct:BoolHorns"],"max_hp_gain":0,"max_hp_loss":0,"event_name":"Addict","floor":21,"gold_loss":0,"cards_obtained":["Pride"]}],"is_beta":false,"boss_relics":[{"not_picked":["Calling Bell","bronze:MakeshiftBattery"],"picked":"Honey Jar"}],"items_purged_floors":[],"is_endless":false,"potions_floor_spawned":[2,8,9,11,14,25],"killed_by":"Slavers","ascension_level":0}}