{"host":"6mgmpue98l61x61q","time":1611557278,"event":{"mods":["BaseMod","Colored Map","Minty Spire (QoL Compilation)","Relic Stats"],"gold_per_floor":[113,133,153,163,96,126,126,7,79,89,120,120,120,140,140,237,237,205,205,205],"floor_reached":19,"language":"ENG","playtime":1708,"items_purged":[],"score":242,"play_id":"846e5837-269e-4a03-a3ec-e14679c6329b","local_time":"20210125004758","is_ascension_mode":true,"campfire_choices":[{"floor":7,"key":"REST"},{"data":"Eruption","floor":13,"key":"SMITH"},{"floor":15,"key":"REST"}],"circlet_count":0,"master_deck":["Strike_P","Strike_P","Strike_P","Strike_P","Defend_P","Defend_P","Defend_P","Defend_P","Eruption+1","Vigilance","FlyingSleeves","Meditate","Halt","SashWhip","Blasphemy","Protect","LikeWater","Wallop","FollowUp+1","JustLucky+1","Decay","LessonLearned+1","Alpha","DeceiveReality"],"relics":["PureWater","Unceasing Top","Molten Egg 2","Toy Ornithopter","Black Star"],"acts_visited":["Exordium","TheCity"],"potions_floor_usage":[6,14,16],"damage_taken":[{"damage":6,"enemies":"Cultist","floor":1,"turns":5},{"damage":0,"enemies":"Jaw Worm","floor":2,"turns":2},{"damage":1,"enemies":"2 Louse","floor":3,"turns":3},{"damage":1,"enemies":"Blue Slaver","floor":4,"turns":4},{"damage":40,"enemies":"Lagavulin","floor":6,"turns":7},{"damage":0,"enemies":"Looter","floor":10,"turns":4},{"damage":15,"enemies":"3 Sentries","floor":11,"turns":10},{"damage":16,"enemies":"Exordium Thugs","floor":14,"turns":3},{"damage":26,"enemies":"Hexaghost","floor":16,"turns":8},{"damage":23,"enemies":"2 Thieves","floor":18,"turns":5},{"damage":42,"enemies":"Spheric Guardian","floor":19,"turns":3}],"seed_played":"343320900741257369","potions_obtained":[{"floor":1,"key":"FearPotion"},{"floor":4,"key":"FearPotion"},{"floor":6,"key":"ColorlessPotion"},{"floor":10,"key":"Weak Potion"}],"is_trial":false,"path_per_floor":["M","M","M","M","$","E","R","$","T","M","E","?","R","M","R","B",null,"M","M"],"character_chosen":"WATCHER","items_purchased":["Blasphemy","LikeWater","Wallop"],"campfire_rested":2,"item_purchase_floors":[5,8,8],"current_hp_per_floor":[66,66,65,64,64,24,47,47,47,47,32,32,32,21,44,23,65,42,0,0],"gold":205,"neow_bonus":"TEN_PERCENT_HP_BONUS","is_daily":false,"chose_seed":false,"campfire_upgraded":1,"win_rate":0.0,"timestamp":1611557278,"path_taken":["M","M","?","M","$","E","R","$","T","M","E","?","R","M","R","BOSS","M","M"],"items_purchased_type":["Card","Card","Card"],"build_version":"2020-12-22","purchased_purges":0,"victory":false,"max_hp_per_floor":[79,79,79,79,79,79,79,79,79,79,79,79,79,79,79,79,79,79,79,79],"relic_stats":{"counters":[11,54],"Black Star":0,"obtain_stats":[{"Molten Egg 2":9,"Black Star":17,"PureWater":0,"Unceasing Top":6,"Toy Ornithopter":11},{"Molten Egg 2":5,"Black Star":9,"PureWater":0,"Unceasing Top":5,"Toy Ornithopter":7},{"Molten Egg 2":21,"Black Star":46,"PureWater":0,"Unceasing Top":21,"Toy Ornithopter":35}],"Unceasing Top":[0],"Toy Ornithopter":10},"card_choices":[{"not_picked":["InnerPeace","Meditate"],"picked":"FlyingSleeves","floor":1},{"not_picked":["PathToVictory","Evaluate"],"picked":"Meditate","floor":2},{"not_picked":["PathToVictory","ForeignInfluence"],"picked":"Halt","floor":3},{"not_picked":["Consecrate","Pray"],"picked":"SashWhip","floor":4},{"not_picked":["Adaptation","Halt"],"picked":"Protect","floor":6},{"not_picked":["Nirvana","Halt"],"picked":"FollowUp+1","floor":10},{"not_picked":["ForeignInfluence","Nirvana"],"picked":"JustLucky+1","floor":11},{"not_picked":["SashWhip+1","Study"],"picked":"LessonLearned+1","floor":14},{"not_picked":["Vault","ConjureBlade"],"picked":"Alpha","floor":16},{"not_picked":["InnerPeace+1","Protect"],"picked":"DeceiveReality","floor":18}],"player_experience":601383,"relics_obtained":[{"floor":6,"key":"Unceasing Top"},{"floor":9,"key":"Molten Egg 2"},{"floor":11,"key":"Toy Ornithopter"}],"event_choices":[{"damage_healed":0,"gold_gain":0,"player_choice":"Cursed","damage_taken":0,"max_hp_gain":0,"max_hp_loss":0,"event_name":"Wheel of Change","floor":12,"gold_loss":0,"cards_obtained":["Decay"]}],"is_beta":false,"boss_relics":[{"not_picked":["Tiny House","Runic Dome"],"picked":"Black Star"}],"items_purged_floors":[],"is_endless":false,"potions_floor_spawned":[1,4,6,10],"killed_by":"Spheric Guardian","ascension_level":7}}