{"host":"yaxsefyig1et0yi2","time":1611559990,"event":{"mods":["Aspiration","BaseMod","BetterRewards","Colored Powertips","Conspire","Displayed Cursed Tome","Downfall","Halation","Hubris","Infinite Spire","JesterMod","Minty Spire (QoL Compilation)","Quick Restart","RatMod","Replay The Spire","Reworked Bosses","Spikes Relics","StSLib","The Bug Knight","The Jungle"],"gold_per_floor":[366,379,393,412,426,426,426,14,14,39,56,72,84,98,98,201,201,214,233,233,14,29,54,54,54,54,54,54,64,64,64],"floor_reached":30,"language":"ENG","playtime":1737,"items_purged":[],"score":281,"play_id":"5ab27ba3-9537-40e6-b4e5-8bc23a8bee16","local_time":"20210125023310","is_ascension_mode":false,"campfire_choices":[{"data":"HollowMod:HeavyBlow","floor":6.0,"key":"SMITH"},{"data":"HollowMod:HuntersJournal","floor":15.0,"key":"SMITH"},{"floor":28,"key":"REST"}],"circlet_count":0,"master_deck":["HollowMod:QuickDashStart","HollowMod:QuickDashStart","HollowMod:QuickDashStart","HollowMod:QuickDashStart","HollowMod:FocusHealStart","HollowMod:PogoStrike+1","champ:Taunt","HollowMod:HeavyBlow+1","HollowMod:SharpenedNail","HollowMod:HowlingWraiths","HollowMod:BaldurShell","HollowMod:MantisMark","Mind Blast","HollowMod:MantisMark","HollowMod:FastStrike","HollowMod:HuntersJournal+1","HollowMod:SoulVessel","HollowMod:SlysStrikes","HollowMod:DashSlash+1","HollowMod:PureNailStrike","HollowMod:DashSlash","HollowMod:MantisMark","HollowMod:Weaversong","Bite","Bite","Bite","Bite","Bite"],"relics":["HollowMod:VesselMask","Shuriken","ReplayTheSpireMod:Lightbulb","Sandwich","Regal Pillow","TungstenRod"],"acts_visited":["Exordium","TheCity"],"potions_floor_usage":[30],"damage_taken":[{"damage":12.0,"enemies":"2 Louse","floor":1.0,"turns":3.0},{"damage":2.0,"enemies":"Cultist","floor":2.0,"turns":4.0},{"damage":0.0,"enemies":"Small Slimes","floor":3.0,"turns":4.0},{"damage":2.0,"enemies":"Looter","floor":4.0,"turns":4.0},{"damage":7.0,"enemies":"3 Louse","floor":5.0,"turns":2.0},{"damage":18.0,"enemies":"Gremlin Nob","floor":10.0,"turns":4.0},{"damage":6.0,"enemies":"Exordium Thugs","floor":11.0,"turns":4.0},{"damage":13.0,"enemies":"Large Slime","floor":12.0,"turns":4.0},{"damage":14.0,"enemies":"Blue Slaver","floor":13.0,"turns":3.0},{"damage":3.0,"enemies":"Red Slaver","floor":14.0,"turns":3.0},{"damage":8.0,"enemies":"The Guardian","floor":16.0,"turns":8.0},{"damage":23.0,"enemies":"Spheric Guardian","floor":18.0,"turns":4.0},{"damage":1,"enemies":"Chosen","floor":19,"turns":4},{"damage":9,"enemies":"Snecko","floor":22,"turns":4},{"damage":45,"enemies":"Book of Stabbing","floor":23,"turns":7},{"damage":24,"enemies":"Shelled Parasite and Fungi","floor":29,"turns":4},{"damage":68,"enemies":"Nightmare","floor":30,"turns":5}],"seed_played":"-8837826885566343456","potions_obtained":[{"floor":1.0,"key":"infinitespire:BlackPotion"},{"floor":2.0,"key":"BlessingOfTheForge"},{"floor":3.0,"key":"Energy Potion"},{"floor":13.0,"key":"Adrenaline Potion"},{"floor":23,"key":"Toxic Potion"}],"is_trial":false,"path_per_floor":["M","M","M","M","M","R","?","$","T","E","M","M","M","M","R","B",null,"M","M","?","$","M","E","?","?","T","?","R","M","NM"],"character_chosen":"THE_BUGKNIGHT","items_purchased":["Shuriken","HollowMod:MantisMark","Mind Blast","HollowMod:MantisMark","Blood Vial"],"campfire_rested":1,"item_purchase_floors":[8,8,8,21,21],"current_hp_per_floor":[68,72,72,70,63,63,63,63,63,45,39,32,24,21,21,24,75,52,51,51,51,50,13,13,13,13,38,75,55,0,0],"gold":64,"neow_bonus":"TWO_FIFTY_GOLD","is_daily":false,"chose_seed":false,"campfire_upgraded":2,"win_rate":0.0,"timestamp":1611559990,"path_taken":["M","M","M","M","M","R","?","?","T","E","M","M","M","M","R","BOSS","M","M","?","$","M","E","?","?","T","?","R","M","NM"],"items_purchased_type":["Relic","Card","Card","Card","Relic"],"build_version":"2020-12-22","purchased_purges":0,"victory":false,"max_hp_per_floor":[75,75,75,75,75,75,75,75,75,75,75,75,75,75,75,75,75,75,75,75,75,75,75,75,75,75,75,75,75,75,75],"card_choices":[{"not_picked":["HollowMod:Grubsong","HollowMod:LifebloodCocoon"],"picked":"HollowMod:HeavyBlow","floor":1.0},{"not_picked":["HollowMod:MonarchWings","HollowMod:DesolateDive","HollowMod:SoulShaman"],"picked":"SKIP","floor":2.0},{"not_picked":["HollowMod:SiblingsSouls","HollowMod:NewJinnsSoul"],"picked":"HollowMod:SharpenedNail","floor":3.0},{"not_picked":["HollowMod:MothsMistake","HollowMod:CloakDash"],"picked":"HollowMod:HowlingWraiths","floor":4.0},{"not_picked":["HollowMod:DescendingDark","HollowMod:theNailsmith"],"picked":"HollowMod:BaldurShell","floor":5.0},{"not_picked":["HollowMod:FallenFury","HollowMod:BlackTendrils"],"picked":"HollowMod:MantisMark","floor":10.0},{"not_picked":["HollowMod:CloakDash","HollowMod:SoulStrike"],"picked":"HollowMod:FastStrike","floor":11.0},{"not_picked":["HollowMod:CloakDash","HollowMod:InfectedCysts","HollowMod:MonarchWings"],"picked":"SKIP","floor":12.0},{"not_picked":["HollowMod:SiblingsSouls","HollowMod:ChannelNail"],"picked":"HollowMod:HuntersJournal","floor":13.0},{"not_picked":["HollowMod:DungDefenderAura","HollowMod:CoiledNail"],"picked":"HollowMod:SoulVessel","floor":14.0},{"not_picked":["HollowMod:ZotesMagnificence","HollowMod:VoidDash"],"picked":"HollowMod:SlysStrikes","floor":16.0},{"not_picked":["HollowMod:CycloneSlash+1","HollowMod:WraithStrike"],"picked":"HollowMod:DashSlash+1","floor":18.0},{"not_picked":["HollowMod:LifebloodCocoon+1","HollowMod:CloakDash"],"picked":"HollowMod:PureNailStrike","floor":19},{"not_picked":["HollowMod:InfectedCysts+1","HollowMod:CrystalDash","HollowMod:NewLittleFool+1"],"picked":"SKIP","floor":22},{"not_picked":["HollowMod:SharpenedShadows","HollowMod:DescendingDark+1"],"picked":"HollowMod:Weaversong","floor":23},{"not_picked":["HollowMod:BrokenVessel","HollowMod:LifebloodCocoon+1","HollowMod:InfectedAttack"],"picked":"SKIP","floor":29}],"player_experience":265789,"relics_obtained":[{"floor":10.0,"key":"ReplayTheSpireMod:Lightbulb"},{"floor":23,"key":"Regal Pillow"},{"floor":26,"key":"TungstenRod"}],"event_choices":[{"damage_healed":0.0,"max_hp_gain":0.0,"max_hp_loss":0.0,"gold_gain":0.0,"event_name":"Accursed Blacksmith","player_choice":"Forge","floor":7.0,"gold_loss":0.0,"damage_taken":0.0,"cards_upgraded":["HollowMod:PogoStrike"]},{"damage_healed":0,"gold_gain":0,"player_choice":"Became a vampire (Vial)","damage_taken":0,"max_hp_gain":0,"max_hp_loss":0,"event_name":"Vampires","floor":24,"relics_lost":["Blood Vial"],"gold_loss":0,"cards_obtained":["Bite","Bite","Bite","Bite","Bite"]},{"damage_healed":25,"gold_gain":0,"player_choice":"Heal","damage_taken":0,"max_hp_gain":0,"max_hp_loss":0,"event_name":"The Library","floor":27,"gold_loss":0}],"is_beta":false,"boss_relics":[{"not_picked":["Replay:Fungal Core","hubris:Stopwatch"],"picked":"Sandwich"}],"items_purged_floors":[],"is_endless":false,"potions_floor_spawned":[1,2,3,12,13,23],"killed_by":"Nightmare","ascension_level":0}}