{"host":"idd82ng1kl6tax1f","time":1611613606,"event":{"mods":["BaseMod","Become a monster ???","Bestiary","Filter the Spire","Minty Spire (QoL Compilation)","Quick Restart","Random Character Button","Shop Mod","Thieving Mod","Uncapped","Weighted Paths"],"gold_per_floor":[118,129,129,139,151,183,183,199,199,199,199,218,218,218],"floor_reached":15,"language":"ENG","playtime":2675,"items_purged":[],"score":672,"play_id":"c16b67f9-1aa0-4338-81fd-d3bcdedb99f4","local_time":"20210125162646","is_ascension_mode":false,"campfire_choices":[{"floor":7,"key":"RECALL"}],"circlet_count":0,"master_deck":["Strike_R","Strike_R","Strike_R","Strike_R","Defend_R","Defend_R","Defend_R","Defend_R","Bash","Perfected Strike","Dropkick","Anger","Wild Strike","Cleave","Havoc","Iron Wave","Uppercut"],"relics":["Burning Blood","NeowsBlessing","Singing Bowl","Darkstone Periapt"],"acts_visited":["Exordium","TheEnding"],"potions_floor_usage":[8,12,14],"damage_taken":[{"damage":0,"enemies":"Small Slimes","floor":1,"turns":1},{"damage":0,"enemies":"Cultist","floor":2,"turns":1},{"damage":0,"enemies":"Jaw Worm","floor":4,"turns":1},{"damage":0,"enemies":"Large Slime","floor":5,"turns":5},{"damage":36,"enemies":"Lagavulin","floor":6,"turns":5},{"damage":16,"enemies":"Exordium Thugs","floor":8,"turns":3},{"damage":7,"enemies":"2 Fungi Beasts","floor":12,"turns":3},{"damage":181,"enemies":"The Heart","floor":14,"turns":8}],"seed_played":"4813021696400514132","potions_obtained":[{"floor":5,"key":"Explosive Potion"},{"floor":6,"key":"Dexterity Potion"},{"floor":12,"key":"CultistPotion"}],"is_trial":false,"path_per_floor":["M","M","?","M","M","E","R","M","T","?","?","M","?","M",null],"character_chosen":"IRONCLAD","items_purchased":[],"campfire_rested":0,"item_purchase_floors":[],"current_hp_per_floor":[80,80,80,80,80,50,50,40,40,40,40,39,65,357],"gold":218,"neow_bonus":"THREE_ENEMY_KILL","is_daily":false,"chose_seed":false,"campfire_upgraded":0,"win_rate":0.0,"timestamp":1611613606,"path_taken":["M","M","?","M","M","E","R","?","T","?","?","?","?","M","BOSS"],"items_purchased_type":[],"build_version":"2020-12-22","purchased_purges":0,"victory":true,"max_hp_per_floor":[80,80,80,80,80,80,80,80,80,80,80,80,80,500],"card_choices":[{"not_picked":["Havoc","Body Slam"],"picked":"Perfected Strike","floor":1},{"not_picked":["Sword Boomerang","Rage"],"picked":"Dropkick","floor":2},{"not_picked":["Heavy Blade","Havoc"],"picked":"Anger","floor":4},{"not_picked":["Heavy Blade","Fiend Fire"],"picked":"Sword Boomerang","floor":5},{"not_picked":["Combust","Pommel Strike"],"picked":"Wild Strike","floor":6},{"not_picked":["Heavy Blade","Armaments"],"picked":"Cleave","floor":8},{"not_picked":["Perfected Strike","Reckless Charge"],"picked":"Uppercut","floor":12}],"player_experience":1225,"relics_obtained":[{"floor":6,"key":"Singing Bowl"}],"event_choices":[{"cards_removed":["Slimed"],"damage_healed":5,"gold_gain":0,"player_choice":"Offered Common","damage_taken":0,"max_hp_gain":0,"max_hp_loss":0,"event_name":"Bonfire Elementals","floor":3,"gold_loss":0},{"cards_removed":["Slimed"],"damage_healed":5,"gold_gain":0,"player_choice":"Offered Special","damage_taken":0,"max_hp_gain":0,"max_hp_loss":0,"event_name":"Bonfire Elementals","floor":3,"gold_loss":0},{"damage_healed":0,"gold_gain":0,"cards_transformed":["Strike_R"],"player_choice":"Change","damage_taken":0,"max_hp_gain":0,"max_hp_loss":0,"event_name":"Living Wall","floor":10,"gold_loss":0,"cards_obtained":["Havoc"]},{"cards_removed":["Sword Boomerang"],"damage_healed":0,"gold_gain":0,"player_choice":"Took Card","damage_taken":0,"max_hp_gain":0,"max_hp_loss":0,"event_name":"NoteForYourself","floor":11,"gold_loss":0,"cards_obtained":["Iron Wave"]},{"damage_healed":26,"gold_gain":0,"player_choice":"Banana","damage_taken":0,"max_hp_gain":0,"max_hp_loss":0,"event_name":"Big Fish","floor":13,"gold_loss":0}],"is_beta":false,"boss_relics":[],"items_purged_floors":[],"is_endless":false,"potions_floor_spawned":[5,6,12],"ascension_level":0}}