{"host":"z4nt7tdd4gjrinn7","time":1611552085,"event":{"mods":["100% Spire Juice","BaseMod","Minty Spire (QoL Compilation)","StS++","StSLib","The Hierophant"],"gold_per_floor":[209,219,219,236,46,46,74,74,74,84,114,125,136,98,98,194,194,211,242,342,354,117,128,138,157,184,184,184,184,184],"floor_reached":29,"language":"ENG","playtime":1308,"items_purged":[],"score":227,"play_id":"03c021c5-4795-4f9a-b072-30a72a6028d7","local_time":"20210125002125","is_ascension_mode":false,"campfire_choices":[{"data":"Storm","floor":6,"key":"SMITH"},{"floor":15,"key":"REST"},{"floor":27,"key":"REST"}],"circlet_count":0,"master_deck":["Strike_B","Strike_B","Strike_B","Strike_B","Defend_B","Defend_B","Defend_B","Defend_B","Zap","Dualcast","Rebound","Self Repair","Ball Lightning","Storm+1","Rebound","Glacier","Self Repair","Capacitor","Static Discharge","Buffer","Ball Lightning","Compile Driver+1","Fusion+1","Loop","Leap+1","Ball Lightning","BootSequence"],"relics":["Cracked Core","Membership Card","Gremlin Horn","Mercury Hourglass","StSpp:PileOfSugar","Red Mask","Lee\u0027s Waffle","HornCleat","Tiny Chest"],"acts_visited":["Exordium","TheCity"],"potions_floor_usage":[16,16,16,24,25,25],"damage_taken":[{"damage":1,"enemies":"Jaw Worm","floor":1,"turns":3},{"damage":1,"enemies":"Cultist","floor":2,"turns":3},{"damage":0,"enemies":"Small Slimes","floor":4,"turns":3},{"damage":41,"enemies":"Lagavulin","floor":7,"turns":7},{"damage":5,"enemies":"Looter","floor":10,"turns":3},{"damage":8,"enemies":"3 Louse","floor":12,"turns":2},{"damage":6,"enemies":"2 Fungi Beasts","floor":13,"turns":2},{"damage":20,"enemies":"Hexaghost","floor":16,"turns":8},{"damage":5,"enemies":"Spheric Guardian","floor":18,"turns":3},{"damage":14,"enemies":"Masked Bandits","floor":19,"turns":3},{"damage":13,"enemies":"2 Thieves","floor":21,"turns":3},{"damage":17,"enemies":"Snake Plant","floor":23,"turns":3},{"damage":0,"enemies":"3 Cultists","floor":24,"turns":4},{"damage":45,"enemies":"Centurion and Healer","floor":25,"turns":3},{"damage":60,"enemies":"Snake Plant","floor":29,"turns":3}],"seed_played":"7986821378495195498","potions_obtained":[{"floor":2,"key":"Dexterity Potion"},{"floor":12,"key":"Explosive Potion"},{"floor":13,"key":"LiquidMemories"},{"floor":16,"key":"SteroidPotion"},{"floor":21,"key":"PowerPotion"},{"floor":23,"key":"Explosive Potion"},{"floor":24,"key":"Fruit Juice"},{"floor":25,"key":"Dexterity Potion"},{"floor":28,"key":"DuplicationPotion"},{"floor":28,"key":"Block Potion"}],"is_trial":false,"path_per_floor":["M","M","?","M","$","R","E","?","T","M","?","M","M","$","R","B",null,"M","?","?","M","$","M","M","M","T","R","?","M"],"character_chosen":"DEFECT","items_purchased":["Membership Card","Storm","Static Discharge","Lee\u0027s Waffle","Loop","HornCleat"],"campfire_rested":2,"item_purchase_floors":[5,5,14,22,22,22],"current_hp_per_floor":[74,73,73,75,75,75,41,41,41,43,43,42,43,43,65,59,75,75,68,68,62,82,65,77,32,32,58,58,0,0],"gold":184,"neow_bonus":"HUNDRED_GOLD","is_daily":false,"chose_seed":false,"campfire_upgraded":1,"win_rate":0.0,"timestamp":1611552085,"path_taken":["M","M","?","?","?","R","E","?","T","M","?","M","M","$","R","BOSS","M","?","?","M","$","M","?","M","T","R","?","M"],"items_purchased_type":["Relic","Card","Card","Relic","Card","Relic"],"build_version":"2020-12-22","purchased_purges":0,"victory":false,"max_hp_per_floor":[75,75,75,75,75,75,75,75,75,75,75,75,75,75,75,75,75,75,75,75,75,82,82,87,87,87,87,87,87,87],"card_choices":[{"not_picked":["Recycle","Steam"],"picked":"Rebound","floor":1},{"not_picked":["StSpp:Igniter","Beam Cell"],"picked":"Self Repair","floor":2},{"not_picked":["FTL","Cold Snap"],"picked":"Ball Lightning","floor":4},{"not_picked":["Consume","Lockon"],"picked":"Rebound","floor":7},{"not_picked":["Tempest","Rebound"],"picked":"Glacier","floor":10},{"not_picked":["Redo","Beam Cell"],"picked":"Self Repair","floor":12},{"not_picked":["Turbo","Go for the Eyes"],"picked":"Capacitor","floor":13},{"not_picked":["Multi-Cast","StSpp:CopyPaste"],"picked":"Buffer","floor":16},{"not_picked":["Coolheaded","Double Energy"],"picked":"Ball Lightning","floor":18},{"not_picked":["Leap+1","Streamline+1"],"picked":"Compile Driver+1","floor":19},{"not_picked":["StSpp:Mask+1","Turbo"],"picked":"Fusion+1","floor":21},{"not_picked":["StSpp:Pointer","Coolheaded+1"],"picked":"Leap+1","floor":23},{"not_picked":["FTL","Steam"],"picked":"Ball Lightning","floor":24},{"not_picked":["Turbo","StSpp:Mask"],"picked":"BootSequence","floor":25}],"player_experience":167909,"relics_obtained":[{"floor":7,"key":"Gremlin Horn"},{"floor":9,"key":"Mercury Hourglass"},{"floor":19,"key":"Red Mask"},{"floor":26,"key":"Tiny Chest"}],"event_choices":[{"damage_healed":0,"gold_gain":0,"player_choice":"Ignored","damage_taken":0,"max_hp_gain":0,"max_hp_loss":0,"event_name":"Purifier","floor":3,"gold_loss":0},{"damage_healed":0,"gold_gain":0,"player_choice":"Ignored","damage_taken":0,"max_hp_gain":0,"max_hp_loss":0,"event_name":"Golden Wing","floor":8,"gold_loss":0},{"damage_healed":0,"gold_gain":30,"player_choice":"Searched \u00271\u0027 times","damage_taken":0,"max_hp_gain":0,"max_hp_loss":0,"event_name":"Dead Adventurer","floor":11,"gold_loss":0},{"damage_healed":0,"gold_gain":0,"player_choice":"Fought Bandits","damage_taken":0,"max_hp_gain":0,"max_hp_loss":0,"event_name":"Masked Bandits","floor":19,"gold_loss":0},{"damage_healed":0,"gold_gain":100,"player_choice":"Pray","damage_taken":0,"max_hp_gain":0,"max_hp_loss":0,"event_name":"Golden Shrine","floor":20,"gold_loss":0},{"damage_healed":0,"gold_gain":0,"player_choice":"Got Potions","damage_taken":0,"max_hp_gain":0,"max_hp_loss":0,"event_name":"Lab","floor":28,"gold_loss":0}],"is_beta":false,"boss_relics":[{"not_picked":["Astrolabe","Runic Pyramid"],"picked":"StSpp:PileOfSugar"}],"items_purged_floors":[],"is_endless":false,"potions_floor_spawned":[2,12,13,16,21,23,24,25],"killed_by":"Snake Plant","ascension_level":0}}