{"host":"8inpc3yxphy2r27y","time":1611551968,"event":{"mods":["100% Spire Juice","ATMod(阿瑾Mod)","Aspiration","Astrologer","Bard","BaseMod","Better Synergies","Better Vampires","Challenge The Spire","Defuse TimeMaze Blight","Downfall","FutureSeer","Gremlin Mod","Highlight Path","KinomotoSakuraMod(木之本樱)","Lobotomy","LobotomyExtend","Minty Spire (QoL Compilation)","MostiFishMod","Pikachu Mod","Quick Restart","READ ME - Guardian Mod","Relic Filter Mod","Relic Stats","Replay The Spire","RumiaBox-露米娅的神秘盒子","Ryuuou龙王","SIMod","Shop Mod","Spicy Shops","StSLib","TestMod","The Cursed","The Gatherer","The Hierophant","UnlockEverythingMod","Waifu the Spire","[GremlinLeader]The Maniac","[IsaacMod]以撒尖塔","[JumpMod]舞动尖塔","noobMod","【功能Mod】混沌之环修复补丁","【功能Mod】聪明的最终Boss","【遗物卡牌】REMEMod","残留之物","篝火指南"],"gold_per_floor":[99,118,130,176,191,191,191,291,291,91,14,25,60,80,92,196,196,28,81,181,197,207,241,266,291,691,16,16,25,25,25,38,142,142,142,160,188,246,264,287,287,324,347,373,373,415,26,96,135,135,135,135,187,123,50,50,50,50],"floor_reached":56,"language":"ZHS","playtime":7649,"items_purged":["Writhe"],"score":1169,"play_id":"89fa8bfb-f681-4fb5-a516-3158319215ee","local_time":"20210125131928","is_ascension_mode":true,"campfire_choices":[{"floor":1.0,"key":"RECALL"},{"data":"hexamod:Float","floor":10.0,"key":"SMITH"},{"floor":35.0,"key":"DIG"}],"circlet_count":0,"master_deck":["hexamod:Strike","hexamod:Strike+1","hexamod:Strike","hexamod:Defend","hexamod:Defend","hexamod:Defend","hexamod:Defend+1","hexamod:Sear+1","hexamod:Float+1","Guardian:CompilePackage+1","testmod-Dream+1","AT_FamilyPortrait+1","hexamod:HauntingEcho+1","hexamod:Incineration+1","hexamod:RecurringNightmare","hexamod:AdvancingGuard+1","hexamod:UnlimitedPower+1","hexamod:ThermalTransfer","hexamod:HauntingEcho","hexamod:ExtraCrispy","hexamod:UnlimitedPower+1","hexamod:GhostflameInferno","MostiFishMod:FrostNova","MostiFishMod:WinterMarkForm","hexamod:ChargedBarrage+1","hexamod:BurningTouch","hexamod:HeatMetal+1","hexamod:SpectralSpark+1","hexamod:SoulSteal+1","hexamod:NightmareStrike+1","hexamod:SwordOfDarkness","hexamod:NecessarySacrifice+1","hexamod:InspiringFlames","hexamod:DynamicBlow+1","expansioncontent:AwakenDeath","hexamod:HauntingEcho+1","hexamod:TimeOfNeed","hexamod:HeatCrush+1","hexamod:HeatCrush+1","hexamod:PhantomFireball+1","hexamod:FirstSeal","hexamod:HeatMetal+1","hexamod:FlamesFromBeyond+1","hexamod:EmpoweredFlame+1","hexamod:BacktrackSmack+1","hexamod:NightmareStrike+1","hexamod:FastForward","hexamod:CatchUp+1","hexamod:ThirdSeal","hexamod:TimeOfNeed","hexamod:ThirdSeal","hexamod:EmpoweredFlame+1","hexamod:GhostLash+1","hexamod:SecondSeal","hexamod:Again+1","hexamod:Firestarter+1","hexamod:VolcanoVisage","hexamod:CatchUp+1","hexamod:SecondSeal","hexamod:SecondSeal","hexamod:FlamesFromBeyond","hexamod:AdvancingGuard","hexamod:SecondSeal","hexamod:SwordOfDarkness+1","hexamod:SpectersWail+1","hexamod:SearingWound","hexamod:RetreatToShadows","hexamod:FourthSeal","hexamod:TurnItUp","hexamod:FastForward+1","hexamod:BacktrackSmack+1","hexamod:EmpoweredFlame","hexamod:Hexaguard+1","hexamod:ThirdSeal"],"relics":["hexamod:SpiritBrand","REME_ComplimentaryCards","AT_ATBox","HowToJump","ice","testmod-TestBox","DaveBox","SteamSale","RhineCircuit","LetterFromLob","Moonlight_r","Pyrelight","downfall:HeartBlessingRed","downfall:HeartBlessingBlue","FrostBlade","downfall:HeartBlessingGreen","MerchantsRug","GodSword5","TheBattery","Habit","White Beast Statue","PlaceholderMod:DaolothFragment","Whetstone","Molten Egg 2","Moonworks:Homemark","Civilization","aspiration:RitualStick","Prayer Wheel","AT_TrinityForce","War Paint","BookofShadows","DaCapo","BionicSphere","FossilizedHelix","aspiration:Lifesprig","Slimebound:StickyStick","REME_CardOfGreed","Letter Opener","hexamod:TheBrokenSeal","AT_BladeRuinedKing","AT_ImmortalShieldbow","ChiLing","Chi","Ling"],"acts_visited":["Exordium","TheCity","TheBeyond","TheEnding"],"potions_floor_usage":[48,48,50,50,50,50,50,50],"damage_taken":[{"damage":0.0,"enemies":"2 Louse","floor":2.0,"turns":4.0},{"damage":1.0,"enemies":"Jaw Worm","floor":3.0,"turns":3.0},{"damage":0.0,"enemies":"Small Slimes","floor":5.0,"turns":2.0},{"damage":0.0,"enemies":"downfall:FleeingMerchant","floor":11.0,"turns":4.0},{"damage":3.0,"enemies":"Large Slime","floor":12.0,"turns":2.0},{"damage":0.0,"enemies":"Replay:BlueRogue","floor":13.0,"turns":2.0},{"damage":10.0,"enemies":"Exordium Thugs","floor":14.0,"turns":4.0},{"damage":2.0,"enemies":"Blue Slaver","floor":15.0,"turns":3.0},{"damage":9.0,"enemies":"SI_SHIV_ARCHETYPE","floor":16.0,"turns":5.0},{"damage":2.0,"enemies":"downfall:FleeingMerchant","floor":19.0,"turns":5.0},{"damage":5.0,"enemies":"downfall:LadyInBlue","floor":20.0,"turns":6.0},{"damage":2.0,"enemies":"Spheric Guardian","floor":21.0,"turns":3.0},{"damage":97.0,"enemies":"3 Byrds","floor":22.0,"turns":17.0},{"damage":4.0,"enemies":"Slavers","floor":23.0,"turns":2.0},{"damage":18.0,"enemies":"Book of Stabbing","floor":25.0,"turns":6.0},{"damage":0.0,"enemies":"3 Cultists","floor":32.0,"turns":2.0},{"damage":0.0,"enemies":"DF_ARCHETYPE_CLAW","floor":33.0,"turns":3.0},{"damage":0.0,"enemies":"3 Darklings","floor":36.0,"turns":2.0},{"damage":30.0,"enemies":"3 Shapes","floor":37.0,"turns":6.0},{"damage":33.0,"enemies":"3 Shapes","floor":38.0,"turns":10.0},{"damage":54.0,"enemies":"Spire Growth","floor":39.0,"turns":10.0},{"damage":63.0,"enemies":"3 Darklings","floor":40.0,"turns":9.0},{"damage":212.0,"enemies":"Reptomancer","floor":42.0,"turns":10.0},{"damage":0.0,"enemies":"Transient","floor":43.0,"turns":5.0},{"damage":0,"enemies":"4 Shapes","floor":44,"turns":15},{"damage":136,"enemies":"Sphere and 2 Shapes","floor":46,"turns":13},{"damage":41,"enemies":"R_Hoarder","floor":48,"turns":19},{"damage":0,"enemies":"Spire Growth","floor":49,"turns":6},{"damage":0,"enemies":"WA_ARCHETYPE_DIVINITY","floor":50,"turns":9},{"damage":0,"enemies":"downfall:CharBossMerchant","floor":53,"turns":6},{"damage":0,"enemies":"downfall:NeowBoss","floor":56,"turns":13}],"seed_played":"4689139702432241433","potions_obtained":[{"floor":4.0,"key":"GamblersBrew"},{"floor":4.0,"key":"Cursed Concoction"},{"floor":4.0,"key":"Fire Potion"},{"floor":20.0,"key":"Block Potion"},{"floor":20.0,"key":"Ancient Potion"},{"floor":20.0,"key":"Fire Potion"},{"floor":25.0,"key":"Doom Potion"},{"floor":32.0,"key":"SpeedPotion"},{"floor":33.0,"key":"Energy Potion"},{"floor":36.0,"key":"Adrenaline Potion"},{"floor":37.0,"key":"SteroidPotion"},{"floor":46,"key":"LiquidMemories"},{"floor":48,"key":"EntropicBrew"},{"floor":49,"key":"Toxic Potion"},{"floor":53,"key":"Death Potion"}],"is_trial":false,"path_per_floor":["R","M","M","?","M","M","T","?","?","R","$","M","E","M","M","B",null,"R","$","?","M","M","E","T","E","?","R","?","$","?","?","M","B",null,"R","M","M","?","M","M","T","E","M","M","?","M","R","E","M","B",null,null,"E","$","R","B"],"character_chosen":"THE_SPIRIT","items_purchased":["SynthV:C4","MerchantsRug","SteroidPotion","GodSword5","TheBattery","Habit","hexamod:ThirdSeal","Potion Belt","aspiration:Nostalgia","Civilization","expansioncontent:AwakenDeath","hexamod:FirstSeal","FossilizedHelix","aspiration:Lifesprig","Slimebound:StickyStick","REME_CardOfGreed","AT_ImmortalShieldbow","ChiLing"],"campfire_rested":0,"item_purchase_floors":[11,18,18,18,18,19,19,27,27,27,27,29,47,47,47,47,54,55],"current_hp_per_floor":[77,77,76,57,57,12,12,12,12,22,22,19,19,9,87,78,98,98,96,91,89,142,138,138,120,120,120,80,80,80,42,45,50,196,196,201,185,175,144,104,104,293,325,330,330,217,217,199,213,360,360,360,365,365,365,365,365,365],"gold":50,"neow_bonus":"TEN_PERCENT_HP_BONUS","is_daily":false,"chose_seed":false,"campfire_upgraded":1,"win_rate":0.0,"timestamp":1611551968,"path_taken":["R","M","M","?","M","M","T","?","?","R","$","M","E","M","M","BOSS","R","$","?","M","M","E","T","E","?","R","?","$","?","?","M","BOSS","R","M","M","?","?","M","T","E","M","M","?","?","R","E","M","BOSS","E","$","R","BOSS"],"items_purchased_type":["Relic","Relic","Potion","Relic","Relic","Relic","Card","Relic","Relic","Relic","Card","Card","Relic","Relic","Relic","Relic","Relic","Relic"],"build_version":"2020-12-22","purchased_purges":1,"victory":false,"max_hp_per_floor":[77,77,77,77,77,77,77,77,77,87,87,87,87,87,87,98,98,98,103,104,105,174,177,177,183,183,183,188,188,188,188,191,196,196,196,201,213,237,255,277,277,293,325,330,330,335,335,340,345,360,360,360,365,365,365,365,365,365],"relic_stats":{"counters":[31,205],"Prayer Wheel":8,"Whetstone":["hexamod:Strike","hexamod:HauntingEcho"],"Letter Opener":[85],"War Paint":["hexamod:NecessarySacrifice","hexamod:AdvancingGuard"],"obtain_stats":[{"AT_ATBox":0,"Chi":55,"downfall:HeartBlessingGreen":18,"ice":0,"Whetstone":24,"aspiration:RitualStick":31,"Prayer Wheel":33,"testmod-DragonStarHat":13,"DaCapo":41,"hexamod:SpiritBrand":0,"KeepersGift":0,"MerchantsRug":18,"BookofShadows":38,"testmod-TestBox":0,"aspiration:Nostalgia":27,"hexamod:TheBrokenSeal":50,"Pyrelight":9,"Letter Opener":48,"War Paint":35,"SteamSale":0,"RhineCircuit":0,"FrostBlade":17,"Ling":55,"Moonworks:Homemark":27,"BionicSphere":42,"Molten Egg 2":25,"GodSword5":18,"HushsDoor":0,"ChiLing":55,"aspiration:Lifesprig":47,"DaveBox":0,"PlaceholderMod:DaolothFragment":23,"TheBattery":18,"SynthV:C4":11,"Civilization":27,"downfall:HeartBlessingBlue":10,"Slimebound:StickyStick":47,"AT_TrinityForce":34,"Potion Belt":27,"HowToJump":0,"downfall:HeartBlessingRed":10,"AT_BladeRuinedKing":53,"White Beast Statue":20,"Habit":19,"AT_ImmortalShieldbow":54,"Moonlight_r":6,"LetterFromLob":2,"REME_CardOfGreed":47,"FossilizedHelix":47,"REME_ComplimentaryCards":0},{"AT_ATBox":0,"Chi":30,"downfall:HeartBlessingGreen":9,"ice":0,"Whetstone":14,"aspiration:RitualStick":15,"Prayer Wheel":17,"testmod-DragonStarHat":6,"DaCapo":22,"hexamod:SpiritBrand":0,"KeepersGift":0,"MerchantsRug":9,"BookofShadows":20,"testmod-TestBox":0,"aspiration:Nostalgia":15,"hexamod:TheBrokenSeal":29,"Pyrelight":3,"Letter Opener":27,"War Paint":17,"SteamSale":0,"RhineCircuit":0,"FrostBlade":9,"Ling":30,"Moonworks:Homemark":15,"BionicSphere":23,"Molten Egg 2":15,"GodSword5":9,"HushsDoor":0,"ChiLing":30,"aspiration:Lifesprig":26,"DaveBox":0,"PlaceholderMod:DaolothFragment":14,"TheBattery":9,"SynthV:C4":4,"Civilization":15,"downfall:HeartBlessingBlue":3,"Slimebound:StickyStick":26,"AT_TrinityForce":17,"Potion Belt":15,"HowToJump":0,"downfall:HeartBlessingRed":3,"AT_BladeRuinedKing":30,"White Beast Statue":11,"Habit":10,"AT_ImmortalShieldbow":30,"Moonlight_r":3,"LetterFromLob":1,"REME_CardOfGreed":26,"FossilizedHelix":26,"REME_ComplimentaryCards":0},{"AT_ATBox":0,"Chi":192,"downfall:HeartBlessingGreen":29,"ice":0,"Whetstone":62,"aspiration:RitualStick":67,"Prayer Wheel":72,"testmod-DragonStarHat":17,"DaCapo":109,"hexamod:SpiritBrand":0,"KeepersGift":0,"MerchantsRug":29,"BookofShadows":90,"testmod-TestBox":0,"aspiration:Nostalgia":67,"hexamod:TheBrokenSeal":183,"Pyrelight":9,"Letter Opener":171,"War Paint":72,"SteamSale":0,"RhineCircuit":0,"FrostBlade":29,"Ling":192,"Moonworks:Homemark":67,"BionicSphere":119,"Molten Egg 2":67,"GodSword5":29,"HushsDoor":0,"ChiLing":192,"aspiration:Lifesprig":152,"DaveBox":0,"PlaceholderMod:DaolothFragment":62,"TheBattery":29,"SynthV:C4":13,"Civilization":67,"downfall:HeartBlessingBlue":9,"Slimebound:StickyStick":152,"AT_TrinityForce":72,"Potion Belt":67,"HowToJump":0,"downfall:HeartBlessingRed":9,"AT_BladeRuinedKing":192,"White Beast Statue":40,"Habit":34,"AT_ImmortalShieldbow":192,"Moonlight_r":9,"LetterFromLob":4,"REME_CardOfGreed":152,"FossilizedHelix":152,"REME_ComplimentaryCards":0}],"aspiration:RitualStick":[2]},"card_choices":[{"not_picked":[],"picked":"Bomb","floor":0.0},{"not_picked":["hexamod:FlamesFromBeyond","hexamod:NightmareStrike"],"picked":"hexamod:HauntingEcho","floor":2.0},{"not_picked":["hexamod:SpectersWail","hexamod:SpectralAdrenaline"],"picked":"hexamod:Incineration","floor":3.0},{"not_picked":["hexamod:NightmareStrike","hexamod:Hexaguard"],"picked":"hexamod:RecurringNightmare","floor":4.0},{"not_picked":["hexamod:PhantomCloak","hexamod:ThermalTransfer"],"picked":"hexamod:AdvancingGuard","floor":5.0},{"not_picked":["hexamod:SuperheatedStrike","hexamod:RetreatToShadows"],"picked":"hexamod:UnlimitedPower","floor":11.0},{"not_picked":["hexamod:GhostLash","hexamod:BacktrackSmack"],"picked":"hexamod:ThermalTransfer","floor":12.0},{"not_picked":["hexamod:GhostLash","hexamod:SpectersWail"],"picked":"hexamod:HauntingEcho","floor":13.0},{"not_picked":["hexamod:AdvancingGuard","hexamod:EmpoweredFlame"],"picked":"hexamod:ExtraCrispy","floor":14.0},{"not_picked":["hexamod:BacktrackSmack","hexamod:Hexaguard"],"picked":"hexamod:UnlimitedPower","floor":15.0},{"not_picked":["hexamod:VolcanoVisage","hexamod:UnleashSpirits"],"picked":"hexamod:GhostflameInferno","floor":16.0},{"not_picked":["hexamod:ShieldOfDarkness","hexamod:NightmareGuise"],"picked":"hexamod:ChargedBarrage+1","floor":19.0},{"not_picked":["hexamod:BacktrackSmack","hexamod:SpectralSpark"],"picked":"hexamod:BurningTouch","floor":20.0},{"not_picked":["hexamod:ChargedBarrage","hexamod:InspiringFlames"],"picked":"hexamod:HeatMetal+1","floor":20.0},{"not_picked":["hexamod:ChargedBarrage","hexamod:BacktrackSmack"],"picked":"hexamod:SpectralSpark+1","floor":21.0},{"not_picked":["hexamod:SpectersWail","hexamod:AdvancingGuard+1"],"picked":"hexamod:SoulSteal+1","floor":21.0},{"not_picked":["hexamod:ThermalTransfer","hexamod:SpectersWail"],"picked":"hexamod:NightmareStrike+1","floor":22.0},{"not_picked":["hexamod:NightmareStrike","hexamod:Firestarter"],"picked":"hexamod:SwordOfDarkness","floor":22.0},{"not_picked":["hexamod:RetreatToShadows","hexamod:UnleashSpirits"],"picked":"hexamod:NecessarySacrifice","floor":23.0},{"not_picked":["hexamod:RetreatToShadows","hexamod:Hexaguard"],"picked":"hexamod:InspiringFlames","floor":25.0},{"not_picked":["hexamod:Again+1","hexamod:HeatCrush+1"],"picked":"hexamod:DynamicBlow+1","floor":25.0},{"not_picked":["hexamod:AdvancingGuard","hexamod:BacktrackSmack+1"],"picked":"hexamod:HauntingEcho+1","floor":32.0},{"not_picked":["hexamod:FlameSwitch","hexamod:ApocalypticArmor"],"picked":"hexamod:TimeOfNeed","floor":33.0},{"not_picked":["hexamod:BacktrackSmack+1","hexamod:BurningTouch"],"picked":"hexamod:SecondSeal","floor":36.0},{"not_picked":["hexamod:BurningTouch","hexamod:FlamesFromBeyond+1"],"picked":"hexamod:HeatCrush+1","floor":36.0},{"not_picked":["hexamod:Rewind+1","hexamod:BacktrackSmack+1"],"picked":"hexamod:HeatCrush+1","floor":37.0},{"not_picked":["hexamod:GhostShield","hexamod:ShieldOfDarkness"],"picked":"hexamod:PhantomFireball+1","floor":37.0},{"not_picked":["hexamod:GhostLash+1","hexamod:PhantomCloak+1"],"picked":"hexamod:FirstSeal","floor":37.0},{"not_picked":["hexamod:BacktrackSmack+1","hexamod:GhostShield"],"picked":"hexamod:HeatMetal+1","floor":38.0},{"not_picked":["hexamod:SpectersWail+1","hexamod:SpectralSpark+1"],"picked":"hexamod:SixthSeal","floor":38.0},{"not_picked":["hexamod:HauntingEcho+1","hexamod:SuperheatedStrike+1"],"picked":"hexamod:FlamesFromBeyond+1","floor":39.0},{"not_picked":["hexamod:BurningTouch","hexamod:GhostLash+1"],"picked":"hexamod:EmpoweredFlame+1","floor":39.0},{"not_picked":["hexamod:GhostLash+1","hexamod:SpectersWail+1"],"picked":"hexamod:BacktrackSmack+1","floor":39.0},{"not_picked":["hexamod:Firestarter+1","hexamod:Hexaguard+1"],"picked":"hexamod:NightmareStrike+1","floor":40.0},{"not_picked":["hexamod:SuperheatedStrike+1","hexamod:Rewind+1"],"picked":"hexamod:FastForward","floor":40.0},{"not_picked":["hexamod:SwordOfDarkness+1","hexamod:CatchUp"],"picked":"hexamod:FifthSeal","floor":40.0},{"not_picked":["hexamod:ShieldOfDarkness","hexamod:AdvancingGuard"],"picked":"hexamod:CatchUp","floor":42.0},{"not_picked":["hexamod:SixthSeal","hexamod:FourthSeal"],"picked":"hexamod:ThirdSeal","floor":42.0},{"not_picked":["hexamod:RainOfEmbers+1","hexamod:StepThrough+1","hexamod:TimeOfNeed"],"picked":"SKIP","floor":42.0},{"not_picked":["hexamod:RainOfEmbers+1","hexamod:StepThrough+1"],"picked":"hexamod:TimeOfNeed","floor":42.0},{"not_picked":["hexamod:FourthSeal","hexamod:FirstSeal"],"picked":"hexamod:ThirdSeal","floor":43.0},{"not_picked":["hexamod:BacktrackSmack+1","hexamod:SpectersWail+1"],"picked":"hexamod:EmpoweredFlame+1","floor":43.0},{"not_picked":["hexamod:GhostflameBarrier","hexamod:SuperheatedStrike+1"],"picked":"hexamod:GhostLash+1","floor":43.0},{"not_picked":["hexamod:FourthSeal","hexamod:FirstSeal"],"picked":"hexamod:SecondSeal","floor":44},{"not_picked":["hexamod:GhostOfSpirePast","hexamod:Hexaguard"],"picked":"hexamod:Again+1","floor":44},{"not_picked":["hexamod:GhostLash+1","hexamod:NightmareStrike+1"],"picked":"hexamod:Firestarter+1","floor":44},{"not_picked":["hexamod:HeatCrush+1","hexamod:ShieldOfDarkness+1"],"picked":"hexamod:VolcanoVisage","floor":44},{"not_picked":["hexamod:FlamesFromBeyond","hexamod:PhantomCloak+1"],"picked":"hexamod:CatchUp+1","floor":44},{"not_picked":["hexamod:AdvancingGuard+1","hexamod:FlamesFromBeyond"],"picked":"hexamod:SecondSeal","floor":44},{"not_picked":["hexamod:AdvancingGuard+1","hexamod:SuperheatedStrike+1"],"picked":"hexamod:SecondSeal","floor":46},{"not_picked":["hexamod:HeatMetal+1","hexamod:RadiantFlame"],"picked":"hexamod:FlamesFromBeyond","floor":46},{"not_picked":["hexamod:ShieldOfDarkness+1","hexamod:ApocalypticArmor"],"picked":"hexamod:AdvancingGuard","floor":46},{"not_picked":["hexamod:SixthSeal","hexamod:FourthSeal"],"picked":"hexamod:SecondSeal","floor":46},{"not_picked":["hexamod:Firestarter+1","hexamod:ShieldOfDarkness"],"picked":"hexamod:SwordOfDarkness+1","floor":46},{"not_picked":["hexamod:GhostShield","hexamod:SwordOfDarkness+1"],"picked":"hexamod:SpectersWail+1","floor":46},{"not_picked":["hexamod:SecondSeal","hexamod:ThirdSeal"],"picked":"hexamod:FourthSeal","floor":48},{"not_picked":["hexamod:AdvancingGuard","hexamod:SpectersWail+1"],"picked":"hexamod:SearingWound","floor":48},{"not_picked":["hexamod:FastForward","hexamod:InspiringFlames+1"],"picked":"hexamod:RetreatToShadows","floor":48},{"not_picked":["hexamod:DynamicBlow+1","hexamod:Haunt"],"picked":"hexamod:FourthSeal","floor":48},{"not_picked":["hexamod:BurningTouch","hexamod:HexaLevel"],"picked":"hexamod:TurnItUp","floor":48},{"not_picked":["hexamod:SpectralAdrenaline","hexamod:BurningTouch+1"],"picked":"hexamod:FastForward+1","floor":49},{"not_picked":["hexamod:Firestarter+1","hexamod:ThermalTransfer+1"],"picked":"hexamod:BacktrackSmack+1","floor":49},{"not_picked":["hexamod:NightmareStrike+1","hexamod:ShieldOfDarkness+1"],"picked":"hexamod:EmpoweredFlame","floor":49},{"not_picked":["hexamod:PhantomFireball+1","hexamod:BurningTouch+1"],"picked":"hexamod:Hexaguard+1","floor":53},{"not_picked":["hexamod:BurningTouch","hexamod:EmpoweredFlame+1"],"picked":"hexamod:ThirdSeal","floor":53}],"player_experience":96595,"relics_obtained":[{"floor":2.0,"key":"LetterFromLob"},{"floor":13.0,"key":"testmod-DragonStarHat"},{"floor":20.0,"key":"White Beast Statue"},{"floor":23.0,"key":"PlaceholderMod:DaolothFragment"},{"floor":24.0,"key":"Whetstone"},{"floor":25.0,"key":"Molten Egg 2"},{"floor":35.0,"key":"War Paint"},{"floor":38.0,"key":"BookofShadows"},{"floor":41.0,"key":"DaCapo"},{"floor":42.0,"key":"BionicSphere"},{"floor":48,"key":"Letter Opener"},{"floor":53,"key":"AT_BladeRuinedKing"}],"event_choices":[{"damage_healed":0.0,"max_hp_gain":0.0,"max_hp_loss":0.0,"gold_gain":400.0,"event_name":"恩洛斯的盘子","player_choice":"Sell","floor":26.0,"relics_lost":["HushsDoor"],"gold_loss":0.0,"damage_taken":0.0},{"damage_healed":0.0,"max_hp_gain":0.0,"max_hp_loss":0.0,"gold_gain":0.0,"event_name":"Vampires","player_choice":"Ignored","floor":30.0,"gold_loss":0.0,"damage_taken":0.0}],"is_beta":false,"boss_relics":[{"not_picked":["SlaversCollar","testmod-BloodSacrificeSpiritualization"],"picked":"FrostBlade"},{"not_picked":[]},{"not_picked":["Replay:Drink Me","Cursed Key"],"picked":"AT_TrinityForce"}],"items_purged_floors":[19],"is_endless":false,"potions_floor_spawned":[12,14,15,16,20,21,22,23,25,32,33,36,37,38,39,40,42,43,44,46,48,49,53],"killed_by":"downfall:NeowBoss","ascension_level":1}}