{"host":"uv5ws9rdk87e8i5k","time":1611547410,"event":{"mods":["AchievementEnabler","BaseMod","Colored Map","Minty Spire (QoL Compilation)","StSLib","SuperFastMode","The Necromancer"],"gold_per_floor":[111,111,126,86,106,123,154,164,214,214,249,267,302,320,320,320,320],"floor_reached":16,"language":"ENG","playtime":372,"items_purged":[],"score":149,"play_id":"e284d31e-b290-4100-bfee-2dcd68f30d06","local_time":"20210124220330","is_ascension_mode":true,"campfire_choices":[{"data":"Vampiric_Strike","floor":10,"key":"SMITH"},{"floor":15,"key":"REST"}],"circlet_count":0,"master_deck":["Strike_W","Strike_W","Strike_W","Defend_W","Defend_W","Defend_W","Defend_W","Negative_Energy_Arrows","Bone_Wall","Toxic_Smoke_Screen","Flesh_Made_Foul","Vampiric_Strike+1","Finger_Of_Death","Acid_Javelin","Spectral_Armor","Blood_Whip","Bone_Shift","Bone_Spikes"],"relics":["SlaversCollar","Ancient Tea Set","Anchor","The Courier","MealTicket"],"acts_visited":["Exordium"],"potions_floor_usage":[5,7,8,11,11,13],"damage_taken":[{"damage":0,"enemies":"2 Louse","floor":1,"turns":2},{"damage":4,"enemies":"Small Slimes","floor":3,"turns":6},{"damage":2,"enemies":"Cultist","floor":5,"turns":4},{"damage":0,"enemies":"Looter","floor":6,"turns":4},{"damage":6,"enemies":"Gremlin Nob","floor":7,"turns":3},{"damage":9,"enemies":"Large Slime","floor":8,"turns":6},{"damage":2,"enemies":"3 Sentries","floor":11,"turns":6},{"damage":1,"enemies":"2 Fungi Beasts","floor":12,"turns":3},{"damage":26,"enemies":"Lagavulin","floor":13,"turns":7},{"damage":5,"enemies":"Blue Slaver","floor":14,"turns":3},{"damage":0,"enemies":"The Guardian","floor":16,"turns":1}],"seed_played":"-4968786507418036827","potions_obtained":[{"floor":4,"key":"LiquidBronze"},{"floor":4,"key":"LiquidMemories"},{"floor":4,"key":"SneckoOil"},{"floor":5,"key":"EssenceOfSteel"},{"floor":7,"key":"FearPotion"},{"floor":8,"key":"BlessingOfTheForge"},{"floor":13,"key":"DuplicationPotion"}],"is_trial":false,"path_per_floor":["M","?","M","?","M","M","E","M","T","R","E","M","E","M","R","B"],"character_chosen":"NECROMANCER","items_purchased":[],"campfire_rested":1,"item_purchase_floors":[],"current_hp_per_floor":[75,68,64,64,62,66,62,56,56,56,57,59,37,32,54,54,54],"gold":320,"neow_bonus":"BOSS_RELIC","is_daily":false,"chose_seed":false,"campfire_upgraded":1,"win_rate":0.0,"timestamp":1611547410,"path_taken":["M","?","M","?","M","M","E","M","T","R","E","M","E","M","R","BOSS"],"items_purchased_type":[],"build_version":"2020-12-22","purchased_purges":0,"victory":false,"max_hp_per_floor":[75,75,75,75,75,75,75,75,75,75,75,75,75,75,75,75,75],"card_choices":[{"not_picked":["Consume_Illness","Shackles_Of_Pain"],"picked":"Toxic_Smoke_Screen","floor":1},{"not_picked":["Bone_Armor","Whirlwind_of_Bones"],"picked":"Flesh_Made_Foul","floor":3},{"not_picked":["Scare","Shade_Step"],"picked":"Vampiric_Strike","floor":5},{"not_picked":["Negative_Energy_Shield","Bone_Spikes"],"picked":"Finger_Of_Death","floor":6},{"not_picked":["Bone_Shift","Bone_Spikes"],"picked":"Acid_Javelin","floor":7},{"not_picked":["Uncharnel","Whirlwind_of_Bones"],"picked":"Spectral_Armor","floor":8},{"not_picked":["Toxic_Smoke_Screen","Bone_Armor"],"picked":"Blood_Whip","floor":11},{"not_picked":["Whirlwind_of_Bones","Life_Tap"],"picked":"Bone_Shift","floor":12},{"not_picked":["Death_Coil","Death_March_Dance","Deaths_Shadow"],"picked":"SKIP","floor":13},{"not_picked":["Summon_Death_Knight","Negative_Energy_Shield"],"picked":"Bone_Spikes","floor":14}],"player_experience":255407,"relics_obtained":[{"floor":7,"key":"Ancient Tea Set"},{"floor":9,"key":"Anchor"},{"floor":11,"key":"The Courier"},{"floor":13,"key":"MealTicket"}],"event_choices":[{"cards_removed":["Strike_W"],"damage_healed":0,"gold_gain":0,"player_choice":"Card Removal","damage_taken":7,"max_hp_gain":0,"max_hp_loss":0,"event_name":"Golden Wing","floor":2,"gold_loss":0},{"damage_healed":0,"gold_gain":0,"player_choice":"Bought 3 Potions","damage_taken":0,"max_hp_gain":0,"max_hp_loss":0,"event_name":"The Woman in Blue","floor":4,"gold_loss":0}],"is_beta":false,"boss_relics":[],"items_purged_floors":[],"is_endless":false,"potions_floor_spawned":[5,7,8,13],"killed_by":"The Guardian","ascension_level":4}}