{"host":"1zjc08c6hob33401","time":1611597626,"event":{"mods":["AchievementEnabler","Act Like it!","Aspiration","BaseMod","Downfall","Elementarium","Energized Spire","Evolution","Friendly Minions","Gensokyo","GifTheSpireLib","Hubris","Infinite Spire","Jedi Mod","Menagerie","Minty Spire (QoL Compilation)","Pale of the Ancients","Quick Restart","Reliquary","Replay The Spire","Retaliation","Shop Mod","Spire Arcade","StS++","StSLib","Stuff the Spire","The Blue Laboratory","Wandering Minibosses","??????REMEMod"],"gold_per_floor":[119,119,139,139,158,158,169,183,183,163,197,197,208,47,47,113,113,120,135,185,205,200,200],"floor_reached":22,"language":"RUS","playtime":1283,"items_purged":[],"score":457,"play_id":"d9c12d5a-2cc4-49b1-9a62-8d95aa8f4027","local_time":"20210125200026","is_ascension_mode":true,"campfire_choices":[{"data":"Zap","floor":6.0,"key":"SMITH"},{"data":"Panic Button","floor":12.0,"key":"SMITH"},{"data":"FTL","floor":15.0,"key":"SMITH"}],"circlet_count":0,"master_deck":["AscendersBane","Ball Lightning","Ball Lightning","Ball Lightning","Ball Lightning","Leap","Defend_B","Defend_B","Defend_B","Zap+1","Dualcast","Slimebound:Darklings+1","Steam","Coolheaded","Sweeping Beam","Undo","ReplayTheSpireMod:Calculation Training","FTL+1","Cold Snap","Panic Button+1","REME_ForAll","White Noise","REME_Whirling","jedi:BurstFrost+1"],"relics":["Cracked Core","EVO:Axolotl","REME_ComplimentaryCards","infinitespire:Bottled Soul","aspiration:FetidBarrel","Pocketwatch","Geode","aspiration:FutureDiary"],"acts_visited":["Gensokyo:Gensokyo","TheCity"],"potions_floor_usage":[21,22],"damage_taken":[{"damage":0.0,"enemies":"Gensokyo:2_Kodama","floor":1.0,"turns":2.0},{"damage":0.0,"enemies":"Gensokyo:3_Fairies","floor":3.0,"turns":3.0},{"damage":12.0,"enemies":"Gensokyo:Gryphon","floor":5.0,"turns":3.0},{"damage":0.0,"enemies":"Gensokyo:Kitsune","floor":7.0,"turns":3.0},{"damage":0.0,"enemies":"Gensokyo:LivingMonolith","floor":8.0,"turns":3.0},{"damage":1.0,"enemies":"Gensokyo:5_Fairies","floor":10.0,"turns":6.0},{"damage":6.0,"enemies":"Gensokyo:Aya","floor":11.0,"turns":3.0},{"damage":8.0,"enemies":"Gensokyo:CorruptedTreant","floor":13.0,"turns":2.0},{"damage":0.0,"enemies":"Gensokyo:Reimu","floor":16.0,"turns":9.0},{"damage":19,"enemies":"3 Byrds","floor":18,"turns":3},{"damage":11,"enemies":"Spheric Guardian","floor":19,"turns":3},{"damage":29,"enemies":"Chosen and Byrds","floor":21,"turns":4},{"damage":6,"enemies":"Centurion and Healer","floor":22,"turns":1}],"seed_played":"8643053409504974831","potions_obtained":[{"floor":11.0,"key":"DistilledChaos"},{"floor":13.0,"key":"LifebloodPotion"},{"floor":16.0,"key":"Languid Potion"},{"floor":21,"key":"blueLaboratory:BubblePotion"}],"is_trial":false,"path_per_floor":["M","?","M","?","M","R","M","M","T","M","E","R","M","$","R","B",null,"M","M","?","M","M"],"character_chosen":"DEFECT","items_purchased":["Geode"],"campfire_rested":0,"item_purchase_floors":[14],"current_hp_per_floor":[64,64,64,64,52,52,52,52,52,51,45,45,37,37,37,37,63,44,33,33,4,0,0],"gold":200,"neow_bonus":"THREE_CARDS","is_daily":false,"chose_seed":false,"campfire_upgraded":3,"win_rate":0.0,"timestamp":1611597626,"path_taken":["M","?","M","?","M","R","M","M","T","M","E","R","M","$","R","BOSS","M","M","?","?","M"],"items_purchased_type":["Relic"],"build_version":"2020-12-22","purchased_purges":0,"victory":false,"max_hp_per_floor":[71,71,71,71,71,71,71,71,71,71,71,71,71,71,71,71,71,71,71,71,71,71,71],"card_choices":[{"not_picked":["jedi:blockon","jedi:BurstLightning"],"picked":"Steam","floor":0.0},{"not_picked":["Ball Lightning","jedi:BurstLightning"],"picked":"Coolheaded","floor":1.0},{"not_picked":["Fusion","Recycle"],"picked":"Sweeping Beam","floor":3.0},{"not_picked":["StSpp:MemoryLeak","REME_SelfUpgrade"],"picked":"Undo","floor":5.0},{"not_picked":["jedi:BurstLightning","Ball Lightning"],"picked":"ReplayTheSpireMod:Calculation Training","floor":7.0},{"not_picked":["Stack","Capacitor"],"picked":"FTL","floor":8.0},{"not_picked":["BasicCrystalCard","StuffTheSpire:LoadUp"],"picked":"Cold Snap","floor":10.0},{"not_picked":["Fusion","Gash"],"picked":"Panic Button","floor":11.0},{"not_picked":["Go for the Eyes","Panic Button","Hologram"],"picked":"SKIP","floor":13.0},{"not_picked":["Reboot","ReplayTheSpireMod:Omega Cannon"],"picked":"REME_ForAll","floor":16.0},{"not_picked":["Hologram","Cold Snap"],"picked":"White Noise","floor":18},{"not_picked":["Cold Snap","Skim"],"picked":"REME_Whirling","floor":19},{"not_picked":["Barrage","Skim"],"picked":"jedi:BurstFrost+1","floor":21}],"player_experience":700722,"relics_obtained":[{"floor":9.0,"key":"aspiration:FetidBarrel"},{"floor":11.0,"key":"Pocketwatch"}],"event_choices":[{"damage_healed":0,"gold_gain":50,"player_choice":"Pray","damage_taken":0,"max_hp_gain":0,"max_hp_loss":0,"event_name":"Golden Shrine","floor":20,"gold_loss":0}],"is_beta":false,"boss_relics":[{"not_picked":["Replay:Bronze Core","energizedSpire:CursedPentagram"],"picked":"aspiration:FutureDiary"}],"items_purged_floors":[],"is_endless":false,"potions_floor_spawned":[11,13,16,21],"killed_by":"Centurion and Healer","ascension_level":17}}