{"host":"2eswhqk6sgfpt1j1","time":1611590269,"event":{"mods":["Act Like it!","BaseMod","Colored Powertips","Downfall","Duelist Mod","Hallownest","Hunter ¡‘»À","Minty Spire (QoL Compilation)","Replay The Spire","StSLib","The Bug Knight","The Cursed","The Servant 0.9.4"],"gold_per_floor":[110,110,35,72,92,92,104,104,158,158,168,168,186,116,116,213,213,231,242,152,152,52,52,71,71,71,84,72,72,72,86,86,186,186,198,198,18,18,18,18,31,31,31],"floor_reached":42,"language":"ZHS","playtime":2581,"items_purged":["Spreading Infection","Hallownest:curseDreamersLament","theDuelist:GravekeeperCurse"],"score":384,"play_id":"4863836b-1925-46d7-bdab-592c61f6d15a","local_time":"20210125235749","is_ascension_mode":false,"campfire_choices":[{"data":"HollowMod:CycloneSlash","floor":6,"key":"SMITH"},{"floor":12,"key":"REST"},{"data":"HollowMod:SoulShaman","floor":15,"key":"SMITH"},{"data":"HollowMod:SoulVessel","floor":23,"key":"SMITH"},{"floor":25,"key":"REST"},{"floor":30,"key":"REST"},{"floor":32,"key":"REST"},{"floor":40,"key":"REST"}],"circlet_count":0,"master_deck":["HollowMod:NailStrikeStart","HollowMod:NailStrikeStart","HollowMod:QuickDashStart","HollowMod:QuickDashStart","HollowMod:QuickDashStart","HollowMod:QuickDashStart","HollowMod:FocusHealStart","HollowMod:PogoStrike","HollowMod:SoulShaman+1","HollowMod:SoulVessel+1","HollowMod:CycloneSlash+1","HollowMod:PureVessel","CurseOfTheBell","HollowMod:HuntersJournal","HollowMod:SoulStrike+1","HollowMod:CycloneSlash+1","Hallownest:attackAdjustingAction","HollowMod:GreatSlash+1","HollowMod:AwokenDreamNail"],"relics":["HollowMod:VesselMask","ReplayTheSpireMod:Ring of Addiction","White Beast Statue","SacredBark","Pocketwatch","Ancient Tea Set","Calling Bell","Blood Vial","Replay:Bottled Flurry","Ice Cream","Hallownest:WatcherSealRelic","Slimebound:PreparedRelic","ReplayTheSpireMod:CursedCoin","Runic Pyramid","Hallownest:StagEggRelic"],"acts_visited":["Hallownest:Greenpath","Hallownest:CityofTears","Hallownest:KingdomsEdge"],"potions_floor_usage":[5,7,11,11,13,16,16,19,24,27,27,33,33,35,35,41,42],"damage_taken":[{"damage":3,"enemies":"Hallownest:2_Baldur","floor":1,"turns":3},{"damage":10,"enemies":"2_ Uuma","floor":5,"turns":5},{"damage":1,"enemies":"Hallownest:monsterHuskGuard","floor":7,"turns":4},{"damage":20,"enemies":"Hallownest:Guard_and_Warrior","floor":11,"turns":6},{"damage":0,"enemies":"Hallownest:2_Tiktiks_1_Baldur_1_Crawlid","floor":13,"turns":3},{"damage":30,"enemies":"Hallownest:BossHornet","floor":16,"turns":11},{"damage":10,"enemies":"Hallownest:3_Youths","floor":18,"turns":6},{"damage":30,"enemies":"Hallownest:2_Mistakes","floor":19,"turns":10},{"damage":14,"enemies":"Hallownest:2_Husk_Sentries","floor":24,"turns":7},{"damage":10,"enemies":"Hallownest:Warrior_and_Youth","floor":27,"turns":5},{"damage":43,"enemies":"Hallownest:monsterMisterMushroom","floor":29,"turns":9},{"damage":5,"enemies":"Hallownest:monsterShrumalOgre","floor":31,"turns":4},{"damage":58,"enemies":"Hallownest:BossMantisLord","floor":33,"turns":7},{"damage":54,"enemies":"Hallownest:3_Siblings","floor":35,"turns":7},{"damage":4,"enemies":"Hallownest:Shield_Heavy","floor":41,"turns":4},{"damage":35,"enemies":"Hallownest:2_Wandering_and_1_Horned","floor":42,"turns":5}],"seed_played":"-8563645038845937611","potions_obtained":[{"floor":2,"key":"AttackPotion"},{"floor":2,"key":"Block Potion"},{"floor":2,"key":"SkillPotion"},{"floor":5,"key":"BlessingOfTheForge"},{"floor":7,"key":"FearPotion"},{"floor":11,"key":"EssenceOfSteel"},{"floor":13,"key":"Weak Potion"},{"floor":16,"key":"FearPotion"},{"floor":18,"key":"Strength Potion"},{"floor":19,"key":"LifebloodPotion"},{"floor":24,"key":"AttackPotion"},{"floor":27,"key":"Elixir"},{"floor":29,"key":"SpeedPotion"},{"floor":31,"key":"BlessingOfTheForge"},{"floor":33,"key":"Weak Potion"},{"floor":35,"key":"SpeedPotion"},{"floor":41,"key":"Energy Potion"}],"is_trial":false,"path_per_floor":["M","?","$","?","M","R","M","?","T","?","M","R","M","?","R","B",null,"M","M","?","?","$","R","M","R","T","M","$","M","R","M","R","B",null,"M","?","?","?","$","R","M","M"],"character_chosen":"THE_BUGKNIGHT","items_purchased":["ReplayTheSpireMod:CursedCoin","HollowMod:CycloneSlash+1"],"campfire_rested":5,"item_purchase_floors":[28,28],"current_hp_per_floor":[72,72,72,42,52,52,51,51,51,51,37,58,58,58,58,34,73,69,47,47,47,47,47,35,56,56,54,54,23,44,41,61,11,69,15,15,15,15,15,33,31,0,0],"gold":31,"neow_bonus":"REMOVE_CARD","is_daily":false,"chose_seed":false,"campfire_upgraded":3,"win_rate":0.0,"timestamp":1611590269,"path_taken":["M","?","?","?","?","R","M","?","T","?","M","R","M","?","R","BOSS","M","M","?","?","$","R","M","R","T","M","$","M","R","M","R","BOSS","M","?","?","?","$","R","?","M"],"items_purchased_type":["Relic","Card"],"build_version":"2020-12-22","purchased_purges":3,"victory":false,"max_hp_per_floor":[75,75,75,75,75,75,75,75,75,75,73,73,73,73,73,73,73,73,73,73,73,73,71,71,71,71,71,71,71,71,69,69,69,69,69,69,69,64,62,62,62,62,62],"card_choices":[{"not_picked":["HollowMod:FastStrike","HollowMod:WraithStrike"],"picked":"HollowMod:SoulShaman","floor":1},{"not_picked":["HollowMod:TaintedHusks","HollowMod:SoulShaman"],"picked":"HollowMod:SoulVessel","floor":4},{"not_picked":["HollowMod:QuirrelsAssistance","HollowMod:WraithStrike"],"picked":"HollowMod:CycloneSlash","floor":5},{"not_picked":["HollowMod:VengefulVoid","HollowMod:SiblingsShadow","HollowMod:InfectedAttack"],"picked":"SKIP","floor":7},{"not_picked":["HollowMod:GoodIntentions","HollowMod:InfectedCysts","HollowMod:CoiledNail"],"picked":"SKIP","floor":11},{"not_picked":["HollowMod:DescendingDark","HollowMod:SharpenedNail","HollowMod:DreamGate"],"picked":"SKIP","floor":13},{"not_picked":["HollowMod:theNailsmith","HollowMod:NewInfectedGuardian"],"picked":"HollowMod:PureVessel","floor":16},{"not_picked":["HollowMod:GrimmsGift","HollowMod:SiblingsSouls"],"picked":"HollowMod:HuntersJournal","floor":18},{"not_picked":["HollowMod:LifebloodCocoon+1","HollowMod:SiblingsSouls"],"picked":"HollowMod:SoulStrike+1","floor":19},{"not_picked":["HollowMod:AbyssShriek+1","HollowMod:MawleksShell","HollowMod:SharpenedNail"],"picked":"SKIP","floor":24},{"not_picked":["HollowMod:PureNailStrike","HollowMod:InfectionAssault+1","HollowMod:CornifersMapStart+1"],"picked":"SKIP","floor":27},{"not_picked":["HollowMod:CycloneSlash+1","HollowMod:InfectedAttack"],"picked":"HollowMod:GreatSlash+1","floor":29},{"not_picked":["HollowMod:GoodIntentions+1","HollowMod:CornifersMapStart","HollowMod:CycloneSlash"],"picked":"SKIP","floor":31},{"not_picked":["HollowMod:SoulMaster","HollowMod:Weaversong"],"picked":"HollowMod:AwokenDreamNail","floor":33},{"not_picked":["HollowMod:NewLittleFool+1","HollowMod:MawleksShell","HollowMod:HuntersJournal+1"],"picked":"SKIP","floor":35},{"not_picked":["HollowMod:CoiledNail+1","HollowMod:SoulShaman","HollowMod:AbyssShriek+1"],"picked":"SKIP","floor":41}],"player_experience":436320,"relics_obtained":[{"floor":2,"key":"ReplayTheSpireMod:Ring of Addiction"},{"floor":2,"key":"White Beast Statue"},{"floor":2,"key":"SacredBark"},{"floor":4,"key":"Pocketwatch"},{"floor":9,"key":"Ancient Tea Set"},{"floor":17,"key":"Blood Vial"},{"floor":17,"key":"Replay:Bottled Flurry"},{"floor":17,"key":"Ice Cream"},{"floor":26,"key":"Slimebound:PreparedRelic"}],"event_choices":[],"is_beta":false,"boss_relics":[{"not_picked":["Honey Jar","Replay:Drink Me"],"picked":"Calling Bell"},{"not_picked":["Replay:Bronze Core","Runic Dome"],"picked":"Runic Pyramid"}],"items_purged_floors":[3,22,28],"is_endless":false,"potions_floor_spawned":[5,7,11,13,16,18,19,24,27,29,31,33,35,41],"killed_by":"Hallownest:2_Wandering_and_1_Horned","ascension_level":0}}