{"host":"9n6i2vl93jt4o42q","time":1611578641,"event":{"mods":["BaseMod","Minty Spire (QoL Compilation)","Relic Stats"],"gold_per_floor":[112,126,11,24,24,24,40,40,40,115,150,150,167,200,200,274,274,285,317,336,352,119,119,146,146,200,230,248,283,283,295,295,369,369,388,404,429,17,17,46,46,46,115,195,195,417,428,463,463,463,463,463],"floor_reached":51,"language":"ENG","playtime":3851,"items_purged":["Strike_R","Defend_R"],"score":1567,"play_id":"8f7bbead-71fe-4b7a-b6bf-b90b6ada17fe","local_time":"20210125134401","is_ascension_mode":true,"campfire_choices":[{"data":"Bash","floor":6.0,"key":"SMITH"},{"data":"Seeing Red","floor":8.0,"key":"SMITH"},{"data":"Battle Trance","floor":15.0,"key":"SMITH"},{"data":"Exhume","floor":23.0,"key":"SMITH"},{"data":"Wild Strike","floor":25.0,"key":"SMITH"},{"floor":30.0,"key":"REST"},{"data":"Fiend Fire","floor":32.0,"key":"SMITH"},{"floor":41,"key":"RECALL"},{"floor":45,"key":"REST"},{"floor":49,"key":"REST"}],"circlet_count":0,"master_deck":["AscendersBane","Defend_R","Defend_R","Defend_R","Bash+1","Clothesline","Twin Strike","Seeing Red+1","Ghostly Armor","Fire Breathing+1","Reckless Charge","Spot Weakness","Battle Trance+1","Exhume+1","Fire Breathing+1","Disarm+1","Dropkick+1","Wild Strike+1","Dark Embrace+1","Thunderclap+1","Shrug It Off","Cleave","Shrug It Off","Infernal Blade+1","Feel No Pain","Fiend Fire+1","Limit Break","Flame Barrier+1","Wild Strike+1","Second Wind","Headbutt+1","Pommel Strike+1"],"relics":["Burning Blood","FossilizedHelix","Ginger","Red Skull","Astrolabe","Red Mask","Tiny Chest","Art of War","Incense Burner","The Courier","Fusion Hammer","TungstenRod","Bottled Tornado","Self Forming Clay","InkBottle","Molten Egg 2","Singing Bowl"],"acts_visited":["Exordium","TheCity","TheBeyond"],"potions_floor_usage":[51],"damage_taken":[{"damage":10.0,"enemies":"Small Slimes","floor":1.0,"turns":4.0},{"damage":4.0,"enemies":"Cultist","floor":2.0,"turns":3.0},{"damage":5.0,"enemies":"Jaw Worm","floor":4.0,"turns":4.0},{"damage":7.0,"enemies":"Blue Slaver","floor":7.0,"turns":4.0},{"damage":17.0,"enemies":"Lagavulin","floor":11.0,"turns":8.0},{"damage":11.0,"enemies":"Lots of Slimes","floor":13.0,"turns":6.0},{"damage":10.0,"enemies":"3 Sentries","floor":14.0,"turns":4.0},{"damage":0.0,"enemies":"Slime Boss","floor":16.0,"turns":6.0},{"damage":22.0,"enemies":"Spheric Guardian","floor":18.0,"turns":4.0},{"damage":18.0,"enemies":"Masked Bandits","floor":19.0,"turns":3.0},{"damage":0.0,"enemies":"3 Byrds","floor":20.0,"turns":3.0},{"damage":7.0,"enemies":"Centurion and Healer","floor":21.0,"turns":4.0},{"damage":6.0,"enemies":"Slavers","floor":24.0,"turns":4.0},{"damage":13.0,"enemies":"Book of Stabbing","floor":27.0,"turns":6.0},{"damage":23.0,"enemies":"Sentry and Sphere","floor":28.0,"turns":5.0},{"damage":5.0,"enemies":"Slavers","floor":29.0,"turns":4.0},{"damage":0.0,"enemies":"Snake Plant","floor":31.0,"turns":3.0},{"damage":22.0,"enemies":"Collector","floor":33.0,"turns":5.0},{"damage":0.0,"enemies":"3 Shapes","floor":35.0,"turns":2.0},{"damage":10.0,"enemies":"Orb Walker","floor":36.0,"turns":4.0},{"damage":36.0,"enemies":"Mind Bloom Boss Battle","floor":37.0,"turns":6.0},{"damage":7,"enemies":"Giant Head","floor":40,"turns":6},{"damage":0,"enemies":"Transient","floor":47,"turns":6},{"damage":30,"enemies":"Reptomancer","floor":48,"turns":5},{"damage":67,"enemies":"Awakened One","floor":50,"turns":10},{"damage":12,"enemies":"Donu and Deca","floor":51,"turns":2}],"seed_played":"8252623268401111904","potions_obtained":[{"floor":1.0,"key":"Block Potion"},{"floor":4.0,"key":"LiquidMemories"},{"floor":13.0,"key":"Fire Potion"},{"floor":24.0,"key":"HeartOfIron"},{"floor":28.0,"key":"Fire Potion"},{"floor":37.0,"key":"PowerPotion"}],"is_trial":false,"path_per_floor":["M","M","$","M","?","R","M","R","T","?","E","?","M","E","R","B",null,"M","?","M","M","$","R","E","R","T","E","M","E","R","M","R","B",null,"M","M","?","$","?","E","R","?","T","T","R","?","M","E","R","B","B"],"character_chosen":"IRONCLAD","items_purchased":["Seeing Red","Cleave","Shrug It Off","Explosive Potion","Bottled Tornado","Self Forming Clay"],"campfire_rested":3,"item_purchase_floors":[3,22,22,22,38,38],"current_hp_per_floor":[71,73,73,74,74,74,73,73,73,62,51,51,46,42,42,48,74,58,46,52,51,51,51,51,51,51,44,27,28,52,58,58,42,72,78,74,44,44,44,43,43,43,43,43,67,67,73,49,73,12,0,0],"gold":463,"neow_bonus":"TEN_PERCENT_HP_BONUS","is_daily":false,"chose_seed":false,"campfire_upgraded":6,"win_rate":0.0,"timestamp":1611578641,"path_taken":["M","M","$","M","?","R","?","R","T","?","E","?","?","E","R","BOSS","M","?","M","M","$","R","E","R","T","E","M","E","R","M","R","BOSS","M","M","?","$","?","E","R","?","T","?","R","?","?","E","R","BOSS","BOSS"],"items_purchased_type":["Card","Card","Card","Potion","Relic","Relic"],"build_version":"2020-12-22","purchased_purges":2,"victory":false,"max_hp_per_floor":[82,82,82,82,82,82,82,82,82,82,82,82,82,82,82,82,82,82,82,82,82,82,82,82,82,82,82,82,82,82,82,82,82,82,82,82,82,82,82,82,82,82,82,82,82,82,82,82,82,82,82,82],"relic_stats":{"Singing Bowl":0,"counters":[26,121],"Self Forming Clay":[39],"Astrolabe":["Fire Breathing","Disarm","Dropkick"],"Tiny Chest":1,"Art of War":[4],"Ginger":[22],"obtain_stats":[{"Singing Bowl":48,"Self Forming Clay":38,"Astrolabe":17,"The Courier":29,"Incense Burner":27,"Ginger":11,"Bottled Tornado":38,"Burning Blood":0,"Tiny Chest":24,"Molten Egg 2":44,"Fusion Hammer":34,"Red Mask":19,"Art of War":26,"FossilizedHelix":9,"Red Skull":14,"TungstenRod":37,"InkBottle":40},{"Singing Bowl":24,"Self Forming Clay":21,"Astrolabe":8,"The Courier":16,"Incense Burner":14,"Ginger":5,"Bottled Tornado":21,"Burning Blood":0,"Tiny Chest":13,"Molten Egg 2":22,"Fusion Hammer":18,"Red Mask":10,"Art of War":13,"FossilizedHelix":4,"Red Skull":7,"TungstenRod":21,"InkBottle":22},{"Singing Bowl":109,"Self Forming Clay":92,"Astrolabe":39,"The Courier":72,"Incense Burner":63,"Ginger":23,"Bottled Tornado":92,"Burning Blood":0,"Tiny Chest":57,"Molten Egg 2":98,"Fusion Hammer":80,"Red Mask":46,"Art of War":57,"FossilizedHelix":15,"Red Skull":33,"TungstenRod":92,"InkBottle":98}],"Burning Blood":150,"TungstenRod":14,"InkBottle":[9]},"card_choices":[{"not_picked":["Clash","Heavy Blade"],"picked":"Clothesline","floor":1.0},{"not_picked":["Clothesline","Body Slam"],"picked":"Twin Strike","floor":2.0},{"not_picked":["Iron Wave","Twin Strike"],"picked":"Ghostly Armor","floor":4.0},{"not_picked":["Iron Wave","Havoc"],"picked":"Fire Breathing","floor":7.0},{"not_picked":["Searing Blow","Armaments"],"picked":"Reckless Charge","floor":11.0},{"not_picked":["Brutality","Clothesline"],"picked":"Spot Weakness","floor":13.0},{"not_picked":["Juggernaut","Thunderclap"],"picked":"Battle Trance","floor":14.0},{"not_picked":["Bludgeon","Barricade"],"picked":"Exhume","floor":16.0},{"not_picked":["Pommel Strike","Iron Wave"],"picked":"Wild Strike","floor":18.0},{"not_picked":["Rupture","Rampage"],"picked":"Dark Embrace+1","floor":19.0},{"not_picked":["Warcry","Iron Wave"],"picked":"Thunderclap+1","floor":20.0},{"not_picked":["Armaments","Pommel Strike"],"picked":"Shrug It Off","floor":21.0},{"not_picked":["Sentinel","Twin Strike"],"picked":"Infernal Blade+1","floor":24.0},{"not_picked":["Disarm","Shrug It Off"],"picked":"Inflame","floor":27.0},{"not_picked":["Twin Strike","Sword Boomerang","Havoc"],"picked":"SKIP","floor":28.0},{"not_picked":["Burning Pact","Headbutt"],"picked":"Feel No Pain","floor":29.0},{"not_picked":["Shockwave","Clothesline"],"picked":"Fiend Fire","floor":31.0},{"not_picked":["Fiend Fire","Demon Form"],"picked":"Limit Break","floor":33.0},{"not_picked":["Fire Breathing","Cleave"],"picked":"Flame Barrier+1","floor":35.0},{"not_picked":["Dropkick","Shrug It Off"],"picked":"Wild Strike+1","floor":36.0},{"not_picked":["Iron Wave","Reckless Charge"],"picked":"Second Wind","floor":40},{"not_picked":["Pummel+1","Ghostly Armor"],"picked":"Headbutt+1","floor":47},{"not_picked":["Demon Form","Sever Soul+1"],"picked":"Pommel Strike+1","floor":48}],"player_experience":2267751,"relics_obtained":[{"floor":9.0,"key":"FossilizedHelix"},{"floor":11.0,"key":"Ginger"},{"floor":14.0,"key":"Red Skull"},{"floor":19.0,"key":"Red Mask"},{"floor":24.0,"key":"Tiny Chest"},{"floor":26.0,"key":"Art of War"},{"floor":27.0,"key":"Incense Burner"},{"floor":29.0,"key":"The Courier"},{"floor":37.0,"key":"TungstenRod"},{"floor":40,"key":"InkBottle"},{"floor":44,"key":"Molten Egg 2"},{"floor":48,"key":"Singing Bowl"}],"event_choices":[{"cards_removed":["Strike_R"],"damage_healed":0.0,"max_hp_gain":0.0,"max_hp_loss":0.0,"gold_gain":0.0,"event_name":"Purifier","player_choice":"Purged","floor":5.0,"gold_loss":0.0,"damage_taken":0.0},{"damage_healed":0.0,"max_hp_gain":0.0,"max_hp_loss":0.0,"gold_gain":75.0,"event_name":"World of Goop","player_choice":"Gather Gold","floor":10.0,"gold_loss":0.0,"damage_taken":11.0},{"damage_healed":0.0,"max_hp_gain":0.0,"max_hp_loss":0.0,"gold_gain":0.0,"event_name":"Upgrade Shrine","player_choice":"Upgraded","floor":12.0,"gold_loss":0.0,"damage_taken":0.0,"cards_upgraded":["Fire Breathing"]},{"damage_healed":0.0,"max_hp_gain":0.0,"max_hp_loss":0.0,"gold_gain":0.0,"event_name":"Masked Bandits","player_choice":"Fought Bandits","floor":19.0,"gold_loss":0.0,"damage_taken":0.0},{"damage_healed":0.0,"max_hp_gain":0.0,"max_hp_loss":0.0,"gold_gain":0.0,"event_name":"MindBloom","player_choice":"Fight","floor":37.0,"gold_loss":0.0,"damage_taken":0.0},{"damage_healed":0,"gold_gain":0,"player_choice":"Ignored","damage_taken":0,"max_hp_gain":0,"max_hp_loss":0,"event_name":"Mysterious Sphere","floor":39,"gold_loss":0},{"cards_removed":["Inflame"],"damage_healed":0,"gold_gain":0,"player_choice":"Removed Power","damage_taken":0,"max_hp_gain":0,"max_hp_loss":0,"event_name":"Falling","floor":42,"gold_loss":0},{"damage_healed":0,"gold_gain":222,"player_choice":"Wore Mask","damage_taken":0,"max_hp_gain":0,"max_hp_loss":0,"event_name":"Tomb of Lord Red Mask","floor":46,"gold_loss":0}],"is_beta":false,"boss_relics":[{"not_picked":["Snecko Eye","SacredBark"],"picked":"Astrolabe"},{"not_picked":["Runic Cube","Busted Crown"],"picked":"Fusion Hammer"}],"items_purged_floors":[3,22],"is_endless":false,"potions_floor_spawned":[1,4,7,13,24,28,29,31,37,48],"killed_by":"Donu and Deca","ascension_level":20}}