{"host":"zk71suw73lg2r165","time":1611533451,"event":{"mods":["BaseMod","Colored Map","Minty Spire (QoL Compilation)","Permanent Neow","Relic Stats","StSLib"],"gold_per_floor":[118,138,138,151,226,226,254,254,254,272,29,29,55,84,84,84,84],"floor_reached":16,"language":"ENG","playtime":356,"items_purged":[],"score":216,"play_id":"22f2c981-65b5-474d-9041-d3a81e2651c0","local_time":"20210124191051","is_ascension_mode":true,"campfire_choices":[{"floor":6,"key":"REST"},{"data":"Strike_R","floor":8,"key":"PURGE"},{"data":"Strike_R","floor":12,"key":"PURGE"},{"data":"Immolate","floor":15,"key":"SMITH"}],"circlet_count":0,"master_deck":["AscendersBane","Strike_R","Strike_R","Strike_R","Defend_R","Defend_R","Defend_R","Defend_R","Bash","Clothesline","Thunderclap","Cleave","Dropkick","Immolate+1","Pommel Strike"],"relics":["Burning Blood","Peace Pipe","CaptainsWheel","Ginger","Mango","Bronze Scales","Odd Mushroom","Regal Pillow"],"acts_visited":["Exordium"],"potions_floor_usage":[7,16,16],"damage_taken":[{"damage":6,"enemies":"Cultist","floor":1,"turns":3},{"damage":1,"enemies":"2 Louse","floor":2,"turns":3},{"damage":11,"enemies":"Small Slimes","floor":4,"turns":4},{"damage":8,"enemies":"Gremlin Nob","floor":7,"turns":4},{"damage":18,"enemies":"2 Fungi Beasts","floor":10,"turns":3},{"damage":7,"enemies":"The Mushroom Lair","floor":13,"turns":2},{"damage":10,"enemies":"3 Sentries","floor":14,"turns":5},{"damage":43,"enemies":"The Guardian","floor":16,"turns":7}],"seed_played":"-6060311250501749099","potions_obtained":[{"floor":4,"key":"FearPotion"},{"floor":10,"key":"FearPotion"},{"floor":14,"key":"PowerPotion"}],"is_trial":false,"path_per_floor":["M","M","?","M","?","R","E","R","T","M","$","R","?","E","R","B"],"character_chosen":"IRONCLAD","items_purchased":["Immolate","Bronze Scales"],"campfire_rested":1,"item_purchase_floors":[11,11],"current_hp_per_floor":[68,68,42,37,26,46,44,44,58,46,46,46,45,41,41,0,0],"gold":84,"neow_bonus":"ONE_RARE_RELIC","is_daily":false,"chose_seed":false,"campfire_upgraded":1,"win_rate":0.0,"timestamp":1611533451,"path_taken":["M","M","?","M","?","R","E","R","T","M","$","R","?","E","R","BOSS"],"items_purchased_type":["Card","Relic"],"build_version":"2020-12-22","purchased_purges":0,"victory":false,"max_hp_per_floor":[68,68,68,68,68,68,68,68,82,82,82,82,82,82,82,82,82],"relic_stats":{"Peace Pipe":2,"Regal Pillow":0,"counters":[8,31],"Bronze Scales":[45],"Ginger":[0],"obtain_stats":[{"Peace Pipe":0,"CaptainsWheel":3,"Regal Pillow":14,"Bronze Scales":11,"Mango":9,"Ginger":7,"Odd Mushroom":13,"Burning Blood":0},{"Peace Pipe":0,"CaptainsWheel":2,"Regal Pillow":7,"Bronze Scales":5,"Mango":4,"Ginger":4,"Odd Mushroom":6,"Burning Blood":0},{"Peace Pipe":0,"CaptainsWheel":6,"Regal Pillow":24,"Bronze Scales":17,"Mango":14,"Ginger":14,"Odd Mushroom":19,"Burning Blood":0}],"Burning Blood":37},"card_choices":[{"not_picked":["Sword Boomerang","Disarm"],"picked":"Clothesline","floor":1},{"not_picked":["Body Slam","Armaments"],"picked":"Thunderclap","floor":2},{"not_picked":["Headbutt","Wild Strike"],"picked":"Cleave","floor":4},{"not_picked":["Cleave","Reckless Charge"],"picked":"Dropkick","floor":7},{"not_picked":["Twin Strike","Headbutt","Iron Wave"],"picked":"SKIP","floor":10},{"not_picked":["Exhume","Intimidate"],"picked":"Pommel Strike","floor":14}],"player_experience":1357107,"relics_obtained":[{"floor":7,"key":"Ginger"},{"floor":9,"key":"Mango"},{"floor":13,"key":"Odd Mushroom"},{"floor":14,"key":"Regal Pillow"}],"event_choices":[{"damage_healed":0,"gold_gain":0,"player_choice":"Success","damage_taken":26,"relics_obtained":["CaptainsWheel"],"max_hp_gain":0,"max_hp_loss":0,"event_name":"Scrap Ooze","floor":3,"gold_loss":0},{"damage_healed":0,"gold_gain":75,"player_choice":"Gather Gold","damage_taken":11,"max_hp_gain":0,"max_hp_loss":0,"event_name":"World of Goop","floor":5,"gold_loss":0},{"damage_healed":0,"gold_gain":0,"player_choice":"Fought Mushrooms","damage_taken":0,"max_hp_gain":0,"max_hp_loss":0,"event_name":"Mushrooms","floor":13,"gold_loss":0}],"is_beta":false,"boss_relics":[],"items_purged_floors":[],"is_endless":false,"potions_floor_spawned":[4,10,14],"killed_by":"The Guardian","ascension_level":20}}