{"host":"7z347kdhnquy3q4q","time":1611542054,"event":{"mods":["Act Like it!","Aspiration","BaseMod","Downfall","Hubris","Minty Spire (QoL Compilation)","MostiFishMod","Permanent Neow","Potionbrewer","Robot Space Explorer","Spicy Shops","StSLib","The Marked","Wandering Minibosses"],"gold_per_floor":[99,114,125,125,125,125,125,143,158,158,188,206,223,237,249,351,351,351,368,383,402,102,102,102,102,128,143,158,43,63,96,109,204,204,204,223,14,14,14,14,14,14,28,57,57,57,82,100,100,100],"floor_reached":51,"language":"ENG","playtime":2609,"items_purged":["theMarked:Defend","theMarked:Strike","theMarked:Strike"],"score":1233,"play_id":"434254fc-7666-4bc0-b09c-c90b34e009b5","local_time":"20210124203414","is_ascension_mode":true,"campfire_choices":[{"data":"theMarked:SoldierOfQuellstein","floor":1,"key":"SMITH"},{"data":"theMarked:Abjuration","floor":10,"key":"SMITH"},{"data":"theMarked:Improvise","floor":18,"key":"SMITH"},{"data":"theMarked:Indomitable","floor":35,"key":"SMITH"},{"data":"theMarked:BanishingWave","floor":42,"key":"SMITH"},{"data":"theMarked:Heritage","floor":49,"key":"SMITH"}],"circlet_count":0,"master_deck":["theMarked:Strike+1","theMarked:Strike+1","theMarked:Defend","theMarked:SoldierOfQuellstein+1","theMarked:Heritage","theMarked:Abjuration+1","theMarked:Improvise+1","theMarked:ChainLightning","theMarked:Memento","theMarked:BanishingStrike","theMarked:BanishingStrike","theMarked:FavorableWinds","theMarked:Levitate","theMarked:Indomitable+1","theMarked:Aftermath","theMarked:BanishingWave+1","theMarked:Memento","theMarked:BanishingStrike+1","theMarked:Heritage+1","theMarked:Vacuum","theMarked:Memento","theMarked:ChannelForce","theMarked:BanishingStrike","theMarked:MysticalArsenal+1","hubris:DuctTapeCard","theMarked:Heritage+1","theMarked:BanishingWave","theMarked:MysticalArsenal+1","theMarked:HeightenedSenses+1"],"relics":["DaveBox","GreenFoldingFan","TimeKeys","HornCleat","Bottled Flame","wanderingMiniBosses:AbyssPearl","xbg","Calipers","Darkstone Periapt","Happy Flower","Kunai","Whetstone","ShadowXiaoBlade","Juzu Bracelet","hubris:DuctTape","hubris:CrystalStatue","hubris:Towel","aspiration:FetidBarrel","StrikeDummy","aspiration:ChemicalBlood"],"acts_visited":["Exordium","TheCity","TheBeyond"],"potions_floor_usage":[9,15,16,16,16,29,44,48],"damage_taken":[{"damage":8,"enemies":"Small Slimes","floor":2,"turns":4},{"damage":2,"enemies":"2 Louse","floor":3,"turns":1},{"damage":2,"enemies":"Cultist","floor":6,"turns":1},{"damage":10,"enemies":"Large Slime","floor":8,"turns":4},{"damage":20,"enemies":"Blue Slaver","floor":9,"turns":7},{"damage":2,"enemies":"3 Sentries","floor":11,"turns":1},{"damage":8,"enemies":"2 Fungi Beasts","floor":12,"turns":4},{"damage":2,"enemies":"Exordium Wildlife","floor":13,"turns":1},{"damage":10,"enemies":"Gremlin Gang","floor":14,"turns":5},{"damage":15,"enemies":"Large Slime","floor":15,"turns":7},{"damage":6,"enemies":"IC_STATUS_ARCHETYPE","floor":16,"turns":3},{"damage":4,"enemies":"3 Byrds","floor":19,"turns":2},{"damage":6,"enemies":"Shelled Parasite and Fungi","floor":20,"turns":3},{"damage":4,"enemies":"Centurion and Healer","floor":21,"turns":2},{"damage":8,"enemies":"downfall:FleeingMerchant","floor":22,"turns":4},{"damage":2,"enemies":"Slavers","floor":26,"turns":1},{"damage":4,"enemies":"Snecko","floor":27,"turns":2},{"damage":6,"enemies":"Snake Plant","floor":28,"turns":3},{"damage":8,"enemies":"downfall:FleeingMerchant","floor":29,"turns":4},{"damage":6,"enemies":"Centurion and Healer","floor":30,"turns":3},{"damage":8,"enemies":"Book of Stabbing","floor":31,"turns":4},{"damage":2,"enemies":"Sentry and Sphere","floor":32,"turns":1},{"damage":18,"enemies":"SI_MIRROR_ARCHETYPE","floor":33,"turns":6},{"damage":10,"enemies":"Orb Walker","floor":36,"turns":3},{"damage":2,"enemies":"downfall:FleeingMerchant","floor":37,"turns":1},{"damage":6,"enemies":"3 Darklings","floor":43,"turns":2},{"damage":6,"enemies":"Reptomancer","floor":44,"turns":3},{"damage":6,"enemies":"Nemesis","floor":47,"turns":3},{"damage":6,"enemies":"4 Shapes","floor":48,"turns":3},{"damage":6,"enemies":"DF_ARCHETYPE_ORBS","floor":50,"turns":3}],"seed_played":"-1736163004591005758","potions_obtained":[{"floor":8,"key":"PowerPotion"},{"floor":12,"key":"potionbrewer:ToxicPotion"},{"floor":13,"key":"potionbrewer:SplittingPotion"},{"floor":14,"key":"potionbrewer:FreezingPotion"},{"floor":16,"key":"champ:CounterPotion"},{"floor":21,"key":"Guardian:BlockOnCardUsePotion"},{"floor":30,"key":"potionbrewer:NoxiousPotion"},{"floor":32,"key":"champ:CounterPotion"},{"floor":47,"key":"BlessingOfTheForge"}],"is_trial":false,"path_per_floor":["R","M","M","?","?","M","T","M","M","R","E","M","M","M","M","B",null,"R","M","M","M","$","?","T","?","E","M","M","$","M","E","M","B",null,"R","M","$","?","?","?","T","R","M","E","?","$","E","M","R","B",null],"character_chosen":"THE_DEFAULT","items_purchased":["Calipers","theMarked:BanishingWave","theMarked:Memento","Juzu Bracelet","hubris:DuctTape"],"campfire_rested":0,"item_purchase_floors":[22,22,22,37,37],"current_hp_per_floor":[70,70,70,70,70,70,70,70,60,60,68,70,70,70,65,69,70,70,70,70,70,70,76,76,76,76,76,76,76,76,76,76,68,74,74,74,76,76,76,76,76,76,76,76,76,76,76,76,76,76],"gold":100,"neow_bonus":"BOSS_RELIC","is_daily":false,"chose_seed":false,"campfire_upgraded":6,"win_rate":0.0,"timestamp":1611542054,"path_taken":["R","M","M","?","?","M","T","?","M","R","E","M","M","M","M","BOSS","R","M","M","M","$","?","T","?","E","M","M","$","M","E","M","BOSS","R","M","$","?","?","?","T","R","M","E","?","$","E","M","R","BOSS"],"items_purchased_type":["Relic","Card","Card","Relic","Relic"],"build_version":"2020-12-22","purchased_purges":3,"victory":true,"max_hp_per_floor":[70,70,70,70,70,70,70,70,70,70,70,70,70,70,70,70,70,70,70,70,70,70,76,76,76,76,76,76,76,76,76,76,76,76,76,76,76,76,76,76,76,76,76,76,76,76,76,76,76,76],"card_choices":[{"not_picked":["theMarked:ResourceFulStrike","theMarked:TwofoldDefense","theMarked:GodGivenPower"],"picked":"SKIP","floor":2},{"not_picked":["theMarked:Frustration","theMarked:ContemptForTheProud"],"picked":"theMarked:Heritage","floor":3},{"not_picked":["theMarked:SwordAndMagic","theMarked:RepellingDischarge"],"picked":"theMarked:MuscleMemory","floor":6},{"not_picked":["theMarked:Challenge","theMarked:TakeCover"],"picked":"theMarked:Improvise","floor":8},{"not_picked":["theMarked:Heritage","theMarked:WastefulAttack"],"picked":"theMarked:ChainLightning","floor":9},{"not_picked":["theMarked:Aftermath","theMarked:Determination"],"picked":"theMarked:Memento","floor":11},{"not_picked":["theMarked:ContemptForTheProud","theMarked:Maelstrom"],"picked":"theMarked:BanishingStrike","floor":12},{"not_picked":["theMarked:HeightenedSenses","theMarked:Standoff"],"picked":"theMarked:BanishingStrike","floor":13},{"not_picked":["theMarked:BanishingStrike","theMarked:Opportunist"],"picked":"theMarked:FavorableWinds","floor":14},{"not_picked":["theMarked:GodGivenPower","theMarked:ShockingTouch","theMarked:Frustration"],"picked":"SKIP","floor":15},{"not_picked":["theMarked:FavorableWinds","theMarked:TurnInvisible"],"picked":"theMarked:Levitate","floor":16},{"not_picked":["theMarked:Static","theMarked:Parry"],"picked":"theMarked:Indomitable","floor":19},{"not_picked":["theMarked:ElectricStrings+1","theMarked:ChainLightning","theMarked:KeepCalmAndFight+1"],"picked":"SKIP","floor":20},{"not_picked":["theMarked:Convert","theMarked:Polarize+1","theMarked:ShockingTouch"],"picked":"SKIP","floor":21},{"not_picked":["theMarked:TwofoldDefense","theMarked:ContemptForTheProud"],"picked":"theMarked:Aftermath","floor":22},{"not_picked":["theMarked:Frustration","theMarked:SwordAndMagic","theMarked:Static"],"picked":"SKIP","floor":26},{"not_picked":["theMarked:FavorableWinds","theMarked:EnhanceMovement"],"picked":"theMarked:BanishingStrike+1","floor":27},{"not_picked":["theMarked:MuscleMemory","theMarked:Aftermath","theMarked:KeepCalmAndFight"],"picked":"SKIP","floor":28},{"not_picked":["theMarked:EnhanceMovement","theMarked:ChainLightning+1"],"picked":"theMarked:Heritage","floor":29},{"not_picked":["theMarked:Frustration","theMarked:Parkour"],"picked":"theMarked:Vacuum","floor":30},{"not_picked":["theMarked:EnhanceMovement","theMarked:TakeCover"],"picked":"theMarked:Memento","floor":31},{"not_picked":["theMarked:ElectricStrings+1","theMarked:ChainLightning+1","theMarked:WastefulAttack"],"picked":"SKIP","floor":32},{"not_picked":["theMarked:Toughness","theMarked:Defy"],"picked":"theMarked:ChannelForce","floor":33},{"not_picked":["theMarked:Frustration","theMarked:EmpowerWeapon"],"picked":"theMarked:BanishingStrike","floor":36},{"not_picked":["theMarked:Reabsorb+1","theMarked:ChainLightning"],"picked":"theMarked:MysticalArsenal+1","floor":37},{"not_picked":["theMarked:Frustration+1","theMarked:TwofoldDefense+1"],"picked":"theMarked:Heritage+1","floor":43},{"not_picked":["theMarked:TakeCover","theMarked:Indomitable+1"],"picked":"theMarked:BanishingWave","floor":44},{"not_picked":["theMarked:Parry","theMarked:WardOff"],"picked":"theMarked:MysticalArsenal+1","floor":47},{"not_picked":["theMarked:ChainLightning+1","theMarked:Defy"],"picked":"theMarked:HeightenedSenses+1","floor":48}],"player_experience":2025716,"relics_obtained":[{"floor":7,"key":"HornCleat"},{"floor":11,"key":"Bottled Flame"},{"floor":15,"key":"wanderingMiniBosses:AbyssPearl"},{"floor":24,"key":"Happy Flower"},{"floor":26,"key":"Kunai"},{"floor":31,"key":"Whetstone"},{"floor":38,"key":"hubris:CrystalStatue"},{"floor":41,"key":"aspiration:FetidBarrel"},{"floor":44,"key":"StrikeDummy"},{"floor":47,"key":"aspiration:ChemicalBlood"}],"event_choices":[{"cards_removed":["Writhe"],"damage_healed":0,"gold_gain":0,"player_choice":"Elegance","damage_taken":0,"max_hp_gain":0,"max_hp_loss":0,"event_name":"Back to Basics","floor":25,"gold_loss":0},{"cards_removed":["theMarked:MuscleMemory"],"damage_healed":0,"gold_gain":0,"player_choice":"Removed Power","damage_taken":0,"max_hp_gain":0,"max_hp_loss":0,"event_name":"Falling","floor":45,"gold_loss":0}],"is_beta":false,"boss_relics":[{"not_picked":["TakeMeEscape","MostiFishMod:Hod"],"picked":"xbg"},{"not_picked":["hubris:ScarierMask","Calling Bell"],"picked":"ShadowXiaoBlade"}],"items_purged_floors":[22,29,37],"is_endless":false,"potions_floor_spawned":[8,12,13,14,16,21,26,28,30,32,43,47],"ascension_level":5}}