{"host":"uv5ws9rdk87e8i5k","time":1611604612,"event":{"mods":["AchievementEnabler","BaseMod","Colored Map","Minty Spire (QoL Compilation)","Permanent Neow","StSLib","SuperFastMode","The Animator","The Necromancer"],"gold_per_floor":[112,131,142,142,142,169,169,182,205,233,29,54,3,31,31,136,136,136],"floor_reached":17,"language":"ENG","playtime":433,"items_purged":["Strike_W"],"score":302,"play_id":"20dbb821-6ae7-4447-b63a-9fea2b0fb51f","local_time":"20210125135652","is_ascension_mode":true,"campfire_choices":[{"data":"Bone_Armory","floor":7,"key":"SMITH"},{"data":"Siphon_Strength","floor":15,"key":"SMITH"}],"circlet_count":0,"master_deck":["Strike_W","Strike_W","Strike_W","Defend_W","Defend_W+1","Defend_W","Defend_W","Negative_Energy_Arrows","Bone_Wall","Bone_Shift","Bone_Spikes+1","Bone_Armory+1","Negative_Energy_Javelin","Negative_Energy_Javelin","Siphon_Strength+1","Bone_Armor","Bone_Spikes","Negative_Energy_Sphere","Bone_Bullets","Summon_Death_Knight"],"relics":["Vampire_Amulet","Ice Cream","Bag of Marbles","Regal Pillow","Pen Nib","Lizard Tail","Strawberry","Runic Dome"],"acts_visited":["Exordium","TheCity"],"potions_floor_usage":[6,10,12,16],"damage_taken":[{"damage":1.0,"enemies":"Jaw Worm","floor":1.0,"turns":6.0},{"damage":2.0,"enemies":"2 Louse","floor":2.0,"turns":2.0},{"damage":0.0,"enemies":"Cultist","floor":3.0,"turns":4.0},{"damage":18,"enemies":"Gremlin Nob","floor":6,"turns":4},{"damage":9,"enemies":"Exordium Thugs","floor":8,"turns":6},{"damage":0,"enemies":"3 Sentries","floor":10,"turns":3},{"damage":9,"enemies":"Gremlin Nob","floor":12,"turns":3},{"damage":18,"enemies":"3 Sentries","floor":14,"turns":6},{"damage":42,"enemies":"The Guardian","floor":16,"turns":15}],"seed_played":"2804299130165825145","potions_obtained":[{"floor":2.0,"key":"EssenceOfSteel"},{"floor":6,"key":"PowerPotion"},{"floor":14,"key":"Dexterity Potion"},{"floor":16,"key":"Fruit Juice"}],"is_trial":false,"path_per_floor":["M","M","M","?","?","E","R","M","T","E","$","E","$","E","R","B",null],"character_chosen":"NECROMANCER","items_purchased":["Siphon_Strength","Bone_Armor","PowerPotion","Negative_Energy_Sphere"],"campfire_rested":0,"item_purchase_floors":[11,11,11,13],"current_hp_per_floor":[68,68,68,54,54,38,38,33,33,39,39,41,41,36,36,36,65,65],"gold":136,"neow_bonus":"ONE_RARE_RELIC","is_daily":false,"chose_seed":false,"campfire_upgraded":2,"win_rate":0.0,"timestamp":1611604612,"path_taken":["M","M","M","?","?","E","R","M","T","E","$","E","?","E","R","BOSS"],"items_purchased_type":["Card","Card","Potion","Card"],"build_version":"2020-12-22","purchased_purges":1,"victory":false,"max_hp_per_floor":[68,68,68,68,68,68,68,68,68,68,68,68,68,75,75,75,75,75],"card_choices":[{"not_picked":["Negative_Energy_Shield","Death_March_Dance"],"picked":"Bone_Shift","floor":1.0},{"not_picked":["Bone_Bullets","Bones_to_Steel"],"picked":"Bone_Spikes","floor":2.0},{"not_picked":["Whirlwind_of_Bones","Negative_Energy_Shield","Death_Coil"],"picked":"SKIP","floor":3.0},{"not_picked":["Requiem","Death_March_Dance"],"picked":"Bone_Armory","floor":6},{"not_picked":["Shade_Step","Vampiric_Strike"],"picked":"Negative_Energy_Javelin","floor":8},{"not_picked":["Plague_Bolt","Finger_Of_Death"],"picked":"Negative_Energy_Javelin","floor":10},{"not_picked":["Shackles_Of_Pain","Bone_Shift"],"picked":"Bone_Spikes","floor":12},{"not_picked":["Requiem","Chill_Blood"],"picked":"Bone_Bullets","floor":14},{"not_picked":["Summon_Vampire_Lady","Requiem"],"picked":"Summon_Death_Knight","floor":16}],"player_experience":278535,"relics_obtained":[{"floor":6,"key":"Bag of Marbles"},{"floor":9,"key":"Regal Pillow"},{"floor":10,"key":"Pen Nib"},{"floor":12,"key":"Lizard Tail"},{"floor":14,"key":"Strawberry"}],"event_choices":[{"damage_healed":0.0,"max_hp_gain":0.0,"max_hp_loss":0.0,"gold_gain":0.0,"event_name":"Shining Light","player_choice":"Entered Light","floor":4.0,"gold_loss":0.0,"damage_taken":14.0,"cards_upgraded":["Defend_W","Bone_Spikes"]},{"damage_healed":0.0,"max_hp_gain":0.0,"max_hp_loss":0.0,"gold_gain":0.0,"event_name":"Golden Idol","player_choice":"Ignored","floor":5.0,"gold_loss":0.0,"damage_taken":0.0}],"is_beta":false,"boss_relics":[{"not_picked":["Velvet Choker","Astrolabe"],"picked":"Runic Dome"}],"items_purged_floors":[11],"is_endless":false,"potions_floor_spawned":[2,6,14,16],"ascension_level":9}}