{"host":"v711dtdb46xe9u7l","time":1611569455,"event":{"mods":["BaseMod","Bestiary","Highlight Path","Minty Spire (QoL Compilation)","Quick Restart","StSLib"],"gold_per_floor":[115,134,134,134,134,134,170,25,25,66,66,81,81,99,99,218,218,233,233,59,84,97,138,138,172,172,195,46,46,62,85,85,204,204,225,241,604,937,951,951,144,144,144,0,0,25,35,47,47,47,47,47,13,43,43,43],"floor_reached":55,"language":"ENG","playtime":4011,"items_purged":["Regret","Strike_G","Strike_G"],"score":1080,"play_id":"cd8d9ac8-a62b-4fed-9b5f-78b73d7c979e","local_time":"20210125101055","is_ascension_mode":true,"campfire_choices":[{"data":"Underhanded Strike","floor":6.0,"key":"SMITH"},{"data":"Neutralize","floor":11.0,"key":"SMITH"},{"data":"Dagger Throw","floor":13.0,"key":"SMITH"},{"data":"Underhanded Strike","floor":15.0,"key":"SMITH"},{"data":"Eviscerate","floor":24.0,"key":"SMITH"},{"floor":29.0,"key":"REST"},{"data":"Venomology","floor":32.0,"key":"SMITH"},{"floor":40.0,"key":"RECALL"},{"data":"Tools of the Trade","floor":42.0,"key":"SMITH"},{"data":"Wraith Form v2","floor":49.0,"key":"SMITH"},{"data":"Footwork","floor":52.0,"key":"SMITH"}],"circlet_count":0,"master_deck":["Defend_G","Defend_G","Defend_G","Defend_G","Defend_G","Survivor","Neutralize+1","Flying Knee","Underhanded Strike+1","Acrobatics","Deflect","Well Laid Plans","Prepared","Dagger Throw+1","Underhanded Strike+1","Venomology+1","Distraction+1","Eviscerate+1","All Out Attack","Blade Dance","Footwork+1","Blur+1","Tools of the Trade+1","Riddle With Holes+1","Wraith Form v2+1","Dash+1","Dagger Spray+1","Dagger Spray+1","Parasite","Backstab+1","Finesse","Dagger Throw+1","Adrenaline","Finisher+1","Underhanded Strike+1"],"relics":["Ring of the Snake","Centennial Puzzle","Darkstone Periapt","Kunai","Eternal Feather","HoveringKite","Blue Candle","Mango","Shuriken","Bottled Tornado","Tiny Chest","Empty Cage","Old Coin","Sling","Bird Faced Urn","Art of War","Red Mask","Molten Egg 2","Incense Burner","Lizard Tail"],"acts_visited":["Exordium","TheCity","TheBeyond","TheEnding"],"potions_floor_usage":[55,55],"damage_taken":[{"damage":1.0,"enemies":"Small Slimes","floor":1.0,"turns":4.0},{"damage":0.0,"enemies":"Jaw Worm","floor":2.0,"turns":4.0},{"damage":7.0,"enemies":"Gremlin Nob","floor":7.0,"turns":3.0},{"damage":26.0,"enemies":"3 Sentries","floor":10.0,"turns":12.0},{"damage":0.0,"enemies":"2 Louse","floor":12.0,"turns":2.0},{"damage":0.0,"enemies":"Exordium Thugs","floor":14.0,"turns":5.0},{"damage":8.0,"enemies":"Slime Boss","floor":16.0,"turns":9.0},{"damage":10.0,"enemies":"Shell Parasite","floor":18.0,"turns":4.0},{"damage":13.0,"enemies":"2 Thieves","floor":21.0,"turns":3.0},{"damage":0.0,"enemies":"Snecko","floor":22.0,"turns":3.0},{"damage":21.0,"enemies":"Gremlin Leader","floor":23.0,"turns":5.0},{"damage":35.0,"enemies":"Slavers","floor":25.0,"turns":6.0},{"damage":1.0,"enemies":"3 Cultists","floor":27.0,"turns":5.0},{"damage":11.0,"enemies":"Snake Plant","floor":30.0,"turns":3.0},{"damage":37.0,"enemies":"Collector","floor":33.0,"turns":11.0},{"damage":4.0,"enemies":"3 Shapes","floor":35.0,"turns":5.0},{"damage":12.0,"enemies":"3 Darklings","floor":36.0,"turns":8.0},{"damage":0.0,"enemies":"Mind Bloom Boss Battle","floor":37.0,"turns":7.0},{"damage":17.0,"enemies":"Writhing Mass","floor":39.0,"turns":8.0},{"damage":1.0,"enemies":"Giant Head","floor":46.0,"turns":7.0},{"damage":0.0,"enemies":"Transient","floor":47.0,"turns":5.0},{"damage":5.0,"enemies":"Maw","floor":48.0,"turns":7.0},{"damage":28.0,"enemies":"Donu and Deca","floor":50.0,"turns":10.0},{"damage":32.0,"enemies":"Shield and Spear","floor":54.0,"turns":7.0},{"damage":124,"enemies":"The Heart","floor":55,"turns":11}],"seed_played":"-5193724010357618596","potions_obtained":[{"floor":1.0,"key":"ColorlessPotion"},{"floor":14.0,"key":"BlessingOfTheForge"},{"floor":21.0,"key":"Poison Potion"},{"floor":25.0,"key":"Weak Potion"},{"floor":33.0,"key":"SkillPotion"}],"is_trial":false,"path_per_floor":["M","M","?","?","?","R","E","$","T","E","R","M","R","M","R","B",null,"M","?","$","M","M","E","R","E","T","M","$","R","M","T","R","B",null,"M","M","?","?","M","R","$","R","T","?","T","E","M","M","R","B",null,"R","$","E","B"],"character_chosen":"THE_SILENT","items_purchased":["Well Laid Plans","Eviscerate","Tools of the Trade","Sling","Bird Faced Urn","Finesse","Art of War","Finisher+1"],"campfire_rested":1,"item_purchase_floors":[8,20,28,41,41,41,41,53],"current_hp_per_floor":[62,62,62,62,62,62,55,55,55,29,38,38,47,47,56,48,61,51,51,51,47,47,40,52,17,17,16,16,54,43,43,58,21,65,61,49,49,49,38,56,56,74,74,74,74,81,85,81,85,61,79,85,85,71,0,0],"gold":43,"neow_bonus":"TRANSFORM_CARD","is_daily":false,"chose_seed":false,"campfire_upgraded":9,"win_rate":0.0,"timestamp":1611569455,"path_taken":["M","M","?","?","?","R","E","$","T","E","R","M","R","M","R","BOSS","M","?","$","M","M","E","R","E","T","M","?","R","?","?","R","BOSS","M","M","?","?","M","R","$","R","T","?","?","E","M","M","R","BOSS","R","$","E","BOSS"],"items_purchased_type":["Card","Card","Card","Relic","Relic","Card","Relic","Card"],"build_version":"2020-12-22","purchased_purges":3,"victory":false,"max_hp_per_floor":[70,70,70,65,65,65,65,65,65,65,65,65,65,65,65,65,65,65,65,65,65,65,79,79,79,79,79,79,79,79,79,79,79,79,79,79,79,79,85,85,85,85,85,85,85,85,85,85,85,85,85,85,85,85,85,85],"card_choices":[{"not_picked":["Reflex","Slice"],"picked":"Underhanded Strike","floor":1.0},{"not_picked":["Poisoned Stab","Dagger Spray"],"picked":"Acrobatics","floor":2.0},{"not_picked":["Bouncing Flask","Concentrate"],"picked":"Deflect","floor":7.0},{"not_picked":["Noxious Fumes","Dodge and Roll"],"picked":"Prepared","floor":10.0},{"not_picked":["Cloak And Dagger","Deadly Poison"],"picked":"Dagger Throw","floor":12.0},{"not_picked":["PiercingWail","Bane"],"picked":"Underhanded Strike","floor":14.0},{"not_picked":["Unload","Glass Knife"],"picked":"Venomology","floor":16.0},{"not_picked":["Dagger Spray","Cloak And Dagger"],"picked":"Distraction+1","floor":18.0},{"not_picked":["Concentrate","Deflect","Deadly Poison"],"picked":"SKIP","floor":21.0},{"not_picked":["Acrobatics","Poisoned Stab+1"],"picked":"All Out Attack","floor":22.0},{"not_picked":["Sucker Punch+1","Concentrate"],"picked":"Blade Dance","floor":23.0},{"not_picked":["Backflip","Noxious Fumes"],"picked":"Footwork","floor":25.0},{"not_picked":["Outmaneuver","Quick Slash"],"picked":"Blur+1","floor":27.0},{"not_picked":["Quick Slash","Flying Knee"],"picked":"Riddle With Holes+1","floor":30.0},{"not_picked":["Doppelganger","Die Die Die"],"picked":"Wraith Form v2","floor":33.0},{"not_picked":["Blur","Outmaneuver"],"picked":"Dash+1","floor":35.0},{"not_picked":["Blur","Flying Knee+1"],"picked":"Dagger Spray+1","floor":36.0},{"not_picked":["Flying Knee+1","Predator+1"],"picked":"Dagger Spray+1","floor":37.0},{"not_picked":["Outmaneuver","Deadly Poison+1"],"picked":"Backstab+1","floor":39.0},{"not_picked":["Flying Knee+1","Bane+1"],"picked":"Dagger Throw+1","floor":46.0},{"not_picked":["Poisoned Stab+1","Concentrate+1","Slice+1"],"picked":"SKIP","floor":47.0},{"not_picked":["Noxious Fumes+1","Calculated Gamble+1"],"picked":"Adrenaline","floor":48.0},{"not_picked":["Slice+1","Sucker Punch+1"],"picked":"Underhanded Strike+1","floor":54.0}],"player_experience":380164,"relics_obtained":[{"floor":7.0,"key":"Darkstone Periapt"},{"floor":9.0,"key":"Kunai"},{"floor":10.0,"key":"Eternal Feather"},{"floor":19.0,"key":"Blue Candle"},{"floor":23.0,"key":"Mango"},{"floor":25.0,"key":"Shuriken"},{"floor":26.0,"key":"Bottled Tornado"},{"floor":31.0,"key":"Tiny Chest"},{"floor":37.0,"key":"Old Coin"},{"floor":45.0,"key":"Molten Egg 2"},{"floor":46.0,"key":"Incense Burner"},{"floor":54.0,"key":"Lizard Tail"}],"event_choices":[{"damage_healed":0.0,"max_hp_gain":0.0,"max_hp_loss":0.0,"gold_gain":0.0,"event_name":"Big Fish","player_choice":"Box","floor":3.0,"gold_loss":0.0,"damage_taken":0.0,"relics_obtained":["Centennial Puzzle"],"cards_obtained":["Regret"]},{"damage_healed":0.0,"max_hp_gain":0.0,"max_hp_loss":5.0,"gold_gain":0.0,"event_name":"Golden Idol","player_choice":"Lose Max HP","floor":4.0,"gold_loss":0.0,"damage_taken":0.0,"relics_obtained":["Golden Idol"]},{"damage_healed":0.0,"max_hp_gain":0.0,"max_hp_loss":0.0,"gold_gain":0.0,"event_name":"Liars Game","player_choice":"Ignored","floor":5.0,"gold_loss":0.0,"damage_taken":0.0},{"damage_healed":0.0,"max_hp_gain":0.0,"max_hp_loss":0.0,"gold_gain":0.0,"event_name":"Wheel of Change","player_choice":"Relic","floor":19.0,"gold_loss":0.0,"damage_taken":0.0},{"damage_healed":0.0,"max_hp_gain":0.0,"max_hp_loss":0.0,"gold_gain":0.0,"event_name":"MindBloom","player_choice":"Fight","floor":37.0,"gold_loss":0.0,"damage_taken":0.0},{"damage_healed":0.0,"max_hp_gain":0.0,"max_hp_loss":0.0,"gold_gain":333.0,"event_name":"The Moai Head","player_choice":"Gave Idol","floor":38.0,"relics_lost":["Golden Idol"],"gold_loss":0.0,"damage_taken":0.0},{"damage_healed":0.0,"max_hp_gain":0.0,"max_hp_loss":0.0,"gold_gain":0.0,"event_name":"Tomb of Lord Red Mask","player_choice":"Paid","floor":44.0,"gold_loss":144.0,"damage_taken":0.0,"relics_obtained":["Red Mask"]}],"is_beta":false,"boss_relics":[{"not_picked":["Philosopher\u0027s Stone","Velvet Choker"],"picked":"HoveringKite"},{"not_picked":["Snecko Eye","WristBlade"],"picked":"Empty Cage"}],"items_purged_floors":[8,20,41],"is_endless":false,"potions_floor_spawned":[1,14,21,25,33,37,39,47,48],"killed_by":"The Heart","ascension_level":8}}