{"host":"i9wanet4r0ff4t9y","time":1611584195,"event":{"mods":["2.2 Compatiblity","Act Like it!","BaseMod","Bestiary","Better Altar","Better Match","Better Note","Better Sensory Stone","Better Skull","Better Third Choice","Better Vampires","BetterRewards","CapriCore","Curses Come First","Downfall","Minty Spire (QoL Compilation)","Quick Restart","READ ME - Guardian Mod","READ ME - Snecko Mod","Relic Stats","Say the Spire","Spicy Shops","StSLib","The Disciple","The Poker Player","Waifu the Spire"],"gold_per_floor":[113,113,61,71,90,115,69,69,96,271,0,0,0,12,12,107,107,125,140,153,428,64,112,125,141,189,209,209,209,209,229,229,343,343,363,381,401,421,34,76,76,76,76,76],"floor_reached":42,"language":"POL","playtime":1931,"items_purged":["Pain","Doubt","Regret"],"score":548,"play_id":"235b2314-9a8b-4df3-83c8-8df88b23a349","local_time":"20210125151635","is_ascension_mode":false,"metric_token":1696,"campfire_choices":[{"floor":8.0,"key":"REST"},{"data":"Jack Of All Trades","floor":12.0,"key":"SMITH"},{"data":"PokerPlayerMod:CardPrinter","floor":15.0,"key":"SMITH"},{"data":"PokerPlayerMod:HotShotCut","floor":30,"key":"SMITH"},{"data":"PokerPlayerMod:BadJoker","floor":32,"key":"SMITH"},{"data":"PokerPlayerMod:Diamond9","floor":41,"key":"SMITH"}],"circlet_count":0,"master_deck":["PokerPlayerMod:Diamond1","PokerPlayerMod:Diamond2","PokerPlayerMod:Diamond3","PokerPlayerMod:Diamond4","PokerPlayerMod:Diamond5","PokerPlayerMod:Spade1","PokerPlayerMod:Spade2","PokerPlayerMod:Spade3","PokerPlayerMod:Spade4","PokerPlayerMod:Club1","PokerPlayerMod:Club2","PokerPlayerMod:Heart2","PokerPlayerMod:TrumpStrike","PokerPlayerMod:BadJoker+1","PokerPlayerMod:Mulligan","PokerPlayerMod:Diamond4","PokerPlayerMod:Heart2","PokerPlayerMod:HeartStrike","Jack Of All Trades+1","PokerPlayerMod:Raise","PokerPlayerMod:Spade4","PokerPlayerMod:CardPrinter+1","PokerPlayerMod:Heart3","PokerPlayerMod:Heart7","PokerPlayerMod:DartThrow","PokerPlayerMod:Heart6","PokerPlayerMod:VarietyAttack+1","PokerPlayerMod:GamblerForm","CurseOfTheBell","PokerPlayerMod:SecondChance+1","PokerPlayerMod:Harden+1","PokerPlayerMod:JackOfSpades","PokerPlayerMod:Diamond10+","PokerPlayerMod:Club3","PokerPlayerMod:Raise+1","PokerPlayerMod:HotShotCut+1","PokerPlayerMod:Overdeal+1","PokerPlayerMod:Diamond10+","PokerPlayerMod:Trickery+1","Panache","Mind Blast","PokerPlayerMod:Spade1","PokerPlayerMod:Diamond3","PokerPlayerMod:VarietyAttack","PokerPlayerMod:MagicTrick","PokerPlayerMod:Spade6","PokerPlayerMod:DartThrow+1"],"relics":["PokerPlayerMod:DeckCase","Oddly Smooth Stone","TheAbacus","PokerPlayerMod:EnergeticBat","Toy Ornithopter","CaptainsWheel","WarpedTongs","Anchor","Strawberry","betterThird:SlimedRelic","Calling Bell","Dream Catcher","hexamod:CandleOfCauterizing","TungstenRod","PokerPlayerMod:ClubPass","Akabeko","CeramicFish","PokerPlayerMod:AceCard","ClockworkSouvenir","Potion Belt"],"acts_visited":["Exordium","TheCity","TheBeyond"],"potions_floor_usage":[33,33,42],"damage_taken":[{"damage":10.0,"enemies":"Jaw Worm","floor":1.0,"turns":2.0},{"damage":2.0,"enemies":"Cultist","floor":4.0,"turns":2.0},{"damage":1.0,"enemies":"Small Slimes","floor":5.0,"turns":2.0},{"damage":20.0,"enemies":"Lagavulin","floor":6.0,"turns":7.0},{"damage":7.0,"enemies":"Looter","floor":14.0,"turns":3.0},{"damage":17.0,"enemies":"The Guardian","floor":16.0,"turns":7.0},{"damage":0.0,"enemies":"3 Byrds","floor":18.0,"turns":2.0},{"damage":26.0,"enemies":"Shell Parasite","floor":19.0,"turns":5.0},{"damage":0.0,"enemies":"Snake Plant","floor":20.0,"turns":5.0},{"damage":19.0,"enemies":"Slavers","floor":23.0,"turns":3.0},{"damage":0.0,"enemies":"Centurion and Healer","floor":24.0,"turns":3.0},{"damage":9.0,"enemies":"Sentry and Sphere","floor":25.0,"turns":4.0},{"damage":0.0,"enemies":"Cultist and Chosen","floor":27.0,"turns":5.0},{"damage":0,"enemies":"Snake Plant","floor":31,"turns":3},{"damage":44,"enemies":"Automaton","floor":33,"turns":10},{"damage":1,"enemies":"3 Darklings","floor":35,"turns":5},{"damage":0,"enemies":"Orb Walker","floor":37,"turns":2},{"damage":0,"enemies":"Transient","floor":38,"turns":5},{"damage":0,"enemies":"Nemesis","floor":40,"turns":5},{"damage":82,"enemies":"Giant Head","floor":42,"turns":8}],"seed_played":"3737832275613891202","potions_obtained":[{"floor":14.0,"key":"Explosive Potion"},{"floor":16.0,"key":"SmokeBomb"},{"floor":18.0,"key":"Dexterity Potion"},{"floor":27.0,"key":"sneckomod:MuddlingPotion"},{"floor":35,"key":"BlessingOfTheForge"},{"floor":40,"key":"LiquidBronze"}],"is_trial":false,"path_per_floor":["M","?","$","M","M","E","$","R","T","?","$","R","?","M","R","B",null,"M","M","M","?","$","E","M","M","T","M","?","?","R","M","R","B",null,"M","?","M","M","$","E","R","E"],"character_chosen":"THE_POKER_PLAYER","items_purchased":["Oddly Smooth Stone","TheAbacus","PokerPlayerMod:Diamond4","PokerPlayerMod:Heart2","Toy Ornithopter","CaptainsWheel","PokerPlayerMod:HeartStrike","Jack Of All Trades","PokerPlayerMod:Spade4","PokerPlayerMod:DartThrow","PokerPlayerMod:Heart6","PokerPlayerMod:ClubPass","ClockworkSouvenir","PokerPlayerMod:VarietyAttack","PokerPlayerMod:MagicTrick","PokerPlayerMod:Spade6"],"campfire_rested":1,"item_purchase_floors":[0,0,0,0,0,0,0,0,3,7,11,22,39,39,39,39],"current_hp_per_floor":[26,26,26,28,30,22,22,37,44,44,44,44,33,43,43,56,59,59,45,59,59,59,42,49,56,56,59,59,59,59,59,59,47,59,59,59,59,59,59,59,59,0,0,0],"gold":76,"neow_bonus":"","is_daily":false,"chose_seed":false,"campfire_upgraded":5,"win_rate":0.0,"timestamp":1611584195,"path_taken":["M","?","?","?","M","E","$","R","T","?","$","R","?","M","R","BOSS","M","M","M","?","?","E","M","M","T","?","?","?","R","M","R","BOSS","M","?","M","M","$","E","R","E"],"items_purchased_type":["Relic","Relic","Card","Card","Relic","Relic","Card","Card","Card","Card","Card","Relic","Relic","Card","Card","Card"],"build_version":"2020-12-22","purchased_purges":3,"victory":false,"max_hp_per_floor":[52,52,52,52,52,52,52,52,59,59,59,59,59,59,59,59,59,59,59,59,59,59,59,59,59,59,59,59,59,59,59,59,59,59,59,59,59,59,59,59,59,59,59,59],"relic_stats":{"Dream Catcher":0,"TheAbacus":[48],"counters":[563,2545],"CeramicFish":108,"obtain_stats":[{"Replay:Accelerometer":0,"Spirit Poop":4,"Sling":47,"Ring of Searing":15,"Blood Vial":22,"Replay:Bottled Flurry":49,"HandDrill":31,"Replay:Bottled Steam":23,"Blue Candle":7,"Eternal Feather":17,"Pen Nib":0,"Akabeko":31,"Bird Faced Urn":9,"ReplayTheSpireMod:Ring of Collecting":5,"StrikeDummy":0,"Unceasing Top":0,"Regal Pillow":24,"Torii":47,"Singing Bowl":0,"King of Hearts":47,"Smiling Mask":27,"Burning Blood":0,"Pet Ghost":44,"Toolbox":0,"Chemical X":21,"Replay:Bottled Eggs":0,"InkBottle":34,"Potion Belt":36,"Lee\u0027s Waffle":44,"Golden Idol":3,"PreservedInsect":22,"Ring of Greed":10,"Replay:Arrowhead":48,"Ornamental Fan":37,"Ring of Misfortune":36,"betterThird:SlimedRelic":3,"Ectoplasm":17,"Art of War":40,"Garlic":12,"Durian":0,"hexamod:BolsterEngine":11,"Ice Cream":6,"Divine Protection":0,"Calipers":6,"Tiny House":36,"Gremlin Horn":10,"Nilry\u0027s Codex":22,"Sozu":34,"Centennial Puzzle":2,"Honey Jar":17,"Prayer Wheel":40,"Philosopher\u0027s Stone":17,"Iron Hammer":9,"Girya":23,"ReplayTheSpireMod:CursedCoin":19,"Replay:Grab Bag":34,"Charon\u0027s Ashes":0,"WarpedTongs":29,"Du-Vu Doll":0,"ReplayTheSpireMod:Spearhead":31,"Onion Ring":54,"Mirror":45,"Pocketwatch":10,"Black Blood":34,"Juzu Bracelet":19,"Replay:Mystery Machine":26,"Empty Cage":34,"Nunchaku":45,"Dream Catcher":9,"PokerPlayerMod:DeckCase":0,"Chameleon Ring":49,"TheAbacus":0,"Red Mask":41,"Replay:Bottled Snecko":0,"Runic Pyramid":34,"Guide Book":38,"Replay:WaspNest":3,"Odd Mushroom":12,"Mercury Hourglass":43,"Calling Bell":17,"Strange Spoon":44,"Pondfish Scales":0,"PokerPlayerMod:EnergeticBat":0,"Bag of Marbles":0,"Membership Card":24,"FossilizedHelix":12,"ReplayTheSpireMod:ShopPack":20,"Golden Egg":34,"Ginger":17,"Whetstone":27,"Bottled Tornado":10,"Old Coin":24,"Replay:Ringing Soul":47,"Sundial":17,"MealTicket":26,"Kunai":10,"Replay:Wax Seal":0,"Electric Blood":17,"Pear":0,"betterAltar:BloodRelic":27,"ReplayTheSpireMod:Ring of Addiction":36,"Replay:Ancient Bell":34,"SlaversCollar":17,"Ooze Armor":34,"Pandora\u0027s Box":34,"Mark of Pain":17,"Lantern":34,"Magic Flower":0,"StoneCalendar":0,"Blue Doll":43,"Replay:Multitool":25,"Bag of Preparation":54,"Cursed Key":34,"Replay:Rubber Ducky":34,"Shovel":34,"Ring of Peace":5,"WingedGreaves":37,"Paper Frog":23,"Self Forming Clay":6,"Thread and Needle":20,"The Courier":9,"betterThird:NestCultRelic":22,"Omamori":42,"Frozen Egg 2":0,"MawBank":27,"sneckomod:BabySnecko":20,"Busted Crown":17,"Bloody Idol":22,"Orrery":36,"Turnip":23,"Champion Belt":20,"ReplayTheSpireMod:Lightbulb":27,"Toy Ornithopter":28,"CeramicFish":24,"Vajra":8,"Lizard Tail":42,"HornCleat":52,"downfall:GremlinWheel":0,"FaceOfCleric":13,"DollysMirror":44,"Strawberry":10,"Toxic Egg 2":36,"Happy Flower":14,"Ring of Hypnosis":27,"Dead Branch":17,"Oddly Smooth Stone":41,"Letter Opener":9,"Replay:Kaleidoscope":37,"War Paint":6,"Question Card":19,"Bottled Flame":26,"Replay:Baseball":38,"ReplayTheSpireMod:Shallot":27,"Shuriken":34,"Bronze Scales":45,"Molten Egg 2":43,"Simple Rune":27,"ReplayTheSpireMod:TigerMarble":23,"Nloth\u0027s Gift":0,"Black Star":17,"Grinning Jar":6,"Meat on the Bone":45,"ReplayFunnel":14,"Darkstone Periapt":0,"ReplayTheSpireMod:Ring of Exchange":26,"Replay:PocketPolymizer":34,"Mango":40,"Incense Burner":0,"ClockworkSouvenir":44,"Frozen Eye":0,"SsserpentHead":20,"Replay:Bandana":20,"Mummified Hand":9,"Pantograph":0,"Tiny Chest":12,"Red Skull":17,"Gremlin Food":37,"BargainBundle":19,"hexamod:CandleOfCauterizing":46,"ReplayTheSpireMod:Ninjato":48,"Replay:Towering Pillar of Hats":50,"Quantum Egg":42,"PokerPlayerMod:AceCard":34,"Orichalcum":43,"White Beast Statue":36,"Peace Pipe":0,"CaptainsWheel":0,"Anchor":38,"ChewingGum":17,"Another Sword":47,"Snack Pack":28,"Coffee Dripper":0,"PokerPlayerMod:ClubPass":22,"TungstenRod":7},{"Replay:Accelerometer":210,"Spirit Poop":432,"Sling":102,"Ring of Searing":340,"Blood Vial":39,"Replay:Bottled Flurry":153,"HandDrill":200,"Replay:Bottled Steam":399,"Blue Candle":234,"Eternal Feather":480,"Pen Nib":387,"Akabeko":94,"Bird Faced Urn":7,"ReplayTheSpireMod:Ring of Collecting":186,"StrikeDummy":404,"Unceasing Top":429,"Regal Pillow":14,"Torii":77,"Singing Bowl":104,"King of Hearts":102,"Smiling Mask":281,"Burning Blood":0,"Pet Ghost":75,"Toolbox":28,"Chemical X":13,"Replay:Bottled Eggs":321,"InkBottle":122,"Potion Belt":47,"Lee\u0027s Waffle":75,"Golden Idol":186,"PreservedInsect":140,"Ring of Greed":134,"Replay:Arrowhead":183,"Ornamental Fan":177,"Ring of Misfortune":47,"betterThird:SlimedRelic":105,"Ectoplasm":526,"Art of War":49,"Garlic":136,"Durian":156,"hexamod:BolsterEngine":366,"Ice Cream":83,"Divine Protection":243,"Calipers":32,"Tiny House":350,"Gremlin Horn":250,"Nilry\u0027s Codex":13,"Sozu":511,"Centennial Puzzle":105,"Honey Jar":276,"Prayer Wheel":23,"Philosopher\u0027s Stone":253,"Iron Hammer":33,"Girya":115,"ReplayTheSpireMod:CursedCoin":113,"Replay:Grab Bag":261,"Charon\u0027s Ashes":184,"WarpedTongs":67,"Du-Vu Doll":519,"ReplayTheSpireMod:Spearhead":200,"Onion Ring":55,"Mirror":265,"Pocketwatch":217,"Black Blood":261,"Juzu Bracelet":113,"Replay:Mystery Machine":66,"Empty Cage":201,"Nunchaku":51,"Dream Catcher":249,"PokerPlayerMod:DeckCase":0,"Chameleon Ring":53,"TheAbacus":321,"Red Mask":23,"Replay:Bottled Snecko":293,"Runic Pyramid":261,"Guide Book":379,"Replay:WaspNest":29,"Odd Mushroom":9,"Mercury Hourglass":75,"Calling Bell":11,"Strange Spoon":151,"Pondfish Scales":130,"PokerPlayerMod:EnergeticBat":543,"Bag of Marbles":104,"Membership Card":66,"FossilizedHelix":34,"ReplayTheSpireMod:ShopPack":194,"Golden Egg":146,"Ginger":226,"Whetstone":417,"Bottled Tornado":235,"Old Coin":92,"Replay:Ringing Soul":102,"Sundial":11,"MealTicket":14,"Kunai":33,"Replay:Wax Seal":28,"Electric Blood":62,"Pear":519,"betterAltar:BloodRelic":171,"ReplayTheSpireMod:Ring of Addiction":47,"Replay:Ancient Bell":46,"SlaversCollar":369,"Ooze Armor":175,"Pandora\u0027s Box":420,"Mark of Pain":37,"Lantern":46,"Magic Flower":28,"StoneCalendar":55,"Blue Doll":180,"Replay:Multitool":117,"Bag of Preparation":155,"Cursed Key":19,"Replay:Rubber Ducky":122,"Shovel":46,"Ring of Peace":186,"WingedGreaves":287,"Paper Frog":40,"Self Forming Clay":272,"Thread and Needle":167,"The Courier":324,"betterThird:NestCultRelic":329,"Omamori":100,"Frozen Egg 2":156,"MawBank":92,"sneckomod:BabySnecko":481,"Busted Crown":112,"Bloody Idol":39,"Orrery":421,"Turnip":141,"Champion Belt":456,"ReplayTheSpireMod:Lightbulb":92,"Toy Ornithopter":92,"CeramicFish":66,"Vajra":7,"Lizard Tail":24,"HornCleat":54,"downfall:GremlinWheel":387,"FaceOfCleric":9,"DollysMirror":151,"Strawberry":85,"Toxic Egg 2":20,"Happy Flower":36,"Ring of Hypnosis":375,"Dead Branch":11,"Oddly Smooth Stone":75,"Letter Opener":60,"Replay:Kaleidoscope":73,"War Paint":160,"Question Card":396,"Bottled Flame":41,"Replay:Baseball":97,"ReplayTheSpireMod:Shallot":67,"Shuriken":46,"Bronze Scales":127,"Molten Egg 2":24,"Simple Rune":118,"ReplayTheSpireMod:TigerMarble":66,"Nloth\u0027s Gift":387,"Black Star":439,"Grinning Jar":106,"Meat on the Bone":290,"ReplayFunnel":137,"Darkstone Periapt":293,"ReplayTheSpireMod:Ring of Exchange":197,"Replay:PocketPolymizer":122,"Mango":99,"Incense Burner":156,"ClockworkSouvenir":75,"Frozen Eye":184,"SsserpentHead":441,"Replay:Bandana":254,"Mummified Hand":216,"Pantograph":55,"Tiny Chest":410,"Red Skull":11,"Gremlin Food":47,"BargainBundle":89,"hexamod:CandleOfCauterizing":469,"ReplayTheSpireMod:Ninjato":129,"Replay:Towering Pillar of Hats":358,"Quantum Egg":50,"PokerPlayerMod:AceCard":558,"Orichalcum":100,"White Beast Statue":47,"Peace Pipe":156,"CaptainsWheel":0,"Anchor":123,"ChewingGum":138,"Another Sword":102,"Snack Pack":92,"Coffee Dripper":130,"PokerPlayerMod:ClubPass":552,"TungstenRod":59},{"Replay:Accelerometer":982,"Spirit Poop":2006,"Sling":464,"Ring of Searing":1582,"Blood Vial":183,"Replay:Bottled Flurry":727,"HandDrill":928,"Replay:Bottled Steam":1866,"Blue Candle":1086,"Eternal Feather":2208,"Pen Nib":1804,"Akabeko":436,"Bird Faced Urn":28,"ReplayTheSpireMod:Ring of Collecting":865,"StrikeDummy":1896,"Unceasing Top":1996,"Regal Pillow":52,"Torii":381,"Singing Bowl":473,"King of Hearts":464,"Smiling Mask":1297,"Burning Blood":0,"Pet Ghost":375,"Toolbox":125,"Chemical X":46,"Replay:Bottled Eggs":1495,"InkBottle":565,"Potion Belt":228,"Lee\u0027s Waffle":375,"Golden Idol":865,"PreservedInsect":668,"Ring of Greed":637,"Replay:Arrowhead":853,"Ornamental Fan":833,"Ring of Misfortune":228,"betterThird:SlimedRelic":475,"Ectoplasm":2380,"Art of War":239,"Garlic":644,"Durian":749,"hexamod:BolsterEngine":1700,"Ice Cream":404,"Divine Protection":1125,"Calipers":142,"Tiny House":1630,"Gremlin Horn":1157,"Nilry\u0027s Codex":46,"Sozu":2321,"Centennial Puzzle":475,"Honey Jar":1274,"Prayer Wheel":101,"Philosopher\u0027s Stone":1174,"Iron Hammer":146,"Girya":519,"ReplayTheSpireMod:CursedCoin":506,"Replay:Grab Bag":1209,"Charon\u0027s Ashes":860,"WarpedTongs":338,"Du-Vu Doll":2358,"ReplayTheSpireMod:Spearhead":928,"Onion Ring":286,"Mirror":1228,"Pocketwatch":1017,"Black Blood":1209,"Juzu Bracelet":506,"Replay:Mystery Machine":335,"Empty Cage":935,"Nunchaku":256,"Dream Catcher":1150,"PokerPlayerMod:DeckCase":0,"Chameleon Ring":267,"TheAbacus":1495,"Red Mask":101,"Replay:Bottled Snecko":1364,"Runic Pyramid":1209,"Guide Book":1761,"Replay:WaspNest":129,"Odd Mushroom":32,"Mercury Hourglass":375,"Calling Bell":38,"Strange Spoon":718,"Pondfish Scales":625,"PokerPlayerMod:EnergeticBat":2457,"Bag of Marbles":473,"Membership Card":335,"FossilizedHelix":150,"ReplayTheSpireMod:ShopPack":898,"Golden Egg":696,"Ginger":1054,"Whetstone":1947,"Bottled Tornado":1090,"Old Coin":431,"Replay:Ringing Soul":464,"Sundial":38,"MealTicket":52,"Kunai":146,"Replay:Wax Seal":125,"Electric Blood":319,"Pear":2358,"betterAltar:BloodRelic":802,"ReplayTheSpireMod:Ring of Addiction":228,"Replay:Ancient Bell":224,"SlaversCollar":1719,"Ooze Armor":825,"Pandora\u0027s Box":1961,"Mark of Pain":174,"Lantern":224,"Magic Flower":125,"StoneCalendar":286,"Blue Doll":845,"Replay:Multitool":528,"Bag of Preparation":741,"Cursed Key":81,"Replay:Rubber Ducky":565,"Shovel":224,"Ring of Peace":865,"WingedGreaves":1330,"Paper Frog":188,"Self Forming Clay":1254,"Thread and Needle":782,"The Courier":1501,"betterThird:NestCultRelic":1532,"Omamori":460,"Frozen Egg 2":749,"MawBank":431,"sneckomod:BabySnecko":2211,"Busted Crown":501,"Bloody Idol":183,"Orrery":1965,"Turnip":671,"Champion Belt":2117,"ReplayTheSpireMod:Lightbulb":431,"Toy Ornithopter":431,"CeramicFish":335,"Vajra":28,"Lizard Tail":102,"HornCleat":280,"downfall:GremlinWheel":1804,"FaceOfCleric":32,"DollysMirror":718,"Strawberry":409,"Toxic Egg 2":85,"Happy Flower":161,"Ring of Hypnosis":1743,"Dead Branch":38,"Oddly Smooth Stone":375,"Letter Opener":306,"Replay:Kaleidoscope":363,"War Paint":759,"Question Card":1848,"Bottled Flame":193,"Replay:Baseball":448,"ReplayTheSpireMod:Shallot":338,"Shuriken":224,"Bronze Scales":593,"Molten Egg 2":102,"Simple Rune":534,"ReplayTheSpireMod:TigerMarble":335,"Nloth\u0027s Gift":1804,"Black Star":2041,"Grinning Jar":479,"Meat on the Bone":1347,"ReplayFunnel":648,"Darkstone Periapt":1364,"ReplayTheSpireMod:Ring of Exchange":916,"Replay:PocketPolymizer":565,"Mango":458,"Incense Burner":749,"ClockworkSouvenir":375,"Frozen Eye":860,"SsserpentHead":2050,"Replay:Bandana":1178,"Mummified Hand":1010,"Pantograph":286,"Tiny Chest":1920,"Red Skull":38,"Gremlin Food":228,"BargainBundle":422,"hexamod:CandleOfCauterizing":2176,"ReplayTheSpireMod:Ninjato":608,"Replay:Towering Pillar of Hats":1662,"Quantum Egg":245,"PokerPlayerMod:AceCard":2520,"Orichalcum":460,"White Beast Statue":228,"Peace Pipe":749,"CaptainsWheel":0,"Anchor":570,"ChewingGum":659,"Another Sword":464,"Snack Pack":431,"Coffee Dripper":625,"PokerPlayerMod:ClubPass":2492,"TungstenRod":303}],"Toy Ornithopter":0,"TungstenRod":18,"WarpedTongs":[86]},"card_choices":[{"not_picked":["PokerPlayerMod:DiamondStrike","PokerPlayerMod:Diamond1"],"picked":"PokerPlayerMod:Raise","floor":1.0},{"not_picked":["PokerPlayerMod:FlyingCard","PokerPlayerMod:Spade5"],"picked":"PokerPlayerMod:CardPrinter","floor":4.0},{"not_picked":["PokerPlayerMod:DiamondStrike","PokerPlayerMod:Spade6"],"picked":"PokerPlayerMod:Heart3","floor":5.0},{"not_picked":["PokerPlayerMod:Manipulation","PokerPlayerMod:ClubShade"],"picked":"PokerPlayerMod:Heart7","floor":6.0},{"not_picked":["PokerPlayerMod:DartThrow","PokerPlayerMod:Diamond3"],"picked":"PokerPlayerMod:VarietyAttack","floor":14.0},{"not_picked":["PokerPlayerMod:Spade9","PokerPlayerMod:TheDieIsCast"],"picked":"PokerPlayerMod:GamblerForm","floor":16.0},{"not_picked":["PokerPlayerMod:MagicTrick","PokerPlayerMod:Trickery"],"picked":"PokerPlayerMod:SecondChance+1","floor":18.0},{"not_picked":["PokerPlayerMod:Trickery","PokerPlayerMod:SecondChance+1"],"picked":"PokerPlayerMod:Harden+1","floor":19.0},{"not_picked":["PokerPlayerMod:FlyingCard","PokerPlayerMod:DamnStraight"],"picked":"PokerPlayerMod:JackOfSpades","floor":20.0},{"not_picked":["PokerPlayerMod:Fold","PokerPlayerMod:RoyalStrike"],"picked":"PokerPlayerMod:Diamond10+","floor":23.0},{"not_picked":["PokerPlayerMod:Heart2","PokerPlayerMod:Diamond1"],"picked":"PokerPlayerMod:Club3","floor":24.0},{"not_picked":["PokerPlayerMod:Diamond1","PokerPlayerMod:CardBurn"],"picked":"PokerPlayerMod:Raise+1","floor":25.0},{"not_picked":["PokerPlayerMod:ClubsClub","PokerPlayerMod:MagicTrick"],"picked":"PokerPlayerMod:HotShotCut","floor":27.0},{"not_picked":["PokerPlayerMod:Spade4","PokerPlayerMod:Diamond1"],"picked":"PokerPlayerMod:Overdeal+1","floor":31},{"not_picked":["PokerPlayerMod:Spade9","PokerPlayerMod:Spade8"],"picked":"PokerPlayerMod:Diamond9","floor":33},{"not_picked":["PokerPlayerMod:DartThrow+1","PokerPlayerMod:Extraction"],"picked":"PokerPlayerMod:Trickery+1","floor":35},{"not_picked":["Dramatic Entrance","Sadistic Nature"],"picked":"Panache","floor":36},{"not_picked":["HandOfGreed","PanicButton"],"picked":"Mind Blast","floor":36},{"not_picked":["PokerPlayerMod:Diamond3","PokerPlayerMod:Raise"],"picked":"PokerPlayerMod:Spade1","floor":37},{"not_picked":["PokerPlayerMod:Diamond1","PokerPlayerMod:HotShotCut+1"],"picked":"PokerPlayerMod:Diamond3","floor":38},{"not_picked":["PokerPlayerMod:Spade6","PokerPlayerMod:CardBurn"],"picked":"PokerPlayerMod:DartThrow+1","floor":40}],"player_experience":428080,"relics_obtained":[{"floor":6.0,"key":"Anchor"},{"floor":9.0,"key":"Strawberry"},{"floor":17.0,"key":"Dream Catcher"},{"floor":17.0,"key":"hexamod:CandleOfCauterizing"},{"floor":17.0,"key":"TungstenRod"},{"floor":23.0,"key":"Akabeko"},{"floor":26.0,"key":"CeramicFish"},{"floor":40,"key":"Potion Belt"}],"event_choices":[{"damage_healed":0.0,"max_hp_gain":0.0,"max_hp_loss":0.0,"gold_gain":0.0,"event_name":"Accursed Blacksmith","player_choice":"Rummage","floor":2.0,"gold_loss":0.0,"damage_taken":0.0,"relics_obtained":["WarpedTongs"],"cards_obtained":["Pain"]},{"damage_healed":0.0,"max_hp_gain":0.0,"max_hp_loss":0.0,"gold_gain":175.0,"event_name":"betterThird:BetterSerpent","player_choice":"AGREE","floor":10.0,"gold_loss":0.0,"damage_taken":96.0},{"damage_healed":0.0,"max_hp_gain":0.0,"max_hp_loss":0.0,"gold_gain":0.0,"event_name":"betterThird:BetterGoop","player_choice":"Slimed","floor":13.0,"gold_loss":0.0,"damage_taken":11.0},{"damage_healed":0.0,"max_hp_gain":0.0,"max_hp_loss":0.0,"gold_gain":275.0,"event_name":"Golden Shrine","player_choice":"Desecrate","floor":21.0,"gold_loss":0.0,"damage_taken":0.0,"cards_obtained":["Regret"]},{"damage_healed":0.0,"max_hp_gain":0.0,"max_hp_loss":0.0,"gold_gain":0.0,"event_name":"Upgrade Shrine","player_choice":"Upgraded","floor":28.0,"gold_loss":0.0,"damage_taken":0.0,"cards_upgraded":["PokerPlayerMod:VarietyAttack"]},{"damage_healed":0,"gold_gain":0,"player_choice":"Ignored","damage_taken":0,"max_hp_gain":0,"max_hp_loss":0,"event_name":"betterNote:BetterNote","floor":29,"gold_loss":0,"cards_obtained":["Limit Break"]},{"damage_healed":0,"gold_gain":3,"player_choice":"1","damage_taken":0,"max_hp_gain":0,"max_hp_loss":0,"event_name":"betterStone:BetterStone","floor":36,"gold_loss":0}],"is_beta":false,"boss_relics":[{"not_picked":["Sozu","SacredBark"],"picked":"Calling Bell"},{"not_picked":["Velvet Choker","bronze:MakeshiftBattery"],"picked":"PokerPlayerMod:AceCard"}],"items_purged_floors":[11,11,22],"is_endless":false,"potions_floor_spawned":[5,14,16,18,20,27,31,35,40],"killed_by":"Giant Head","ascension_level":0}}