{"host":"6r9t33axn0fzb9aq","time":1611611287,"event":{"mods":["Aspiration","BaseMod","Better Altar","Better Match","Better Note","Better Third Choice","CatGirl Mod","Clockwork Mod","Colored Map","Colored Powertips","Conspire","Curses Come First","Custom Start","Energized Spire","Halation","Hubris","Infinite Spire","Marisa????????","Minty Spire (QoL Compilation)","Onozuka Komachi Mod","Poor People Problems","Reliquary","Remilia??????","Replay The Spire","Reworked Bosses","Shade Mod","Spicy Shops","Spire Arcade","StSLib","The Blue Laboratory","The Death Knight","The Hierophant","The Marked","The Necromancer","The Servant 0.9.4","TheHero","Trackpad","Waifu the Spire","Wandering Minibosses"],"gold_per_floor":[110,130,130,23,35,64,64,64,64,64,91,91,118,148,148,245,345,356,371,571,584,584,609,609,635,662,662,681,405,438,438,438,541,591,607,372,404,404,420,458,458,360,384,384,421,448,448,483,483,586,586,600,608,619,641,641,664,379,407,407,407,418,435,435,488,488,571,571,588,688,688,718,726,726,726,748,748,774,774,774,774,774,774,865,865,883,883,897,924,924,938,650,665,665,697,697,706,727,752,752,849,849,861,861,861,917,927,927,962,991,1014,939,968,998,998,1090,1090,1106,1115,1144,1144,1144,1159,1084,1110,1110,1126,1155,1155,1252,1252,1264,1264,1294,1219,1219,1219,1219,1128,1128,1128,1153,1153,1228,1228,1228,1228,1256,1320],"floor_reached":158,"language":"ENG","playtime":5993,"items_purged":["Defragment+1","Loop+1"],"score":5185,"play_id":"ca1db29d-74de-4c35-810e-fe2054ac0eb8","local_time":"20210125214807","daily_mods":["Hoarder","Vintage","Heirloom","Time Dilation","Flight","DeadlyEvents","Elite Swarm","Binary"],"is_ascension_mode":false,"campfire_choices":[{"data":"Loop","floor":7.0,"key":"SMITH"},{"data":"Loop","floor":8.0,"key":"SMITH"},{"data":"Loop","floor":10.0,"key":"SMITH"},{"data":"Zap","floor":15.0,"key":"SMITH"},{"data":"Defend_B","floor":24.0,"key":"SMITH"},{"floor":27.0,"key":"REST"},{"data":"Conserve Battery","floor":32.0,"key":"SMITH"},{"data":"Ball Lightning","floor":41.0,"key":"SMITH"},{"data":"Conserve Battery","floor":44.0,"key":"SMITH"},{"data":"Conserve Battery","floor":49.0,"key":"SMITH"},{"data":"Defragment+1","floor":64.0,"key":"SMITH"},{"data":"Defragment+2","floor":66.0,"key":"SMITH"},{"data":"Injury","floor":74.0,"key":"SMITH"},{"data":"Injury","floor":75.0,"key":"SMITH"},{"data":"Defragment+3","floor":79.0,"key":"SMITH"},{"data":"Defragment+4","floor":80.0,"key":"SMITH"},{"data":"Defragment+5","floor":83.0,"key":"SMITH"},{"data":"Defragment+6","floor":100.0,"key":"SMITH"},{"data":"Defragment+7","floor":100.0,"key":"SMITH"},{"data":"Injury","floor":108.0,"key":"SMITH"},{"data":"Defragment+8","floor":108.0,"key":"SMITH"},{"data":"Defragment+9","floor":117.0,"key":"SMITH"},{"data":"Defragment+10","floor":117.0,"key":"SMITH"},{"data":"Defragment+11","floor":134.0,"key":"SMITH"},{"data":"Decay","floor":134.0,"key":"SMITH"},{"data":"Defragment+1","floor":143,"key":"SMITH"},{"data":"Decay","floor":143,"key":"SMITH"},{"data":"Decay","floor":144,"key":"SMITH"},{"data":"Defragment+2","floor":144,"key":"SMITH"},{"data":"Defragment+3","floor":147,"key":"SMITH"},{"data":"Defragment+4","floor":147,"key":"SMITH"},{"data":"Defragment+5","floor":148,"key":"SMITH"},{"data":"Defragment+6","floor":148,"key":"SMITH"},{"data":"Defragment+7","floor":151,"key":"SMITH"},{"data":"Defragment+8","floor":151,"key":"SMITH"},{"data":"Defragment+9","floor":154,"key":"SMITH"},{"data":"Defragment+10","floor":154,"key":"SMITH"}],"circlet_count":0,"master_deck":["Strike_B+1","Strike_B","Strike_B","Strike_B+1","Defend_B+1","Defend_B","Defend_B","Defend_B","Zap+1","Dualcast+1","Loop+1","Loop+1","Loop+1","Ball Lightning+1","Ball Lightning+2","Ball Lightning","Capacitor+1","Capacitor+1","Capacitor+1","Conserve Battery+1","Conserve Battery+1","Conserve Battery+1","Defragment+12","Defragment+1","Storm+1","Storm+1","Storm+1","Defragment+11","Ball Lightning+1","Ball Lightning+1","Ball Lightning+1","Heatsinks+1","Heatsinks+1","Heatsinks+1","Loop+1","Loop+1","Loop+1","Storm+1","Storm+1","Storm+1","Defragment+1","Defragment+1","Double Energy","Double Energy","Double Energy"],"relics":["Cracked Core","Busted Crown","replay:Trail_Library","halation:Trompette","halation:KoshaPiece","reliquary:TuningFork","Solar Panel","Toy Ornithopter","trackpad:WindUpAutoDealer","trackpad:Mousetrap","Frozen Egg 2","Replay:Baseball","ReplayTheSpireMod:Lightbulb","Replay:Wanted Poster","Bottled Flame","hubris:RGBLights","infinitespire:Satchel","reliquary:TridentHead","hubris:Metronome","reliquary:Boomerang","infinitespire:FocusingShard","Replay:Rubber Ducky","Meat on the Bone","trackpad:FieryHotPepper","SlaversCollar","Tiny House","Oddly Smooth Stone","reliquary:PartyBalloon","infinitespire:CursedDice","hubris:Towel","Replay:Bandana","Pocketwatch","trackpad:AdjectivePendant","reliquary:Buckler","infinitespire:ShieldingShard","trackpad:ByrdCharm","conspire:Dentures","conspire:RoyalGoblet","hubris:BallOfYels","trackpad:SappingStone","infinitespire:WardingShard","Odd Mushroom","conspire:InfiniteJournal","Mummified Hand","Golden Egg","reliquary:Knoch","conspire:TopHat","Philosopher\u0027s Stone","hubris:SlimyHat","halation:PrussianBluePaint","trackpad:ZombieHeart","hubris:Zylophone","Replay:Bottled Eggs","BargainBundle","aspiration:Stellarator","Incense Burner","reliquary:RoseTintedGlasses","Ginger","reliquary:HotPoker","Replay:Arrowhead","aspiration:SeaSaltIceCream","Gremlin Horn","Sundial","trackpad:HandOfMidas","hubris:EvacipatedBox","hubris:BundleOfHerbs","aspiration:Lifesprig","reliquary:SharkskinSheath","Sozu","MealTicket","Calipers","hubris:OldNail","hubris:Teleporter","CeramicFish","Iron Hammer","aspiration:HatOfInfinitePower","hubris:ScarierMask","Counterbalance","Carrot","Gremlin Food","conspire:BottledYoYo","Replay:Towering Pillar of Hats","Whetstone","hubris:MysteriousPyramids","Orichalcum","Replay:Frozen Program","reliquary:HotPoker","trackpad:Coffee","trackpad:RapidFire"],"acts_visited":["Exordium","TheCity","TheBeyond","Exordium","TheCity","TheBeyond","Exordium","TheCity","TheBeyond","TheEnding"],"potions_floor_usage":[152,152],"damage_taken":[{"damage":0.0,"enemies":"2 Louse","floor":1.0,"turns":2.0},{"damage":0.0,"enemies":"Small Slimes","floor":2.0,"turns":2.0},{"damage":0.0,"enemies":"conspire:RoseBush","floor":5.0,"turns":3.0},{"damage":30.0,"enemies":"Lagavulin","floor":6.0,"turns":6.0},{"damage":18.0,"enemies":"3 Sentries","floor":11.0,"turns":4.0},{"damage":0.0,"enemies":"Replay:BlueRogue","floor":14.0,"turns":3.0},{"damage":33.0,"enemies":"Fading Forest","floor":16.0,"turns":11.0},{"damage":18.0,"enemies":"2 Thieves","floor":18.0,"turns":3.0},{"damage":23.0,"enemies":"Shell Parasite","floor":19.0,"turns":4.0},{"damage":3.0,"enemies":"Snecko","floor":21.0,"turns":3.0},{"damage":33.0,"enemies":"Nightmare","floor":23.0,"turns":6.0},{"damage":28.0,"enemies":"Replay:Snechameleon","floor":25.0,"turns":5.0},{"damage":2.0,"enemies":"conspire:HollyBat","floor":28.0,"turns":6.0},{"damage":0.0,"enemies":"conspire:Head Lice","floor":30.0,"turns":4.0},{"damage":0.0,"enemies":"Automaton","floor":33.0,"turns":6.0},{"damage":5.0,"enemies":"3 Darklings","floor":35.0,"turns":4.0},{"damage":0.0,"enemies":"Orb Walker","floor":39.0,"turns":1.0},{"damage":0.0,"enemies":"Giant Head","floor":40.0,"turns":4.0},{"damage":0.0,"enemies":"Reptomancer","floor":45.0,"turns":2.0},{"damage":0.0,"enemies":"R_Hoarder","floor":46.0,"turns":2.0},{"damage":0.0,"enemies":"Giant Head","floor":48.0,"turns":3.0},{"damage":0.0,"enemies":"Time Eater","floor":50.0,"turns":4.0},{"damage":0.0,"enemies":"Cultist","floor":52.0,"turns":2.0},{"damage":0.0,"enemies":"Small Slimes","floor":53.0,"turns":2.0},{"damage":0.0,"enemies":"Jaw Worm","floor":54.0,"turns":1.0},{"damage":0.0,"enemies":"The Mushroom Lair","floor":55.0,"turns":1.0},{"damage":0.0,"enemies":"Replay:BlueRogue","floor":57.0,"turns":2.0},{"damage":0.0,"enemies":"3 Sentries","floor":59.0,"turns":2.0},{"damage":0.0,"enemies":"3 Louse","floor":62.0,"turns":1.0},{"damage":0.0,"enemies":"2 Fungi Beasts","floor":63.0,"turns":1.0},{"damage":0.0,"enemies":"Fading Forest","floor":67.0,"turns":2.0},{"damage":0.0,"enemies":"Spheric Guardian","floor":69.0,"turns":1.0},{"damage":1.0,"enemies":"Slavers","floor":72.0,"turns":2.0},{"damage":0.0,"enemies":"Shell Parasite","floor":73.0,"turns":2.0},{"damage":0.0,"enemies":"conspire:Head Lice","floor":76.0,"turns":2.0},{"damage":29.0,"enemies":"Slavers","floor":78.0,"turns":2.0},{"damage":0.0,"enemies":"Automaton","floor":84.0,"turns":2.0},{"damage":0.0,"enemies":"3 Darklings","floor":86.0,"turns":2.0},{"damage":0.0,"enemies":"Orb Walker","floor":88.0,"turns":2.0},{"damage":0.0,"enemies":"R_Hoarder","floor":89.0,"turns":2.0},{"damage":0.0,"enemies":"Nemesis","floor":91.0,"turns":3.0},{"damage":0.0,"enemies":"Sphere and 2 Shapes","floor":93.0,"turns":2.0},{"damage":0.0,"enemies":"Reptomancer","floor":95.0,"turns":1.0},{"damage":0.0,"enemies":"Writhing Mass","floor":97.0,"turns":1.0},{"damage":0.0,"enemies":"R_Hoarder","floor":98.0,"turns":2.0},{"damage":0.0,"enemies":"Reptomancer","floor":99.0,"turns":1.0},{"damage":0.0,"enemies":"hubris:GrandSnecko","floor":101.0,"turns":2.0},{"damage":0.0,"enemies":"2 Louse","floor":103.0,"turns":1.0},{"damage":0.0,"enemies":"Jaw Worm","floor":107.0,"turns":1.0},{"damage":0.0,"enemies":"3 Sentries","floor":109.0,"turns":1.0},{"damage":0.0,"enemies":"Nightmare","floor":110.0,"turns":1.0},{"damage":0.0,"enemies":"3 Sentries","floor":114.0,"turns":1.0},{"damage":0.0,"enemies":"Gremlin Nob","floor":116.0,"turns":1.0},{"damage":0.0,"enemies":"Hexaghost","floor":118.0,"turns":1.0},{"damage":0.0,"enemies":"2 Thieves","floor":120.0,"turns":1.0},{"damage":0.0,"enemies":"Gremlin Leader","floor":122.0,"turns":1.0},{"damage":10.0,"enemies":"Nightmare_Alpha","floor":125.0,"turns":4.0},{"damage":0.0,"enemies":"Gremlin Leader","floor":127.0,"turns":1.0},{"damage":0.0,"enemies":"Chosen","floor":130.0,"turns":1.0},{"damage":0.0,"enemies":"Slavers","floor":132.0,"turns":1.0},{"damage":0.0,"enemies":"hubris:MusketHawk","floor":135.0,"turns":1.0},{"damage":0.0,"enemies":"Orb Walker","floor":137.0,"turns":1.0},{"damage":0,"enemies":"R_Hoarder","floor":139,"turns":1},{"damage":0,"enemies":"Reptomancer","floor":149,"turns":1},{"damage":0,"enemies":"infinitespire:LordOfFortification","floor":152,"turns":2},{"damage":0,"enemies":"Shield and Spear","floor":156,"turns":1},{"damage":35,"enemies":"The Heart","floor":157,"turns":5}],"seed_played":"-3224001894154244302","potions_obtained":[{"floor":1.0,"key":"blueLaboratory:EnragingPotion"},{"floor":11.0,"key":"blueLaboratory:AbyssPotion"},{"floor":14.0,"key":"blueLaboratory:AbyssPotion"},{"floor":16.0,"key":"blueLaboratory:AbyssPotion"},{"floor":18.0,"key":"blueLaboratory:RelayPotion"},{"floor":21.0,"key":"blueLaboratory:BottleOfVodka"},{"floor":28.0,"key":"Venom Potion"},{"floor":30.0,"key":"Ancient Potion"},{"floor":35.0,"key":"blueLaboratory:BottleOfRum"}],"is_trial":true,"path_per_floor":["M","M","?","$","M","E","R","R","T","R","E","?","T","E","R","B",null,"M","M","?","M","$","NM","R","E","T","R","M","$","E","AVR","R","B",null,"M","$","?","?","M","E","R","$","T","R","E","E","T","E","R","B",null,"M","M","M","?","?","E","$","E","T","$","M","M","R","T","R_BF","B",null,"M","?","$","E","M","R","R","E","T","E","R","R","$","AVR","R","B",null,"M","?","M","E","$","E","$","M","T","E","$","M","E","E","R","B",null,"M","$","?","?","M","R","E","NM","T","$","E","E","R","B",null,"M","?","E","T","$","NM","$","E","T","M","E","R","B",null,"M","?","E","$","R","R","T","NS","R","R","E","R","B",null,"R","$","E","B",null],"character_chosen":"DEFECT","items_purchased":["Loop","Replay:Rubber Ducky","Defragment+1","reliquary:PartyBalloon","Storm+1","Defragment+1","Ball Lightning","conspire:InfiniteJournal","Replay:Arrowhead","hubris:EvacipatedBox","Defragment+1","Replay:Frozen Program"],"campfire_rested":1,"item_purchase_floors":[4,29,29,36,36,42,42,58,92,96,126,141],"current_hp_per_floor":[75,75,63,63,63,35,35,35,35,35,28,28,28,37,37,39,75,65,57,57,64,64,47,47,33,33,55,74,74,75,75,75,75,80,80,80,48,48,54,74,74,74,74,74,80,80,80,80,80,80,80,80,80,80,80,80,80,80,80,80,80,80,80,80,80,80,80,80,80,80,80,80,80,80,80,81,81,59,59,59,59,59,59,80,85,91,91,92,93,93,94,94,97,97,98,79,82,91,94,94,101,102,104,104,109,109,110,110,113,114,114,114,117,118,118,119,119,120,120,121,121,121,112,122,123,123,124,126,126,127,127,128,128,129,129,129,129,129,129,129,129,130,130,131,131,131,131,132,108],"gold":1320,"neow_bonus":"","is_daily":false,"chose_seed":false,"campfire_upgraded":36,"win_rate":0.0,"timestamp":1611611287,"path_taken":["M","M","?","$","M","E","R","R","T","R","E","?","?","?","R","BOSS","M","?","?","M","$","NM","R","?","T","R","M","$","?","AVR","R","BOSS","M","$","?","?","?","E","R","$","T","R","?","E","?","?","R","BOSS","M","M","?","?","?","E","$","?","T","$","?","?","R","?","R_BF","BOSS","M","?","$","?","?","R","R","?","T","E","R","R","$","AVR","R","BOSS","M","?","?","?","$","E","$","?","T","E","?","?","E","E","R","BOSS","M","$","?","?","?","R","?","NM","T","$","E","E","R","BOSS","M","?","?","?","$","NM","$","E","T","?","E","R","BOSS","M","?","?","$","R","R","T","NS","R","R","E","R","BOSS","R","$","E","BOSS"],"items_purchased_type":["Card","Relic","Card","Relic","Card","Card","Card","Relic","Relic","Relic","Card","Relic"],"build_version":"2020-12-22","purchased_purges":2,"victory":true,"max_hp_per_floor":[75,75,75,75,75,75,75,75,75,75,75,75,75,75,75,75,75,75,75,75,75,75,75,75,75,75,75,75,75,75,75,75,75,80,80,80,80,80,80,80,80,80,80,80,80,80,80,80,80,80,80,80,80,80,80,80,80,80,80,80,80,80,80,80,80,80,80,80,80,80,80,80,80,80,80,81,81,84,84,84,84,84,84,85,85,91,91,92,93,93,94,94,97,97,98,98,99,100,101,101,102,102,104,104,109,109,110,110,113,114,114,114,117,118,118,119,119,120,120,121,121,121,122,122,123,123,124,126,126,127,127,128,128,129,129,129,129,129,129,129,129,130,130,131,131,131,131,132,133],"card_choices":[],"player_experience":388258,"relics_obtained":[{"floor":2.0,"key":"halation:KoshaPiece"},{"floor":5.0,"key":"Solar Panel"},{"floor":6.0,"key":"Toy Ornithopter"},{"floor":9.0,"key":"trackpad:WindUpAutoDealer"},{"floor":11.0,"key":"trackpad:Mousetrap"},{"floor":13.0,"key":"Replay:Baseball"},{"floor":14.0,"key":"ReplayTheSpireMod:Lightbulb"},{"floor":18.0,"key":"Bottled Flame"},{"floor":19.0,"key":"hubris:RGBLights"},{"floor":21.0,"key":"infinitespire:Satchel"},{"floor":23.0,"key":"reliquary:TridentHead"},{"floor":25.0,"key":"hubris:Metronome"},{"floor":26.0,"key":"reliquary:Boomerang"},{"floor":28.0,"key":"infinitespire:FocusingShard"},{"floor":30.0,"key":"Meat on the Bone"},{"floor":35.0,"key":"Oddly Smooth Stone"},{"floor":37.0,"key":"infinitespire:CursedDice"},{"floor":39.0,"key":"Replay:Bandana"},{"floor":40.0,"key":"Pocketwatch"},{"floor":43.0,"key":"trackpad:AdjectivePendant"},{"floor":45.0,"key":"reliquary:Buckler"},{"floor":46.0,"key":"infinitespire:ShieldingShard"},{"floor":47.0,"key":"trackpad:ByrdCharm"},{"floor":48.0,"key":"conspire:Dentures"},{"floor":52.0,"key":"hubris:BallOfYels"},{"floor":53.0,"key":"trackpad:SappingStone"},{"floor":54.0,"key":"infinitespire:WardingShard"},{"floor":55.0,"key":"Odd Mushroom"},{"floor":59.0,"key":"Mummified Hand"},{"floor":62.0,"key":"Golden Egg"},{"floor":63.0,"key":"reliquary:Knoch"},{"floor":65.0,"key":"conspire:TopHat"},{"floor":69.0,"key":"hubris:SlimyHat"},{"floor":72.0,"key":"halation:PrussianBluePaint"},{"floor":73.0,"key":"trackpad:ZombieHeart"},{"floor":76.0,"key":"hubris:Zylophone"},{"floor":78.0,"key":"Replay:Bottled Eggs"},{"floor":86.0,"key":"Incense Burner"},{"floor":88.0,"key":"reliquary:RoseTintedGlasses"},{"floor":89.0,"key":"Ginger"},{"floor":91.0,"key":"reliquary:HotPoker"},{"floor":93.0,"key":"aspiration:SeaSaltIceCream"},{"floor":94.0,"key":"Sundial"},{"floor":95.0,"key":"trackpad:HandOfMidas"},{"floor":97.0,"key":"hubris:BundleOfHerbs"},{"floor":98.0,"key":"aspiration:Lifesprig"},{"floor":99.0,"key":"reliquary:SharkskinSheath"},{"floor":103.0,"key":"MealTicket"},{"floor":107.0,"key":"Calipers"},{"floor":109.0,"key":"hubris:OldNail"},{"floor":110.0,"key":"hubris:Teleporter"},{"floor":111.0,"key":"CeramicFish"},{"floor":114.0,"key":"Iron Hammer"},{"floor":116.0,"key":"aspiration:HatOfInfinitePower"},{"floor":120.0,"key":"Counterbalance"},{"floor":122.0,"key":"Carrot"},{"floor":125.0,"key":"Gremlin Food"},{"floor":127.0,"key":"conspire:BottledYoYo"},{"floor":130.0,"key":"Replay:Towering Pillar of Hats"},{"floor":132.0,"key":"Whetstone"},{"floor":137.0,"key":"hubris:MysteriousPyramids"},{"floor":139,"key":"Orichalcum"},{"floor":145,"key":"reliquary:SculptingSteel"},{"floor":156,"key":"trackpad:RapidFire"}],"event_choices":[{"damage_healed":0.0,"max_hp_gain":0.0,"max_hp_loss":0.0,"gold_gain":0.0,"event_name":"betterThird:BetterScrap","player_choice":"Relic ","floor":3.0,"gold_loss":0.0,"damage_taken":12.0,"cards_obtained":["Swivel"]},{"damage_healed":0.0,"max_hp_gain":0.0,"max_hp_loss":0.0,"gold_gain":200.0,"event_name":"Wheel of Change","player_choice":"Gold","floor":20.0,"gold_loss":0.0,"damage_taken":0.0},{"damage_healed":0.0,"max_hp_gain":0.0,"max_hp_loss":0.0,"gold_gain":0.0,"event_name":"Mushrooms","player_choice":"Fought Mushrooms","floor":55.0,"gold_loss":0.0,"damage_taken":0.0},{"damage_healed":0.0,"max_hp_gain":0.0,"max_hp_loss":0.0,"gold_gain":0.0,"event_name":"Transmorgrifier","player_choice":"Ignored","floor":56.0,"gold_loss":0.0,"damage_taken":0.0},{"damage_healed":0.0,"max_hp_gain":0.0,"max_hp_loss":0.0,"gold_gain":100.0,"event_name":"Golden Shrine","player_choice":"Pray","floor":70.0,"gold_loss":0.0,"damage_taken":0.0},{"damage_healed":0.0,"max_hp_gain":5.0,"max_hp_loss":0.0,"gold_gain":0.0,"event_name":"Big Fish","player_choice":"Donut","floor":105.0,"gold_loss":0.0,"damage_taken":0.0},{"damage_healed":0.0,"max_hp_gain":0.0,"max_hp_loss":0.0,"gold_gain":56.0,"event_name":"Golden Wing","player_choice":"Gained Gold","floor":106.0,"gold_loss":0.0,"damage_taken":0.0},{"damage_healed":0.0,"max_hp_gain":0.0,"max_hp_loss":0.0,"gold_gain":0.0,"event_name":"Wheel of Change","player_choice":"Cursed","floor":121.0,"gold_loss":0.0,"damage_taken":0.0,"cards_obtained":["Decay"]},{"cards_removed":["Defragment"],"damage_healed":0,"gold_gain":0,"player_choice":"Offered Uncommon","damage_taken":0,"max_hp_gain":0,"max_hp_loss":0,"event_name":"Bonfire Elementals","floor":138,"gold_loss":0}],"is_beta":false,"boss_relics":[{"not_picked":["energizedSpire:CursedPentagram","ReplayTheSpireMod:SealedPack"],"picked":"Replay:Wanted Poster"},{"not_picked":["Painkiller Herb","aspiration:SilentSkillbook"],"picked":"Tiny House"},{"not_picked":["hubris:HollowSoul","reliquary:KinkedSpring"],"picked":"conspire:RoyalGoblet"},{"not_picked":["Kintsugi","ReplayTheSpireMod:DimensionalGlitch"],"picked":"Philosopher\u0027s Stone"},{"not_picked":["ChewingGum","aspiration:FutureDiary"],"picked":"aspiration:Stellarator"},{"not_picked":["halation:Yufonium","Calling Bell","Painkiller Herb"],"picked":"Sozu"},{"not_picked":["energizedSpire:StickyHand","reliquary:KinkedSpring","Replay:Grab Bag"],"picked":"hubris:ScarierMask"},{"not_picked":["halation:PinkAlligatorPlush","conspire:SlowCooker","Replay:Ancient Bell","Runic Pyramid"]},{"not_picked":["energizedSpire:RedRose","hubris:RunicObelisk","energizedSpire:EnergizedDie"],"picked":"trackpad:Coffee"}],"items_purged_floors":[31,113],"is_endless":true,"potions_floor_spawned":[1,11,14,16,18,21,28,30,35,39,46,48,50,54,59,63,69,72,76,86,89,95,97,109,114,127,132,135,139,149,157],"ascension_level":0}}