{"host":"bpkhhmvsfrvlto2l","time":1611598483,"event":{"mods":["2.2 Compatiblity","AchievementEnabler","Act Like it!","AlwaysNeverKeys","Aspiration","BaseMod","Better Silent Start","Challenge The Spire","Colored Map","Colored Powertips","Custom Start","Energized Spire","Friendly Minions","GifTheSpireLib","Halation","Hubris","Infinite Spire","Ironclad Rager","Mimic Mod","Minty Spire (QoL Compilation)","Permanent Neow","Quick Restart","Random Character Button","Relic Sorter","Replay The Spire","Spikes Relics","StSLib","Stuff the Spire","Swap Starting Deck Mod","Trackpad"],"gold_per_floor":[109,127,127,142,156,156,166,166,212,238,238,269,285,285,285,383,383,364,364,379,379,395,395,407,426,426,426,453,453,553,553,553,658,658,670,468,468,468],"floor_reached":37,"language":"ENG","playtime":795,"items_purged":[],"score":568,"play_id":"960c78fe-eeb1-4176-be34-358c3a30f52b","local_time":"20210125131443","is_ascension_mode":true,"campfire_choices":[{"data":"Poisoned Stab","floor":6.0,"key":"SMITH"},{"data":"Catalyst","floor":8.0,"key":"SMITH"},{"data":"Catalyst","floor":11.0,"key":"SMITH"},{"floor":15.0,"key":"REST"},{"data":"Caltrops","floor":23,"key":"SMITH"},{"data":"Survivor","floor":27,"key":"SMITH"},{"data":"Neutralize","floor":29,"key":"SMITH"},{"data":"Defend_G","floor":32,"key":"SMITH"}],"circlet_count":0,"master_deck":["Strike_G","Strike_G","Strike_G+1","Strike_G","Defend_G","Defend_G","Defend_G+1","Defend_G+1","Survivor+1","Neutralize+1","Poisoned Stab+1","Catalyst+1","Catalyst+1","ReplayTheSpireMod:??????????????????????+1","Caltrops+1","Deadly Poison+1"],"relics":["Ring of the Snake","hubris:Icosahedron","aspiration:Nostalgia","Sizzling Blood","halation:KoshaPiece","Iron Hammer","aspiration:Lifesprig","Pet Ghost","Red Mask","trackpad:Compendium","Simple Rune"],"acts_visited":["Exordium","TheCity","TheBeyond"],"potions_floor_usage":[25,33],"damage_taken":[{"damage":1.0,"enemies":"2 Louse","floor":1.0,"turns":3.0},{"damage":11.0,"enemies":"Jaw Worm","floor":2.0,"turns":5.0},{"damage":0.0,"enemies":"Cultist","floor":4.0,"turns":3.0},{"damage":2.0,"enemies":"2 Fungi Beasts","floor":5.0,"turns":4.0},{"damage":8.0,"enemies":"Large Slime","floor":7.0,"turns":7.0},{"damage":20.0,"enemies":"Lagavulin","floor":10.0,"turns":4.0},{"damage":13.0,"enemies":"Gremlin Nob","floor":12.0,"turns":3.0},{"damage":3.0,"enemies":"Lots of Slimes","floor":13.0,"turns":5.0},{"damage":0.0,"enemies":"Slime Boss","floor":16.0,"turns":3.0},{"damage":0.0,"enemies":"2 Thieves","floor":18.0,"turns":4.0},{"damage":12.0,"enemies":"Chosen","floor":20.0,"turns":3.0},{"damage":0,"enemies":"Snake Plant","floor":22,"turns":2},{"damage":9,"enemies":"Snecko","floor":24,"turns":4},{"damage":0,"enemies":"Centurion and Healer","floor":25,"turns":5},{"damage":5,"enemies":"Masked Bandits","floor":28,"turns":4},{"damage":17,"enemies":"hubris:MusketHawk","floor":33,"turns":6},{"damage":0,"enemies":"Orb Walker","floor":35,"turns":3},{"damage":0,"enemies":"3 Darklings","floor":37,"turns":1}],"seed_played":"5651832668506101928","potions_obtained":[{"floor":4.0,"key":"GamblersBrew"},{"floor":10.0,"key":"Strength Potion"},{"floor":12.0,"key":"PowerPotion"},{"floor":13.0,"key":"Explosive Potion"},{"floor":18.0,"key":"Weak Potion"},{"floor":25,"key":"Block Potion"},{"floor":33,"key":"Weak Potion"}],"is_trial":false,"path_per_floor":["M","M","$","M","M","R","M","R","T","E","R","E","M","?","R","B",null,"M","?","M","?","M","R","M","M","T","R","?","R","?","AVR","R","B",null,"M","$","M"],"character_chosen":"THE_SILENT","items_purchased":["Simple Rune","Poison Potion"],"campfire_rested":1,"item_purchase_floors":[36,36],"current_hp_per_floor":[74,67,67,71,73,73,69,69,69,53,53,44,45,27,49,53,69,73,73,65,65,69,69,64,68,68,68,67,67,67,67,67,54,69,73,73,73,73],"gold":468,"neow_bonus":"NOSTALGIA","is_daily":false,"chose_seed":false,"campfire_upgraded":7,"win_rate":0.0,"timestamp":1611598483,"path_taken":["M","M","$","M","M","R","M","R","T","E","R","E","M","?","R","BOSS","M","?","?","?","M","R","M","M","T","R","?","R","?","AVR","R","BOSS","M","$","M"],"items_purchased_type":["Relic","Potion"],"build_version":"2020-12-22","purchased_purges":0,"victory":false,"max_hp_per_floor":[74,74,74,74,74,74,74,74,74,74,74,74,74,74,74,74,74,74,74,74,74,74,74,74,74,74,74,74,74,74,74,74,74,74,74,74,74,74],"card_choices":[{"not_picked":["Hidden Blade","Leg Sweep"],"picked":"Poisoned Stab","floor":2.0},{"not_picked":["Acrobatics","Outmaneuver"],"picked":"Catalyst","floor":4.0},{"not_picked":["StuffTheSpire:Sprint","Riddle With Holes"],"picked":"Catalyst","floor":5.0},{"not_picked":["infinitespire:FutureSight","hubris:Rewind"],"picked":"ReplayTheSpireMod:??????????????????????","floor":14.0},{"not_picked":["Riddle With Holes","Flying Knee"],"picked":"Caltrops","floor":22},{"not_picked":["PiercingWail+1","StuffTheSpire:BumpUp+1"],"picked":"Deadly Poison+1","floor":25}],"player_experience":113701,"relics_obtained":[{"floor":9.0,"key":"halation:KoshaPiece"},{"floor":10.0,"key":"Iron Hammer"},{"floor":12.0,"key":"aspiration:Lifesprig"},{"floor":26,"key":"Pet Ghost"},{"floor":28,"key":"Red Mask"}],"event_choices":[{"damage_healed":0.0,"max_hp_gain":0.0,"max_hp_loss":0.0,"gold_gain":0.0,"event_name":"Upgrade Shrine","player_choice":"Upgraded","floor":19.0,"gold_loss":0.0,"damage_taken":0.0,"cards_upgraded":["ReplayTheSpireMod:??????????????????????"]},{"damage_healed":0,"gold_gain":0,"player_choice":"Fought Bandits","damage_taken":0,"max_hp_gain":0,"max_hp_loss":0,"event_name":"Masked Bandits","floor":28,"gold_loss":0},{"damage_healed":0,"gold_gain":100,"player_choice":"Pray","damage_taken":0,"max_hp_gain":0,"max_hp_loss":0,"event_name":"Golden Shrine","floor":30,"gold_loss":0}],"is_beta":false,"boss_relics":[{"not_picked":["hubris:BlackHole","Philosopher\u0027s Stone","StuffTheSpire:RunicHypercube"]},{"not_picked":["Cursed Key","ChewingGum","Kintsugi"]}],"items_purged_floors":[],"is_endless":false,"potions_floor_spawned":[4,10,12,13,18,25,28,33,35],"killed_by":"3 Darklings","ascension_level":5}}