{"host":"1z4hbl9vfqrhg136","time":1611534500,"event":{"mods":["BaseMod","Minty Spire (QoL Compilation)"],"gold_per_floor":[118,40,52,52,52,52,63,92,117,117,117],"floor_reached":10,"language":"ENG","playtime":505,"items_purged":[],"score":132,"play_id":"28df3e66-0128-4545-9e6e-e836afa0ab27","local_time":"20210125002820","is_ascension_mode":true,"campfire_choices":[{"data":"Defragment","floor":6.0,"key":"SMITH"}],"circlet_count":0,"master_deck":["AscendersBane","Strike_B","Strike_B","Strike_B","Strike_B","Defend_B","Defend_B","Defend_B","Zap","Dualcast","Genetic Algorithm","Loop","Defragment+1","Meteor Strike","Rip and Tear","BootSequence"],"relics":["Cracked Core","Smiling Mask","Regal Pillow"],"acts_visited":["Exordium"],"potions_floor_usage":[8,8],"damage_taken":[{"damage":2.0,"enemies":"Jaw Worm","floor":1.0,"turns":4.0},{"damage":0.0,"enemies":"Small Slimes","floor":3.0,"turns":3.0},{"damage":8.0,"enemies":"2 Louse","floor":7.0,"turns":3.0},{"damage":34,"enemies":"3 Sentries","floor":8,"turns":9},{"damage":44,"enemies":"Gremlin Nob","floor":10,"turns":3}],"seed_played":"-5439885671590857379","potions_obtained":[{"floor":1.0,"key":"AttackPotion"},{"floor":3.0,"key":"SkillPotion"},{"floor":8,"key":"SpeedPotion"}],"is_trial":false,"path_per_floor":["M","$","M","?","?","R","M","E","T","E"],"character_chosen":"DEFECT","items_purchased":["Loop"],"campfire_rested":0,"item_purchase_floors":[2],"current_hp_per_floor":[69,69,69,69,69,69,61,27,27,0,0],"gold":117,"neow_bonus":"TEN_PERCENT_HP_BONUS","is_daily":false,"chose_seed":false,"campfire_upgraded":1,"win_rate":0.0,"timestamp":1611534500,"path_taken":["M","$","M","?","?","R","?","E","T","E"],"items_purchased_type":["Card"],"build_version":"2020-12-22","purchased_purges":0,"victory":false,"max_hp_per_floor":[78,78,78,78,78,78,78,78,78,78,78],"card_choices":[{"not_picked":["FTL","Consume"],"picked":"Genetic Algorithm","floor":1.0},{"not_picked":["Force Field","Genetic Algorithm"],"picked":"Defragment","floor":3.0},{"not_picked":["Leap","White Noise"],"picked":"Rip and Tear","floor":7.0},{"not_picked":["Chaos","Streamline"],"picked":"BootSequence","floor":8}],"player_experience":1913237,"relics_obtained":[{"floor":8,"key":"Smiling Mask"},{"floor":9,"key":"Regal Pillow"}],"event_choices":[{"damage_healed":0.0,"max_hp_gain":0.0,"max_hp_loss":0.0,"gold_gain":0.0,"cards_transformed":["Defend_B"],"event_name":"Living Wall","player_choice":"Change","floor":4.0,"gold_loss":0.0,"damage_taken":0.0,"cards_obtained":["Meteor Strike"]},{"damage_healed":0.0,"max_hp_gain":0.0,"max_hp_loss":0.0,"gold_gain":0.0,"event_name":"The Cleric","player_choice":"Leave","floor":5.0,"gold_loss":0.0,"damage_taken":0.0}],"is_beta":false,"boss_relics":[],"items_purged_floors":[],"is_endless":false,"potions_floor_spawned":[1,3,8],"killed_by":"Gremlin Nob","ascension_level":20}}