{"host":"oigynbtg272c19pw","time":1611584363,"event":{"mods":["BaseMod","Colored Map","Minty Spire (QoL Compilation)","Relic Stats","Slay the Relics Exporter","StSLib"],"gold_per_floor":[117,136,152,35,49,49,49,49,49,49,49,78,94,126,126,126,126],"floor_reached":16,"playtime":1165,"items_purged":["Strike_R"],"score":220,"play_id":"9f88a5ed-2da2-43fb-bee7-cc69fc47249a","local_time":"20210125151923","is_ascension_mode":true,"campfire_choices":[{"data":"Feel No Pain","floor":6.0,"key":"SMITH"},{"data":"Clothesline","floor":8.0,"key":"SMITH"},{"data":"Power Through","floor":11.0,"key":"SMITH"},{"data":"True Grit","floor":15,"key":"SMITH"}],"circlet_count":0,"master_deck":["AscendersBane","Strike_R","Strike_R","Strike_R","Strike_R","Defend_R","Defend_R","Defend_R","Defend_R","Bash","Clothesline+1","Twin Strike","Power Through+1","Intimidate","Feel No Pain+1","Cleave","True Grit+1","True Grit"],"relics":["Burning Blood","Nunchaku","Eternal Feather","Meat on the Bone","MealTicket","CaptainsWheel"],"acts_visited":["Exordium"],"potions_floor_usage":[13,16],"damage_taken":[{"damage":7.0,"enemies":"2 Louse","floor":1.0,"turns":3.0},{"damage":19.0,"enemies":"Jaw Worm","floor":2.0,"turns":4.0},{"damage":1.0,"enemies":"Cultist","floor":3.0,"turns":3.0},{"damage":14.0,"enemies":"Blue Slaver","floor":5.0,"turns":5.0},{"damage":12.0,"enemies":"3 Sentries","floor":12.0,"turns":11.0},{"damage":10,"enemies":"Lots of Slimes","floor":13,"turns":3},{"damage":41,"enemies":"Lagavulin","floor":14,"turns":11},{"damage":41,"enemies":"Slime Boss","floor":16,"turns":16}],"seed_played":"8030463968396574005","potions_obtained":[{"floor":3.0,"key":"Dexterity Potion"},{"floor":12.0,"key":"SteroidPotion"},{"floor":14,"key":"DistilledChaos"}],"is_trial":false,"path_per_floor":["M","M","M","$","M","R","?","R","T","?","R","E","M","E","R","B"],"character_chosen":"IRONCLAD","items_purchased":["Intimidate"],"campfire_rested":0,"item_purchase_floors":[4],"current_hp_per_floor":[67,54,59,59,51,51,51,51,51,51,60,54,50,27,36,0,0],"gold":126,"neow_bonus":"RANDOM_COMMON_RELIC","is_daily":false,"chose_seed":false,"campfire_upgraded":4,"win_rate":0.0,"timestamp":1611584363,"path_taken":["M","M","M","$","M","R","?","R","T","?","R","E","M","E","R","BOSS"],"items_purchased_type":["Card"],"build_version":"2020-12-13","purchased_purges":1,"victory":false,"max_hp_per_floor":[75,75,75,75,75,75,75,75,75,75,75,75,75,75,75,75,75],"relic_stats":{"Nunchaku":[7],"counters":[8,56],"Eternal Feather":18,"MealTicket":0,"obtain_stats":[{"Nunchaku":0,"CaptainsWheel":14,"Eternal Feather":9,"MealTicket":12,"Burning Blood":0,"Meat on the Bone":10},{"Nunchaku":0,"CaptainsWheel":7,"Eternal Feather":4,"MealTicket":5,"Burning Blood":0,"Meat on the Bone":4},{"Nunchaku":0,"CaptainsWheel":40,"Eternal Feather":15,"MealTicket":26,"Burning Blood":0,"Meat on the Bone":15}],"Burning Blood":42,"Meat on the Bone":12},"card_choices":[{"not_picked":["Wild Strike","Sword Boomerang"],"picked":"Clothesline","floor":1.0},{"not_picked":["Burning Pact","Warcry"],"picked":"Twin Strike","floor":2.0},{"not_picked":["Burning Pact","Sword Boomerang"],"picked":"Power Through","floor":3.0},{"not_picked":["Thunderclap","Headbutt"],"picked":"Feel No Pain","floor":5.0},{"not_picked":["Wild Strike","Sword Boomerang"],"picked":"Cleave","floor":12.0},{"not_picked":["Clothesline","Sword Boomerang"],"picked":"True Grit","floor":13},{"not_picked":["Hemokinesis","Body Slam"],"picked":"True Grit","floor":14}],"player_experience":1487407,"relics_obtained":[{"floor":9.0,"key":"Eternal Feather"},{"floor":12.0,"key":"MealTicket"},{"floor":14,"key":"CaptainsWheel"}],"event_choices":[{"damage_healed":0.0,"max_hp_gain":0.0,"max_hp_loss":0.0,"gold_gain":0.0,"event_name":"Liars Game","player_choice":"Ignored","floor":7.0,"gold_loss":0.0,"damage_taken":0.0},{"damage_healed":0.0,"max_hp_gain":0.0,"max_hp_loss":0.0,"gold_gain":0.0,"event_name":"Dead Adventurer","player_choice":"Searched \u00271\u0027 times","floor":10.0,"gold_loss":0.0,"damage_taken":0.0,"relics_obtained":["Meat on the Bone"]}],"is_beta":false,"boss_relics":[],"items_purged_floors":[4],"is_endless":false,"potions_floor_spawned":[3,12,14],"killed_by":"Slime Boss","ascension_level":20}}