{"host":"sygfylmorsvdndbx","time":1611600399,"event":{"mods":["AchievementEnabler","BaseMod","Highlight Path","Minty Spire (QoL Compilation)","Permanent Neow","Quick Restart","Relic Stats"],"gold_per_floor":[17,17,36,48,48,76,76,108,108,108,131,156,172,183,183,279,279,291,317,232,249,174,199,215,215,215],"floor_reached":25,"language":"ENG","playtime":1968,"items_purged":[],"score":313,"play_id":"8e0274cb-dcfe-4091-b494-9476037bac4b","local_time":"20210125134639","is_ascension_mode":true,"campfire_choices":[{"data":"Buffer","floor":7,"key":"SMITH"},{"data":"Glacier","floor":10,"key":"SMITH"},{"data":"Zap","floor":15,"key":"SMITH"}],"circlet_count":0,"master_deck":["Strike_B","Defend_B","Defend_B","Defend_B","Zap+1","Dualcast","Buffer+1","Streamline","Glacier+1","Beam Cell","Steam","Capacitor+1","Cold Snap","Darkness","Compile Driver","Ball Lightning","Consume"],"relics":["Cracked Core","Frozen Egg 2","Singing Bowl","Bottled Lightning","Art of War","Lantern","Philosopher\u0027s Stone","DataDisk","Shuriken"],"acts_visited":["Exordium","TheCity"],"potions_floor_usage":[8,16,23,24,25],"damage_taken":[{"damage":1,"enemies":"Cultist","floor":1,"turns":3},{"damage":3,"enemies":"Small Slimes","floor":3,"turns":3},{"damage":7,"enemies":"Jaw Worm","floor":4,"turns":3},{"damage":3,"enemies":"Lagavulin","floor":6,"turns":6},{"damage":5,"enemies":"Gremlin Nob","floor":8,"turns":5},{"damage":5,"enemies":"3 Sentries","floor":12,"turns":10},{"damage":0,"enemies":"Exordium Wildlife","floor":13,"turns":4},{"damage":0,"enemies":"Red Slaver","floor":14,"turns":3},{"damage":23,"enemies":"Hexaghost","floor":16,"turns":9},{"damage":0,"enemies":"Shell Parasite","floor":18,"turns":7},{"damage":0,"enemies":"2 Thieves","floor":21,"turns":4},{"damage":51,"enemies":"Gremlin Leader","floor":23,"turns":7},{"damage":0,"enemies":"Snake Plant","floor":24,"turns":3},{"damage":37,"enemies":"Slavers","floor":25,"turns":3}],"seed_played":"7263534960020364554","potions_obtained":[{"floor":1,"key":"DistilledChaos"},{"floor":3,"key":"EssenceOfSteel"},{"floor":6,"key":"AttackPotion"},{"floor":12,"key":"FearPotion"},{"floor":14,"key":"Fire Potion"},{"floor":21,"key":"DistilledChaos"},{"floor":23,"key":"PowerPotion"}],"is_trial":false,"path_per_floor":["M","?","M","M","?","E","R","E","T","R","T","E","M","M","R","B",null,"M","T","?","M","?","E","M","E"],"character_chosen":"DEFECT","items_purchased":[],"campfire_rested":0,"item_purchase_floors":[],"current_hp_per_floor":[67,67,64,57,62,59,59,54,54,54,54,51,51,53,53,32,73,73,73,73,73,73,22,24,0,0],"gold":215,"neow_bonus":"TRANSFORM_TWO_CARDS","is_daily":false,"chose_seed":false,"campfire_upgraded":3,"win_rate":0.0,"timestamp":1611600399,"path_taken":["M","?","M","M","?","E","R","E","T","R","?","E","M","?","R","BOSS","M","?","?","M","?","E","M","E"],"items_purchased_type":[],"build_version":"2020-12-22","purchased_purges":0,"victory":false,"max_hp_per_floor":[75,75,75,75,80,80,80,80,80,80,80,82,82,84,84,86,86,86,86,86,86,86,86,88,88,88],"relic_stats":{"Singing Bowl":8,"counters":[14,70],"Shuriken":[1],"Art of War":[10],"obtain_stats":[{"Lantern":12,"DataDisk":20,"Singing Bowl":8,"Shuriken":23,"Philosopher\u0027s Stone":17,"Art of War":11,"Bottled Lightning":9,"Frozen Egg 2":6,"Cracked Core":0},{"Lantern":6,"DataDisk":10,"Singing Bowl":5,"Shuriken":12,"Philosopher\u0027s Stone":9,"Art of War":5,"Bottled Lightning":5,"Frozen Egg 2":4,"Cracked Core":0},{"Lantern":30,"DataDisk":53,"Singing Bowl":20,"Shuriken":64,"Philosopher\u0027s Stone":46,"Art of War":20,"Bottled Lightning":20,"Frozen Egg 2":15,"Cracked Core":0}]},"card_choices":[{"not_picked":["Sunder","Chaos"],"picked":"Glacier","floor":1},{"not_picked":["Coolheaded","Recycle"],"picked":"Beam Cell","floor":3},{"not_picked":["Reprogram","Redo"],"picked":"Steam","floor":4},{"not_picked":["Reboot","Leap"],"picked":"Capacitor+1","floor":6},{"not_picked":["Scrape","Static Discharge+1"],"picked":"Cold Snap","floor":8},{"not_picked":["Turbo","Lockon","Beam Cell"],"picked":"Singing Bowl","floor":12},{"not_picked":["Rip and Tear","Leap"],"picked":"Darkness","floor":13},{"not_picked":["Melter","Gash","Streamline"],"picked":"Singing Bowl","floor":14},{"not_picked":["Thunder Strike","Multi-Cast","All For One"],"picked":"Singing Bowl","floor":16},{"not_picked":["Redo","Streamline"],"picked":"Compile Driver","floor":18},{"not_picked":["Undo","Barrage"],"picked":"Ball Lightning","floor":21},{"not_picked":["Turbo","Hologram"],"picked":"Consume","floor":23},{"not_picked":["Go for the Eyes","Hologram","Steam"],"picked":"Singing Bowl","floor":24}],"player_experience":314912,"relics_obtained":[{"floor":6,"key":"Frozen Egg 2"},{"floor":8,"key":"Singing Bowl"},{"floor":9,"key":"Bottled Lightning"},{"floor":11,"key":"Art of War"},{"floor":12,"key":"Lantern"},{"floor":23,"key":"Shuriken"}],"event_choices":[{"cards_removed":["Strike_B"],"damage_healed":0,"gold_gain":0,"player_choice":"Forget","damage_taken":0,"max_hp_gain":0,"max_hp_loss":0,"event_name":"Living Wall","floor":2,"gold_loss":0},{"damage_healed":0,"gold_gain":0,"player_choice":"Donut","damage_taken":0,"max_hp_gain":5,"max_hp_loss":0,"event_name":"Big Fish","floor":5,"gold_loss":0},{"damage_healed":0,"gold_gain":0,"player_choice":"Obtained Relic","damage_taken":0,"relics_obtained":["DataDisk"],"max_hp_gain":0,"max_hp_loss":0,"event_name":"Addict","floor":20,"gold_loss":85},{"cards_removed":["Strike_B"],"damage_healed":0,"gold_gain":0,"player_choice":"Gave Gold","damage_taken":0,"max_hp_gain":0,"max_hp_loss":0,"event_name":"Beggar","floor":22,"gold_loss":75}],"is_beta":false,"boss_relics":[{"not_picked":["Inserter","Calling Bell"],"picked":"Philosopher\u0027s Stone"}],"items_purged_floors":[],"is_endless":false,"potions_floor_spawned":[1,3,6,12,14,21,23],"killed_by":"Slavers","ascension_level":6}}