{"host":"wmz27iczv4t8azac","time":1611609859,"event":{"mods":["AchievementEnabler","BaseMod","Colored Powertips","Minty Spire (QoL Compilation)","Quick Restart","Relic Stats","StSLib"],"gold_per_floor":[117,117,143,154,169,195,195,228,273,36,47,61,61,79,79,79,79],"floor_reached":16,"language":"ENG","playtime":432,"items_purged":[],"score":224,"play_id":"39b7815b-0050-41ce-adf4-029d77239152","local_time":"20210125132419","is_ascension_mode":true,"campfire_choices":[{"data":"Sweeping Beam","floor":7,"key":"SMITH"},{"floor":13,"key":"REST"},{"data":"Go for the Eyes","floor":15,"key":"SMITH"}],"circlet_count":0,"master_deck":["AscendersBane","Strike_B","Strike_B","Strike_B","Strike_B","Defend_B","Defend_B","Defend_B+1","Defend_B","Zap","Dualcast","Gash+1","Sweeping Beam+1","Melter","Skim+1","Double Energy+1","Undo","Go for the Eyes+1","Stack","Auto Shields"],"relics":["Cracked Core","NeowsBlessing","Vajra","Oddly Smooth Stone","Happy Flower","War Paint","ClockworkSouvenir"],"acts_visited":["Exordium"],"potions_floor_usage":[6,14],"damage_taken":[{"damage":0,"enemies":"2 Louse","floor":1,"turns":1},{"damage":0,"enemies":"Jaw Worm","floor":4,"turns":1},{"damage":0,"enemies":"Cultist","floor":5,"turns":1},{"damage":22,"enemies":"Lagavulin","floor":6,"turns":4},{"damage":14,"enemies":"3 Sentries","floor":8,"turns":7},{"damage":0,"enemies":"Large Slime","floor":11,"turns":3},{"damage":2,"enemies":"3 Louse","floor":12,"turns":3},{"damage":0,"enemies":"Gremlin Gang","floor":14,"turns":1},{"damage":26,"enemies":"Hexaghost","floor":16,"turns":8}],"seed_played":"-1383064956850489829","potions_obtained":[{"floor":4,"key":"Energy Potion"},{"floor":11,"key":"Explosive Potion"}],"is_trial":false,"path_per_floor":["M","?","T","M","M","E","R","E","T","$","M","M","R","M","R","B"],"character_chosen":"DEFECT","items_purchased":["ClockworkSouvenir","Undo"],"campfire_rested":1,"item_purchase_floors":[10,10],"current_hp_per_floor":[64,43,43,43,43,21,21,7,7,7,7,5,26,26,26,0,0],"gold":79,"neow_bonus":"THREE_ENEMY_KILL","is_daily":false,"chose_seed":false,"campfire_upgraded":2,"win_rate":0.0,"timestamp":1611609859,"path_taken":["M","?","?","M","M","E","R","E","T","$","M","M","R","M","R","BOSS"],"items_purchased_type":["Relic","Card"],"build_version":"2020-12-22","purchased_purges":0,"victory":false,"max_hp_per_floor":[71,71,71,71,71,71,71,71,71,71,71,71,71,71,71,71,71],"relic_stats":{"Happy Flower":[5],"counters":[9,29],"War Paint":["Double Energy","Skim"],"obtain_stats":[{"NeowsBlessing":0,"Happy Flower":8,"Vajra":3,"Oddly Smooth Stone":6,"War Paint":9,"Cracked Core":0,"ClockworkSouvenir":10},{"NeowsBlessing":0,"Happy Flower":5,"Vajra":1,"Oddly Smooth Stone":4,"War Paint":5,"Cracked Core":0,"ClockworkSouvenir":5},{"NeowsBlessing":0,"Happy Flower":14,"Vajra":1,"Oddly Smooth Stone":7,"War Paint":14,"Cracked Core":0,"ClockworkSouvenir":14}]},"card_choices":[{"not_picked":["Hello World","Hologram"],"picked":"Gash","floor":1},{"not_picked":["Hello World","BootSequence"],"picked":"Sweeping Beam","floor":4},{"not_picked":["Consume","Conserve Battery"],"picked":"Melter","floor":5},{"not_picked":["Streamline","All For One"],"picked":"Skim","floor":6},{"not_picked":["Capacitor","Rebound"],"picked":"Double Energy","floor":8},{"not_picked":["Cold Snap","Steam"],"picked":"Go for the Eyes","floor":11},{"not_picked":["Rebound","Turbo"],"picked":"Stack","floor":12},{"not_picked":["Barrage","Stack"],"picked":"Auto Shields","floor":14}],"player_experience":932548,"relics_obtained":[{"floor":3,"key":"Vajra"},{"floor":6,"key":"Oddly Smooth Stone"},{"floor":8,"key":"Happy Flower"},{"floor":9,"key":"War Paint"}],"event_choices":[{"damage_healed":0,"gold_gain":0,"player_choice":"Entered Light","damage_taken":21,"max_hp_gain":0,"max_hp_loss":0,"event_name":"Shining Light","floor":2,"gold_loss":0,"cards_upgraded":["Gash","Defend_B"]}],"is_beta":false,"boss_relics":[],"items_purged_floors":[],"is_endless":false,"potions_floor_spawned":[4,11],"killed_by":"Hexaghost","ascension_level":20}}