{"host":"2smcgt1ki1qcud40","time":1611593584,"event":{"mods":["BaseMod","Minty Spire (QoL Compilation)"],"gold_per_floor":[113,113,113,113,128,159,159,185,185,199,374,387,387,414,414,516,516,526,157,172,203,118,148,158,158,183,183,282,317,317,360,360,474,474,485,228,246,468,492,524,549,549,549,549,604,619,631,661,661,661,661,661,28,66,66,66],"floor_reached":55,"language":"ENG","playtime":3343,"items_purged":["Doubt","Scrape"],"score":1339,"play_id":"3414bcee-8444-418f-b35c-7fa3f1d3749d","local_time":"20210125175304","is_ascension_mode":true,"campfire_choices":[{"data":"Zap","floor":7.0,"key":"SMITH"},{"floor":15,"key":"REST"},{"data":"Amplify","floor":25,"key":"SMITH"},{"data":"Coolheaded","floor":27,"key":"SMITH"},{"data":"White Noise","floor":30,"key":"SMITH"},{"data":"White Noise","floor":32,"key":"SMITH"},{"data":"Panacea","floor":42,"key":"SMITH"},{"data":"Reinforced Body","floor":44,"key":"SMITH"},{"floor":49,"key":"RECALL"},{"floor":52,"key":"DIG"}],"circlet_count":0,"master_deck":["Zap+1","Dualcast","Hologram","Capacitor","Cold Snap","Storm","Loop+1","Barrage","BootSequence","Biased Cognition+1","Streamline","Conserve Battery","Leap","Chill","Capacitor+1","White Noise+1","Cold Snap","Heatsinks+1","Coolheaded+1","Reinforced Body+1","Amplify+1","Stack+1","White Noise+1","Self Repair+1","Fusion+1","Static Discharge+1","Loop+1","Coolheaded","Machine Learning+1","Mayhem+1","Panacea+1","Turbo+1","Double Energy+1","Seek+1","Barrage","Secret Weapon+1","Discovery+1","Barrage+1"],"relics":["Cracked Core","NeowsBlessing","Darkstone Periapt","Frozen Egg 2","Cables","Anchor","Pandora\u0027s Box","Orrery","Red Mask","Ancient Tea Set","Art of War","CeramicFish","PreservedInsect","Shuriken","Sozu","ClockworkSouvenir","Gremlin Horn","Shovel","Toxic Egg 2","Sundial","CaptainsWheel","Mercury Hourglass"],"acts_visited":["Exordium","TheCity","TheBeyond","TheEnding"],"potions_floor_usage":[16,21,23,29],"damage_taken":[{"damage":0.0,"enemies":"Small Slimes","floor":1.0,"turns":1.0},{"damage":0.0,"enemies":"Jaw Worm","floor":5.0,"turns":1.0},{"damage":0.0,"enemies":"3 Sentries","floor":6.0,"turns":1.0},{"damage":38.0,"enemies":"Gremlin Nob","floor":8.0,"turns":5.0},{"damage":5.0,"enemies":"2 Louse","floor":10.0,"turns":3.0},{"damage":11.0,"enemies":"Looter","floor":12.0,"turns":2.0},{"damage":13,"enemies":"Slime Boss","floor":16,"turns":10},{"damage":0,"enemies":"Chosen","floor":18,"turns":4},{"damage":20,"enemies":"Spheric Guardian","floor":20,"turns":6},{"damage":0,"enemies":"Masked Bandits","floor":21,"turns":3},{"damage":8,"enemies":"Book of Stabbing","floor":23,"turns":5},{"damage":10,"enemies":"Snecko","floor":24,"turns":5},{"damage":0,"enemies":"Gremlin Leader","floor":29,"turns":6},{"damage":4,"enemies":"Book of Stabbing","floor":31,"turns":4},{"damage":13,"enemies":"Collector","floor":33,"turns":5},{"damage":9,"enemies":"Orb Walker","floor":35,"turns":3},{"damage":1,"enemies":"3 Shapes","floor":39,"turns":5},{"damage":0,"enemies":"Giant Head","floor":40,"turns":6},{"damage":15,"enemies":"Writhing Mass","floor":41,"turns":5},{"damage":8,"enemies":"2 Orb Walkers","floor":45,"turns":4},{"damage":6,"enemies":"Maw","floor":46,"turns":4},{"damage":1,"enemies":"Jaw Worm Horde","floor":47,"turns":5},{"damage":17,"enemies":"Nemesis","floor":48,"turns":4},{"damage":0,"enemies":"Donu and Deca","floor":50,"turns":11},{"damage":8,"enemies":"Shield and Spear","floor":54,"turns":4},{"damage":81,"enemies":"The Heart","floor":55,"turns":4}],"seed_played":"3302138438092032590","potions_obtained":[{"floor":5.0,"key":"BlessingOfTheForge"},{"floor":16,"key":"BlessingOfTheForge"},{"floor":20,"key":"Explosive Potion"},{"floor":23,"key":"Fire Potion"},{"floor":24,"key":"SmokeBomb"},{"floor":29,"key":"BlessingOfTheForge"}],"is_trial":false,"path_per_floor":["M","?","$","?","M","E","R","E","T","M","?","M","?","T","R","B",null,"M","$","M","?","?","E","M","R","T","R","?","E","R","E","R","B",null,"M","$","?","?","M","E","M","R","T","R","?","M","M","E","R","B",null,"R","$","E","B"],"character_chosen":"DEFECT","items_purchased":["Orrery","White Noise","Self Repair+1","ClockworkSouvenir","Seek+1","Barrage","CaptainsWheel","Secret Weapon+1","Discovery+1"],"campfire_rested":1,"item_purchase_floors":[19,19,19,36,53,53,53,53,53],"current_hp_per_floor":[68,68,68,53,53,53,53,15,15,10,16,5,5,5,29,16,65,65,65,45,45,45,47,57,57,57,57,57,77,77,81,81,78,80,71,71,61,61,80,81,76,76,76,76,81,81,81,81,81,81,81,81,81,81,0,0],"gold":66,"neow_bonus":"THREE_ENEMY_KILL","is_daily":false,"chose_seed":false,"campfire_upgraded":7,"win_rate":0.0,"timestamp":1611593584,"path_taken":["M","?","$","?","M","E","R","E","T","M","?","M","?","?","R","BOSS","M","$","M","?","?","E","M","R","T","R","?","E","R","E","R","BOSS","M","$","?","?","M","E","M","R","T","R","?","M","M","E","R","BOSS","R","$","E","BOSS"],"items_purchased_type":["Relic","Card","Card","Relic","Card","Card","Relic","Card","Card"],"build_version":"2020-12-22","purchased_purges":2,"victory":false,"max_hp_per_floor":[75,75,75,75,75,75,75,75,75,75,81,81,81,81,81,81,81,81,81,81,81,81,81,81,81,81,81,81,81,81,81,81,81,81,81,81,81,81,81,81,81,81,81,81,81,81,81,81,81,81,81,81,81,81,81,81],"card_choices":[{"not_picked":["Stack","Go for the Eyes"],"picked":"Hologram","floor":1.0},{"not_picked":["Storm","Go for the Eyes"],"picked":"Cold Snap","floor":5.0},{"not_picked":["Stack","Hyperbeam"],"picked":"Storm","floor":6.0},{"not_picked":["Cold Snap","Compile Driver"],"picked":"Loop+1","floor":8.0},{"not_picked":["Stack","Lockon"],"picked":"Barrage","floor":10.0},{"not_picked":["FTL","Beam Cell"],"picked":"BootSequence","floor":12.0},{"not_picked":["Electrodynamics+1","Multi-Cast"],"picked":"Biased Cognition+1","floor":16},{"not_picked":["Gash","Go for the Eyes+1"],"picked":"Cold Snap","floor":18},{"not_picked":["Doom and Gloom+1","Sunder"],"picked":"Heatsinks+1","floor":19},{"not_picked":["Go for the Eyes+1","Reboot"],"picked":"Coolheaded","floor":19},{"not_picked":["Chill","Genetic Algorithm"],"picked":"Reinforced Body","floor":19},{"not_picked":["Redo+1","Capacitor+1"],"picked":"Amplify","floor":19},{"not_picked":["Go for the Eyes+1","Reprogram+1"],"picked":"Stack+1","floor":19},{"not_picked":["Streamline","Static Discharge+1"],"picked":"Fusion+1","floor":20},{"not_picked":["Steam Power","Chill","Rainbow"],"picked":"SKIP","floor":23},{"not_picked":["Go for the Eyes","Capacitor+1"],"picked":"Static Discharge+1","floor":24},{"not_picked":["Sweeping Beam","Steam Power"],"picked":"Loop+1","floor":29},{"not_picked":["Gash","Redo"],"picked":"Coolheaded","floor":31},{"not_picked":["Seek","Amplify"],"picked":"Machine Learning+1","floor":33},{"not_picked":["Skim","Steam+1","Chaos"],"picked":"SKIP","floor":35},{"not_picked":["Secret Weapon","Blind"],"picked":"Mayhem+1","floor":37},{"not_picked":["Panache+1","Trip"],"picked":"Panacea","floor":37},{"not_picked":["Cold Snap+1","Steam+1"],"picked":"Turbo+1","floor":39},{"not_picked":["Redo","Sunder+1","Sweeping Beam+1"],"picked":"SKIP","floor":40},{"not_picked":["Sweeping Beam+1","Reinforced Body+1"],"picked":"Double Energy+1","floor":41},{"not_picked":["Steam","Ball Lightning","Coolheaded"],"picked":"SKIP","floor":46},{"not_picked":["Gash","Rainbow","Cold Snap+1"],"picked":"SKIP","floor":47},{"not_picked":["Ball Lightning","Capacitor+1","Compile Driver+1"],"picked":"SKIP","floor":48},{"not_picked":["Leap+1","Go for the Eyes+1"],"picked":"Barrage+1","floor":54}],"player_experience":669852,"relics_obtained":[{"floor":6.0,"key":"Darkstone Periapt"},{"floor":8.0,"key":"Frozen Egg 2"},{"floor":9.0,"key":"Cables"},{"floor":14,"key":"Anchor"},{"floor":21,"key":"Red Mask"},{"floor":23,"key":"Art of War"},{"floor":26,"key":"CeramicFish"},{"floor":29,"key":"PreservedInsect"},{"floor":31,"key":"Shuriken"},{"floor":40,"key":"Gremlin Horn"},{"floor":45,"key":"Shovel"},{"floor":48,"key":"Toxic Egg 2"},{"floor":52,"key":"Sundial"},{"floor":54,"key":"Mercury Hourglass"}],"event_choices":[{"damage_healed":0.0,"max_hp_gain":0.0,"max_hp_loss":0.0,"gold_gain":0.0,"cards_transformed":["Strike_B"],"event_name":"Living Wall","player_choice":"Change","floor":2.0,"gold_loss":0.0,"damage_taken":0.0,"cards_obtained":["Capacitor"]},{"damage_healed":0.0,"max_hp_gain":0.0,"max_hp_loss":0.0,"gold_gain":0.0,"event_name":"Shining Light","player_choice":"Entered Light","floor":4.0,"gold_loss":0.0,"damage_taken":15.0,"cards_upgraded":["Strike_B","Strike_B"]},{"damage_healed":0.0,"max_hp_gain":0.0,"max_hp_loss":0.0,"gold_gain":175.0,"event_name":"Liars Game","player_choice":"AGREE","floor":11.0,"gold_loss":0.0,"damage_taken":0.0,"cards_obtained":["Doubt"]},{"damage_healed":0,"gold_gain":0,"player_choice":"Searched \u00270\u0027 times","damage_taken":0,"max_hp_gain":0,"max_hp_loss":0,"event_name":"Dead Adventurer","floor":13,"gold_loss":0},{"damage_healed":0,"gold_gain":0,"player_choice":"Fought Bandits","damage_taken":0,"max_hp_gain":0,"max_hp_loss":0,"event_name":"Masked Bandits","floor":21,"gold_loss":0},{"damage_healed":0,"gold_gain":0,"player_choice":"Obtained Relic","damage_taken":0,"relics_obtained":["Ancient Tea Set"],"max_hp_gain":0,"max_hp_loss":0,"event_name":"Addict","floor":22,"gold_loss":85},{"damage_healed":0,"gold_gain":99,"player_choice":"Stole From Cult","damage_taken":0,"max_hp_gain":0,"max_hp_loss":0,"event_name":"Nest","floor":28,"gold_loss":0},{"damage_healed":0,"gold_gain":0,"player_choice":"Memory 3","damage_taken":10,"max_hp_gain":0,"max_hp_loss":0,"event_name":"SensoryStone","floor":37,"gold_loss":0},{"damage_healed":0,"gold_gain":222,"player_choice":"Wore Mask","damage_taken":0,"max_hp_gain":0,"max_hp_loss":0,"event_name":"Tomb of Lord Red Mask","floor":38,"gold_loss":0},{"damage_healed":0,"gold_gain":0,"player_choice":"Fight","damage_taken":0,"max_hp_gain":0,"max_hp_loss":0,"event_name":"Mysterious Sphere","floor":45,"gold_loss":0}],"is_beta":false,"boss_relics":[{"not_picked":["Runic Pyramid","Tiny House"],"picked":"Pandora\u0027s Box"},{"not_picked":["Astrolabe","SacredBark"],"picked":"Sozu"}],"items_purged_floors":[19,36],"is_endless":false,"potions_floor_spawned":[5,16,20,23,24,29,39,40,45],"killed_by":"The Heart","ascension_level":9}}