{"host":"zr590xw2unlz0wv7","time":1611535702,"event":{"mods":["BaseMod","Minty Spire (QoL Compilation)","READ ME - Guardian Mod","StSLib"],"gold_per_floor":[117,117,117,136,136,171,185,218,272,272,289,261,279,299,299,394,394,410,264,264,226,255,301,313,355,367,398,420,432,22,69,69,69,69],"floor_reached":33,"language":"ZHS","playtime":1277,"items_purged":["Strike_G"],"score":384,"play_id":"d6bdeb25-517d-4d1e-aab9-ad69d7d89f51","local_time":"20210125084822","is_ascension_mode":true,"campfire_choices":[{"floor":10,"key":"REST"},{"floor":15,"key":"REST"},{"data":"Neutralize","floor":24,"key":"SMITH"},{"floor":32,"key":"REST"}],"circlet_count":0,"master_deck":["Strike_G","Defend_G","Defend_G","Defend_G","Defend_G","Defend_G","Survivor","Neutralize+1","Bouncing Flask","Flying Knee","Bouncing Flask","Bane","PiercingWail","Bouncing Flask","Tools of the Trade+1","Glass Knife","Masterful Stab+1","Tactician+1","Bane+1","All Out Attack+1","Caltrops+1","Deadly Poison+1","Die Die Die","Deadly Poison+1","Corpse Explosion","Caltrops+1"],"relics":["Ring of the Snake","NeowsBlessing","FaceOfCleric","Frozen Egg 2","Bronze Scales","Orichalcum","MawBank","Bag of Preparation","Question Card","Nloth\u0027s Gift","Snake Skull","MealTicket"],"acts_visited":["Exordium","TheCity"],"potions_floor_usage":[8,8,16,23,25,27,28,33,33],"damage_taken":[{"damage":0,"enemies":"2 Louse","floor":1,"turns":1},{"damage":0,"enemies":"Cultist","floor":4,"turns":1},{"damage":0,"enemies":"Gremlin Nob","floor":6,"turns":1},{"damage":1,"enemies":"Small Slimes","floor":7,"turns":3},{"damage":42,"enemies":"3 Sentries","floor":8,"turns":9},{"damage":12,"enemies":"Exordium Thugs","floor":11,"turns":4},{"damage":1,"enemies":"3 Louse","floor":13,"turns":3},{"damage":13,"enemies":"Large Slime","floor":14,"turns":6},{"damage":7,"enemies":"Hexaghost","floor":16,"turns":8},{"damage":0,"enemies":"Chosen","floor":18,"turns":3},{"damage":9,"enemies":"3 Byrds","floor":22,"turns":2},{"damage":3,"enemies":"Slavers","floor":23,"turns":4},{"damage":10,"enemies":"Gremlin Leader","floor":25,"turns":4},{"damage":25,"enemies":"Shelled Parasite and Fungi","floor":27,"turns":4},{"damage":10,"enemies":"Centurion and Healer","floor":28,"turns":4},{"damage":56,"enemies":"Automaton","floor":33,"turns":6}],"seed_played":"-587254797235659157","potions_obtained":[{"floor":4,"key":"Weak Potion"},{"floor":6,"key":"SteroidPotion"},{"floor":8,"key":"SkillPotion"},{"floor":16,"key":"Fire Potion"},{"floor":22,"key":"DuplicationPotion"},{"floor":25,"key":"Weak Potion"},{"floor":27,"key":"ColorlessPotion"},{"floor":28,"key":"Energy Potion"}],"is_trial":false,"path_per_floor":["M","?","$","M","$","E","M","E","T","R","M","?","M","M","R","B",null,"M","$","?","?","M","E","R","E","T","M","M","?","$","T","R","B"],"character_chosen":"THE_SILENT","items_purchased":["Caltrops+1","Corpse Explosion","Snake Skull","Caltrops+1","Poison Potion"],"campfire_rested":3,"item_purchase_floors":[19,30,30,30,30],"current_hp_per_floor":[70,70,70,71,71,72,72,31,31,53,42,42,42,30,53,47,78,79,79,79,79,71,69,69,60,60,36,27,27,27,27,52,0,0],"gold":69,"neow_bonus":"THREE_ENEMY_KILL","is_daily":false,"chose_seed":false,"campfire_upgraded":1,"win_rate":0.0,"timestamp":1611535702,"path_taken":["M","?","?","M","$","E","M","E","T","R","?","?","M","M","R","BOSS","M","$","?","?","M","E","R","E","T","?","M","?","$","?","R","BOSS"],"items_purchased_type":["Card","Card","Relic","Card","Potion"],"build_version":"2020-12-22","purchased_purges":1,"victory":false,"max_hp_per_floor":[70,70,70,71,71,72,73,74,74,74,75,75,76,77,77,78,78,79,79,79,79,80,81,81,82,82,83,84,84,84,84,84,84,84],"card_choices":[{"not_picked":["Dagger Throw","Expertise","Poisoned Stab"],"picked":"SKIP","floor":1},{"not_picked":["Acrobatics","Backstab"],"picked":"Bouncing Flask","floor":4},{"not_picked":["Acrobatics","Well Laid Plans+1"],"picked":"Flying Knee","floor":6},{"not_picked":["Dagger Spray","Cloak And Dagger"],"picked":"Bouncing Flask","floor":7},{"not_picked":["Envenom+1","Deflect"],"picked":"Bane","floor":8},{"not_picked":["Deadly Poison","Setup"],"picked":"PiercingWail","floor":11},{"not_picked":["Slice","Quick Slash"],"picked":"Bouncing Flask","floor":13},{"not_picked":["Acrobatics","Escape Plan"],"picked":"Tools of the Trade+1","floor":14},{"not_picked":["Tools of the Trade+1","Envenom+1"],"picked":"Glass Knife","floor":16},{"not_picked":["Outmaneuver","Leg Sweep"],"picked":"All Out Attack+1","floor":18},{"not_picked":["Dodge and Roll","Escape Plan"],"picked":"Deadly Poison+1","floor":22},{"not_picked":["Prepared","Sucker Punch"],"picked":"Die Die Die","floor":23},{"not_picked":["Deflect","Backflip","Concentrate"],"picked":"SKIP","floor":25},{"not_picked":["Flying Knee","Outmaneuver","PiercingWail"],"picked":"Deadly Poison+1","floor":27},{"not_picked":["Dagger Throw+1","Accuracy+1","Acrobatics","Distraction+1"],"picked":"SKIP","floor":28}],"player_experience":545026,"relics_obtained":[{"floor":6,"key":"Frozen Egg 2"},{"floor":8,"key":"Bronze Scales"},{"floor":9,"key":"Orichalcum"},{"floor":23,"key":"Bag of Preparation"},{"floor":25,"key":"Question Card"},{"floor":31,"key":"MealTicket"}],"event_choices":[{"damage_healed":0,"gold_gain":0,"player_choice":"Trade","damage_taken":0,"relics_obtained":["FaceOfCleric"],"max_hp_gain":0,"max_hp_loss":0,"event_name":"FaceTrader","floor":2,"gold_loss":0},{"damage_healed":0,"gold_gain":0,"player_choice":"Left Gold","damage_taken":0,"max_hp_gain":0,"max_hp_loss":0,"event_name":"World of Goop","floor":12,"gold_loss":28},{"damage_healed":0,"gold_gain":0,"player_choice":"Opened","damage_taken":0,"relics_obtained":["MawBank"],"max_hp_gain":0,"max_hp_loss":0,"event_name":"The Mausoleum","floor":20,"gold_loss":0},{"damage_healed":0,"gold_gain":0,"player_choice":"Bet on Murderer","damage_taken":0,"max_hp_gain":0,"max_hp_loss":0,"event_name":"The Joust","floor":21,"gold_loss":50},{"damage_healed":0,"gold_gain":0,"player_choice":"Traded Relic","damage_taken":0,"relics_obtained":["Nloth\u0027s Gift"],"max_hp_gain":0,"max_hp_loss":0,"event_name":"N\u0027loth","floor":29,"relics_lost":["Astrolabe"],"gold_loss":0}],"is_beta":false,"boss_relics":[{"not_picked":["SlaversCollar","Runic Dome"],"picked":"Astrolabe"}],"items_purged_floors":[19],"is_endless":false,"potions_floor_spawned":[4,6,8,16,22,25,27,28],"killed_by":"Automaton","ascension_level":4}}