{"host":"wghdsg8ym2wc7ov9","time":1611547087,"event":{"mods":["AchievementEnabler","Astrologer","BaseMod","Beaked The Cultist","Better Altar","Better Note","ChefMod","Colored Map","Evolution","Fox Events","Hermit","Highlight Path","Jorbs\u0027s Wanderer Trilogy","KinomotoSakuraMod(????)","Minty Spire (QoL Compilation)","Random Character Button","Relic Stats","SIMod","Shop Mod","StSLib","The Blackbeard","The Bladedancer","The Construct","The Cursed","The Death Knight","The Gatherer","The Hierophant","The Marked","The Mystic","The Necromancer","The Runesmith","The Senshi","The Servant 0.9.4"],"gold_per_floor":[112,126,141,158,14,39,39,52,52,84,84,84,99,99,99,227,227,243,256,274,274,298,298,311,311,381,381,381,421,23,36,36,155,155,170,195,220,220,243,243,256,256,256,256,256],"floor_reached":44,"language":"ENG","playtime":5330,"items_purged":[],"score":494,"play_id":"2f4f8d5d-d986-41ca-a3a8-42d2620aabb4","local_time":"20210124195807","is_ascension_mode":false,"campfire_choices":[{"floor":7.0,"key":"REST"},{"data":"construct:FlameCore","floor":11.0,"key":"SMITH"},{"data":"construct:Synchronize","floor":15.0,"key":"SMITH"},{"data":"construct:Stasis","floor":23,"key":"SMITH"},{"data":"construct:Versatility","floor":25,"key":"SMITH"},{"data":"construct:HyperBeam","floor":32,"key":"SMITH"},{"data":"Summon_Vampire_Lady","floor":40,"key":"SMITH"},{"floor":42,"key":"RECALL"}],"circlet_count":0,"master_deck":["construct:Strike_Gold","construct:Strike_Gold","construct:Strike_Gold","construct:Strike_Gold","construct:Strike_Gold","construct:Defend_Gold","construct:Defend_Gold","construct:Defend_Gold","construct:Defend_Gold","construct:Defend_Gold","construct:AttackMode","construct:DefenseMode","The Bomb","construct:Synchronize+1","construct:FlameCore+1","construct:Electrocute","construct:LaserCore","construct:ShieldBurst","construct:Versatility+1","construct:Stasis+1","Injury","construct:PowerUp","construct:ShieldGenerator","construct:Autoturret","construct:Autoturret","construct:ShiftStrike","Requiem","construct:ForceCore","Writhe","construct:Accumulate","construct:Impenetrable","construct:HyperBeam+1","construct:QuickAttack","construct:BatteryCore","Summon_Vampire_Lady+1","construct:GuardCore","construct:Analyze+1","construct:BatteryAcid","construct:SiegeForm","construct:Forcefield"],"relics":["construct:Cogwheel","EVO:Axolotl","Boot","StrikeDummy","Meat on the Bone","Mercury Hourglass","Golden Idol","Coffee Dripper","HornCleat","construct:FoamFinger","Blood Vial","Runesmith:Nanobots","beaked:SacredDeck"],"acts_visited":["Exordium","TheCity","TheBeyond"],"potions_floor_usage":[22,24,24,24,29,29,39],"damage_taken":[{"damage":4.0,"enemies":"Jaw Worm","floor":1.0,"turns":4.0},{"damage":0.0,"enemies":"Cultist","floor":2.0,"turns":3.0},{"damage":3.0,"enemies":"2 Louse","floor":3.0,"turns":3.0},{"damage":0.0,"enemies":"2 Fungi Beasts","floor":4.0,"turns":2.0},{"damage":28.0,"enemies":"Gremlin Nob","floor":6.0,"turns":4.0},{"damage":0.0,"enemies":"Large Slime","floor":8.0,"turns":4.0},{"damage":13.0,"enemies":"Lagavulin","floor":10.0,"turns":5.0},{"damage":1.0,"enemies":"Lots of Slimes","floor":13.0,"turns":3.0},{"damage":38.0,"enemies":"The Guardian","floor":16.0,"turns":10.0},{"damage":4.0,"enemies":"Spheric Guardian","floor":18.0,"turns":5.0},{"damage":20.0,"enemies":"3 Byrds","floor":19.0,"turns":3.0},{"damage":24.0,"enemies":"3 Cultists","floor":20.0,"turns":4.0},{"damage":49,"enemies":"Shelled Parasite and Fungi","floor":22,"turns":7},{"damage":17,"enemies":"Snake Plant","floor":24,"turns":4},{"damage":10,"enemies":"Slavers","floor":29,"turns":3},{"damage":8,"enemies":"Chosen and Byrds","floor":31,"turns":4},{"damage":40,"enemies":"Champ","floor":33,"turns":11},{"damage":4,"enemies":"3 Darklings","floor":35,"turns":3},{"damage":0,"enemies":"Orb Walker","floor":36,"turns":3},{"damage":7,"enemies":"Spire Growth","floor":37,"turns":5},{"damage":6,"enemies":"3 Darklings","floor":39,"turns":3},{"damage":21,"enemies":"Jaw Worm Horde","floor":41,"turns":4},{"damage":50,"enemies":"Reptomancer","floor":44,"turns":6}],"seed_played":"5203150289569591398","potions_obtained":[{"floor":2.0,"key":"EssenceOfSteel"},{"floor":8.0,"key":"construct:MegaPotion"},{"floor":13.0,"key":"Swift Potion"},{"floor":20.0,"key":"DistilledChaos"},{"floor":22,"key":"Regen Potion"},{"floor":24,"key":"Weak Potion"},{"floor":33,"key":"PowerPotion"},{"floor":37,"key":"AttackPotion"},{"floor":41,"key":"construct:ShiftPotion"}],"is_trial":false,"path_per_floor":["M","M","M","M","$","E","R","M","T","E","R","?","M","?","R","B",null,"M","M","M","?","M","R","M","R","T","?","?","E","$","M","R","B",null,"M","M","M","?","M","R","M","R","T","E"],"character_chosen":"THE_CONSTRUCT_MOD","items_purchased":["Boot","construct:Impenetrable","Runesmith:Nanobots","construct:HyperBeam"],"campfire_rested":1,"item_purchase_floors":[5,30,30,30],"current_hp_per_floor":[57,57,54,54,54,26,51,51,51,50,50,50,49,54,54,28,90,86,66,54,54,17,17,26,26,26,26,26,54,54,48,48,22,76,72,74,69,69,65,65,46,46,46,0,0],"gold":256,"neow_bonus":"RANDOM_COLORLESS_2","is_daily":false,"chose_seed":false,"campfire_upgraded":6,"win_rate":0.0,"timestamp":1611547087,"path_taken":["M","M","M","M","$","E","R","M","T","E","R","?","M","?","R","BOSS","M","M","M","?","M","R","M","R","T","?","?","E","$","M","R","BOSS","M","M","M","?","M","R","M","R","T","E"],"items_purchased_type":["Relic","Card","Relic","Card"],"build_version":"2020-12-22","purchased_purges":0,"victory":false,"max_hp_per_floor":[85,85,85,85,85,85,85,85,85,85,85,85,85,90,90,90,90,90,90,90,90,90,90,90,90,90,90,76,76,76,76,76,76,76,76,76,76,76,76,76,76,76,76,76,76],"relic_stats":{"Blood Vial":14,"counters":[23,99],"Golden Idol":103,"Boot":[21],"obtain_stats":[{"Runesmith:Nanobots":30,"construct:FoamFinger":27,"Golden Idol":12,"EVO:Axolotl":0,"Boot":5,"Mercury Hourglass":10,"Blood Vial":29,"HornCleat":26,"construct:Cogwheel":0,"beaked:SacredDeck":34,"Coffee Dripper":17,"StrikeDummy":6,"Meat on the Bone":9},{"Runesmith:Nanobots":15,"construct:FoamFinger":14,"Golden Idol":7,"EVO:Axolotl":0,"Boot":4,"Mercury Hourglass":7,"Blood Vial":15,"HornCleat":14,"construct:Cogwheel":0,"beaked:SacredDeck":17,"Coffee Dripper":9,"StrikeDummy":5,"Meat on the Bone":6},{"Runesmith:Nanobots":60,"construct:FoamFinger":58,"Golden Idol":23,"EVO:Axolotl":0,"Boot":11,"Mercury Hourglass":23,"Blood Vial":60,"HornCleat":58,"construct:Cogwheel":0,"beaked:SacredDeck":75,"Coffee Dripper":35,"StrikeDummy":15,"Meat on the Bone":18}],"Meat on the Bone":72,"Mercury Hourglass":[287]},"card_choices":[{"not_picked":["Transmutation","Secret Technique"],"picked":"The Bomb","floor":0.0},{"not_picked":["construct:FocusedBeam","construct:Backfire"],"picked":"construct:Synchronize","floor":1.0},{"not_picked":["construct:HeavyBolt","construct:Reinforce"],"picked":"construct:FlameCore","floor":2.0},{"not_picked":["construct:Reinforce","construct:ScrapCannon"],"picked":"construct:Electrocute","floor":3.0},{"not_picked":["construct:Backfire","construct:Analyze"],"picked":"construct:LaserCore","floor":4.0},{"not_picked":["construct:Forcefield","construct:CripplingShot"],"picked":"construct:ShieldBurst","floor":6.0},{"not_picked":["construct:FlakBarrage","construct:SweepLaser"],"picked":"construct:Versatility","floor":8.0},{"not_picked":["construct:Hazardproof","construct:Boost"],"picked":"construct:Stasis","floor":10.0},{"not_picked":["construct:ClusterMines","construct:Analyze"],"picked":"construct:PowerUp","floor":13.0},{"not_picked":["construct:GoldenBullet","construct:ClockworkEgg"],"picked":"construct:ShieldGenerator","floor":16.0},{"not_picked":["construct:ModeShift","construct:FierceBash"],"picked":"construct:Autoturret","floor":18.0},{"not_picked":["construct:Analyze","construct:Forcefield"],"picked":"construct:Autoturret","floor":19.0},{"not_picked":["construct:FocusedBeam","construct:SaveState+1"],"picked":"construct:ShiftStrike","floor":20.0},{"not_picked":["construct:FierceBash","construct:SaveState"],"picked":"construct:ClusterMines+1","floor":22},{"not_picked":["construct:SyphonStrike","construct:ShiftStrike"],"picked":"construct:ForceCore","floor":24},{"not_picked":["construct:Antimatter","construct:ClusterMines"],"picked":"construct:Accumulate","floor":29},{"not_picked":["construct:VentSteam","construct:UnbalancingBlast"],"picked":"construct:QuickAttack","floor":31},{"not_picked":["construct:MassProduction","construct:Reserves"],"picked":"construct:BatteryCore","floor":33},{"not_picked":["construct:ScrapCannon+1","construct:Forcefield+1"],"picked":"construct:GuardCore","floor":35},{"not_picked":["construct:ScrapCannon+1","construct:SyphonStrike+1"],"picked":"construct:Analyze+1","floor":36},{"not_picked":["construct:Anticipate","construct:ModeShift"],"picked":"construct:BatteryAcid","floor":37},{"not_picked":["construct:HeavyBolt+1","construct:ChargeShot"],"picked":"construct:SiegeForm","floor":39},{"not_picked":["construct:Synchronize","construct:ScrapCannon+1"],"picked":"construct:Forcefield","floor":41}],"player_experience":744592,"relics_obtained":[{"floor":6.0,"key":"StrikeDummy"},{"floor":9.0,"key":"Meat on the Bone"},{"floor":10.0,"key":"Mercury Hourglass"},{"floor":26,"key":"HornCleat"},{"floor":29,"key":"Blood Vial"}],"event_choices":[{"damage_healed":0.0,"max_hp_gain":0.0,"max_hp_loss":0.0,"gold_gain":0.0,"event_name":"Golden Idol","player_choice":"Take Wound","floor":12.0,"gold_loss":0.0,"damage_taken":0.0,"relics_obtained":["Golden Idol"],"cards_obtained":["Injury"]},{"damage_healed":0.0,"max_hp_gain":5.0,"max_hp_loss":0.0,"gold_gain":0.0,"event_name":"Big Fish","player_choice":"Donut","floor":14.0,"gold_loss":0.0,"damage_taken":0.0},{"cards_removed":["construct:Stasis"],"damage_healed":0.0,"max_hp_gain":0.0,"max_hp_loss":0.0,"gold_gain":0.0,"event_name":"betterNote:BetterNote","player_choice":"Take \u0026 Give","floor":21.0,"gold_loss":0.0,"damage_taken":0.0,"cards_obtained":["Requiem"]},{"damage_healed":0,"gold_gain":0,"player_choice":"Opened","damage_taken":0,"relics_obtained":["construct:FoamFinger"],"max_hp_gain":0,"max_hp_loss":0,"event_name":"The Mausoleum","floor":27,"gold_loss":0,"cards_obtained":["Writhe"]},{"cards_removed":["construct:ClusterMines"],"damage_healed":0,"gold_gain":0,"player_choice":"Removed Attack","damage_taken":0,"max_hp_gain":0,"max_hp_loss":0,"event_name":"Falling","floor":38,"gold_loss":0}],"is_beta":false,"boss_relics":[{"not_picked":["Empty Cage","construct:WeddingRing"],"picked":"Coffee Dripper"},{"not_picked":["Tiny House","SacredBark"],"picked":"beaked:SacredDeck"}],"items_purged_floors":[],"is_endless":false,"potions_floor_spawned":[2,8,13,20,22,24,33,37,41],"killed_by":"Reptomancer","ascension_level":0}}