{"host":"05d3ngz5n0z29vmu","time":1611611261,"event":{"mods":["BaseMod","BetterRewards","Minty Spire (QoL Compilation)","Spire Arcade"],"gold_per_floor":[109,122,132,307,307,307,318,344,391,410,410,429,462,78,78,183,183,198,215,215,215,36,36,61,61,88,103,116,216,216,233,233,233,233],"floor_reached":33,"language":"ENG","playtime":1452,"items_purged":["Doubt"],"score":307,"play_id":"7d86c432-9e15-4833-b246-5dd750d641c3","local_time":"20210125134741","is_ascension_mode":false,"campfire_choices":[{"data":"Bash","floor":6.0,"key":"SMITH"},{"floor":11.0,"key":"REST"},{"floor":15.0,"key":"REST"},{"data":"Dual Wield","floor":23.0,"key":"SMITH"},{"data":"True Grit","floor":25.0,"key":"SMITH"},{"data":"Metallicize","floor":30.0,"key":"SMITH"},{"floor":32.0,"key":"REST"}],"circlet_count":0,"master_deck":["Strike_R","Strike_R","Strike_R","Strike_R","Defend_R","Defend_R","Defend_R","Defend_R","Bash+1","Sword Boomerang","Wild Strike","Inflame","Twin Strike","Flex","Armaments","Reaper","Fire Breathing","Burning Pact","Wild Strike","Exhume","CurseOfTheBell","Flex","Power Through","Dual Wield+1","Second Wind","True Grit+1","Shrug It Off+1","Metallicize+1"],"relics":["Burning Blood","Paper Frog","HornCleat","Tiny Chest","Mercury Hourglass","Strange Spoon","Calling Bell","Toy Ornithopter","Kunai","Ice Cream","InkBottle","Orrery","Blood Vial","Bag of Marbles"],"acts_visited":["Exordium","TheCity"],"potions_floor_usage":[33,33],"damage_taken":[{"damage":6.0,"enemies":"Small Slimes","floor":1.0,"turns":3.0},{"damage":6.0,"enemies":"Jaw Worm","floor":2.0,"turns":3.0},{"damage":6.0,"enemies":"Cultist","floor":3.0,"turns":3.0},{"damage":9.0,"enemies":"Blue Slaver","floor":7.0,"turns":3.0},{"damage":51.0,"enemies":"3 Sentries","floor":8.0,"turns":12.0},{"damage":12.0,"enemies":"Exordium Wildlife","floor":10.0,"turns":4.0},{"damage":7.0,"enemies":"2 Fungi Beasts","floor":12.0,"turns":3.0},{"damage":26.0,"enemies":"Lagavulin","floor":13.0,"turns":6.0},{"damage":0.0,"enemies":"Slime Boss","floor":16.0,"turns":6.0},{"damage":24.0,"enemies":"Shell Parasite","floor":18.0,"turns":5.0},{"damage":37.0,"enemies":"3 Byrds","floor":19.0,"turns":5.0},{"damage":20.0,"enemies":"Centurion and Healer","floor":27.0,"turns":8.0},{"damage":26.0,"enemies":"Snecko","floor":28.0,"turns":6.0},{"damage":45.0,"enemies":"Sentry and Sphere","floor":31.0,"turns":7.0},{"damage":60,"enemies":"Champ","floor":33,"turns":11}],"seed_played":"3190208445207184495","potions_obtained":[{"floor":2.0,"key":"Ancient Potion"},{"floor":3.0,"key":"Energy Potion"},{"floor":10.0,"key":"SpeedPotion"},{"floor":27.0,"key":"Swift Potion"}],"is_trial":false,"path_per_floor":["M","M","M","?","T","R","M","E","T","M","R","M","E","$","R","B",null,"M","M","?","?","$","R","T","R","T","M","M","?","R","M","R","B"],"character_chosen":"IRONCLAD","items_purchased":["Fire Breathing","Burning Pact","Strange Spoon","Wild Strike","Orrery","True Grit"],"campfire_rested":3,"item_purchase_floors":[14,14,14,14,22,22],"current_hp_per_floor":[88,88,88,88,88,88,85,40,40,34,60,59,39,39,65,71,88,74,43,43,43,43,43,43,43,43,52,44,44,44,18,44,0,0],"gold":233,"neow_bonus":"TEN_PERCENT_HP_BONUS","is_daily":false,"chose_seed":false,"campfire_upgraded":4,"win_rate":0.0,"timestamp":1611611261,"path_taken":["M","M","M","?","?","R","?","E","T","M","R","M","E","$","R","BOSS","M","M","?","?","?","R","?","R","T","M","?","?","R","M","R","BOSS"],"items_purchased_type":["Card","Card","Relic","Card","Relic","Card"],"build_version":"2020-12-22","purchased_purges":1,"victory":false,"max_hp_per_floor":[88,88,88,88,88,88,88,88,88,88,88,88,88,88,88,88,88,88,88,88,88,88,88,88,88,88,88,88,88,88,88,88,88,88],"card_choices":[{"not_picked":["Perfected Strike","Pommel Strike"],"picked":"Sword Boomerang","floor":1.0},{"not_picked":["Perfected Strike","Pummel","Heavy Blade"],"picked":"SKIP","floor":2.0},{"not_picked":["Reckless Charge","Warcry"],"picked":"Wild Strike","floor":3.0},{"not_picked":["Headbutt","Shrug It Off"],"picked":"Inflame","floor":7.0},{"not_picked":["Wild Strike","Searing Blow"],"picked":"Twin Strike","floor":8.0},{"not_picked":["Twin Strike","Perfected Strike"],"picked":"Flex","floor":10.0},{"not_picked":["Rage","Sentinel"],"picked":"Armaments","floor":12.0},{"not_picked":["Cleave","Feel No Pain"],"picked":"Reaper","floor":13.0},{"not_picked":["Reaper","Berserk"],"picked":"Exhume","floor":16.0},{"not_picked":["Headbutt","Armaments+1"],"picked":"Flex","floor":18.0},{"not_picked":["Double Tap","Shrug It Off+1"],"picked":"Power Through","floor":19.0},{"not_picked":["Feed","Armaments"],"picked":"Dual Wield","floor":22.0},{"not_picked":["Clothesline","Pommel Strike"],"picked":"Second Wind","floor":22.0},{"not_picked":["Demon Form","Searing Blow"],"picked":"Shrug It Off+1","floor":27.0},{"not_picked":["Clash","Power Through"],"picked":"Metallicize","floor":28.0},{"not_picked":["Ghostly Armor","Pommel Strike","Body Slam"],"picked":"SKIP","floor":31.0}],"player_experience":521579,"relics_obtained":[{"floor":5.0,"key":"Paper Frog"},{"floor":8.0,"key":"HornCleat"},{"floor":9.0,"key":"Tiny Chest"},{"floor":13.0,"key":"Mercury Hourglass"},{"floor":17.0,"key":"Toy Ornithopter"},{"floor":17.0,"key":"Kunai"},{"floor":17.0,"key":"Ice Cream"},{"floor":24.0,"key":"Blood Vial"},{"floor":26.0,"key":"Bag of Marbles"}],"event_choices":[{"damage_healed":0.0,"max_hp_gain":0.0,"max_hp_loss":0.0,"gold_gain":175.0,"event_name":"Liars Game","player_choice":"AGREE","floor":4.0,"gold_loss":0.0,"damage_taken":0.0,"cards_obtained":["Doubt"]},{"cards_removed":["Strike_R"],"damage_healed":0.0,"max_hp_gain":0.0,"max_hp_loss":0.0,"gold_gain":0.0,"event_name":"Back to Basics","player_choice":"Elegance","floor":20.0,"gold_loss":0.0,"damage_taken":0.0},{"damage_healed":0.0,"max_hp_gain":0.0,"max_hp_loss":0.0,"gold_gain":0.0,"event_name":"The Mausoleum","player_choice":"Opened","floor":21.0,"gold_loss":0.0,"damage_taken":0.0,"relics_obtained":["InkBottle"]},{"damage_healed":0.0,"max_hp_gain":0.0,"max_hp_loss":0.0,"gold_gain":100.0,"event_name":"Golden Shrine","player_choice":"Pray","floor":29.0,"gold_loss":0.0,"damage_taken":0.0}],"is_beta":false,"boss_relics":[{"not_picked":["Busted Crown","Cursed Key"],"picked":"Calling Bell"}],"items_purged_floors":[14],"is_endless":false,"potions_floor_spawned":[2,3,10,16,18,27],"killed_by":"Champ","ascension_level":0}}