{"host":"Chadow","time":1611550927,"event":{"mods":["BaseMod","Curses Come First","Minty Spire (QoL Compilation)","Quick Restart","Replay The Spire","StSLib"],"gold_per_floor":[119,119,44,119,219,219,237,237,237,270,286,286,301,314,314,415,415,425,425,425],"floor_reached":19,"language":"ENG","playtime":868,"items_purged":["Strike_B"],"score":167,"play_id":"2fe8faec-7b61-46f1-a333-254fe54f8e98","local_time":"20210125000207","is_ascension_mode":false,"campfire_choices":[{"data":"Zap","floor":6.0,"key":"SMITH"},{"data":"Consume","floor":8.0,"key":"SMITH"}],"circlet_count":0,"master_deck":["Zap+1","ReplayTheSpireMod:Omega Cannon+1","Consume+1","ReplaySort+1","Barrage","Compile Driver","Crystallizer","Genetic Algorithm","Rip and Tear","Buffer","Multi-Cast"],"relics":["SlaversCollar","Chameleon Ring","Letter Opener","Pandora\u0027s Box"],"acts_visited":["Exordium","TheCity"],"potions_floor_usage":[16,16,18],"damage_taken":[{"damage":0.0,"enemies":"Small Slimes","floor":1.0,"turns":3.0},{"damage":0.0,"enemies":"Cultist","floor":7.0,"turns":3.0},{"damage":4.0,"enemies":"3 Sentries","floor":10.0,"turns":3.0},{"damage":0.0,"enemies":"2 Louse","floor":11.0,"turns":2.0},{"damage":8.0,"enemies":"Exordium Thugs","floor":13.0,"turns":3.0},{"damage":3.0,"enemies":"Gremlin Gang","floor":14.0,"turns":2.0},{"damage":23,"enemies":"Fading Forest","floor":16,"turns":11},{"damage":10,"enemies":"3 Byrds","floor":18,"turns":2}],"seed_played":"1200573651307748218","potions_obtained":[{"floor":10.0,"key":"BlessingOfTheForge"},{"floor":14.0,"key":"SteroidPotion"},{"floor":15.0,"key":"Doom Potion"},{"floor":15.0,"key":"SneckoOil"},{"floor":16,"key":"Explosive Potion"},{"floor":18,"key":"FearPotion"}],"is_trial":false,"path_per_floor":["M","?","$","?","?","R","M","R","T","E","M","?","M","M","R","B",null,"M","$"],"character_chosen":"DEFECT","items_purchased":[],"campfire_rested":0,"item_purchase_floors":[],"current_hp_per_floor":[75,75,75,64,64,64,64,64,64,60,60,60,52,49,49,36,75,65,65,65],"gold":425,"neow_bonus":"BOSS_RELIC","is_daily":false,"chose_seed":false,"campfire_upgraded":2,"win_rate":0.0,"timestamp":1611550927,"path_taken":["M","?","$","?","?","R","M","R","T","E","?","?","?","M","R","BOSS","M","$"],"items_purchased_type":[],"build_version":"2020-12-18","purchased_purges":1,"victory":false,"max_hp_per_floor":[75,75,75,75,75,75,75,75,75,75,75,75,75,75,75,75,75,75,75,75],"card_choices":[{"not_picked":["Coolheaded","Streamline","Panic Button"],"picked":"SKIP","floor":1.0},{"not_picked":["Steam","Rip and Tear"],"picked":"Consume","floor":7.0},{"not_picked":["Skim","ReplayTheSpireMod:GoodbyeWorld"],"picked":"ReplaySort","floor":10.0},{"not_picked":["Blizzard","Compile Driver","Stack"],"picked":"SKIP","floor":11.0},{"not_picked":["Auto Shields","Sweeping Beam","Loop"],"picked":"SKIP","floor":13.0},{"not_picked":["Streamline","Echo Form","Turbo"],"picked":"SKIP","floor":14.0},{"not_picked":["Beam Cell","Cold Snap","Rebound+1"],"picked":"SKIP","floor":18}],"player_experience":759944,"relics_obtained":[{"floor":9.0,"key":"Chameleon Ring"},{"floor":10.0,"key":"Letter Opener"}],"event_choices":[{"damage_healed":0.0,"max_hp_gain":0.0,"max_hp_loss":0.0,"gold_gain":75.0,"event_name":"World of Goop","player_choice":"Gather Gold","floor":4.0,"gold_loss":0.0,"damage_taken":11.0},{"damage_healed":0.0,"max_hp_gain":0.0,"max_hp_loss":0.0,"gold_gain":100.0,"event_name":"Wheel of Change","player_choice":"Gold","floor":5.0,"gold_loss":0.0,"damage_taken":0.0},{"damage_healed":0.0,"max_hp_gain":0.0,"max_hp_loss":0.0,"gold_gain":0.0,"event_name":"Upgrade Shrine","player_choice":"Upgraded","floor":12.0,"gold_loss":0.0,"damage_taken":0.0,"cards_upgraded":["ReplaySort"]}],"is_beta":true,"boss_relics":[{"not_picked":["Coffee Dripper","Runic Dome"],"picked":"Pandora\u0027s Box"}],"items_purged_floors":[3],"is_endless":false,"potions_floor_spawned":[10,14,16,18],"ascension_level":0}}