{"host":"syozzdlzcqop4jia","time":1611608940,"event":{"mods":["BaseMod","Colored Powertips","Minty Spire (QoL Compilation)","Quick Restart"],"gold_per_floor":[117,117,192,210,210,210,228,246,246,260,260,286,236,254,254,359,359,379,395,310,137,137,137,148,161,161,161,161,173,173,207,207,309,309,320,165,184,194,194,194,228,228,254,265,265,265],"floor_reached":45,"language":"ENG","playtime":3238,"items_purged":["Defend_R"],"score":537,"play_id":"3fc8debc-f7e4-44b5-91ce-1532cbc60048","local_time":"20210125220900","is_ascension_mode":true,"campfire_choices":[{"floor":6,"key":"REST"},{"data":"Double Tap","floor":15,"key":"SMITH"},{"data":"Flex","floor":23,"key":"SMITH"},{"data":"Reaper","floor":32,"key":"SMITH"},{"data":"Limit Break","floor":40,"key":"SMITH"},{"floor":42,"key":"REST"}],"circlet_count":0,"master_deck":["Defend_R","Defend_R","Defend_R+1","Bash","Clothesline+1","Heavy Blade+1","Double Tap+1","Clash","Wild Strike+1","Flex+1","Anger","Reaper+1","Cleave","Shrug It Off","Wild Strike","Bite","Bite+1","Bite","Bite","Bite","Cleave+1","Limit Break+1","Wild Strike+1","Heavy Blade+1","Reckless Charge+1","Shrug It Off+1","Madness","Madness"],"relics":["Burning Blood","TungstenRod","Thread and Needle","Busted Crown","Bird Faced Urn","HornCleat","Enchiridion","The Courier","Sozu","Orichalcum","Pocketwatch","Whetstone"],"acts_visited":["Exordium","TheCity","TheBeyond"],"potions_floor_usage":[41],"damage_taken":[{"damage":13,"enemies":"Jaw Worm","floor":1,"turns":4},{"damage":1,"enemies":"2 Louse","floor":4,"turns":2},{"damage":0,"enemies":"Cultist","floor":7,"turns":4},{"damage":11,"enemies":"Looter","floor":8,"turns":3},{"damage":3,"enemies":"2 Fungi Beasts","floor":10,"turns":3},{"damage":14,"enemies":"Gremlin Nob","floor":12,"turns":4},{"damage":11,"enemies":"Large Slime","floor":14,"turns":5},{"damage":25,"enemies":"The Guardian","floor":16,"turns":11},{"damage":6,"enemies":"Shell Parasite","floor":18,"turns":6},{"damage":0,"enemies":"Spheric Guardian","floor":19,"turns":3},{"damage":16,"enemies":"Snake Plant","floor":24,"turns":4},{"damage":15,"enemies":"3 Cultists","floor":25,"turns":6},{"damage":17,"enemies":"Centurion and Healer","floor":29,"turns":5},{"damage":10,"enemies":"Gremlin Leader","floor":31,"turns":5},{"damage":41,"enemies":"Collector","floor":33,"turns":10},{"damage":3,"enemies":"Orb Walker","floor":35,"turns":2},{"damage":0,"enemies":"3 Darklings","floor":37,"turns":2},{"damage":17,"enemies":"Maw","floor":38,"turns":7},{"damage":95,"enemies":"Reptomancer","floor":41,"turns":6},{"damage":21,"enemies":"Spire Growth","floor":44,"turns":4},{"damage":72,"enemies":"Writhing Mass","floor":45,"turns":4}],"seed_played":"3621684920942122111","potions_obtained":[{"floor":4,"key":"Dexterity Potion"},{"floor":10,"key":"SmokeBomb"},{"floor":12,"key":"BlessingOfTheForge"},{"floor":14,"key":"SkillPotion"},{"floor":24,"key":"DuplicationPotion"},{"floor":33,"key":"FairyPotion"}],"is_trial":false,"path_per_floor":["M","?","?","M","?","R","M","M","T","M","?","E","?","M","R","B",null,"M","M","?","$","?","R","M","M","T","?","?","M","?","E","R","B",null,"M","$","M","M","?","R","E","R","T","M","M"],"character_chosen":"IRONCLAD","items_purchased":["Shrug It Off","Wild Strike","Orichalcum","Heavy Blade"],"campfire_rested":2,"item_purchase_floors":[21,21,36,36],"current_hp_per_floor":[81,63,52,57,57,83,88,83,83,86,91,83,83,78,78,59,93,93,93,93,93,65,65,59,64,64,64,64,59,47,57,57,38,65,65,65,65,61,54,54,25,44,44,38,0,0],"gold":265,"neow_bonus":"TEN_PERCENT_HP_BONUS","is_daily":false,"chose_seed":false,"campfire_upgraded":4,"win_rate":0.0,"timestamp":1611608940,"path_taken":["M","?","?","M","?","R","?","M","T","M","?","E","?","M","R","BOSS","M","M","?","$","?","R","M","M","T","?","?","?","?","E","R","BOSS","M","$","M","M","?","R","E","R","T","M","M"],"items_purchased_type":["Card","Card","Relic","Card"],"build_version":"2020-12-22","purchased_purges":1,"victory":false,"max_hp_per_floor":[88,88,88,88,88,88,88,88,88,88,93,93,93,93,93,93,93,93,93,93,93,65,65,65,65,65,65,65,65,65,65,65,65,65,65,65,65,65,65,65,65,65,65,65,65,65],"card_choices":[{"not_picked":["Body Slam","Headbutt"],"picked":"Clothesline","floor":1},{"not_picked":["Iron Wave","Clash"],"picked":"Heavy Blade","floor":4},{"not_picked":["Body Slam","Sentinel"],"picked":"Double Tap","floor":7},{"not_picked":["True Grit","Clothesline"],"picked":"Clash","floor":8},{"not_picked":["Body Slam","Reckless Charge"],"picked":"Wild Strike","floor":10},{"not_picked":["Perfected Strike","Shrug It Off"],"picked":"Flex","floor":12},{"not_picked":["Headbutt","Impervious"],"picked":"Anger","floor":14},{"not_picked":["Barricade","Juggernaut"],"picked":"Reaper","floor":16},{"not_picked":[],"picked":"Cleave","floor":18},{"not_picked":["Havoc"],"picked":"SKIP","floor":19},{"not_picked":["True Grit"],"picked":"SKIP","floor":24},{"not_picked":[],"picked":"Cleave+1","floor":25},{"not_picked":["Burning Pact"],"picked":"SKIP","floor":29},{"not_picked":["Feel No Pain"],"picked":"SKIP","floor":31},{"not_picked":[],"picked":"Limit Break","floor":33},{"not_picked":[],"picked":"Wild Strike+1","floor":35},{"not_picked":[],"picked":"Reckless Charge+1","floor":37},{"not_picked":[],"picked":"Shrug It Off+1","floor":38},{"not_picked":["Iron Wave"],"picked":"SKIP","floor":41},{"not_picked":["Anger+1"],"picked":"SKIP","floor":44}],"player_experience":377655,"relics_obtained":[{"floor":9,"key":"TungstenRod"},{"floor":12,"key":"Thread and Needle"},{"floor":26,"key":"HornCleat"},{"floor":30,"key":"Enchiridion"},{"floor":31,"key":"The Courier"},{"floor":41,"key":"Pocketwatch"},{"floor":43,"key":"Whetstone"}],"event_choices":[{"damage_healed":0,"gold_gain":0,"player_choice":"Entered Light","damage_taken":18,"max_hp_gain":0,"max_hp_loss":0,"event_name":"Shining Light","floor":2,"gold_loss":0,"cards_upgraded":["Clothesline","Defend_R"]},{"damage_healed":0,"gold_gain":75,"player_choice":"Gather Gold","damage_taken":11,"max_hp_gain":0,"max_hp_loss":0,"event_name":"World of Goop","floor":3,"gold_loss":0},{"damage_healed":0,"gold_gain":0,"player_choice":"Upgraded","damage_taken":0,"max_hp_gain":0,"max_hp_loss":0,"event_name":"Upgrade Shrine","floor":5,"gold_loss":0,"cards_upgraded":["Heavy Blade"]},{"damage_healed":0,"gold_gain":0,"player_choice":"Donut","damage_taken":0,"max_hp_gain":5,"max_hp_loss":0,"event_name":"Big Fish","floor":11,"gold_loss":0},{"cards_removed":["Strike_R"],"damage_healed":0,"gold_gain":0,"player_choice":"Card Removal","damage_taken":0,"max_hp_gain":0,"max_hp_loss":0,"event_name":"The Cleric","floor":13,"gold_loss":50},{"damage_healed":0,"gold_gain":0,"player_choice":"Obtained Relic","damage_taken":0,"relics_obtained":["Bird Faced Urn"],"max_hp_gain":0,"max_hp_loss":0,"event_name":"Addict","floor":20,"gold_loss":85},{"damage_healed":0,"gold_gain":0,"player_choice":"Became a vampire","damage_taken":0,"max_hp_gain":0,"max_hp_loss":28,"event_name":"Vampires","floor":22,"gold_loss":0,"cards_obtained":["Bite","Bite","Bite","Bite","Bite"]},{"damage_healed":0,"gold_gain":0,"player_choice":"Ignored","damage_taken":0,"max_hp_gain":0,"max_hp_loss":0,"event_name":"Ghosts","floor":27,"gold_loss":0},{"damage_healed":0,"gold_gain":0,"player_choice":"Upgraded","damage_taken":0,"max_hp_gain":0,"max_hp_loss":0,"event_name":"Upgrade Shrine","floor":28,"gold_loss":0,"cards_upgraded":["Wild Strike"]},{"damage_healed":0,"gold_gain":0,"player_choice":"Obtained Book","damage_taken":16,"max_hp_gain":0,"max_hp_loss":0,"event_name":"Cursed Tome","floor":30,"gold_loss":0},{"damage_healed":0,"gold_gain":0,"player_choice":"Embrace Madness","damage_taken":8,"max_hp_gain":0,"max_hp_loss":0,"event_name":"Winding Halls","floor":39,"gold_loss":0,"cards_obtained":["Madness","Madness"]}],"is_beta":false,"boss_relics":[{"not_picked":["Runic Cube","Empty Cage"],"picked":"Busted Crown"},{"not_picked":["Black Blood","Fusion Hammer"],"picked":"Sozu"}],"items_purged_floors":[21],"is_endless":false,"potions_floor_spawned":[4,10,12,14,18,24,29,33,37,41,44],"killed_by":"Writhing Mass","ascension_level":2}}