{"host":"fuszjwm6fqgjjp4d","time":1611544096,"event":{"mods":["BaseMod","Bestiary","Colored Map","DeckTracker","Minty Spire (QoL Compilation)","Permanent Neow","Relic Sorter","Relic Stats","StSLib"],"gold_per_floor":[114,114,126,126,140,169,183,198,198,198,198],"floor_reached":10,"language":"ENG","playtime":528,"items_purged":[],"score":140,"play_id":"2633a9fc-54fd-4b98-8a57-6a5a44cfcc83","local_time":"20210124210816","is_ascension_mode":true,"campfire_choices":[],"circlet_count":0,"master_deck":["AscendersBane","Strike_P","Strike_P","Strike_P","Defend_P","Defend_P","Defend_P","Defend_P","Eruption","Vigilance","Establishment","Protect","Blasphemy","FlyingSleeves","Pain","DeceiveReality","Alpha","Conclude","LikeWater"],"relics":["PureWater","WarpedTongs","Bottled Lightning","Kunai"],"acts_visited":["Exordium"],"potions_floor_usage":[6,10],"damage_taken":[{"damage":7.0,"enemies":"Jaw Worm","floor":1.0,"turns":3.0},{"damage":3.0,"enemies":"Cultist","floor":3.0,"turns":5.0},{"damage":6,"enemies":"2 Louse","floor":5,"turns":4},{"damage":8,"enemies":"Lagavulin","floor":6,"turns":5},{"damage":19,"enemies":"Lots of Slimes","floor":7,"turns":6},{"damage":3,"enemies":"Red Slaver","floor":8,"turns":6},{"damage":16,"enemies":"3 Sentries","floor":10,"turns":4}],"seed_played":"5484197052931854361","potions_obtained":[{"floor":1.0,"key":"ColorlessPotion"},{"floor":8,"key":"AttackPotion"}],"is_trial":false,"path_per_floor":["M","?","M","?","M","E","M","M","T","E"],"character_chosen":"WATCHER","items_purchased":[],"campfire_rested":0,"item_purchase_floors":[],"current_hp_per_floor":[54,54,51,51,45,37,18,15,15,0,0],"gold":198,"neow_bonus":"ONE_RANDOM_RARE_CARD","is_daily":false,"chose_seed":false,"campfire_upgraded":0,"win_rate":0.0,"timestamp":1611544096,"path_taken":["M","?","?","?","M","E","?","?","T","E"],"items_purchased_type":[],"build_version":"2020-12-22","purchased_purges":0,"victory":false,"max_hp_per_floor":[68,68,68,68,68,68,68,68,68,68,68],"relic_stats":{"counters":[7,33],"Kunai":[0],"obtain_stats":[{"Bottled Lightning":6,"Kunai":9,"PureWater":0,"WarpedTongs":4},{"Bottled Lightning":4,"Kunai":6,"PureWater":0,"WarpedTongs":2},{"Bottled Lightning":17,"Kunai":29,"PureWater":0,"WarpedTongs":8}],"WarpedTongs":[25]},"card_choices":[{"not_picked":["ThirdEye","CrushJoints"],"picked":"Protect","floor":1.0},{"not_picked":["Protect","SignatureMove"],"picked":"FlyingSleeves","floor":3},{"not_picked":["EmptyBody","PathToVictory"],"picked":"DeceiveReality","floor":5},{"not_picked":["Sanctity","BowlingBash"],"picked":"Alpha","floor":6},{"not_picked":["SashWhip","ClearTheMind"],"picked":"Conclude","floor":7},{"not_picked":["Wireheading","FlyingSleeves","LikeWater"],"picked":"SKIP","floor":8},{"not_picked":["Wireheading","FlyingSleeves"],"picked":"LikeWater","floor":8}],"player_experience":1340470,"relics_obtained":[{"floor":6,"key":"Bottled Lightning"},{"floor":9,"key":"Kunai"}],"event_choices":[{"damage_healed":0.0,"max_hp_gain":0.0,"max_hp_loss":0.0,"gold_gain":0.0,"cards_transformed":["Strike_P"],"event_name":"Transmorgrifier","player_choice":"Transformed","floor":2.0,"gold_loss":0.0,"damage_taken":0.0,"cards_obtained":["Blasphemy"]},{"damage_healed":0,"gold_gain":0,"player_choice":"Rummage","damage_taken":0,"relics_obtained":["WarpedTongs"],"max_hp_gain":0,"max_hp_loss":0,"event_name":"Accursed Blacksmith","floor":4,"gold_loss":0,"cards_obtained":["Pain"]}],"is_beta":false,"boss_relics":[],"items_purged_floors":[],"is_endless":false,"potions_floor_spawned":[1,8],"killed_by":"3 Sentries","ascension_level":20}}