{"host":"lrlw254gqe5layub","time":1611583181,"event":{"mods":["AchievementEnabler","BaseMod","Colored Map","Colored Powertips","Minty Spire (QoL Compilation)","Rare Cards Sparkle","SuperFastMode"],"gold_per_floor":[110,124,124,137,137,177,177,211,211,238,253,271,287,330,330,330,330],"floor_reached":16,"language":"KOR","playtime":614,"items_purged":[],"score":160,"play_id":"f4193e18-4baf-40a4-aceb-cf5b75e5ccc6","local_time":"20210125225941","is_ascension_mode":true,"campfire_choices":[{"floor":7.0,"key":"REST"},{"floor":15,"key":"REST"}],"circlet_count":0,"master_deck":["Strike_B","Strike_B","Strike_B","Strike_B","Defend_B+1","Defend_B","Defend_B","Defend_B","Zap","Dualcast","Tempest","Undo","Double Energy+1","Injury","Chill","Gash","Buffer","Capacitor","Self Repair","Beam Cell","Sweeping Beam"],"relics":["Cracked Core","Golden Idol","Darkstone Periapt","Emotion Chip","PreservedInsect"],"acts_visited":["Exordium"],"potions_floor_usage":[14,14],"damage_taken":[{"damage":6.0,"enemies":"Cultist","floor":1.0,"turns":3.0},{"damage":2.0,"enemies":"Jaw Worm","floor":2.0,"turns":3.0},{"damage":8.0,"enemies":"2 Louse","floor":4.0,"turns":3.0},{"damage":35.0,"enemies":"Lagavulin","floor":6.0,"turns":7.0},{"damage":19.0,"enemies":"3 Sentries","floor":8.0,"turns":8.0},{"damage":0.0,"enemies":"Blue Slaver","floor":11.0,"turns":3.0},{"damage":0.0,"enemies":"Exordium Thugs","floor":12.0,"turns":6.0},{"damage":0.0,"enemies":"Looter","floor":13.0,"turns":4.0},{"damage":5,"enemies":"Gremlin Gang","floor":14,"turns":3},{"damage":40,"enemies":"The Guardian","floor":16,"turns":5}],"seed_played":"-8437822202995138833","potions_obtained":[{"floor":1.0,"key":"FearPotion"},{"floor":4.0,"key":"GamblersBrew"},{"floor":6.0,"key":"Dexterity Potion"},{"floor":8.0,"key":"ColorlessPotion"},{"floor":13.0,"key":"SkillPotion"}],"is_trial":false,"path_per_floor":["M","M","?","M","?","E","R","E","T","T","M","M","M","M","R","B"],"character_chosen":"DEFECT","items_purchased":[],"campfire_rested":2,"item_purchase_floors":[],"current_hp_per_floor":[62,60,60,52,37,2,24,5,5,5,5,5,12,14,36,0,0],"gold":330,"neow_bonus":"THREE_CARDS","is_daily":false,"chose_seed":false,"campfire_upgraded":0,"win_rate":0.0,"timestamp":1611583181,"path_taken":["M","?","?","M","?","E","R","E","T","?","M","M","M","?","R","BOSS"],"items_purchased_type":[],"build_version":"2020-12-22","purchased_purges":0,"victory":false,"max_hp_per_floor":[75,75,75,75,75,75,75,75,75,75,75,75,75,75,75,75,75],"card_choices":[{"not_picked":["Ball Lightning","Steam"],"picked":"Tempest","floor":0.0},{"not_picked":["Ball Lightning","Scrape"],"picked":"Undo","floor":1.0},{"not_picked":["Sunder","Undo"],"picked":"Double Energy","floor":2.0},{"not_picked":["Steam","Turbo"],"picked":"Chill","floor":4.0},{"not_picked":["Steam Power","Double Energy"],"picked":"Gash","floor":6.0},{"not_picked":["Ball Lightning","Compile Driver"],"picked":"Buffer","floor":8.0},{"not_picked":["Reinforced Body","Steam"],"picked":"Capacitor","floor":11.0},{"not_picked":["Ball Lightning","Barrage"],"picked":"Self Repair","floor":12.0},{"not_picked":["Undo","Gash"],"picked":"Beam Cell","floor":13.0},{"not_picked":["Ball Lightning","Streamline"],"picked":"Sweeping Beam","floor":14}],"player_experience":450094,"relics_obtained":[{"floor":6.0,"key":"Darkstone Periapt"},{"floor":8.0,"key":"Emotion Chip"},{"floor":10.0,"key":"PreservedInsect"}],"event_choices":[{"damage_healed":0.0,"max_hp_gain":0.0,"max_hp_loss":0.0,"gold_gain":0.0,"event_name":"Golden Idol","player_choice":"Take Wound","floor":3.0,"gold_loss":0.0,"damage_taken":0.0,"relics_obtained":["Golden Idol"],"cards_obtained":["Injury"]},{"damage_healed":0.0,"max_hp_gain":0.0,"max_hp_loss":0.0,"gold_gain":0.0,"event_name":"Shining Light","player_choice":"Entered Light","floor":5.0,"gold_loss":0.0,"damage_taken":15.0,"cards_upgraded":["Double Energy","Defend_B"]}],"is_beta":false,"boss_relics":[],"items_purged_floors":[],"is_endless":false,"potions_floor_spawned":[1,4,6,8,13],"killed_by":"The Guardian","ascension_level":8}}