{"host":"pletss163z7s8pvv","time":1611553723,"event":{"mods":["AchievementEnabler","BaseMod","Better Altar","Better Match","Better Note","Better Sensory Stone","Better Skull","Better Third Choice","BetterRewards","CapriCore","ChefMod","Colored Map","Colored Powertips","Conspire","Energized Spire","Evolution","GifTheSpireLib","Hermit","Ironclad Rager","Marked Mod","Minty Spire (QoL Compilation)","Retaliation","Spicy Shops","StS++","StSLib","The Blue Laboratory","The Cursed","The Disciple","The Forsaken"],"gold_per_floor":[118,138,152,78,94,94,106,24,51,21,36,55,66,15,15,112,112,124,124,199,214,230,230,247,263,263,263,263,223,223,223],"floor_reached":30,"language":"ENG","playtime":801,"items_purged":[],"score":276,"play_id":"d4ba0af9-0daa-4135-8985-a66e59f59d4d","local_time":"20210124234843","is_ascension_mode":false,"campfire_choices":[{"floor":6,"key":"REST"},{"floor":15,"key":"REST"},{"floor":23,"key":"REST"}],"circlet_count":0,"master_deck":["BowlingBash","BowlingBash","BowlingBash","Eruption","Vigilance","ICR:DragonStrike+1","ICR:CraneWing+1","ICR:CraneWing+1","ICR:CraneWing+1","ICR:CraneWing+1","MentalFortress","FlurryOfBlows","Tantrum","ForeignInfluence+1","FlyingSleeves","MarkedMod:PinPointDefense","FollowUp","StSpp:LatentStrike","WaveOfTheHand","MarkedMod:OneThousandNeedles","JustLucky","Establishment","MarkedMod:GentlePulse","ClearTheMind+1","Prostrate","TalkToTheHand+1","Consecrate","MarkedMod:PinPointDefense+1"],"relics":["PureWater","EVO:Axolotl","MarkedMod:AcupunctureKit","Vajra","conspire:SpecialSausage","Frozen Egg 2"],"acts_visited":["Exordium","TheCity"],"potions_floor_usage":[30,30,30],"damage_taken":[{"damage":0,"enemies":"conspire:RoseBush","floor":1,"turns":3},{"damage":22,"enemies":"Jaw Worm","floor":2,"turns":5},{"damage":0,"enemies":"Cultist","floor":3,"turns":3},{"damage":24,"enemies":"Large Slime","floor":5,"turns":4},{"damage":9,"enemies":"Lots of Slimes","floor":7,"turns":5},{"damage":1,"enemies":"Exordium Thugs","floor":11,"turns":4},{"damage":0,"enemies":"Exordium Wildlife","floor":12,"turns":2},{"damage":0,"enemies":"3 Louse","floor":13,"turns":1},{"damage":0,"enemies":"Slime Boss","floor":16,"turns":4},{"damage":0,"enemies":"Spheric Guardian","floor":18,"turns":2},{"damage":1,"enemies":"Chosen","floor":21,"turns":5},{"damage":27,"enemies":"Snake Plant","floor":22,"turns":5},{"damage":29,"enemies":"Centurion and Healer","floor":24,"turns":6},{"damage":28,"enemies":"Snecko","floor":25,"turns":4},{"damage":5,"enemies":"conspire:SneckoGhost","floor":30,"turns":3}],"seed_played":"6019605458458897417","potions_obtained":[{"floor":1,"key":"blueLaboratory:AlphaPotion"},{"floor":5,"key":"blueLaboratory:NullPotion"},{"floor":10,"key":"DistilledChaos"},{"floor":11,"key":"LiquidBronze"},{"floor":25,"key":"SkillPotion"}],"is_trial":false,"path_per_floor":["M","M","M","?","M","R","M","$","T","?","M","M","M","$","R","B",null,"M","?","?","M","M","R","M","M","T","?","?","?","E"],"character_chosen":"WATCHER","items_purchased":["MarkedMod:PinPointDefense","FollowUp","JustLucky"],"campfire_rested":3,"item_purchase_floors":[8,8,14],"current_hp_per_floor":[72,50,50,50,26,47,38,38,38,38,37,37,37,37,58,58,72,72,72,65,64,37,58,29,1,1,1,1,1,0,0],"gold":223,"neow_bonus":"WATCHER_MONK","is_daily":false,"chose_seed":false,"campfire_upgraded":0,"win_rate":0.0,"timestamp":1611553723,"path_taken":["M","?","M","?","M","R","M","?","T","?","?","M","M","$","R","BOSS","M","?","?","?","M","R","M","M","T","?","?","?","E"],"items_purchased_type":["Card","Card","Card"],"build_version":"2020-12-22","purchased_purges":0,"victory":false,"max_hp_per_floor":[72,72,72,72,72,72,72,72,72,72,72,72,72,72,72,72,72,72,72,72,72,72,72,72,72,72,72,72,72,72,72],"card_choices":[{"not_picked":["EmptyFist","CrushJoints"],"picked":"MentalFortress","floor":1},{"not_picked":["BowlingBash","ClearTheMind"],"picked":"FlurryOfBlows","floor":2},{"not_picked":["StSpp:LatentStrike","CutThroughFate"],"picked":"Tantrum","floor":3},{"not_picked":["Nirvana","Evaluate"],"picked":"ForeignInfluence","floor":5},{"not_picked":["Collect","ThirdEye"],"picked":"FlyingSleeves","floor":7},{"not_picked":["StSpp:Chanting","FlurryOfBlows"],"picked":"StSpp:LatentStrike","floor":11},{"not_picked":["EmptyFist","CarveReality"],"picked":"WaveOfTheHand","floor":12},{"not_picked":["EmptyFist","ForeignInfluence"],"picked":"MarkedMod:OneThousandNeedles","floor":13},{"not_picked":["Vault","Brilliance"],"picked":"Establishment","floor":16},{"not_picked":["Crescendo+1","EmptyBody+1"],"picked":"MarkedMod:GentlePulse","floor":18},{"not_picked":["FlyingSleeves","Fasting2"],"picked":"ClearTheMind+1","floor":21},{"not_picked":["Crescendo","FlyingSleeves"],"picked":"Prostrate","floor":22},{"not_picked":["Swivel+1","FollowUp"],"picked":"TalkToTheHand+1","floor":24},{"not_picked":["EmptyFist","FearNoEvil"],"picked":"Consecrate","floor":25}],"player_experience":448325,"relics_obtained":[{"floor":9,"key":"Vajra"},{"floor":26,"key":"Frozen Egg 2"}],"event_choices":[{"damage_healed":0,"gold_gain":0,"player_choice":"Paid Gold","damage_taken":0,"relics_obtained":["MarkedMod:AcupunctureKit"],"max_hp_gain":0,"max_hp_loss":0,"event_name":"WeMeetAgain","floor":4,"gold_loss":74},{"damage_healed":0,"gold_gain":0,"player_choice":"Bought 2 Potions","damage_taken":0,"max_hp_gain":0,"max_hp_loss":0,"event_name":"The Woman in Blue","floor":10,"gold_loss":0},{"cards_removed":["MarkedMod:PinPointDefense"],"damage_healed":0,"gold_gain":0,"player_choice":"Give","damage_taken":0,"max_hp_gain":0,"max_hp_loss":0,"event_name":"betterNote:BetterNote","floor":19,"gold_loss":0,"cards_obtained":["None"]},{"damage_healed":0,"gold_gain":75,"player_choice":"Touch","damage_taken":7,"max_hp_gain":0,"max_hp_loss":0,"event_name":"FaceTrader","floor":20,"gold_loss":0},{"damage_healed":0,"gold_gain":2,"player_choice":"4","damage_taken":0,"max_hp_gain":0,"max_hp_loss":0,"event_name":"betterStone:BetterStone","floor":27,"gold_loss":0,"cards_obtained":["MarkedMod:PinPointDefense"]},{"damage_healed":0,"gold_gain":0,"player_choice":"Simplicity","damage_taken":0,"max_hp_gain":0,"max_hp_loss":5,"event_name":"betterThird:BetterWriting","floor":28,"gold_loss":0},{"damage_healed":0,"gold_gain":0,"player_choice":"Upgrade","damage_taken":0,"max_hp_gain":0,"max_hp_loss":0,"event_name":"Designer","floor":29,"gold_loss":40,"cards_upgraded":["ForeignInfluence"]}],"is_beta":false,"boss_relics":[{"not_picked":["energizedSpire:DeadBattery","energizedSpire:HugeHouse"],"picked":"conspire:SpecialSausage"}],"items_purged_floors":[],"is_endless":false,"potions_floor_spawned":[1,5,11,12,25],"killed_by":"conspire:SneckoGhost","ascension_level":0}}