{"host":"fkig9nrckec4xsh0","time":1611541613,"event":{"mods":["Act Like it!","BaseMod","Colored Map","Gensokyo","Hermit","Marisa????????","Minty Spire (QoL Compilation)","Quick Restart","Replay The Spire","StSLib"],"gold_per_floor":[115,115,70,86,100,157,157,210,210,210,250,25,25,65,65,504,504,715,748,147,507,542,542,542],"floor_reached":23,"language":"ENG","playtime":1683,"items_purged":["Strike_MRS"],"score":227,"play_id":"22c717f9-e4ce-4ca7-9218-fb60e710a507","local_time":"20210124212653","is_ascension_mode":true,"campfire_choices":[{"data":"WitchOfGreed","floor":7,"key":"SMITH"},{"data":"GalacticHalo","floor":13,"key":"SMITH"},{"floor":15,"key":"REST"}],"circlet_count":0,"master_deck":["Strike_MRS","Strike_MRS","Strike_MRS","Defend_MRS","Defend_MRS","Defend_MRS","Defend_MRS","MasterSpark","UpSweep","ChargeUpSpray","UnstableBomb","GalacticHalo+1","WitchOfGreed","ShootingEcho+1","WitchOfGreed+1","ShootingEcho+1","TreasureHunter+1","GalacticHalo","Gensokyo:BlemishedSteel","FairyDestructionRay","GrandCross+1","WitchLeyline","BlazingStar","MeteoricShower","AsteroidBelt","JA","DragonMeteor+1","WitchLeyline+1"],"relics":["MiniHakkero","NeowsBlessing","SproutingBranch","Replay:Multitool","Gensokyo:MarisaPhilosophersStone","Replay:Bottled Eggs","Old Coin","Black Star","Smiling Mask","Sling","Eternal Feather"],"acts_visited":["Exordium","Gensokyo:Gensokyo"],"potions_floor_usage":[6,6,11,11,14,14,19,22,22,23],"damage_taken":[{"damage":0,"enemies":"Gensokyo:2_Kodama","floor":1,"turns":1},{"damage":0,"enemies":"Gensokyo:3_Fairies","floor":4,"turns":1},{"damage":0,"enemies":"Gensokyo:Gryphon","floor":5,"turns":1},{"damage":20,"enemies":"Gensokyo:Cirno","floor":6,"turns":5},{"damage":0,"enemies":"Gensokyo:LivingMonolith","floor":8,"turns":3},{"damage":15,"enemies":"Gensokyo:5_Fairies","floor":11,"turns":4},{"damage":70,"enemies":"Gensokyo:5_Fairies","floor":14,"turns":11},{"damage":32,"enemies":"Gensokyo:Kokoro","floor":16,"turns":12},{"damage":2,"enemies":"Gensokyo:2_Gloops","floor":18,"turns":3},{"damage":13,"enemies":"Gensokyo:CosmicMonolith","floor":19,"turns":3},{"damage":61,"enemies":"Gensokyo:Slime_Group","floor":21,"turns":4},{"damage":1,"enemies":"Gensokyo:Swordslinger","floor":22,"turns":4},{"damage":44,"enemies":"Gensokyo:Tenshi","floor":23,"turns":3}],"seed_played":"2855946331493070598","potions_obtained":[{"floor":1,"key":"AttackPotion"},{"floor":5,"key":"AttackPotion"},{"floor":6,"key":"Adrenaline Potion"},{"floor":6,"key":"BottledSpark"},{"floor":8,"key":"Adrenaline Potion"},{"floor":11,"key":"Flashbang"},{"floor":14,"key":"Ancient Potion"},{"floor":14,"key":"SmokeBomb"},{"floor":16,"key":"Explosive Potion"},{"floor":16,"key":"SkillPotion"},{"floor":19,"key":"ColorlessPotion"},{"floor":21,"key":"Weak Potion"}],"is_trial":false,"path_per_floor":["M","?","$","M","M","E","R","M","T","R","M","COS","R","?","R","B",null,"M","M","$","M","M","E"],"character_chosen":"MARISA","items_purchased":["WitchOfGreed","Sling","JA","Eternal Feather"],"campfire_rested":1,"item_purchase_floors":[3,20,20,20],"current_hp_per_floor":[75,75,75,75,75,55,55,64,64,75,67,67,67,12,34,17,75,73,63,63,14,29,0,0],"gold":542,"neow_bonus":"THREE_ENEMY_KILL","is_daily":false,"chose_seed":false,"campfire_upgraded":2,"win_rate":0.0,"timestamp":1611541613,"path_taken":["M","?","?","M","?","E","R","M","T","R","M","COS","R","?","R","BOSS","M","M","$","?","M","E"],"items_purchased_type":["Card","Relic","Card","Relic"],"build_version":"2020-12-22","purchased_purges":1,"victory":false,"max_hp_per_floor":[75,75,75,75,75,75,75,75,75,75,75,75,75,75,75,75,75,75,75,75,75,75,75,75],"card_choices":[{"not_picked":["EnergyRecoil","GrandCross"],"picked":"ChargeUpSpray","floor":1},{"not_picked":["ChargeUpSpray","MilkyWay"],"picked":"UnstableBomb","floor":2},{"not_picked":["OneTimeOff","Orbital"],"picked":"GalacticHalo","floor":2},{"not_picked":["GrandCross","EventHorizon"],"picked":"ShootingEcho","floor":4},{"not_picked":["EnergyFlow","DeepEcoloBomb"],"picked":"WitchOfGreed","floor":5},{"not_picked":["NonDirectionalLaser","Acceleration"],"picked":"ShootingEcho","floor":6},{"not_picked":["6A","ShootingEcho"],"picked":"TreasureHunter","floor":8},{"not_picked":["ShootTheMoon","PropBag"],"picked":"GalacticHalo","floor":11},{"not_picked":["MagicAbsorber+1","6A+1"],"picked":"GrandCross+1","floor":14},{"not_picked":["MagicChant","GalacticHalo"],"picked":"WitchLeyline","floor":14},{"not_picked":["AbsoluteMagnitude","MaximisePower"],"picked":"BlazingStar","floor":16},{"not_picked":["GrandCross","DarkSpark"],"picked":"MeteoricShower","floor":18},{"not_picked":["StarlightTyphoon","NonDirectionalLaser+1"],"picked":"AsteroidBelt","floor":19},{"not_picked":["EventHorizon","MilkyWay"],"picked":"DragonMeteor+1","floor":21},{"not_picked":["Acceleration","GrandCross"],"picked":"WitchLeyline+1","floor":22}],"player_experience":402728,"relics_obtained":[{"floor":6,"key":"SproutingBranch"},{"floor":9,"key":"Replay:Multitool"},{"floor":14,"key":"Gensokyo:MarisaPhilosophersStone"},{"floor":14,"key":"Replay:Bottled Eggs"},{"floor":16,"key":"Old Coin"}],"event_choices":[],"is_beta":false,"boss_relics":[{"not_picked":["ChewingGum","Honey Jar"],"picked":"Black Star"}],"items_purged_floors":[20],"is_endless":false,"potions_floor_spawned":[1,5,16,18],"killed_by":"Gensokyo:Tenshi","ascension_level":1}}