{"host":"jgyoyy5iuhtvyvtg","time":1611568752,"event":{"mods":["2.2 Compatiblity","BaseMod","Challenge The Spire","Colored Map","Conspire","Dark Map","Downfall","Hermit","Highlight Path","Infinite Spire","Lobotomy","LobotomyExtend","Minty Spire (QoL Compilation)","Quick Restart","Replay The Spire","Spikes Relics","StSLib","The Construct","The Disciple","The Jungle","Yuri Mod"],"gold_per_floor":[99,115,115,145,30,30,30,30,42,58,74,74,86,86,103,198,198,198,198,198,198,211,211,265,265,278,278,298,300,315,189,209,313,313,313,327,337,348,5,5,59,75,86,86,86,121,121,121,140,140,140],"floor_reached":52,"language":"ENG","playtime":2992,"items_purged":["Clumsy","bronze:Strike","downfall:Haunted","Voices"],"score":644,"play_id":"49412104-0566-4637-b729-358afe5e434d","local_time":"20210125015912","is_ascension_mode":false,"campfire_choices":[{"data":"bronze:Replicate","floor":1,"key":"SMITH"},{"data":"bronze:Separator","floor":8,"key":"SMITH"},{"data":"bronze:CloningBeam","floor":12,"key":"SMITH"},{"data":"bronze:Mutator","floor":18,"key":"SMITH"},{"data":"bronze:Format","floor":23,"key":"SMITH"},{"data":"bronze:OilSpill","floor":27,"key":"SMITH"},{"data":"bronze:Assembly","floor":35,"key":"SMITH"},{"data":"ReplayUltimateDefense","floor":45,"key":"SMITH"},{"data":"bronze:Shell","floor":47,"key":"SMITH"}],"circlet_count":0,"master_deck":["bronze:Strike","bronze:Defend+1","bronze:Defend","bronze:Defend","bronze:Defend","bronze:Replicate+1","bronze:Goto+1","bronze:OilSpill+1","bronze:Separator+1","bronze:ChosenStrike","bronze:Frontload","bronze:WildBeam","bronze:ForceShield","bronze:CloningBeam+1","bronze:ItsAFeature","bronze:Format+1","bronze:Mutator+1","bronze:FineTuning+1","bronze:Return+1","bronze:Repair+1","bronze:Branch+1","bronze:Terminator","bronze:Iterate","bronze:Iterate","bronze:BuggyMess","bronze:Assembly+1","downfall:Icky","HpAim","bronze:HardenedForm","Forethought","infinitespire:Starlight","bronze:Iterate+1","bronze:FollowUp","bronze:Shield+1","bronze:Boost","ReplayUltimateDefense+1","bronze:Deprecate","Parasite","bronze:Terminator","bronze:Shield+1","bronze:MaxOutput","bronze:Shell+1"],"relics":["bronze:BronzeCore","LetterFromLob","War Paint","conspire:Flyswatter","Cursed Key","bronze:MakeshiftBattery","ReplayTheSpireMod:TigerMarble","Kunai","ReplayTheSpireMod:SealedPack","Thread and Needle","Anchor"],"acts_visited":["Exordium","Exordium","TheBeyond"],"potions_floor_usage":[29,33,50,50,50,50],"damage_taken":[{"damage":6,"enemies":"Jaw Worm","floor":2,"turns":2},{"damage":5,"enemies":"downfall:FleeingMerchant","floor":5,"turns":4},{"damage":1,"enemies":"2 Louse","floor":9,"turns":2},{"damage":0,"enemies":"Small Slimes","floor":10,"turns":3},{"damage":0,"enemies":"Exordium Wildlife","floor":11,"turns":3},{"damage":2,"enemies":"Large Slime","floor":13,"turns":5},{"damage":0,"enemies":"2 Fungi Beasts","floor":15,"turns":2},{"damage":18,"enemies":"IC_STATUS_ARCHETYPE","floor":16,"turns":8},{"damage":0,"enemies":"theJungle:5_Spyders","floor":22,"turns":6},{"damage":0,"enemies":"theJungle:MUSHROOMGANG","floor":26,"turns":4},{"damage":5,"enemies":"theJungle:Lyon","floor":28,"turns":4},{"damage":19,"enemies":"JungleHuntersEvent","floor":29,"turns":6},{"damage":0,"enemies":"theJungle:JungleHuntersEncounter","floor":30,"turns":3},{"damage":0,"enemies":"downfall:FleeingMerchant","floor":31,"turns":4},{"damage":0,"enemies":"theJungle:Snecko_Cultist_And_Trap","floor":32,"turns":4},{"damage":42,"enemies":"WA_ARCHETYPE_CALM","floor":33,"turns":9},{"damage":8,"enemies":"Orb Walker","floor":36,"turns":4},{"damage":0,"enemies":"3 Shapes","floor":37,"turns":7},{"damage":22,"enemies":"Spire Growth","floor":38,"turns":6},{"damage":0,"enemies":"downfall:FleeingMerchant","floor":39,"turns":4},{"damage":13,"enemies":"Jaw Worm Horde","floor":42,"turns":3},{"damage":5,"enemies":"Writhing Mass","floor":43,"turns":8},{"damage":0,"enemies":"downfall:FleeingMerchant","floor":46,"turns":3},{"damage":8,"enemies":"Spire Growth","floor":49,"turns":6},{"damage":38,"enemies":"DF_ARCHETYPE_ORBS","floor":50,"turns":10}],"seed_played":"-8567516060358478489","potions_obtained":[{"floor":9,"key":"champ:CounterPotion"},{"floor":10,"key":"PowerPotion"},{"floor":28,"key":"AttackPotion"},{"floor":29,"key":"Swift Potion"},{"floor":36,"key":"LiquidMemories"}],"is_trial":false,"path_per_floor":["R","M","?","?","$","?","T","R","M","M","M","R","M","?","M","B",null,"R","M","AVR","?","M","R","T","?","M","R","M","?","M","$","M","B",null,"R","M","M","M","$","?","T","M","M","?","R","$","R","AVR","M","B",null,null],"character_chosen":"THE_AUTOMATON","items_purchased":["bronze:ChosenStrike","bronze:Frontload","bronze:Iterate","ReplayUltimateDefense","bronze:FreeFunctionsPotion","bronze:MaxOutput","bronze:Shell","Dexterity Potion"],"campfire_rested":0,"item_purchase_floors":[5,5,31,39,39,46,46,46],"current_hp_per_floor":[70,64,64,64,59,59,59,59,58,58,58,58,56,56,56,38,70,70,70,70,70,70,70,70,70,70,70,65,46,56,66,70,28,70,70,65,70,48,62,62,62,57,70,70,70,70,70,70,70,52,52],"gold":140,"neow_bonus":"THREE_CARDS","is_daily":false,"chose_seed":false,"campfire_upgraded":9,"win_rate":0.0,"timestamp":1611568752,"path_taken":["R","M","?","?","$","?","T","R","M","?","M","R","M","?","M","BOSS","R","M","AVR","?","M","R","T","?","M","R","M","?","M","$","M","BOSS","R","M","M","M","$","?","T","M","M","?","R","$","R","AVR","M","BOSS"],"items_purchased_type":["Card","Card","Card","Card","Potion","Card","Card","Potion"],"build_version":"2020-12-22","purchased_purges":4,"victory":true,"max_hp_per_floor":[70,70,70,70,70,70,70,70,70,70,70,70,70,70,70,70,70,70,70,70,70,70,70,70,70,70,70,70,70,70,70,70,70,70,70,70,70,70,70,70,70,70,70,70,70,70,70,70,70,70,70],"card_choices":[{"not_picked":["bronze:DelayedSlice","bronze:DelayedGuard"],"picked":"bronze:OilSpill","floor":0},{"not_picked":["bronze:Branch","bronze:Overheat"],"picked":"bronze:Separator","floor":2},{"not_picked":["bronze:Shield","bronze:Virus","bronze:ChildClass"],"picked":"SKIP","floor":5},{"not_picked":["bronze:Shield","bronze:BugBarrage"],"picked":"bronze:ForceShield","floor":9},{"not_picked":["bronze:OilSpill","bronze:Iterate"],"picked":"bronze:CloningBeam","floor":10},{"not_picked":["bronze:BuggyMess","bronze:FineTuning"],"picked":"bronze:ItsAFeature","floor":11},{"not_picked":["bronze:Shell","bronze:Deprecate"],"picked":"bronze:Format","floor":13},{"not_picked":["bronze:Branch","bronze:Philosophize","bronze:BuggyMess"],"picked":"SKIP","floor":15},{"not_picked":["bronze:AlphaBuild","bronze:CleanCode"],"picked":"bronze:Mutator","floor":16},{"not_picked":["bronze:BugBarrage","bronze:WhirlingStrike"],"picked":"bronze:FineTuning+1","floor":22},{"not_picked":["bronze:Constructor+1","bronze:Turbo"],"picked":"bronze:Return+1","floor":26},{"not_picked":["bronze:Shield","bronze:NullPointer","bronze:Allocate"],"picked":"SKIP","floor":28},{"not_picked":["bronze:Iterate","bronze:Allocate"],"picked":"bronze:Repair+1","floor":29},{"not_picked":["bronze:ThunderWave","bronze:Fortify+1"],"picked":"bronze:Branch+1","floor":30},{"not_picked":["bronze:CloningBeam","bronze:WildBeam+1"],"picked":"bronze:Terminator","floor":31},{"not_picked":["bronze:DarkDash","bronze:Constructor"],"picked":"bronze:BuggyMess","floor":32},{"not_picked":["bronze:HyperBeam","bronze:CleanCode"],"picked":"bronze:Assembly","floor":33},{"not_picked":["Guardian:TwinSlam","RedAim"],"picked":"HpAim","floor":34},{"not_picked":["bronze:CleanCode","bronze:ShipIt"],"picked":"bronze:HardenedForm","floor":34},{"not_picked":["Degenerate","Replay:BasicMightCard"],"picked":"Forethought","floor":34},{"not_picked":["ReplayTheSpireMod:Black Plague","infinitespire:DeathsTouch"],"picked":"infinitespire:Starlight","floor":34},{"not_picked":["bronze:Repulsor","bronze:GetLatest+1"],"picked":"bronze:Iterate+1","floor":36},{"not_picked":["bronze:BronzeArmor+1","bronze:OilSpill"],"picked":"bronze:FollowUp","floor":37},{"not_picked":["bronze:OilSpill+1","bronze:ChildClass"],"picked":"bronze:Shield+1","floor":38},{"not_picked":["bronze:Frontload","bronze:Repulsor"],"picked":"bronze:Boost","floor":39},{"not_picked":["bronze:CutThrough+1","bronze:Frontload"],"picked":"bronze:Deprecate","floor":42},{"not_picked":["bronze:CleanCode","bronze:CutThrough+1"],"picked":"bronze:Terminator","floor":43},{"not_picked":["bronze:Overload+1","bronze:Safeguard"],"picked":"bronze:Shield+1","floor":46},{"not_picked":["bronze:CutThrough","bronze:DelayedSlice","bronze:Frontload"],"picked":"SKIP","floor":49}],"player_experience":3232509,"relics_obtained":[{"floor":2,"key":"LetterFromLob"},{"floor":7,"key":"conspire:Flyswatter"},{"floor":24,"key":"ReplayTheSpireMod:TigerMarble"},{"floor":29,"key":"Kunai"},{"floor":40,"key":"Thread and Needle"},{"floor":41,"key":"Anchor"}],"event_choices":[{"damage_healed":0,"gold_gain":0,"cards_transformed":["bronze:NullPointer"],"player_choice":"Change","damage_taken":0,"max_hp_gain":0,"max_hp_loss":0,"event_name":"Living Wall","floor":6,"gold_loss":0,"cards_obtained":["bronze:WildBeam"]},{"damage_healed":0,"gold_gain":0,"player_choice":"Leave","damage_taken":0,"max_hp_gain":0,"max_hp_loss":0,"event_name":"conspire:Investor","floor":21,"gold_loss":0}],"is_beta":false,"boss_relics":[{"not_picked":["SacredBark","Black Star"],"picked":"Cursed Key"},{"not_picked":["Velvet Choker","ReplayTheSpireMod:DimensionalGlitch"],"picked":"ReplayTheSpireMod:SealedPack"}],"items_purged_floors":[31,39,46,48],"is_endless":false,"potions_floor_spawned":[9,10,28,29,30,36,42,43,49],"ascension_level":0}}