{"host":"3y2rtlgteqp2nuo3","time":1611576139,"event":{"mods":["2.2 Compatiblity","AchievementEnabler","BaseMod","Colored Map","DeckTracker","Highlight Path","Keyboard Shortcuts","Minty Spire (QoL Compilation)","Permanent Neow","Quick Restart","StSLib","SuperFastMode","everything is the same but u backflip on backflip"],"gold_per_floor":[115,34,45,64,64,64,64,64,88,106,125,145,165,20,20,120,120,130,130,58,58,70,70,88,107,107,141,154,104,137,157,157,258,258,270,10,23,36,54,81,81,81,131,148,148,159,84,117,117,117],"floor_reached":51,"language":"KOR","playtime":1282,"items_purged":["Defend_P","Defend_P","SignatureMove","Vigilance"],"score":961,"play_id":"c9109834-7af7-4aaa-9f16-ea9d177743a4","local_time":"20210125210219","is_ascension_mode":true,"campfire_choices":[{"data":"Eruption","floor":6.0,"key":"SMITH"},{"data":"MentalFortress","floor":8.0,"key":"SMITH"},{"data":"Tantrum","floor":15.0,"key":"SMITH"},{"data":"Scrawl","floor":23.0,"key":"SMITH"},{"data":"Adaptation","floor":32,"key":"SMITH"},{"data":"MentalFortress","floor":41,"key":"SMITH"},{"data":"Adaptation","floor":45,"key":"SMITH"},{"floor":49,"key":"RECALL"}],"circlet_count":0,"master_deck":["Eruption+1","MentalFortress+1","Tantrum+1","Adaptation+1","Scrawl+1","FearNoEvil+1","Adaptation+1","MentalFortress+1"],"relics":["PureWater","Centennial Puzzle","Membership Card","Empty Cage","White Beast Statue","Bag of Marbles","Blood Vial","Sozu","Mummified Hand","PreservedInsect","Boot","Damaru","Yang"],"acts_visited":["Exordium","TheCity","TheBeyond"],"potions_floor_usage":[],"damage_taken":[{"damage":0.0,"enemies":"Cultist","floor":1.0,"turns":2.0},{"damage":0.0,"enemies":"Jaw Worm","floor":3.0,"turns":3.0},{"damage":0.0,"enemies":"Small Slimes","floor":4.0,"turns":1.0},{"damage":0.0,"enemies":"2 Fungi Beasts","floor":10.0,"turns":3.0},{"damage":0.0,"enemies":"Blue Slaver","floor":11.0,"turns":2.0},{"damage":5.0,"enemies":"Gremlin Gang","floor":12.0,"turns":4.0},{"damage":0.0,"enemies":"2 Fungi Beasts","floor":13.0,"turns":3.0},{"damage":28.0,"enemies":"Hexaghost","floor":16.0,"turns":6.0},{"damage":0.0,"enemies":"Spheric Guardian","floor":18.0,"turns":3.0},{"damage":0.0,"enemies":"Chosen","floor":22.0,"turns":3.0},{"damage":0.0,"enemies":"Centurion and Healer","floor":24.0,"turns":2.0},{"damage":0.0,"enemies":"Chosen and Byrds","floor":25.0,"turns":1.0},{"damage":0.0,"enemies":"Slavers","floor":27.0,"turns":1.0},{"damage":0.0,"enemies":"Snake Plant","floor":28.0,"turns":1.0},{"damage":0.0,"enemies":"Book of Stabbing","floor":30.0,"turns":2.0},{"damage":10,"enemies":"Cultist and Chosen","floor":31,"turns":2},{"damage":0,"enemies":"Champ","floor":33,"turns":1},{"damage":0,"enemies":"3 Darklings","floor":35,"turns":2},{"damage":0,"enemies":"3 Shapes","floor":37,"turns":1},{"damage":0,"enemies":"Maw","floor":38,"turns":2},{"damage":0,"enemies":"Spire Growth","floor":39,"turns":1},{"damage":0,"enemies":"Reptomancer","floor":40,"turns":2},{"damage":0,"enemies":"Sphere and 2 Shapes","floor":44,"turns":2},{"damage":0,"enemies":"3 Darklings","floor":46,"turns":1},{"damage":0,"enemies":"Nemesis","floor":48,"turns":2},{"damage":34,"enemies":"Donu and Deca","floor":50,"turns":3}],"seed_played":"8216594749538851133","potions_obtained":[{"floor":3.0,"key":"Block Potion"},{"floor":11.0,"key":"Block Potion"},{"floor":13.0,"key":"Swift Potion"},{"floor":22.0,"key":"LiquidBronze"},{"floor":27.0,"key":"EntropicBrew"},{"floor":31,"key":"Swift Potion"}],"is_trial":false,"path_per_floor":["M","$","M","M","?","R","?","R","T","M","M","M","M","$","R","B",null,"M","?","$","?","M","R","M","M","T","E","M","$","E","M","R","B",null,"M","$","M","M","M","E","R","?","T","M","R","M","$","E","R","B",null],"character_chosen":"WATCHER","items_purchased":["Adaptation","Membership Card","Adaptation","Mummified Hand","PreservedInsect"],"campfire_rested":0,"item_purchase_floors":[2,14,20,36,36],"current_hp_per_floor":[51,51,51,51,51,51,44,44,44,44,44,39,39,39,39,11,72,72,59,59,59,59,59,59,59,59,59,59,59,59,51,51,53,77,77,77,77,77,77,77,77,77,77,77,77,77,77,77,77,43],"gold":117,"neow_bonus":"TRANSFORM_TWO_CARDS","is_daily":false,"chose_seed":false,"campfire_upgraded":7,"win_rate":0.0,"timestamp":1611576139,"path_taken":["M","$","M","M","?","R","?","R","T","M","M","M","M","$","R","BOSS","M","?","$","?","M","R","M","M","T","E","M","$","E","M","R","BOSS","M","$","M","M","M","E","R","?","T","M","R","M","$","E","R","BOSS"],"items_purchased_type":["Card","Relic","Card","Relic","Relic"],"build_version":"2020-12-22","purchased_purges":4,"victory":true,"max_hp_per_floor":[72,72,72,72,72,72,72,72,72,72,72,72,72,72,72,72,72,72,77,77,77,77,77,77,77,77,77,77,77,77,77,77,77,77,77,77,77,77,77,77,77,77,77,77,77,77,77,77,77,77],"card_choices":[{"not_picked":["EmptyFist","FlyingSleeves"],"picked":"Tantrum","floor":1.0},{"not_picked":["BowlingBash","EmptyBody","JustLucky"],"picked":"SKIP","floor":3.0},{"not_picked":["Evaluate","BowlingBash","PathToVictory"],"picked":"SKIP","floor":4.0},{"not_picked":["Evaluate","BowlingBash","PathToVictory"],"picked":"SKIP","floor":4.0},{"not_picked":["SashWhip","Tantrum","EmptyFist"],"picked":"SKIP","floor":10.0},{"not_picked":["DevaForm","Sanctity","ThirdEye"],"picked":"SKIP","floor":11.0},{"not_picked":["DevaForm","Sanctity","ThirdEye"],"picked":"SKIP","floor":11.0},{"not_picked":["SashWhip","PathToVictory","ThirdEye"],"picked":"SKIP","floor":12.0},{"not_picked":["FlurryOfBlows","CutThroughFate","SashWhip"],"picked":"SKIP","floor":13.0},{"not_picked":["Omniscience","Ragnarok"],"picked":"Scrawl","floor":16.0},{"not_picked":["EmptyFist+1","WindmillStrike"],"picked":"FearNoEvil+1","floor":18.0},{"not_picked":["WaveOfTheHand","Halt","Prostrate"],"picked":"SKIP","floor":22.0},{"not_picked":["Consecrate+1","Adaptation","EmptyMind"],"picked":"SKIP","floor":24.0},{"not_picked":["Protect","SashWhip+1","Perseverance"],"picked":"SKIP","floor":25.0},{"not_picked":["FearNoEvil","ClearTheMind+1"],"picked":"MentalFortress","floor":27.0},{"not_picked":["Meditate","WindmillStrike","ClearTheMind"],"picked":"SKIP","floor":28.0},{"not_picked":["Meditate","WindmillStrike","ClearTheMind"],"picked":"SKIP","floor":28.0},{"not_picked":["Meditate","WindmillStrike","ClearTheMind"],"picked":"SKIP","floor":28.0},{"not_picked":["Perseverance","Consecrate+1","CarveReality+1"],"picked":"SKIP","floor":30.0},{"not_picked":["JustLucky","Protect+1","EmptyBody+1"],"picked":"SKIP","floor":31},{"not_picked":["ThirdEye","LikeWater","Pray+1"],"picked":"SKIP","floor":35},{"not_picked":["SignatureMove+1","Vengeance+1","ClearTheMind+1"],"picked":"SKIP","floor":37},{"not_picked":["Conclude+1","BattleHymn","MentalFortress"],"picked":"SKIP","floor":38},{"not_picked":["Conclude+1","BattleHymn","MentalFortress"],"picked":"SKIP","floor":38},{"not_picked":["Prostrate+1","EmptyBody+1","EmptyFist"],"picked":"SKIP","floor":39},{"not_picked":["Fasting2","CrushJoints+1","ReachHeaven+1"],"picked":"SKIP","floor":40},{"not_picked":["FlurryOfBlows","SashWhip+1","WindmillStrike+1"],"picked":"SKIP","floor":44},{"not_picked":["FlurryOfBlows","SashWhip+1","WindmillStrike+1"],"picked":"SKIP","floor":44},{"not_picked":["Perseverance+1","ClearTheMind","TalkToTheHand"],"picked":"SKIP","floor":46},{"not_picked":["WheelKick+1","EmptyMind","Fasting2+1"],"picked":"SKIP","floor":48}],"player_experience":717249,"relics_obtained":[{"floor":9.0,"key":"Centennial Puzzle"},{"floor":26.0,"key":"White Beast Statue"},{"floor":27.0,"key":"Bag of Marbles"},{"floor":30.0,"key":"Blood Vial"},{"floor":40,"key":"Boot"},{"floor":43,"key":"Damaru"},{"floor":48,"key":"Yang"}],"event_choices":[{"cards_removed":["Strike_P"],"damage_healed":0.0,"max_hp_gain":0.0,"max_hp_loss":0.0,"gold_gain":0.0,"event_name":"Living Wall","player_choice":"Forget","floor":5.0,"gold_loss":0.0,"damage_taken":0.0},{"cards_removed":["Strike_P"],"damage_healed":0.0,"max_hp_gain":0.0,"max_hp_loss":0.0,"gold_gain":0.0,"event_name":"Golden Wing","player_choice":"Card Removal","floor":7.0,"gold_loss":0.0,"damage_taken":7.0},{"damage_healed":0.0,"max_hp_gain":5.0,"max_hp_loss":0.0,"gold_gain":0.0,"event_name":"Forgotten Altar","player_choice":"Shed Blood","floor":19.0,"gold_loss":0.0,"damage_taken":18.0},{"damage_healed":0.0,"max_hp_gain":0.0,"max_hp_loss":0.0,"gold_gain":0.0,"event_name":"Vampires","player_choice":"Ignored","floor":21.0,"gold_loss":0.0,"damage_taken":0.0},{"damage_healed":0,"gold_gain":0,"player_choice":"Memory 1","damage_taken":0,"max_hp_gain":0,"max_hp_loss":0,"event_name":"SensoryStone","floor":42,"gold_loss":0}],"is_beta":false,"boss_relics":[{"not_picked":["HolyWater","Philosopher\u0027s Stone"],"picked":"Empty Cage"},{"not_picked":["SlaversCollar","Pandora\u0027s Box"],"picked":"Sozu"}],"items_purged_floors":[20,29,36,47],"is_endless":false,"potions_floor_spawned":[3,11,13,22,27,28,30,31,33,35,37,38,39,40,44,46,48],"ascension_level":1}}