{"host":"ws1rigs6jhqnf67d","time":1611587137,"event":{"mods":["BaseMod","Friendly Minions","KinomotoSakuraMod(ƒæ÷Æ±æ”£)","Kiyohime£®«Âºß£©","Lobotomy","LobotomyExtend","Marisa£®ÏF”Í°°ƒß¿Ì…≥£©","Minty Spire (QoL Compilation)","Remilia£®¿Ÿ√◊¿Ú—«£©","StSLib","The Bug Knight","Youmu£®ªÍ∆«—˝√Œ£©","[IsaacMod]“‘»ˆº‚À˛"],"gold_per_floor":[224,239,263,282,301,301,330,384,384,418,430,448,297,329,329,423,423,423,71,95,114,140,174,201,201,201,201,237,336,378,399,399,494,494,511,511,134,148,158,199,224,256,279,311,85,115,132,154,154,182,182],"floor_reached":52,"language":"ZHS","playtime":1942,"items_purged":[],"score":2237,"play_id":"b30d9fab-f796-4af6-b11a-83864eded4f7","local_time":"20210125230537","is_ascension_mode":true,"campfire_choices":[{"data":"ClowCardTheFreeze","floor":6,"key":"SMITH"},{"data":"ClowCardTheMove","floor":15,"key":"SMITH"},{"data":"ClowCardTheFight","floor":25,"key":"SMITH"},{"data":"ClowCardTheFirey","floor":27,"key":"SMITH"},{"data":"ClowCardTheThrough","floor":32,"key":"SMITH"},{"data":"ClowCardTheTwin","floor":49,"key":"SMITH"}],"circlet_count":0,"master_deck":["SakuraCardTheSword+","SakuraCardTheShield+","AscendersBane","ClowCardTheSword","ClowCardTheSword+1","ClowCardTheSword","ClowCardTheShield","ClowCardTheShield+1","ClowCardTheShield+1","SpellCardSeal+1","SpellCardRelease","ClowCardTheFreeze+1","ClowCardTheFirey+1","ClowCardTheJump","ClowCardTheMove+1","ClowCardTheThrough+1","ClowCardTheFight+1","ClowCardTheTwin+1","ClowCardTheBig+1"],"relics":["KSMOD_SealedBook","KSMOD_SealedWand","HushsDoor","SalivaCoin","LetterFromLob","SatanicBible","BloodDonationMachine","StoneCalendar","Membership Card","Bag of Marbles","Black Star","Singing Bowl","ClockworkSouvenir","Pen Nib","Ornamental Fan","Strawberry","PreservedInsect","Happy Flower","Peace Pipe","Question Card","Matryoshka","The Courier","SlaversCollar","KSMOD_TomoyosHeart","Sling","HornCleat","HowToJump","Omamori","Blue Candle","Leech","Turnip","ScarletDevilRocket","TuHaoJin","HollowMod:LifeEnderRelic","Whetstone","Smiling Mask","Dream Catcher","War Paint","Meat on the Bone","KSMOD_RollerSkates","Pear","InkBottle"],"acts_visited":["Exordium","TheCity","TheBeyond"],"potions_floor_usage":[10,23,33,50,50],"damage_taken":[{"damage":8,"enemies":"2 Louse","floor":1,"turns":5},{"damage":0,"enemies":"Small Slimes","floor":2,"turns":3},{"damage":6,"enemies":"Jaw Worm","floor":3,"turns":4},{"damage":4,"enemies":"Lots of Slimes","floor":4,"turns":5},{"damage":0,"enemies":"Red Slaver","floor":5,"turns":4},{"damage":0,"enemies":"HollowMod:MossKnight","floor":7,"turns":6},{"damage":0,"enemies":"3 Sentries","floor":10,"turns":2},{"damage":0,"enemies":"2 Fungi Beasts","floor":11,"turns":3},{"damage":0,"enemies":"3 Louse","floor":12,"turns":1},{"damage":7,"enemies":"HollowMod:MossKnight","floor":14,"turns":7},{"damage":0,"enemies":"The Guardian","floor":16,"turns":7},{"damage":2,"enemies":"2 Thieves","floor":20,"turns":3},{"damage":0,"enemies":"Shell Parasite","floor":21,"turns":1},{"damage":0,"enemies":"Sentry and Sphere","floor":22,"turns":3},{"damage":3,"enemies":"Slavers","floor":23,"turns":3},{"damage":5,"enemies":"Centurion and Healer","floor":24,"turns":4},{"damage":5,"enemies":"Book of Stabbing","floor":28,"turns":3},{"damage":13,"enemies":"HollowMod:Nosk","floor":30,"turns":2},{"damage":0,"enemies":"Shelled Parasite and Fungi","floor":31,"turns":1},{"damage":0,"enemies":"Automaton","floor":33,"turns":5},{"damage":0,"enemies":"3 Shapes","floor":35,"turns":6},{"damage":0,"enemies":"3 Darklings","floor":38,"turns":3},{"damage":0,"enemies":"Spire Growth","floor":39,"turns":3},{"damage":1,"enemies":"Giant Head","floor":40,"turns":4},{"damage":0,"enemies":"Mind Bloom Boss Battle","floor":41,"turns":4},{"damage":0,"enemies":"Reptomancer","floor":42,"turns":2},{"damage":0,"enemies":"Giant Head","floor":44,"turns":2},{"damage":0,"enemies":"Reptomancer","floor":46,"turns":2},{"damage":0,"enemies":"Maw","floor":47,"turns":5},{"damage":0,"enemies":"3 Darklings","floor":48,"turns":1},{"damage":0,"enemies":"Awakened One","floor":50,"turns":5}],"seed_played":"-1105361252975560954","potions_obtained":[{"floor":3,"key":"PowerPotion"},{"floor":11,"key":"SpeedPotion"},{"floor":12,"key":"Swift Potion"},{"floor":21,"key":"SkillPotion"},{"floor":24,"key":"Strength Potion"},{"floor":31,"key":"KSMOD_MagickBottle"},{"floor":35,"key":"KSMOD_MagickBottle"}],"is_trial":false,"path_per_floor":["M","M","M","M","M","R","E","?","T","E","M","M","$","E","R","B",null,"M","$","M","M","M","E","M","R","T","R","E","?","E","M","R","B",null,"M","?","$","M","M","E","?","E","T","E","$","E","M","M","R","B",null,null],"character_chosen":"KINOMOTOSAKURA","items_purchased":["Membership Card","ClowCardTheCreate","Singing Bowl","ClockworkSouvenir","Pen Nib","ClowCardTheFight","KSMOD_TomoyosHeart","Sling","HornCleat","HowToJump","Omamori","War Paint","Meat on the Bone","KSMOD_RollerSkates"],"campfire_rested":0,"item_purchase_floors":[13,17,19,19,19,19,37,37,37,37,37,45,45,45],"current_hp_per_floor":[51,51,45,41,41,41,41,41,41,41,41,41,41,34,34,34,54,54,54,54,56,58,64,61,61,61,61,58,58,47,49,49,49,75,77,77,77,79,81,80,85,88,88,91,91,104,110,112,112,112,112],"gold":182,"neow_bonus":"HUNDRED_GOLD","is_daily":false,"chose_seed":false,"campfire_upgraded":6,"win_rate":0.0,"timestamp":1611587137,"path_taken":["M","M","M","M","M","R","E","?","T","E","M","M","$","E","R","BOSS","M","$","M","M","M","E","M","R","T","R","E","?","E","M","R","BOSS","M","?","$","M","?","E","?","E","T","E","$","E","M","M","R","BOSS"],"items_purchased_type":["Relic","Card","Relic","Relic","Relic","Card","Relic","Relic","Relic","Relic","Relic","Relic","Relic","Relic"],"build_version":"2020-12-22","purchased_purges":0,"victory":true,"max_hp_per_floor":[65,65,65,65,65,65,65,65,65,65,65,65,65,65,65,65,61,61,61,63,65,67,76,78,78,78,78,80,80,82,84,84,84,84,86,86,86,88,90,90,92,94,94,96,96,108,110,112,112,112,112],"card_choices":[{"not_picked":["ClowCardTheSilent","ClowCardTheShadow","ClowCardTheMirror"],"picked":"SKIP","floor":1},{"not_picked":["ClowCardTheDark","ClowCardTheWood","ClowCardTheIllusion"],"picked":"SKIP","floor":2},{"not_picked":["ClowCardTheIllusion","ClowCardTheBig"],"picked":"ClowCardTheFreeze","floor":3},{"not_picked":["ClowCardTheLibra","ClowCardTheRain","ClowCardThePower"],"picked":"SKIP","floor":4},{"not_picked":["ClowCardTheSilent","ClowCardTheLibra"],"picked":"ClowCardTheFirey","floor":5},{"not_picked":["ClowCardTheRain","ClowCardTheWindy"],"picked":"ClowCardTheJump","floor":7},{"not_picked":["ClowCardTheTime","ClowCardTheMist","ClowCardTheVoice"],"picked":"SKIP","floor":10},{"not_picked":["ClowCardTheLibra","ClowCardTheChange"],"picked":"ClowCardTheMove","floor":11},{"not_picked":["ClowCardTheFreeze","ClowCardThePower","ClowCardTheFlower"],"picked":"SKIP","floor":12},{"not_picked":["ClowCardTheDream","ClowCardTheThunder","ClowCardTheJump"],"picked":"SKIP","floor":14},{"not_picked":["ClowCardTheDark","ClowCardTheCreate"],"picked":"ClowCardTheThrough","floor":16},{"not_picked":["ClowCardTheWood","ClowCardTheFloat","ClowCardTheFly"],"picked":"Singing Bowl","floor":20},{"not_picked":["ClowCardTheChange","ClowCardTheFloat","ClowCardTheSilent"],"picked":"Singing Bowl","floor":21},{"not_picked":["ClowCardTheMirror+1","ClowCardTheShot+1","ClowCardTheSleep+1"],"picked":"Singing Bowl","floor":22},{"not_picked":["ClowCardTheMirror","ClowCardTheMaze","ClowCardTheSand"],"picked":"Singing Bowl","floor":23},{"not_picked":["ClowCardTheSleep","ClowCardTheMaze","ClowCardTheSilent"],"picked":"Singing Bowl","floor":24},{"not_picked":["ClowCardTheWood","ClowCardTheThunder","ClowCardTheChange"],"picked":"Singing Bowl","floor":28},{"not_picked":["ClowCardTheShadow","ClowCardTheDream","ClowCardThePower","ClowCardTheSweet"],"picked":"Singing Bowl","floor":30},{"not_picked":["ClowCardTheSleep","ClowCardTheRain","ClowCardTheMaze","ClowCardTheLock"],"picked":"Singing Bowl","floor":31},{"not_picked":["ClowCardTheDark","ClowCardTheReturn","ClowCardTheDash"],"picked":"ClowCardTheTwin","floor":33},{"not_picked":["ClowCardTheChange","ClowCardTheIllusion","ClowCardTheLibra+1","ClowCardTheSong"],"picked":"Singing Bowl","floor":35},{"not_picked":["ClowCardTheJump+1","ClowCardTheShot","ClowCardTheDream","ClowCardTheSong+1"],"picked":"Singing Bowl","floor":38},{"not_picked":["ClowCardTheArrow","ClowCardTheWatery","ClowCardTheErase+1","ClowCardTheBubbles"],"picked":"Singing Bowl","floor":39},{"not_picked":["ClowCardTheWatery","ClowCardTheFlower","ClowCardTheRain"],"picked":"ClowCardTheBig+1","floor":40},{"not_picked":["ClowCardTheBig+1","ClowCardTheArrow","ClowCardTheVoice","ClowCardTheSweet+1"],"picked":"Singing Bowl","floor":41},{"not_picked":["ClowCardTheRain","ClowCardTheStorm","ClowCardTheSand","ClowCardTheThunder"],"picked":"Singing Bowl","floor":42},{"not_picked":["ClowCardTheSong","ClowCardTheArrow+1","ClowCardTheCloud+1","ClowCardTheErase+1"],"picked":"Singing Bowl","floor":44},{"not_picked":["ClowCardTheSilent+1","ClowCardTheVoice+1","ClowCardTheBig","ClowCardTheLittle"],"picked":"Singing Bowl","floor":46},{"not_picked":["ClowCardTheSilent","ClowCardTheErase","ClowCardTheShadow","ClowCardTheBubbles"],"picked":"Singing Bowl","floor":47},{"not_picked":["ClowCardTheMaze","ClowCardTheSleep+1","ClowCardTheMist","ClowCardTheFreeze"],"picked":"Singing Bowl","floor":48}],"player_experience":844416,"relics_obtained":[{"floor":1,"key":"LetterFromLob"},{"floor":7,"key":"SatanicBible"},{"floor":9,"key":"BloodDonationMachine"},{"floor":10,"key":"StoneCalendar"},{"floor":14,"key":"Bag of Marbles"},{"floor":22,"key":"Ornamental Fan"},{"floor":23,"key":"Strawberry"},{"floor":23,"key":"PreservedInsect"},{"floor":26,"key":"Happy Flower"},{"floor":28,"key":"Peace Pipe"},{"floor":28,"key":"Question Card"},{"floor":30,"key":"Matryoshka"},{"floor":30,"key":"The Courier"},{"floor":40,"key":"Blue Candle"},{"floor":40,"key":"Leech"},{"floor":41,"key":"Turnip"},{"floor":42,"key":"ScarletDevilRocket"},{"floor":42,"key":"TuHaoJin"},{"floor":43,"key":"HollowMod:LifeEnderRelic"},{"floor":43,"key":"Whetstone"},{"floor":44,"key":"Smiling Mask"},{"floor":44,"key":"Dream Catcher"},{"floor":46,"key":"Pear"},{"floor":46,"key":"InkBottle"}],"event_choices":[{"damage_healed":0,"gold_gain":54,"player_choice":"Gained Gold","damage_taken":0,"max_hp_gain":0,"max_hp_loss":0,"event_name":"Golden Wing","floor":8,"gold_loss":0},{"damage_healed":0,"gold_gain":99,"player_choice":"Stole From Cult","damage_taken":0,"max_hp_gain":0,"max_hp_loss":0,"event_name":"Nest","floor":29,"gold_loss":0},{"damage_healed":0,"gold_gain":0,"player_choice":"Fight","damage_taken":0,"max_hp_gain":0,"max_hp_loss":0,"event_name":"MindBloom","floor":41,"gold_loss":0}],"is_beta":false,"boss_relics":[{"not_picked":["Astrolabe","Empty Cage"],"picked":"Black Star"},{"not_picked":[]},{"not_picked":["Busted Crown","Coffee Dripper"],"picked":"SlaversCollar"},{"not_picked":[]}],"items_purged_floors":[],"is_endless":false,"potions_floor_spawned":[3,11,12,16,20,21,24,31,35,39,40,46],"ascension_level":14}}