{"host":"uzcks4yhskks9i02","time":1611538819,"event":{"mods":["BaseMod","Minty Spire (QoL Compilation)","Quick Restart"],"gold_per_floor":[113,129,129,143,157,191,205,234,287,287,301,327,341,351,351,452,452,462,481,495,511,511,545,545,545,545],"floor_reached":25,"language":"ENG","playtime":1757,"items_purged":[],"score":324,"play_id":"8a0b191d-0210-4e34-a238-d08ec79ebc2b","local_time":"20210124184019","is_ascension_mode":true,"campfire_choices":[{"floor":10.0,"key":"REST"},{"floor":15.0,"key":"REST"},{"floor":24.0,"key":"REST"}],"circlet_count":0,"master_deck":["Strike_G","Strike_G","Strike_G","Strike_G","Strike_G","Defend_G","Defend_G","Defend_G","Defend_G+1","Defend_G+1","Survivor","Neutralize","Poisoned Stab","Skewer","Blur","PiercingWail","Skewer","Backflip","Footwork","Tools of the Trade","Dash","Crippling Poison","Flying Knee","Envenom","Poisoned Stab+1","Deflect","Blur+1","Leg Sweep+1","Skewer+1"],"relics":["Ring of the Serpent","FaceOfCleric","Kunai","Akabeko","Omamori","Ninja Scroll","War Paint","Toy Ornithopter"],"acts_visited":["Exordium","TheCity"],"potions_floor_usage":[],"damage_taken":[{"damage":0.0,"enemies":"Small Slimes","floor":1.0,"turns":5.0},{"damage":0.0,"enemies":"Cultist","floor":2.0,"turns":3.0},{"damage":2.0,"enemies":"Jaw Worm","floor":4.0,"turns":4.0},{"damage":1.0,"enemies":"Looter","floor":5.0,"turns":4.0},{"damage":34.0,"enemies":"3 Sentries","floor":6.0,"turns":12.0},{"damage":0.0,"enemies":"3 Louse","floor":7.0,"turns":3.0},{"damage":30.0,"enemies":"Lagavulin","floor":8.0,"turns":10.0},{"damage":0.0,"enemies":"2 Fungi Beasts","floor":11.0,"turns":3.0},{"damage":19.0,"enemies":"3 Sentries","floor":12.0,"turns":7.0},{"damage":0.0,"enemies":"Looter","floor":13.0,"turns":1.0},{"damage":8.0,"enemies":"Exordium Thugs","floor":14.0,"turns":5.0},{"damage":39.0,"enemies":"Slime Boss","floor":16.0,"turns":16.0},{"damage":10.0,"enemies":"Chosen","floor":18.0,"turns":6.0},{"damage":8.0,"enemies":"2 Thieves","floor":19.0,"turns":3.0},{"damage":12.0,"enemies":"Snake Plant","floor":20.0,"turns":5.0},{"damage":4.0,"enemies":"Snecko","floor":21.0,"turns":4.0},{"damage":25.0,"enemies":"Book of Stabbing","floor":23.0,"turns":10.0},{"damage":67,"enemies":"Gremlin Leader","floor":25,"turns":7}],"seed_played":"7628561074858584455","potions_obtained":[{"floor":2.0,"key":"Dexterity Potion"},{"floor":4.0,"key":"Dexterity Potion"},{"floor":6.0,"key":"Dexterity Potion"},{"floor":7.0,"key":"FearPotion"},{"floor":11.0,"key":"Explosive Potion"},{"floor":12.0,"key":"Fire Potion"},{"floor":19.0,"key":"PowerPotion"}],"is_trial":false,"path_per_floor":["M","M","?","M","M","E","M","E","T","R","M","E","M","M","R","B",null,"M","M","M","M","?","E","R","E"],"character_chosen":"THE_SILENT","items_purchased":[],"campfire_rested":3,"item_purchase_floors":[],"current_hp_per_floor":[77,77,77,76,76,43,44,15,15,39,40,22,23,16,41,3,87,78,71,60,57,57,33,60,0,0],"gold":545,"neow_bonus":"TEN_PERCENT_HP_BONUS","is_daily":false,"chose_seed":false,"campfire_upgraded":0,"win_rate":0.0,"timestamp":1611538819,"path_taken":["M","M","?","M","M","E","M","E","T","R","M","E","?","M","R","BOSS","M","?","M","M","?","E","R","E"],"items_purchased_type":[],"build_version":"2020-12-22","purchased_purges":0,"victory":false,"max_hp_per_floor":[77,77,77,78,79,80,81,82,82,82,83,84,85,86,86,87,87,88,89,90,91,91,92,92,92,92],"card_choices":[{"not_picked":["Expertise","Blur"],"picked":"Poisoned Stab","floor":1.0},{"not_picked":["Well Laid Plans","Dagger Throw"],"picked":"Skewer","floor":2.0},{"not_picked":["Caltrops","Sucker Punch"],"picked":"Blur","floor":4.0},{"not_picked":["Backstab","Cloak And Dagger"],"picked":"PiercingWail","floor":5.0},{"not_picked":["Flying Knee","Blur"],"picked":"Skewer","floor":6.0},{"not_picked":["Deflect","Prepared"],"picked":"Backflip","floor":7.0},{"not_picked":["Bane","PiercingWail"],"picked":"Footwork","floor":8.0},{"not_picked":["Catalyst","Cloak And Dagger"],"picked":"Tools of the Trade","floor":11.0},{"not_picked":["Infinite Blades","Predator"],"picked":"Dash","floor":12.0},{"not_picked":["Sucker Punch","Terror"],"picked":"Crippling Poison","floor":13.0},{"not_picked":["Caltrops","Endless Agony"],"picked":"Flying Knee","floor":14.0},{"not_picked":["Venomology","Unload"],"picked":"Envenom","floor":16.0},{"not_picked":["Bane+1","Flying Knee"],"picked":"Poisoned Stab+1","floor":18.0},{"not_picked":["Dagger Throw","Backflip"],"picked":"Deflect","floor":19.0},{"not_picked":["Flying Knee","Endless Agony"],"picked":"Blur+1","floor":20.0},{"not_picked":["Prepared","Outmaneuver"],"picked":"Leg Sweep+1","floor":21.0},{"not_picked":["Footwork","Night Terror"],"picked":"Skewer+1","floor":23.0}],"player_experience":551730,"relics_obtained":[{"floor":6.0,"key":"Kunai"},{"floor":8.0,"key":"Akabeko"},{"floor":9.0,"key":"Omamori"},{"floor":12.0,"key":"Ninja Scroll"},{"floor":23.0,"key":"Toy Ornithopter"}],"event_choices":[{"damage_healed":0.0,"max_hp_gain":0.0,"max_hp_loss":0.0,"gold_gain":0.0,"event_name":"FaceTrader","player_choice":"Trade","floor":3.0,"gold_loss":0.0,"damage_taken":0.0,"relics_obtained":["FaceOfCleric"]},{"damage_healed":0.0,"max_hp_gain":0.0,"max_hp_loss":0.0,"gold_gain":0.0,"event_name":"The Mausoleum","player_choice":"Opened","floor":22.0,"gold_loss":0.0,"damage_taken":0.0,"relics_obtained":["War Paint"]}],"is_beta":false,"boss_relics":[{"not_picked":["Busted Crown","Philosopher\u0027s Stone"],"picked":"Ring of the Serpent"}],"items_purged_floors":[],"is_endless":false,"potions_floor_spawned":[2,4,6,7,11,12,19],"killed_by":"Gremlin Leader","ascension_level":4}}