{"host":"qg654vxoo1kzp6cj","time":1611540901,"event":{"mods":["100% Spire Juice","2.2 Compatiblity","Act Like it!","Aspiration","BaseMod","Better Altar","Better Skull","Better Third Choice","Better Vampires","Conspire","Dio Mod","Displayed Cursed Tome","Downfall","Elementarium","Gensokyo","GifTheSpireLib","Hallownest","Hermit","HololiveMod","Hubris","Ironclad Rager","Jedi Mod","KinomotoSakuraMod(????)","Menagerie","Minty Spire (QoL Compilation)","MostiFishMod","Pale of the Ancients","Reliquary","Replay The Spire","Retaliation","Spicy Shops","Spikes Relics","StSLib","Strawberry Spire","Stuff the Spire","The Alterego","The Animator","The Bug Knight","The Death Knight","The Runesmith","The Senshi","The Wild Card","TheHero","TheVelvet","Trackpad","Wandering Minibosses","WarShipGirlsR/????R mod","vexMod"],"gold_per_floor":[113,132,144,144,161,193,193,228,228,246,271,271,282,507,507,608,608,627,311,311,103,103,103,132,169,204,298,346,411,464,541,663,825,837,889,901,913,839,892,972,984,1121,1158,1092,1147,1147,1207,1207,1207,1247,1401,1416,1493,640,640,858,858,582,582,702,702],"floor_reached":60,"language":"ENG","playtime":3543,"items_purged":["Shame","Runesmith:NanitesCloud+1","Runesmith:Repurpose"],"score":1097,"play_id":"b6cac63d-f902-4edd-9078-9ef1624a6e21","local_time":"20210124211501","is_ascension_mode":true,"campfire_choices":[{"data":"Runesmith:Firestorm","floor":7,"key":"SMITH"},{"floor":15,"key":"REST"},{"data":"StuffTheSpire:Harmony","floor":23,"key":"SMITH"},{"floor":41,"key":"RECALL"},{"data":"Runesmith:ChaoticBlast","floor":46,"key":"SMITH"},{"floor":49,"key":"REST"},{"data":"Runesmith:HeatedChisel","floor":55,"key":"SMITH"},{"floor":57,"key":"REST"}],"circlet_count":0,"master_deck":["Runesmith:Strike_RS","Runesmith:Strike_RS","Runesmith:Strike_RS","Runesmith:Strike_RS","Runesmith:Defend_RS","Runesmith:Defend_RS","Runesmith:Defend_RS+1","Runesmith:CraftFirestone","Runesmith:Fortify","Runesmith:Refine","Runesmith:HeatedChisel+1","Runesmith:GoWithTheFlow","Runesmith:Firestorm+1","Runesmith:CraftMagma","Runesmith:HammerAndChisel","Runesmith:HammerThrow","StuffTheSpire:Harmony+1","Runesmith:CraftIncendium","Runesmith:FissionHammer","Runesmith:Firewall+1","Runesmith:OneForEveryone","Runesmith:LithiumIon","Runesmith:EarthShield","Runesmith:EarthShield","Runesmith:CraftIncendium+1","Runesmith:ReplicatingBarrier","Runesmith:CraftProtectio+1","Runesmith:FieryHammer+1","Runesmith:Repurpose+1","Runesmith:CraftIncendium+1","Runesmith:ChaoticBlast+1","Runesmith:EnergizedChisel+1"],"relics":["Runesmith:CoreCrystal","DaveBox","RhineCircuit","aspiration:DSix","SynthV:TestCard","hubris:TenFootPole","reliquary:Stiletto","ShadowXiaoBlade","theSenshi:SuperSailorFukuRelic","StuffTheSpire:Nightcore","Happy Flower","MawBank","Replay:Bandana","reliquary:JackalopeAntler","Ancient Tea Set","trackpad:CultistFigurine","Elementarium:ElementariumTrophy","Gensokyo:DualWield","reliquary:Boomerang","Matryoshka","Happy Flower","Strawberry","vexMod:RetaliationKit","Ginger","theSenshi:FeatherClipsRelic","paleoftheancients:Timepiece","paleoftheancients:KeyRelic","Ice Cream","CultistMask","paleoftheancients:SoulOfTheCollector","paleoftheancients:SoulOfTheThorton","vexMod:PlasmaPancake","trackpad:BiPhaseBiplane","SpikesRelics:ToyHorsey","Centennial Puzzle","Anchor"],"acts_visited":["Exordium","Menagerie:Menagerie","Elementarium:Elementarium","Gensokyo:Gensokyoest"],"potions_floor_usage":[5,8,8,11,16,28,39,42,50,50,60,60],"damage_taken":[{"damage":0,"enemies":"Menagerie:WhisperingWraith","floor":1,"turns":4},{"damage":1,"enemies":"Menagerie:2_RABBITS","floor":2,"turns":4},{"damage":0,"enemies":"Menagerie:StygianBoar","floor":3,"turns":3},{"damage":6,"enemies":"Menagerie:BEAST_MAGE_AND_PROWLING_AMALGAM","floor":5,"turns":6},{"damage":18,"enemies":"Menagerie:MaskedSummoner","floor":6,"turns":9},{"damage":26,"enemies":"Menagerie:VoidReaper","floor":8,"turns":6},{"damage":10,"enemies":"Menagerie:3_RABBITS","floor":10,"turns":4},{"damage":15,"enemies":"Menagerie:MaskedSummoner","floor":11,"turns":11},{"damage":4,"enemies":"Menagerie:Hexasnake","floor":13,"turns":4},{"damage":30,"enemies":"Menagerie:AVATARS","floor":16,"turns":6},{"damage":13,"enemies":"Elementarium:2_ELEMENTALS","floor":18,"turns":4},{"damage":4,"enemies":"Elementarium:ElementalPortal","floor":24,"turns":4},{"damage":10,"enemies":"Elementarium:FIRE_NOBILITY","floor":27,"turns":3},{"damage":0,"enemies":"Elementarium:VoidCorruption","floor":28,"turns":2},{"damage":5,"enemies":"Elementarium:STONE_GOLEMS","floor":29,"turns":3},{"damage":0,"enemies":"Elementarium:RubyGolem","floor":30,"turns":2},{"damage":0,"enemies":"Elementarium:VOID_CORRUPTION_AND_TAR_GOLEM","floor":31,"turns":5},{"damage":44,"enemies":"Elementarium:PHOENIXES","floor":33,"turns":8},{"damage":6,"enemies":"Gensokyo:3_Bats","floor":35,"turns":2},{"damage":0,"enemies":"Gensokyo:AncientGuardian","floor":39,"turns":6},{"damage":27,"enemies":"Gensokyo:Doremy","floor":40,"turns":6},{"damage":13,"enemies":"Gensokyo:Kasen","floor":42,"turns":6},{"damage":6,"enemies":"Gensokyo:Sharpion","floor":45,"turns":4},{"damage":41,"enemies":"Gensokyo:Marisa","floor":47,"turns":5},{"damage":28,"enemies":"Gensokyo:Scarlet_Devils","floor":50,"turns":8},{"damage":40,"enemies":"Gensokyo:Scarlet_Devils","floor":51,"turns":7},{"damage":85,"enemies":"Gensokyo:Scarlet_Devils","floor":52,"turns":2},{"damage":0,"enemies":"paleoftheancients:Thorton3","floor":53,"turns":3},{"damage":54,"enemies":"paleoftheancients:Thorton3","floor":56,"turns":7},{"damage":109,"enemies":"paleoftheancients:N","floor":60,"turns":5}],"seed_played":"-2803128481145148494","potions_obtained":[{"floor":1,"key":"SpeedPotion"},{"floor":3,"key":"Swift Potion"},{"floor":6,"key":"Regen Potion"},{"floor":10,"key":"Weak Potion"},{"floor":13,"key":"Adrenaline Potion"},{"floor":27,"key":"Weak Potion"},{"floor":33,"key":"ColorlessPotion"},{"floor":40,"key":"LiquidBronze"},{"floor":45,"key":"EssenceOfSteel"},{"floor":47,"key":"jedi:tentaclejuice"},{"floor":53,"key":"jedi:tentaclejuice"}],"is_trial":false,"path_per_floor":["M","M","M","?","M","E","R","E","T","M","E","?","M","?","R","B",null,"M","$","?","$","?","R","E","T","T","E","M","M","M","M","R","B",null,"M","?","?","COS","M","E","R","E","T","$","M","R","E","?","R","B","M","M","M","$","R","M","R","$","?","B"],"character_chosen":"RUNESMITH_CLASS","items_purchased":["theSenshi:SuperSailorFukuRelic","StuffTheSpire:Nightcore","Happy Flower","Runesmith:LithiumIon","Runesmith:ChaoticBlast","vexMod:PlasmaPancake","trackpad:BiPhaseBiplane","SpikesRelics:ToyHorsey","Centennial Puzzle","Anchor","PowerPotion"],"campfire_rested":3,"item_purchase_floors":[19,21,21,21,44,54,54,54,58,58,58],"current_hp_per_floor":[70,69,69,70,64,46,46,35,35,25,10,10,9,9,30,3,70,58,58,58,58,66,66,71,71,71,68,72,73,77,78,53,24,78,72,72,72,72,78,53,53,67,67,67,76,76,51,56,81,85,71,85,85,91,91,71,91,91,91,0,0],"gold":702,"neow_bonus":"DSIX","is_daily":false,"chose_seed":false,"campfire_upgraded":4,"win_rate":0.0,"timestamp":1611540901,"path_taken":["M","M","M","?","?","E","R","E","T","M","E","?","?","?","R","BOSS","M","$","?","$","?","R","E","?","T","E","M","M","?","M","R","BOSS","M","?","?","COS","M","E","R","E","T","$","M","R","E","?","R","BOSS","M","M","?","$","R","M","R","$","?","BOSS"],"items_purchased_type":["Relic","Relic","Relic","Card","Card","Relic","Relic","Relic","Relic","Relic","Potion"],"build_version":"2020-12-22","purchased_purges":3,"victory":false,"max_hp_per_floor":[70,70,70,70,70,70,70,70,70,70,70,70,70,70,70,70,70,70,70,70,70,78,78,78,78,78,78,78,78,78,78,78,78,78,78,78,78,78,78,78,78,85,85,85,85,85,85,85,85,85,85,85,85,91,91,91,91,91,91,91,91],"card_choices":[{"not_picked":["Runesmith:Accelerate","Runesmith:Empowerment"],"picked":"Runesmith:Repurpose","floor":1},{"not_picked":["Runesmith:ShiftingStrike","Runesmith:CraftProtectio","Runesmith:Overpower","Runesmith:Firewall"],"picked":"Runesmith:Refine","floor":2},{"not_picked":["Runesmith:Repurpose","Runesmith:HeatExchange","Runesmith:Attraction","Runesmith:StaticCage"],"picked":"Runesmith:HeatedChisel","floor":3},{"not_picked":["Runesmith:DoubleUp","Runesmith:CraftProtectio","Runesmith:StaticCage","Runesmith:BackupBattery"],"picked":"Runesmith:GoWithTheFlow","floor":5},{"not_picked":["Runesmith:LithiumIon","Runesmith:HammerThrow","Runesmith:CreatorForm","Runesmith:EarthShield"],"picked":"Runesmith:Firestorm","floor":6},{"not_picked":["Runesmith:HammerThrow","Runesmith:CraftObretio","Runesmith:Grindstone","Runesmith:EnergizedChisel"],"picked":"Runesmith:CraftMagma","floor":8},{"not_picked":["Runesmith:EnergizedChisel","Runesmith:ShiftingStrike","Runesmith:HeatExchange","Runesmith:CraftProtectio"],"picked":"Runesmith:HammerAndChisel","floor":10},{"not_picked":["Runesmith:CraftObretio","Runesmith:Augment","Runesmith:Reinforce","Runesmith:CraftPrismatica"],"picked":"Runesmith:HammerThrow","floor":11},{"not_picked":["StuffTheSpire:Ambrosia","StuffTheSpire:Rapture"],"picked":"StuffTheSpire:Harmony","floor":12},{"not_picked":["Runesmith:NanitesCloud","Runesmith:Augment","Runesmith:ChiselStab","Runesmith:CraftSpiculum"],"picked":"Runesmith:CraftIncendium","floor":13},{"not_picked":["Runesmith:Duplicate","Runesmith:Supernova","Runesmith:CraftMedicinae","Runesmith:DuctTape"],"picked":"Runesmith:FissionHammer","floor":16},{"not_picked":["Runesmith:RunicBlueprint","Runesmith:RuneHurl+1","Runesmith:ChiselStab","Runesmith:HammerAndChisel"],"picked":"Runesmith:Firewall+1","floor":18},{"not_picked":["Runesmith:MakeshiftArmor","Runesmith:PerfectChisel","Runesmith:Reinforce","Runesmith:Discharge"],"picked":"Runesmith:EarthShield","floor":24},{"not_picked":["Runesmith:GenerateForcefield","Runesmith:CraftObretio+1","Runesmith:Discharge","Runesmith:Overpower"],"picked":"Runesmith:EarthShield","floor":27},{"not_picked":["Runesmith:UnstableHammer+1","Runesmith:Retool","Runesmith:Overpower","Runesmith:CraftIncendium","Runesmith:HammerAndChisel"],"picked":"SKIP","floor":28},{"not_picked":["Runesmith:HeatExchange","Runesmith:Grindstone","Runesmith:CraftSpiculum","Runesmith:Empowerment","Runesmith:Prism"],"picked":"SKIP","floor":29},{"not_picked":["Runesmith:Repurpose","Runesmith:Malloc+1","Runesmith:WhiteBalance","Runesmith:CraftObretio"],"picked":"Runesmith:CraftIncendium+1","floor":30},{"not_picked":["Runesmith:HammerAndChisel+1","Runesmith:BackupBattery","Runesmith:Superposition","Runesmith:CraftProtectio"],"picked":"Runesmith:NanitesCloud+1","floor":31},{"not_picked":["Runesmith:LastStand","Runesmith:CraftPrismatica","Runesmith:Supernova","Runesmith:Duplicate"],"picked":"Runesmith:ReplicatingBarrier","floor":33},{"not_picked":["Runesmith:EnergizedChisel+1","Runesmith:HeatedChisel+1","Runesmith:ChiselStab+1","Runesmith:RuneHurl"],"picked":"Runesmith:CraftProtectio+1","floor":35},{"not_picked":["Runesmith:CraftSpiculum+1","Runesmith:Grindstone+1","Runesmith:Overpower+1","Runesmith:HammerThrow+1"],"picked":"Runesmith:FieryHammer+1","floor":39},{"not_picked":["Runesmith:Grindstone+1","Runesmith:GenerateForcefield","Runesmith:FieryHammer","Runesmith:Electrocute+1"],"picked":"Runesmith:Repurpose+1","floor":40},{"not_picked":["Runesmith:Prism","Runesmith:CraftMagma","Runesmith:ShiftingStrike+1","Runesmith:CraftSpiculum"],"picked":"Runesmith:CraftIncendium+1","floor":42},{"not_picked":["aspiration:UnbridledHammer","Runesmith:Prism","Runesmith:RuneHurl","Runesmith:MakeshiftArmor","Runesmith:StaticCage+1"],"picked":"SKIP","floor":45},{"not_picked":["Runesmith:Overpower+1","Runesmith:FieryHammer","Runesmith:GenerateForcefield","Runesmith:CraftIndustria","Runesmith:BackupBattery"],"picked":"SKIP","floor":47},{"not_picked":["Runesmith:HammerThrow","Runesmith:MakeshiftArmor+1","Runesmith:CraftMagma+1","Runesmith:HeatExchange"],"picked":"Runesmith:EnergizedChisel+1","floor":51},{"not_picked":["Runesmith:HeatExchange","Runesmith:CraftProtectio+1","Runesmith:CraftMagma","Runesmith:CraftMedicinae","Runesmith:Repurpose"],"picked":"SKIP","floor":53},{"not_picked":["Runesmith:EnergizedChisel","Runesmith:Prism+1","Runesmith:PerfectChisel","Runesmith:HeatExchange","Runesmith:ElementalConversion"],"picked":"SKIP","floor":56}],"player_experience":886127,"relics_obtained":[{"floor":1,"key":"SynthV:TestCard"},{"floor":6,"key":"hubris:TenFootPole"},{"floor":8,"key":"Juzu Bracelet"},{"floor":11,"key":"reliquary:Stiletto"},{"floor":24,"key":"MawBank"},{"floor":25,"key":"Replay:Bandana"},{"floor":27,"key":"reliquary:JackalopeAntler"},{"floor":40,"key":"Matryoshka"},{"floor":42,"key":"Strawberry"},{"floor":43,"key":"vexMod:RetaliationKit"},{"floor":43,"key":"Ginger"},{"floor":47,"key":"theSenshi:FeatherClipsRelic"},{"floor":51,"key":"paleoftheancients:SoulOfTheCollector"},{"floor":53,"key":"paleoftheancients:SoulOfTheThorton"}],"event_choices":[{"damage_healed":0,"gold_gain":225,"player_choice":"Raid","damage_taken":0,"max_hp_gain":0,"max_hp_loss":0,"event_name":"Menagerie:SpiderNest","floor":14,"gold_loss":0,"cards_obtained":["Shame"]},{"damage_healed":0,"gold_gain":0,"player_choice":"Read","damage_taken":0,"max_hp_gain":0,"max_hp_loss":0,"event_name":"Elementarium:LostScrolls","floor":20,"gold_loss":0,"cards_obtained":["Runesmith:OneForEveryone"]},{"damage_healed":0,"gold_gain":0,"player_choice":"Graft","damage_taken":0,"max_hp_gain":8,"max_hp_loss":0,"event_name":"Elementarium:SculptureGarden","floor":22,"gold_loss":0},{"damage_healed":0,"gold_gain":110,"player_choice":"RE GO RE UP ","damage_taken":60,"relics_obtained":["Ancient Tea Set","trackpad:CultistFigurine"],"max_hp_gain":0,"max_hp_loss":0,"event_name":"betterSkull:BetterSkull","floor":32,"gold_loss":0,"cards_upgraded":["Runesmith:Defend_RS"]},{"damage_healed":5,"gold_gain":0,"player_choice":"LEAVE ","damage_taken":0,"relics_obtained":[],"max_hp_gain":0,"max_hp_loss":0,"event_name":"betterSkull:BetterSkull","floor":48,"gold_loss":0,"cards_upgraded":[]}],"is_beta":false,"boss_relics":[{"not_picked":["TakeMeEscape","strawberrySpire:SolarisEssence"],"picked":"ShadowXiaoBlade"},{"not_picked":["conspire:RoyalGoblet","HaiYi:Twilight"],"picked":"Runesmith:CoreCrystal"}],"items_purged_floors":[19,54,54],"is_endless":false,"potions_floor_spawned":[1,3,6,10,13,27,33,40,45,47,53],"killed_by":"paleoftheancients:N","ascension_level":1}}