{"host":"jqa9y4qkalbx8qgz","time":1611610476,"event":{"mods":["Act Like it!","BaseMod","BetterRewards","CCEM","Downfall","Gensokyo","Marisa????????","Minty Spire (QoL Compilation)","Permanent Neow","Relic Stats","Replay The Spire","StSLib","Wandering Minibosses"],"gold_per_floor":[118,131,148,167,167,167,202,202,202,202,202,218,243,338,338,434,434,446,361,361,375,375,404,404,431,431,464,464,664,679,708,708,813,813,830,830,20,20,30,65,65,394,394,426,426,426,457,131,131,131,131,131,49,79,79],"floor_reached":56,"language":"ENG","playtime":7316,"items_purged":["Strike_R","Strike_R","Strike_R"],"score":1606,"play_id":"02ce80c7-0821-40e8-8a06-bd564211e3b9","local_time":"20210126003436","is_ascension_mode":true,"campfire_choices":[{"data":"ReplayTheSpireMod:Brewmster","floor":6.0,"key":"SMITH"},{"data":"True Grit","floor":8.0,"key":"SMITH"},{"data":"Iron Wave","floor":10.0,"key":"SMITH"},{"data":"Jack Of All Trades","floor":11.0,"key":"SMITH"},{"data":"Demon Form","floor":15.0,"key":"SMITH"},{"data":"Disarm","floor":24.0,"key":"SMITH"},{"data":"Shrug It Off","floor":28.0,"key":"SMITH"},{"data":"Barricade","floor":41,"key":"SMITH"},{"floor":45,"key":"RECALL"},{"data":"Berserk","floor":49,"key":"SMITH"},{"data":"ReplayTheSpireMod:Necrogeddon","floor":52,"key":"SMITH"}],"circlet_count":0,"master_deck":["Defend_R","Defend_R+1","Defend_R+1","Bash","True Grit+1","Pummel","Inflame+1","Jack Of All Trades+1","ReplayTheSpireMod:Brewmster+1","ReplayTheSpireMod:Necrogeddon+1","Shrug It Off","Seeing Red+1","Flame Barrier+1","Iron Wave+1","Demon Form+1","Body Slam+1","Shrug It Off+1","Feed+1","AbeCurse","Clothesline+1","Disarm+1","True Grit+1","Whirlwind+1","Exhume+1","Offering+1","Warcry+1","Ghostly Armor+1","ReplayTheSpireMod:Limb From Limb+1","Barricade+1","Heavy Blade+1","Dark Embrace+1","Dual Wield+1","Shockwave+1","Warcry+1","Offering+1","Second Wind+1","Jack Of All Trades+1","Replay:Sssssssssshield+1","PanicButton+1","Berserk+1","True Grit+1","Disarm+1","Replay:Undeath\u0027s Touch+1","Disarm+1"],"relics":["Burning Blood","Replay:WaspNest","WingedGreaves","Quantum Egg","ReplayTheSpireMod:ShopPack","CCEMRelics:OldTooth","Molten Egg 2","Pantograph","Abe\u0027s Treasure","ReplayFunnel","Toxic Egg 2","ReplayTheSpireMod:Shallot","Bottled Tornado","Juzu Bracelet","SacredBark","CCEMRelics:WrappedPresent","CCEMRelics:StainlessSteel","Blood Vial","Peace Pipe","Boot","CCEMRelics:JestersCrown","Old Coin","Simple Rune","StoneCalendar","Pear","Strawberry","Anchor"],"acts_visited":["Exordium","TheCity","TheBeyond","TheEnding"],"potions_floor_usage":[35,35,40,42,42,42,42,42,42,44,44,44,44,47,50,50,50,54,55,55,55,55,55,55,55],"damage_taken":[{"damage":1.0,"enemies":"Cultist","floor":1.0,"turns":3.0},{"damage":8.0,"enemies":"Small Slimes","floor":2.0,"turns":13.0},{"damage":11.0,"enemies":"Jaw Worm","floor":3.0,"turns":8.0},{"damage":7.0,"enemies":"Exordium Wildlife","floor":4.0,"turns":8.0},{"damage":18.0,"enemies":"3 Sentries","floor":7.0,"turns":7.0},{"damage":2.0,"enemies":"Blue Slaver","floor":12.0,"turns":4.0},{"damage":0.0,"enemies":"Replay:BlueRogue","floor":13.0,"turns":6.0},{"damage":16.0,"enemies":"Lots of Slimes","floor":14.0,"turns":8.0},{"damage":26.0,"enemies":"Hexaghost","floor":16.0,"turns":5.0},{"damage":7.0,"enemies":"Spheric Guardian","floor":18.0,"turns":5.0},{"damage":11.0,"enemies":"3 Byrds","floor":21.0,"turns":9.0},{"damage":65.0,"enemies":"Gremlin Leader","floor":23.0,"turns":9.0},{"damage":22.0,"enemies":"Slavers","floor":25.0,"turns":7.0},{"damage":0.0,"enemies":"Replay:Snechameleon","floor":27.0,"turns":8.0},{"damage":10.0,"enemies":"Snake Plant","floor":29.0,"turns":8.0},{"damage":6.0,"enemies":"Chosen and Byrds","floor":30.0,"turns":8.0},{"damage":24.0,"enemies":"Gremlin Leader","floor":31.0,"turns":6.0},{"damage":25.0,"enemies":"Champ","floor":33.0,"turns":9.0},{"damage":14,"enemies":"Orb Walker","floor":35,"turns":5},{"damage":7,"enemies":"3 Darklings","floor":39,"turns":3},{"damage":22,"enemies":"Giant Head","floor":40,"turns":4},{"damage":0,"enemies":"R_Hoarder","floor":42,"turns":12},{"damage":12,"enemies":"Giant Head","floor":44,"turns":9},{"damage":37,"enemies":"Reptomancer","floor":47,"turns":7},{"damage":49,"enemies":"Replay:Hell Engine","floor":50,"turns":6},{"damage":31,"enemies":"Shield and Spear","floor":54,"turns":7},{"damage":43,"enemies":"The Heart","floor":55,"turns":7}],"seed_played":"6606595619251675762","potions_obtained":[{"floor":2.0,"key":"champ:CounterPotion"},{"floor":7.0,"key":"Venom Potion"},{"floor":12.0,"key":"Adrenaline Potion"},{"floor":13.0,"key":"Elixir"},{"floor":29.0,"key":"Guardian:BlockOnCardUsePotion"},{"floor":30.0,"key":"ColorlessPotion"},{"floor":35,"key":"Ancient Potion"},{"floor":42,"key":"Explosive Potion"},{"floor":47,"key":"Milkshake"}],"is_trial":false,"path_per_floor":["M","M","M","M","?","R","E","R","T","R","R","M","E","M","R","B",null,"M","?","?","M","?","E","R","E","T","E","R","M","M","E","R","B",null,"M","?","$","?","M","E","R","E","T","E","R","?","E","$","R","B",null,"R","$","E","B",null],"character_chosen":"IRONCLAD","items_purchased":["Replay:WaspNest","Quantum Egg","ReplayTheSpireMod:ShopPack","True Grit","Pummel","Inflame+1","CCEMRelics:WrappedPresent","CCEMRelics:StainlessSteel","Blood Vial","Dark Embrace+1","True Grit+1","Strawberry","Disarm+1","Replay:Undeath\u0027s Touch+1"],"campfire_rested":0,"item_purchase_floors":[0,0,0,0,0,0,37,37,37,37,48,48,53,53],"current_hp_per_floor":[41,39,34,33,33,33,21,21,21,21,21,25,31,21,21,26,80,79,79,79,78,78,23,23,11,11,17,17,18,26,12,43,53,108,100,100,100,100,101,91,91,103,103,99,99,89,120,127,127,90,133,133,133,112,100],"gold":79,"neow_bonus":"","is_daily":false,"chose_seed":false,"campfire_upgraded":10,"win_rate":0.0,"timestamp":1611610476,"path_taken":["M","M","?","M","?","R","E","R","T","R","R","M","E","M","R","BOSS","M","?","?","M","?","E","R","E","T","E","R","?","M","E","R","BOSS","M","?","$","?","M","E","R","E","T","E","R","?","E","$","R","BOSS","R","$","E","BOSS"],"items_purchased_type":["Relic","Relic","Relic","Card","Card","Card","Relic","Relic","Relic","Card","Card","Relic","Card","Card"],"build_version":"2020-12-22","purchased_purges":3,"victory":true,"max_hp_per_floor":[80,80,80,80,80,80,80,80,80,80,80,80,80,80,80,80,80,80,80,80,84,84,88,88,92,92,92,92,92,100,104,104,108,108,108,108,108,108,108,112,112,116,116,116,116,116,126,133,133,133,133,133,133,137,137],"relic_stats":{"Blood Vial":48,"Peace Pipe":0,"counters":[159,803],"Pantograph":77,"StoneCalendar":[31],"Juzu Bracelet":1,"Boot":[46],"obtain_stats":[{"Golden Egg":54,"Replay:Accelerometer":24,"Whetstone":28,"Bottled Tornado":27,"Boot":13,"Sling":0,"Old Coin":44,"CCEMRelics:DerglesHeadphones":3,"Blood Vial":37,"HandDrill":53,"Replay:Wax Seal":44,"Replay:Bottled Steam":9,"Pear":47,"Pen Nib":43,"Guardian:PocketSentry":15,"SlaversCollar":17,"MutagenicStrength":19,"Unceasing Top":13,"Abe\u0027s Treasure":17,"Regal Pillow":40,"CCEMRelics:WrappedPresent":29,"Magic Flower":39,"Blue Doll":0,"StoneCalendar":44,"wanderingMiniBosses:AbyssPearl":35,"Replay:Multitool":47,"Bag of Preparation":3,"Ancient Tea Set":29,"Burning Blood":20,"Pet Ghost":42,"Replay:Rubber Ducky":40,"Shovel":14,"Toolbox":0,"WingedGreaves":0,"Replay:Bottled Eggs":46,"CCEMRelics:WhiteRose":9,"InkBottle":40,"CCEMRelics:JestersCrown":40,"Potion Belt":23,"Replay:M_StaffOfTheSnake":4,"CCEMRelics:StainlessSteel":37,"Damaru":23,"PreservedInsect":11,"Omamori":7,"Ring of Greed":44,"MawBank":46,"Replay:Arrowhead":31,"sneckomod:BabySnecko":28,"Ornamental Fan":7,"Ring of Misfortune":44,"Garlic":42,"Durian":0,"Art of War":47,"ReplayTheSpireMod:Lightbulb":29,"Toy Ornithopter":41,"wanderingMiniBosses:Inkheart":31,"Nilry\u0027s Codex":31,"CeramicFish":40,"Vajra":21,"HornCleat":53,"Strawberry":9,"Honey Jar":34,"Prayer Wheel":41,"Iron Hammer":54,"Toxic Egg 2":41,"Happy Flower":43,"Oddly Smooth Stone":38,"Ring of Chaos":17,"Charon\u0027s Ashes":0,"War Paint":30,"OrangePellets":0,"ReplayTheSpireMod:Shallot":13,"Bronze Scales":11,"Simple Rune":46,"Molten Egg 2":9,"Black Star":34,"Nloth\u0027s Gift":28,"ReplayTheSpireMod:TigerMarble":43,"Grinning Jar":11,"Pocketwatch":0,"ReplayFunnel":42,"Replay:PocketPolymizer":30,"SacredBark":34,"Melange":38,"Mango":7,"CloakClasp":0,"Incense Burner":0,"Juzu Bracelet":47,"Replay:Mystery Machine":45,"ClockworkSouvenir":0,"Replay:Bandana":39,"Nunchaku":45,"CCEMRelics:OldTooth":7,"Mummified Hand":27,"Pantograph":45,"Gambling Chip":44,"Tiny Chest":25,"Red Mask":25,"Red Skull":26,"CCEMRelics:Barrel":47,"Quantum Egg":0,"Replay:WaspNest":0,"White Beast Statue":44,"CCEMRelics:SpiritsEdge":36,"Peace Pipe":37,"Anchor":9,"CaptainsWheel":42,"Snack Pack":0,"Coffee Dripper":17,"PureWater":0,"ReplayTheSpireMod:ShopPack":45},{"Golden Egg":27,"Replay:Accelerometer":70,"Whetstone":98,"Bottled Tornado":146,"Boot":36,"Sling":55,"Old Coin":79,"CCEMRelics:DerglesHeadphones":108,"Blood Vial":151,"HandDrill":26,"Replay:Wax Seal":79,"Replay:Bottled Steam":33,"Pear":156,"Pen Nib":22,"Guardian:PocketSentry":7,"SlaversCollar":8,"MutagenicStrength":39,"Unceasing Top":63,"Abe\u0027s Treasure":93,"Regal Pillow":127,"CCEMRelics:WrappedPresent":122,"Magic Flower":101,"Blue Doll":55,"StoneCalendar":155,"wanderingMiniBosses:AbyssPearl":125,"Replay:Multitool":81,"Bag of Preparation":85,"Ancient Tea Set":122,"Burning Blood":94,"Pet Ghost":129,"Replay:Rubber Ducky":20,"Shovel":7,"Toolbox":83,"WingedGreaves":132,"Replay:Bottled Eggs":24,"CCEMRelics:WhiteRose":110,"InkBottle":127,"CCEMRelics:JestersCrown":153,"Potion Belt":42,"Replay:M_StaffOfTheSnake":57,"CCEMRelics:StainlessSteel":151,"Damaru":13,"PreservedInsect":90,"Omamori":88,"Ring of Greed":79,"MawBank":24,"Replay:Arrowhead":15,"sneckomod:BabySnecko":14,"Ornamental Fan":3,"Ring of Misfortune":79,"Garlic":22,"Durian":28,"Art of War":54,"ReplayTheSpireMod:Lightbulb":72,"Toy Ornithopter":51,"wanderingMiniBosses:Inkheart":74,"Nilry\u0027s Codex":98,"CeramicFish":20,"Vajra":11,"HornCleat":26,"Strawberry":89,"Honey Jar":75,"Prayer Wheel":79,"Iron Hammer":27,"Toxic Egg 2":51,"Happy Flower":79,"Oddly Smooth Stone":77,"Ring of Chaos":38,"Charon\u0027s Ashes":107,"War Paint":98,"OrangePellets":28,"ReplayTheSpireMod:Shallot":114,"Bronze Scales":5,"Simple Rune":104,"Molten Egg 2":137,"Black Star":16,"Nloth\u0027s Gift":43,"ReplayTheSpireMod:TigerMarble":52,"Grinning Jar":61,"Pocketwatch":28,"ReplayFunnel":22,"Replay:PocketPolymizer":45,"SacredBark":150,"Melange":77,"Mango":110,"CloakClasp":0,"Incense Burner":28,"Juzu Bracelet":54,"Replay:Mystery Machine":53,"ClockworkSouvenir":28,"Replay:Bandana":19,"Nunchaku":80,"CCEMRelics:OldTooth":137,"Mummified Hand":71,"Pantograph":53,"Gambling Chip":130,"Tiny Chest":14,"Red Mask":43,"Red Skull":121,"CCEMRelics:Barrel":130,"Quantum Egg":132,"Replay:WaspNest":132,"White Beast Statue":130,"CCEMRelics:SpiritsEdge":125,"Peace Pipe":151,"Anchor":3,"CaptainsWheel":129,"Snack Pack":28,"Coffee Dripper":65,"PureWater":0,"ReplayTheSpireMod:ShopPack":130},{"Golden Egg":172,"Replay:Accelerometer":347,"Whetstone":439,"Bottled Tornado":712,"Boot":206,"Sling":288,"Old Coin":380,"CCEMRelics:DerglesHeadphones":478,"Blood Vial":748,"HandDrill":164,"Replay:Wax Seal":380,"Replay:Bottled Steam":198,"Pear":783,"Pen Nib":133,"Guardian:PocketSentry":41,"SlaversCollar":53,"MutagenicStrength":220,"Unceasing Top":314,"Abe\u0027s Treasure":423,"Regal Pillow":585,"CCEMRelics:WrappedPresent":557,"Magic Flower":454,"Blue Doll":288,"StoneCalendar":776,"wanderingMiniBosses:AbyssPearl":575,"Replay:Multitool":386,"Bag of Preparation":401,"Ancient Tea Set":557,"Burning Blood":426,"Pet Ghost":595,"Replay:Rubber Ducky":122,"Shovel":41,"Toolbox":394,"WingedGreaves":612,"Replay:Bottled Eggs":147,"CCEMRelics:WhiteRose":486,"InkBottle":585,"CCEMRelics:JestersCrown":755,"Potion Belt":227,"Replay:M_StaffOfTheSnake":292,"CCEMRelics:StainlessSteel":748,"Damaru":79,"PreservedInsect":413,"Omamori":406,"Ring of Greed":380,"MawBank":147,"Replay:Arrowhead":90,"sneckomod:BabySnecko":86,"Ornamental Fan":19,"Ring of Misfortune":380,"Garlic":133,"Durian":181,"Art of War":281,"ReplayTheSpireMod:Lightbulb":356,"Toy Ornithopter":260,"wanderingMiniBosses:Inkheart":364,"Nilry\u0027s Codex":439,"CeramicFish":122,"Vajra":70,"HornCleat":164,"Strawberry":409,"Honey Jar":371,"Prayer Wheel":380,"Iron Hammer":172,"Toxic Egg 2":260,"Happy Flower":380,"Oddly Smooth Stone":375,"Ring of Chaos":217,"Charon\u0027s Ashes":474,"War Paint":439,"OrangePellets":181,"ReplayTheSpireMod:Shallot":506,"Bronze Scales":28,"Simple Rune":461,"Molten Egg 2":651,"Black Star":98,"Nloth\u0027s Gift":229,"ReplayTheSpireMod:TigerMarble":267,"Grinning Jar":309,"Pocketwatch":181,"ReplayFunnel":133,"Replay:PocketPolymizer":237,"SacredBark":743,"Melange":375,"Mango":486,"CloakClasp":0,"Incense Burner":181,"Juzu Bracelet":281,"Replay:Mystery Machine":274,"ClockworkSouvenir":181,"Replay:Bandana":115,"Nunchaku":383,"CCEMRelics:OldTooth":651,"Mummified Hand":351,"Pantograph":274,"Gambling Chip":601,"Tiny Chest":86,"Red Mask":229,"Red Skull":552,"CCEMRelics:Barrel":601,"Quantum Egg":612,"Replay:WaspNest":612,"White Beast Statue":601,"CCEMRelics:SpiritsEdge":575,"Peace Pipe":748,"Anchor":19,"CaptainsWheel":595,"Snack Pack":181,"Coffee Dripper":327,"PureWater":0,"ReplayTheSpireMod:ShopPack":601}],"Burning Blood":400},"card_choices":[{"not_picked":["Violence","Bandage Up"],"picked":"Jack Of All Trades","floor":0.0},{"not_picked":["Replay:Sssssssssstrike","ReplayTheSpireMod:Necrogeddon"],"picked":"ReplayTheSpireMod:Brewmster","floor":0.0},{"not_picked":["Secret Weapon","Sadistic Nature"],"picked":"ReplayTheSpireMod:Necrogeddon","floor":0.0},{"not_picked":["Sword Boomerang","Evolve"],"picked":"Shrug It Off","floor":1.0},{"not_picked":["Defy Death","Rupture"],"picked":"Thunderclap","floor":2.0},{"not_picked":["Twin Strike","Warcry"],"picked":"Seeing Red","floor":3.0},{"not_picked":["Havoc","Brutality","ReplayTheSpireMod:Strike From Hell"],"picked":"SKIP","floor":4.0},{"not_picked":["Armaments","Body Slam"],"picked":"Iron Wave","floor":7.0},{"not_picked":["Evolve","True Grit"],"picked":"Demon Form","floor":12.0},{"not_picked":["Abandon","ReplayTheSpireMod:Limb From Limb+1"],"picked":"Body Slam+1","floor":13.0},{"not_picked":["Reckless Charge+1","Armaments"],"picked":"Shrug It Off","floor":14.0},{"not_picked":["Juggernaut","Offering"],"picked":"Feed+1","floor":16.0},{"not_picked":["Warcry","Reckless Charge+1"],"picked":"Clothesline+1","floor":18.0},{"not_picked":["ReplayTheSpireMod:Strike From Hell+1","Abandon"],"picked":"True Grit+1","floor":21.0},{"not_picked":["Immolate+1","Fire Breathing"],"picked":"Whirlwind+1","floor":23.0},{"not_picked":["Run Through+1","Intimidate+1"],"picked":"Exhume+1","floor":25.0},{"not_picked":["Warcry+1","Clothesline+1"],"picked":"Offering+1","floor":27.0},{"not_picked":["Bloodletting+1","ReplayTheSpireMod:Strike From Hell+1"],"picked":"Warcry+1","floor":29.0},{"not_picked":["True Grit+1","Flex+1"],"picked":"Ghostly Armor+1","floor":30.0},{"not_picked":["Rupture+1","Cleave+1"],"picked":"ReplayTheSpireMod:Limb From Limb+1","floor":31.0},{"not_picked":["Brutality","Demon Form"],"picked":"Barricade","floor":33.0},{"not_picked":["Warcry+1","Thunderclap+1"],"picked":"Heavy Blade+1","floor":35},{"not_picked":["Feel No Pain+1","Shrug It Off+1"],"picked":"Shockwave+1","floor":39},{"not_picked":["Whirlwind+1","Power Through+1"],"picked":"Warcry+1","floor":40},{"not_picked":["Infernal Blade+1","Shrug It Off+1"],"picked":"Offering+1","floor":42},{"not_picked":["Rampage+1","Twin Strike+1"],"picked":"Second Wind+1","floor":44},{"not_picked":["Replay:BasicMightCard","Replay:Parry+1"],"picked":"Jack Of All Trades+1","floor":46},{"not_picked":["Poisoned Strike+1","Replay:Parry+1"],"picked":"Replay:Sssssssssshield+1","floor":46},{"not_picked":["Poisoned Strike+1","The Bomb+1"],"picked":"PanicButton+1","floor":46},{"not_picked":["Perfected Strike+1","Clash+1"],"picked":"Berserk","floor":47},{"not_picked":["Whirlwind+1","Rage+1"],"picked":"Disarm+1","floor":54}],"player_experience":313724,"relics_obtained":[{"floor":7.0,"key":"CCEMRelics:OldTooth"},{"floor":9.0,"key":"Molten Egg 2"},{"floor":13.0,"key":"Pantograph"},{"floor":23.0,"key":"Toxic Egg 2"},{"floor":25.0,"key":"ReplayTheSpireMod:Shallot"},{"floor":27.0,"key":"Bottled Tornado"},{"floor":31.0,"key":"Juzu Bracelet"},{"floor":37,"key":"Peace Pipe"},{"floor":37,"key":"Boot"},{"floor":40,"key":"CCEMRelics:JestersCrown"},{"floor":42,"key":"Old Coin"},{"floor":43,"key":"Simple Rune"},{"floor":44,"key":"StoneCalendar"},{"floor":47,"key":"Pear"},{"floor":54,"key":"Anchor"}],"event_choices":[{"damage_healed":0.0,"max_hp_gain":0.0,"max_hp_loss":0.0,"gold_gain":0.0,"event_name":"Addict","player_choice":"Obtained Relic","floor":19.0,"gold_loss":85.0,"damage_taken":0.0,"relics_obtained":["ReplayFunnel"]},{"damage_healed":0.0,"max_hp_gain":0.0,"max_hp_loss":0.0,"gold_gain":0.0,"event_name":"The Library","player_choice":"Read","floor":20.0,"gold_loss":0.0,"damage_taken":0.0,"cards_obtained":["Disarm"]},{"cards_removed":["Strike_R"],"damage_healed":0.0,"max_hp_gain":0.0,"max_hp_loss":0.0,"gold_gain":0.0,"event_name":"Purifier","player_choice":"Purged","floor":22.0,"gold_loss":0.0,"damage_taken":0.0},{"cards_removed":["Defend_R"],"damage_healed":0,"gold_gain":0,"player_choice":"Removed Skill","damage_taken":0,"max_hp_gain":0,"max_hp_loss":0,"event_name":"Falling","floor":36,"gold_loss":0},{"damage_healed":0,"gold_gain":0,"cards_transformed":["Strike_R"],"player_choice":"Transformed","damage_taken":0,"max_hp_gain":0,"max_hp_loss":0,"event_name":"Transmorgrifier","floor":38,"gold_loss":0,"cards_obtained":["Dual Wield"]},{"damage_healed":0,"gold_gain":0,"player_choice":"Memory 3","damage_taken":10,"max_hp_gain":0,"max_hp_loss":0,"event_name":"SensoryStone","floor":46,"gold_loss":0}],"is_beta":false,"boss_relics":[{"not_picked":["Painkiller Herb","Runic Cube"],"picked":"Abe\u0027s Treasure"},{"not_picked":["Black Star","Ring of Chaos"],"picked":"SacredBark"}],"items_purged_floors":[0,37,48],"is_endless":false,"potions_floor_spawned":[2,4,7,12,13,18,21,29,30,35,42,47,54],"ascension_level":1}}