{"host":"id1lehtnb7dzklac","time":1611577146,"event":{"mods":["AchievementEnabler","BaseMod","Bestiary","Block Reminder","Colored Map","Highlight Path","Minty Spire (QoL Compilation)","Permanent Neow","Quick Restart","Random Character Button","StSLib","slay the spire mod where everything is the same but ironclad has a cowboy hat"],"gold_per_floor":[367,383,258,258,277,302,302,337,337,370,385,395,415,450,450,545,545,564,564,582,116,116,116,129,158,184,184,219,134,159,171,171,267,267,267],"floor_reached":34,"language":"ENG","playtime":2049,"items_purged":["Strike_P","Fasting2"],"score":567,"play_id":"efdaed63-5c8c-4368-a05e-25742a09fa43","local_time":"20210125201906","is_ascension_mode":true,"campfire_choices":[{"data":"EmptyFist","floor":7.0,"key":"SMITH"},{"data":"Eruption","floor":15.0,"key":"SMITH"},{"data":"Scrawl","floor":23.0,"key":"SMITH"},{"data":"Strike_P","floor":27.0,"key":"PURGE"},{"data":"Strike_P","floor":32.0,"key":"PURGE"}],"circlet_count":0,"master_deck":["Defend_P","Defend_P","Eruption+1","Vigilance","EmptyFist+1","SashWhip","InnerPeace","Vault","FlurryOfBlows","Wallop","Halt","FlurryOfBlows","Vault","Scrawl+1","Adaptation","FearNoEvil"],"relics":["PureWater","Blue Candle","TeardropLocket","Kunai","Peace Pipe","Letter Opener","SlaversCollar","Frozen Eye","Lantern","White Beast Statue","Darkstone Periapt","Eternal Feather","WingedGreaves"],"acts_visited":["Exordium","TheCity"],"potions_floor_usage":[],"damage_taken":[{"damage":1.0,"enemies":"2 Louse","floor":1.0,"turns":2.0},{"damage":0.0,"enemies":"Small Slimes","floor":2.0,"turns":3.0},{"damage":1.0,"enemies":"Jaw Worm","floor":5.0,"turns":3.0},{"damage":23.0,"enemies":"Gremlin Nob","floor":6.0,"turns":4.0},{"damage":10.0,"enemies":"3 Sentries","floor":8.0,"turns":7.0},{"damage":0.0,"enemies":"Gremlin Nob","floor":10.0,"turns":2.0},{"damage":0.0,"enemies":"2 Fungi Beasts","floor":11.0,"turns":2.0},{"damage":0.0,"enemies":"Red Slaver","floor":12.0,"turns":2.0},{"damage":0.0,"enemies":"Looter","floor":13.0,"turns":2.0},{"damage":3.0,"enemies":"3 Sentries","floor":14.0,"turns":5.0},{"damage":10.0,"enemies":"The Guardian","floor":16.0,"turns":11.0},{"damage":0.0,"enemies":"Chosen","floor":18.0,"turns":5.0},{"damage":0.0,"enemies":"Spheric Guardian","floor":20.0,"turns":2.0},{"damage":0.0,"enemies":"Centurion and Healer","floor":24.0,"turns":4.0},{"damage":0.0,"enemies":"Gremlin Leader","floor":25.0,"turns":5.0},{"damage":0.0,"enemies":"Book of Stabbing","floor":28.0,"turns":4.0},{"damage":0.0,"enemies":"Gremlin Leader","floor":30.0,"turns":6.0},{"damage":7.0,"enemies":"Shelled Parasite and Fungi","floor":31.0,"turns":3.0},{"damage":15.0,"enemies":"Automaton","floor":33.0,"turns":9.0}],"seed_played":"-7569050219035144678","potions_obtained":[{"floor":6.0,"key":"SpeedPotion"},{"floor":11.0,"key":"Dexterity Potion"},{"floor":12.0,"key":"SpeedPotion"},{"floor":14.0,"key":"EntropicBrew"},{"floor":20.0,"key":"Swift Potion"},{"floor":33.0,"key":"SpeedPotion"}],"is_trial":false,"path_per_floor":["M","M","$","?","M","E","R","E","T","E","M","M","M","E","R","B",null,"M","?","M","$","?","R","M","E","T","R","E","?","E","M","R","B",null],"character_chosen":"WATCHER","items_purchased":["SashWhip","Frozen Eye","Adaptation","Lantern"],"campfire_rested":0,"item_purchase_floors":[3,21,21,21],"current_hp_per_floor":[64,64,64,57,56,33,33,23,23,23,23,23,23,20,20,10,65,65,65,65,65,65,65,65,65,65,65,65,65,65,58,65,50,50,50],"gold":267,"neow_bonus":"TWO_FIFTY_GOLD","is_daily":false,"chose_seed":false,"campfire_upgraded":3,"win_rate":0.0,"timestamp":1611577146,"path_taken":["M","M","$","?","M","E","R","E","T","E","M","M","M","E","R","BOSS","M","?","M","$","?","R","M","E","T","R","E","?","E","M","R","BOSS"],"items_purchased_type":["Card","Relic","Card","Relic"],"build_version":"2020-12-22","purchased_purges":2,"victory":false,"max_hp_per_floor":[65,65,65,65,65,65,65,65,65,65,65,65,65,65,65,65,65,65,65,65,65,65,65,65,65,65,65,65,65,65,65,65,65,65,65],"card_choices":[{"not_picked":["Swivel","Crescendo"],"picked":"EmptyFist","floor":1.0},{"not_picked":["ClearTheMind","EmptyBody","FollowUp"],"picked":"SKIP","floor":2.0},{"not_picked":["FlyingSleeves","WindmillStrike"],"picked":"InnerPeace","floor":5.0},{"not_picked":["CarveReality","Alpha","MasterReality"],"picked":"SKIP","floor":6.0},{"not_picked":["Indignation","WreathOfFlame","SashWhip"],"picked":"SKIP","floor":8.0},{"not_picked":["Halt","ThirdEye"],"picked":"Vault","floor":10.0},{"not_picked":["Evaluate","Halt"],"picked":"FlurryOfBlows","floor":11.0},{"not_picked":["Consecrate","JustLucky"],"picked":"Wallop","floor":12.0},{"not_picked":["WheelKick","WaveOfTheHand"],"picked":"Halt","floor":13.0},{"not_picked":["DevaForm","Fasting2"],"picked":"FlurryOfBlows","floor":14.0},{"not_picked":["Brilliance","Alpha"],"picked":"Vault","floor":16.0},{"not_picked":["Evaluate","Prostrate+1","CutThroughFate"],"picked":"SKIP","floor":18.0},{"not_picked":["FlyingSleeves","Ragnarok","Sanctity+1"],"picked":"SKIP","floor":20.0},{"not_picked":["LikeWater","Collect","BowlingBash+1"],"picked":"SKIP","floor":24.0},{"not_picked":["BowlingBash","Sanctity","ThirdEye"],"picked":"SKIP","floor":25.0},{"not_picked":["ReachHeaven","Nirvana","ClearTheMind+1"],"picked":"SKIP","floor":28.0},{"not_picked":["Worship","Halt+1"],"picked":"FearNoEvil","floor":30.0},{"not_picked":["Swivel","ForeignInfluence","Adaptation"],"picked":"SKIP","floor":31.0}],"player_experience":239251,"relics_obtained":[{"floor":6.0,"key":"Blue Candle"},{"floor":8.0,"key":"TeardropLocket"},{"floor":9.0,"key":"Kunai"},{"floor":10.0,"key":"Peace Pipe"},{"floor":14.0,"key":"Letter Opener"},{"floor":25.0,"key":"White Beast Statue"},{"floor":28.0,"key":"Darkstone Periapt"},{"floor":30.0,"key":"WingedGreaves"}],"event_choices":[{"cards_removed":["Defend_P"],"damage_healed":0.0,"max_hp_gain":0.0,"max_hp_loss":0.0,"gold_gain":0.0,"event_name":"Golden Wing","player_choice":"Card Removal","floor":4.0,"gold_loss":0.0,"damage_taken":7.0},{"damage_healed":0.0,"max_hp_gain":0.0,"max_hp_loss":0.0,"gold_gain":0.0,"cards_transformed":["Strike_P","Defend_P"],"event_name":"Drug Dealer","player_choice":"Became Test Subject","floor":19.0,"gold_loss":0.0,"damage_taken":0.0,"cards_obtained":["Scrawl","Fasting2"]},{"damage_healed":0.0,"max_hp_gain":0.0,"max_hp_loss":0.0,"gold_gain":0.0,"event_name":"Vampires","player_choice":"Ignored","floor":22.0,"gold_loss":0.0,"damage_taken":0.0},{"damage_healed":0.0,"max_hp_gain":0.0,"max_hp_loss":0.0,"gold_gain":0.0,"event_name":"Addict","player_choice":"Obtained Relic","floor":29.0,"gold_loss":85.0,"damage_taken":0.0,"relics_obtained":["Eternal Feather"]}],"is_beta":false,"boss_relics":[{"not_picked":["Calling Bell","SacredBark"],"picked":"SlaversCollar"}],"items_purged_floors":[3,21],"is_endless":false,"potions_floor_spawned":[6,11,12,14,16,18,20,25,28,30,31,33],"ascension_level":1}}