{"host":"6gquu1jnagf6yy38","time":1611588629,"event":{"mods":["Act Like it!","Arknights The Spire","BaseMod","BetterRewards","Gensokyo","HololiveMod","Koishi","Marisa£®ÏF”Í°°ƒß¿Ì…≥£©","Minty Spire (QoL Compilation)","Quick Restart","Replay The Spire","Shop Mod","StSLib","The Administrix"],"gold_per_floor":[116,116,116,132,142,142,170,170,170,170,187,362,382,400,400,497,497,507,524,61,73,73,98,115,115,115],"floor_reached":25,"language":"ZHS","playtime":2875,"items_purged":["Overencumbered"],"score":250,"play_id":"dde47f92-b996-40b6-8f5e-7cd115228c22","local_time":"20210125233029","is_ascension_mode":false,"campfire_choices":[{"data":"ats:Poison Spread","floor":6,"key":"SMITH"},{"data":"ats:Composite Medical Shells","floor":8,"key":"SMITH"},{"floor":10,"key":"RECALL"},{"data":"ats:Ignite","floor":15,"key":"SMITH"}],"circlet_count":0,"master_deck":["ats:Strike C","ats:Strike G+1","ats:Strike V+1","ats:Defend","ats:Defend","ats:Defend","ats:Defend","ats:Emotion Absorption","ats:Hammer On","ats:Hammer On","ats:Red Shift","ats:Poison Spread+1","ats:Composite Medical Shells+1","ats:Revitalization","ats:Ignite+1","ats:Ignite","ats:Disruption Kick","ats:Curse Doll+1","ats:Song Of Battle+1","ats:Cat Scratch+1","ats:Absolute Focus+1","ats:Sword Rain","ats:Healing Strengthening","ats:Shell Defense+1","ats:Chain Hook+1","ats:Ignite+1"],"relics":["ats:Sanity","NeowsBlessing","Shuriken","ats:Originium","Iron Hammer","Bronze Scales","Astrolabe","ReplayTheSpireMod:Shallot","Molten Egg 2"],"acts_visited":["Exordium","TheCity"],"potions_floor_usage":[7,7,7,7,16,16,23,25,25],"damage_taken":[{"damage":0,"enemies":"Jaw Worm","floor":1,"turns":1},{"damage":0,"enemies":"Cultist","floor":4,"turns":1},{"damage":0,"enemies":"2 Louse","floor":5,"turns":1},{"damage":0,"enemies":"Lagavulin","floor":7,"turns":3},{"damage":0,"enemies":"Exordium Wildlife","floor":11,"turns":2},{"damage":0,"enemies":"Red Slaver","floor":13,"turns":2},{"damage":0,"enemies":"Large Slime","floor":14,"turns":3},{"damage":31,"enemies":"Hexaghost","floor":16,"turns":7},{"damage":19,"enemies":"Shell Parasite","floor":18,"turns":4},{"damage":2,"enemies":"Chosen","floor":19,"turns":3},{"damage":14,"enemies":"3 Cultists","floor":21,"turns":5},{"damage":15,"enemies":"Gremlin Leader","floor":23,"turns":5},{"damage":24,"enemies":"Shelled Parasite and Fungi","floor":24,"turns":5},{"damage":0,"enemies":"Cultist and Chosen","floor":25,"turns":1}],"seed_played":"3642280661273422562","potions_obtained":[{"floor":4,"key":"EntropicBrew"},{"floor":7,"key":"DuplicationPotion"},{"floor":14,"key":"Dexterity Potion"},{"floor":16,"key":"Swift Potion"},{"floor":18,"key":"Toxic Potion"},{"floor":19,"key":"ats:Top Emergency Sanity Potion"},{"floor":23,"key":"Elixir"}],"is_trial":false,"path_per_floor":["M","?","?","M","M","R","E","R","T","R","M","?","M","M","R","B",null,"M","M","$","M","T","E","M","M"],"character_chosen":"DOCTOR_CLASS","items_purchased":["ats:Sword Rain","ats:Healing Strengthening","ReplayTheSpireMod:Shallot"],"campfire_rested":0,"item_purchase_floors":[20,20,20],"current_hp_per_floor":[72,69,55,55,55,55,55,55,55,55,55,55,55,55,55,33,72,53,51,51,37,37,22,4,4,4],"gold":115,"neow_bonus":"THREE_ENEMY_KILL","is_daily":false,"chose_seed":false,"campfire_upgraded":3,"win_rate":0.0,"timestamp":1611588629,"path_taken":["M","?","?","M","M","R","E","R","T","R","M","?","M","?","R","BOSS","M","M","$","M","?","E","M","M"],"items_purchased_type":["Card","Card","Relic"],"build_version":"2020-12-22","purchased_purges":1,"victory":false,"max_hp_per_floor":[72,72,72,72,72,72,72,72,72,72,72,72,72,72,72,72,72,72,72,72,72,72,72,72,72,72],"card_choices":[{"not_picked":["ats:Cat Scratch","ats:Support Order"],"picked":"ats:Hammer On","floor":1},{"not_picked":["ats:Cat Scratch","ats:Support Order"],"picked":"ats:Hammer On","floor":1},{"not_picked":["ats:Flexible Camouflage","ats:Explosion Area Strengthen"],"picked":"ats:Red Shift","floor":4},{"not_picked":["ats:Shell Defense","ats:Absolute Focus"],"picked":"ats:Poison Spread","floor":5},{"not_picked":["ats:Support Order","ats:LN2 Cannon"],"picked":"ats:Composite Medical Shells","floor":7},{"not_picked":["ats:Steam Pump","ats:Blood Oath"],"picked":"ats:Revitalization","floor":11},{"not_picked":["ats:Powerful Strike","ats:Serious Mode"],"picked":"ats:Ignite","floor":13},{"not_picked":["ats:Absolute Focus","ats:Guard Mode"],"picked":"ats:Ignite","floor":14},{"not_picked":["ats:Durian","ats:Ambush"],"picked":"ats:Disruption Kick","floor":16},{"not_picked":["ats:Flexible Camouflage","ats:Spore Proliferation"],"picked":"ats:Cat Scratch+1","floor":18},{"not_picked":["ats:Apocalypse","ats:Consecutive Shot Auto+1"],"picked":"ats:Absolute Focus+1","floor":19},{"not_picked":["ats:Blood Oath","ats:Powerful Strike"],"picked":"ats:Shell Defense+1","floor":21},{"not_picked":["ats:Neurotoxin","ats:Shell Defense"],"picked":"ats:Chain Hook+1","floor":23},{"not_picked":["ats:Consecutive Shot Auto+1","ats:Curse Doll"],"picked":"ats:Ignite+1","floor":24}],"player_experience":59431,"relics_obtained":[{"floor":7,"key":"ats:Originium"},{"floor":7,"key":"Iron Hammer"},{"floor":9,"key":"Bronze Scales"},{"floor":23,"key":"ats:Originium"},{"floor":23,"key":"Molten Egg 2"}],"event_choices":[{"damage_healed":0,"gold_gain":0,"player_choice":"Success","damage_taken":3,"relics_obtained":["Shuriken"],"max_hp_gain":0,"max_hp_loss":0,"event_name":"Scrap Ooze","floor":2,"gold_loss":0},{"damage_healed":0,"gold_gain":0,"player_choice":"Entered Light","damage_taken":14,"max_hp_gain":0,"max_hp_loss":0,"event_name":"Shining Light","floor":3,"gold_loss":0,"cards_upgraded":["ats:Strike V","ats:Strike G"]},{"damage_healed":0,"gold_gain":175,"player_choice":"AGREE","damage_taken":0,"max_hp_gain":0,"max_hp_loss":0,"event_name":"Liars Game","floor":12,"gold_loss":0,"cards_obtained":["Doubt"]}],"is_beta":false,"boss_relics":[{"not_picked":["Tiny House","SlaversCollar"],"picked":"Astrolabe"}],"items_purged_floors":[20],"is_endless":false,"potions_floor_spawned":[4,7,14,16,18,19,23],"killed_by":"Cultist and Chosen","ascension_level":0}}