{"host":"zk71suw73lg2r165","time":1611540404,"event":{"mods":["BaseMod","Colored Map","Minty Spire (QoL Compilation)","Permanent Neow","Relic Stats","StSLib"],"gold_per_floor":[116,191,205,218,232,232,261,280,355,355,355,355,390,47,47,119,119,132,132,150,150,160,160,188,188,215,233,259,259,259],"floor_reached":29,"language":"ENG","playtime":851,"items_purged":["Strike_B"],"score":596,"play_id":"389d8bcb-5def-4a0e-a421-5877360114b7","local_time":"20210124210644","is_ascension_mode":true,"campfire_choices":[{"data":"Ball Lightning","floor":6.0,"key":"SMITH"},{"data":"Buffer","floor":10.0,"key":"SMITH"},{"floor":12.0,"key":"REST"},{"data":"Strike_B","floor":15.0,"key":"PURGE"},{"data":"Static Discharge","floor":23.0,"key":"SMITH"},{"data":"Glacier","floor":25,"key":"SMITH"}],"circlet_count":0,"master_deck":["AscendersBane","Strike_B+1","Defend_B","Defend_B+1","Defend_B","Zap","Dualcast+1","Reinforced Body+1","Compile Driver","Ball Lightning+1","White Noise+1","Buffer+1","Self Repair","Static Discharge+1","Doom and Gloom","Conserve Battery","Glacier+1","Electrodynamics","Steam","Steam Power","Ghostly","Ghostly","Ghostly","Echo Form","Writhe","Loop"],"relics":["Cracked Core","Whetstone","War Paint","The Courier","Peace Pipe","Frozen Eye","Cursed Key","Blood Vial","Anchor","Bronze Scales"],"acts_visited":["Exordium","TheCity"],"potions_floor_usage":[24,27,29,29],"damage_taken":[{"damage":1.0,"enemies":"Cultist","floor":1.0,"turns":3.0},{"damage":7.0,"enemies":"Small Slimes","floor":3.0,"turns":3.0},{"damage":2.0,"enemies":"Jaw Worm","floor":4.0,"turns":3.0},{"damage":8.0,"enemies":"Exordium Wildlife","floor":5.0,"turns":3.0},{"damage":5.0,"enemies":"3 Sentries","floor":7.0,"turns":2.0},{"damage":0.0,"enemies":"3 Louse","floor":8.0,"turns":1.0},{"damage":0.0,"enemies":"Gremlin Nob","floor":13.0,"turns":3.0},{"damage":12.0,"enemies":"Slime Boss","floor":16.0,"turns":10.0},{"damage":0.0,"enemies":"Spheric Guardian","floor":18.0,"turns":5.0},{"damage":3.0,"enemies":"3 Byrds","floor":20.0,"turns":1.0},{"damage":0.0,"enemies":"3 Cultists","floor":22.0,"turns":5.0},{"damage":26,"enemies":"Slavers","floor":24,"turns":5},{"damage":0,"enemies":"Chosen and Byrds","floor":27,"turns":4},{"damage":3,"enemies":"Book of Stabbing","floor":28,"turns":6},{"damage":39,"enemies":"Shelled Parasite and Fungi","floor":29,"turns":3}],"seed_played":"6921608333701212411","potions_obtained":[{"floor":1.0,"key":"DistilledChaos"},{"floor":5.0,"key":"SneckoOil"},{"floor":16.0,"key":"SpeedPotion"},{"floor":20.0,"key":"Regen Potion"},{"floor":24,"key":"SkillPotion"},{"floor":27,"key":"Block Potion"}],"is_trial":false,"path_per_floor":["M","?","M","M","M","R","E","M","T","R","?","R","E","$","R","B",null,"M","?","M","?","M","R","E","R","T","M","E","M"],"character_chosen":"DEFECT","items_purchased":["Doom and Gloom","Frozen Eye","Conserve Battery","Glacier"],"campfire_rested":1,"item_purchase_floors":[14,14,14,14],"current_hp_per_floor":[63,52,45,43,35,35,30,30,30,30,9,30,30,30,30,25,60,67,67,64,35,35,35,16,16,16,25,31,0,0],"gold":259,"neow_bonus":"RANDOM_COMMON_RELIC","is_daily":false,"chose_seed":false,"campfire_upgraded":4,"win_rate":0.0,"timestamp":1611540404,"path_taken":["M","?","M","M","M","R","E","M","T","R","?","R","E","?","R","BOSS","M","?","M","?","M","R","E","R","T","M","E","M"],"items_purchased_type":["Card","Relic","Card","Card"],"build_version":"2020-12-22","purchased_purges":1,"victory":false,"max_hp_per_floor":[71,71,71,71,71,71,71,71,71,71,71,71,71,71,71,71,71,71,71,71,35,35,35,35,35,35,35,35,35,35],"relic_stats":{"Peace Pipe":2,"Blood Vial":6,"counters":[15,57],"Bronze Scales":[9],"Whetstone":["Strike_B","Strike_B"],"War Paint":["Defend_B","Dualcast"],"Cursed Key":1,"obtain_stats":[{"Peace Pipe":13,"Blood Vial":24,"Frozen Eye":14,"Anchor":26,"Bronze Scales":28,"The Courier":9,"Whetstone":0,"War Paint":7,"Cracked Core":0,"Cursed Key":17},{"Peace Pipe":7,"Blood Vial":12,"Frozen Eye":7,"Anchor":12,"Bronze Scales":14,"The Courier":6,"Whetstone":0,"War Paint":5,"Cracked Core":0,"Cursed Key":8},{"Peace Pipe":18,"Blood Vial":44,"Frozen Eye":18,"Anchor":44,"Bronze Scales":54,"The Courier":15,"Whetstone":0,"War Paint":14,"Cracked Core":0,"Cursed Key":28}]},"card_choices":[{"not_picked":["Steam Power","Turbo"],"picked":"Reinforced Body","floor":1.0},{"not_picked":["Streamline","Sunder"],"picked":"Compile Driver","floor":3.0},{"not_picked":["Leap","Steam"],"picked":"Ball Lightning","floor":4.0},{"not_picked":["Hologram","Rebound"],"picked":"White Noise","floor":5.0},{"not_picked":["Sweeping Beam","Barrage"],"picked":"Buffer","floor":7.0},{"not_picked":["Auto Shields","Ball Lightning"],"picked":"Self Repair","floor":8.0},{"not_picked":["Scrape","Storm"],"picked":"Static Discharge","floor":13.0},{"not_picked":["Meteor Strike","Hyperbeam"],"picked":"Electrodynamics","floor":16.0},{"not_picked":["Barrage","Stack","Steam"],"picked":"SKIP","floor":18.0},{"not_picked":["Streamline","Gash","Redo"],"picked":"SKIP","floor":20.0},{"not_picked":["Steam","Rebound","Recycle"],"picked":"SKIP","floor":22.0},{"not_picked":["Ball Lightning","Sweeping Beam"],"picked":"Echo Form","floor":24},{"not_picked":["Hologram","Genetic Algorithm+1"],"picked":"Loop","floor":27},{"not_picked":["Scrape+1","Darkness","Leap"],"picked":"SKIP","floor":28}],"player_experience":1358701,"relics_obtained":[{"floor":7.0,"key":"War Paint"},{"floor":9.0,"key":"The Courier"},{"floor":13.0,"key":"Peace Pipe"},{"floor":24,"key":"Blood Vial"},{"floor":26,"key":"Anchor"},{"floor":28,"key":"Bronze Scales"}],"event_choices":[{"damage_healed":0.0,"max_hp_gain":0.0,"max_hp_loss":0.0,"gold_gain":75.0,"event_name":"World of Goop","player_choice":"Gather Gold","floor":2.0,"gold_loss":0.0,"damage_taken":11.0},{"damage_healed":0.0,"max_hp_gain":0.0,"max_hp_loss":0.0,"gold_gain":0.0,"event_name":"Shining Light","player_choice":"Entered Light","floor":11.0,"gold_loss":0.0,"damage_taken":21.0,"cards_upgraded":["White Noise","Reinforced Body"]},{"damage_healed":0.0,"max_hp_gain":0.0,"max_hp_loss":0.0,"gold_gain":0.0,"cards_transformed":["Strike_B","Defend_B"],"event_name":"Drug Dealer","player_choice":"Became Test Subject","floor":19.0,"gold_loss":0.0,"damage_taken":0.0,"cards_obtained":["Steam","Steam Power"]},{"damage_healed":0.0,"max_hp_gain":0.0,"max_hp_loss":36.0,"gold_gain":0.0,"event_name":"Ghosts","player_choice":"Became a Ghost","floor":21.0,"gold_loss":0.0,"damage_taken":0.0,"cards_obtained":["Ghostly","Ghostly","Ghostly"]}],"is_beta":false,"boss_relics":[{"not_picked":["Sozu","Pandora\u0027s Box"],"picked":"Cursed Key"}],"items_purged_floors":[14],"is_endless":false,"potions_floor_spawned":[1,5,16,20,24,27,28],"killed_by":"Shelled Parasite and Fungi","ascension_level":20}}