{"host":"xmrw7jl1ir2912vf","time":1611560852,"event":{"mods":["BaseMod","Minty Spire (QoL Compilation)","Relic Stats"],"gold_per_floor":[119,119,135,152,163,163,189,159,459,488,488,501,501,534,534,605,605,619,619,619],"floor_reached":19,"language":"ENG","playtime":1133,"items_purged":[],"score":420,"play_id":"9cb99a06-01d2-4df8-b7ed-d986a94bf1d3","local_time":"20210125024732","is_ascension_mode":true,"campfire_choices":[{"data":"Cleave","floor":6,"key":"SMITH"},{"floor":11,"key":"REST"},{"data":"Sword Boomerang","floor":15,"key":"SMITH"}],"circlet_count":0,"master_deck":["AscendersBane","Strike_R","Strike_R","Strike_R","Strike_R","Strike_R","Defend_R","Defend_R","Defend_R","Defend_R","Bash","Reaper","Shrug It Off","Headbutt","Cleave+1","Pummel","Disarm","Inflame+1","Sword Boomerang+1","Combust","Limit Break","Burning Pact"],"relics":["Burning Blood","Odd Mushroom","Old Coin","Calipers","StrikeDummy","SlaversCollar"],"acts_visited":["Exordium","TheCity"],"potions_floor_usage":[10,10,14,14,16,18],"damage_taken":[{"damage":5,"enemies":"2 Louse","floor":1,"turns":5},{"damage":24,"enemies":"Jaw Worm","floor":3,"turns":6},{"damage":0,"enemies":"Cultist","floor":4,"turns":4},{"damage":33,"enemies":"3 Louse","floor":5,"turns":3},{"damage":21,"enemies":"The Mushroom Lair","floor":7,"turns":4},{"damage":32,"enemies":"Lagavulin","floor":10,"turns":8},{"damage":4,"enemies":"Looter","floor":12,"turns":4},{"damage":5,"enemies":"3 Sentries","floor":14,"turns":6},{"damage":1,"enemies":"Slime Boss","floor":16,"turns":6},{"damage":34,"enemies":"Spheric Guardian","floor":18,"turns":4},{"damage":71,"enemies":"Masked Bandits","floor":19,"turns":3}],"seed_played":"3592189090149321131","potions_obtained":[{"floor":8,"key":"Swift Potion"},{"floor":8,"key":"ColorlessPotion"},{"floor":10,"key":"Block Potion"},{"floor":12,"key":"Explosive Potion"},{"floor":14,"key":"DistilledChaos"},{"floor":16,"key":"ColorlessPotion"}],"is_trial":false,"path_per_floor":["M","?","M","M","M","R","?","?","T","E","R","M","?","E","R","B",null,"M","?"],"character_chosen":"IRONCLAD","items_purchased":[],"campfire_rested":1,"item_purchase_floors":[],"current_hp_per_floor":[57,62,48,54,39,39,36,36,36,10,34,39,39,40,40,45,71,43,0,0],"gold":619,"neow_bonus":"THREE_RARE_CARDS","is_daily":false,"chose_seed":false,"campfire_upgraded":2,"win_rate":0.0,"timestamp":1611560852,"path_taken":["M","?","M","M","M","R","?","?","T","E","R","?","?","E","R","BOSS","M","?"],"items_purchased_type":[],"build_version":"2020-12-22","purchased_purges":0,"victory":false,"max_hp_per_floor":[75,80,80,80,80,80,80,80,80,80,80,80,80,80,80,80,80,80,80,80],"relic_stats":{"counters":[11,53],"obtain_stats":[{"SlaversCollar":17,"Calipers":10,"Odd Mushroom":7,"StrikeDummy":14,"Burning Blood":0,"Old Coin":9},{"SlaversCollar":9,"Calipers":6,"Odd Mushroom":5,"StrikeDummy":8,"Burning Blood":0,"Old Coin":5},{"SlaversCollar":46,"Calipers":30,"Odd Mushroom":22,"StrikeDummy":40,"Burning Blood":0,"Old Coin":22}],"Burning Blood":60},"card_choices":[{"not_picked":["Impervious","Fiend Fire"],"picked":"Reaper","floor":0},{"not_picked":["True Grit","Wild Strike"],"picked":"Shrug It Off","floor":1},{"not_picked":["Power Through","Flame Barrier"],"picked":"Headbutt","floor":3},{"not_picked":["Iron Wave","Ghostly Armor"],"picked":"Cleave","floor":4},{"not_picked":["Sword Boomerang","Battle Trance"],"picked":"Pummel","floor":5},{"not_picked":["Headbutt","True Grit"],"picked":"Disarm","floor":7},{"not_picked":["Flex","Heavy Blade"],"picked":"Inflame","floor":10},{"not_picked":["Hemokinesis","Bludgeon"],"picked":"Sword Boomerang","floor":12},{"not_picked":["Pummel","Iron Wave"],"picked":"Combust","floor":14},{"not_picked":["Fiend Fire","Barricade"],"picked":"Limit Break","floor":16},{"not_picked":["Thunderclap","Sentinel"],"picked":"Burning Pact","floor":18}],"player_experience":420809,"relics_obtained":[{"floor":7,"key":"Odd Mushroom"},{"floor":9,"key":"Old Coin"},{"floor":10,"key":"Calipers"},{"floor":14,"key":"StrikeDummy"}],"event_choices":[{"damage_healed":0,"gold_gain":0,"player_choice":"Donut","damage_taken":0,"max_hp_gain":5,"max_hp_loss":0,"event_name":"Big Fish","floor":2,"gold_loss":0},{"damage_healed":0,"gold_gain":0,"player_choice":"Fought Mushrooms","damage_taken":0,"max_hp_gain":0,"max_hp_loss":0,"event_name":"Mushrooms","floor":7,"gold_loss":0},{"damage_healed":0,"gold_gain":0,"player_choice":"Bought 2 Potions","damage_taken":0,"max_hp_gain":0,"max_hp_loss":0,"event_name":"The Woman in Blue","floor":8,"gold_loss":0},{"damage_healed":0,"gold_gain":0,"player_choice":"Grow","damage_taken":0,"max_hp_gain":0,"max_hp_loss":0,"event_name":"Living Wall","floor":13,"gold_loss":0,"cards_upgraded":["Inflame"]},{"damage_healed":0,"gold_gain":0,"player_choice":"Fought Bandits","damage_taken":0,"max_hp_gain":0,"max_hp_loss":0,"event_name":"Masked Bandits","floor":19,"gold_loss":0}],"is_beta":false,"boss_relics":[{"not_picked":["Astrolabe","Cursed Key"],"picked":"SlaversCollar"}],"items_purged_floors":[],"is_endless":false,"potions_floor_spawned":[10,12,14,16],"killed_by":"Masked Bandits","ascension_level":17}}