{"host":"1qhzi8r9ejho5yph","time":1611574571,"event":{"mods":["AchievementEnabler","BaseMod","Colored Map","Colored Powertips","Highlight Path","Minty Spire (QoL Compilation)","Permanent Neow","Quick Restart","Random Character Button","StSLib","SuperFastMode"],"gold_per_floor":[109,127,25,41,58,58,58,58,58,58,58,75,93,105,105,210,210,225,244,244,107,120,120,136,154,178,178,278,278,291,194,194,298,298,313,313,313],"floor_reached":36,"language":"ENG","playtime":973,"items_purged":[],"score":383,"play_id":"35bae6bc-aea4-4e4a-aad9-54d2f7645e3d","local_time":"20210125193611","is_ascension_mode":false,"campfire_choices":[{"data":"Perfected Strike","floor":6,"key":"SMITH"},{"data":"Shockwave","floor":8,"key":"SMITH"},{"data":"Fire Breathing","floor":10,"key":"SMITH"},{"floor":15,"key":"REST"},{"data":"Armaments","floor":23,"key":"SMITH"},{"data":"Berserk","floor":27,"key":"SMITH"},{"data":"Perfected Strike","floor":29,"key":"SMITH"},{"floor":32,"key":"REST"}],"circlet_count":0,"master_deck":["Strike_R","Strike_R","Strike_R","Strike_R","Strike_R","Defend_R","Defend_R","Defend_R","Bash","Perfected Strike+1","Headbutt","Twin Strike","Shockwave+1","Fire Breathing+1","Pommel Strike","Cleave","Twin Strike","Pommel Strike","Perfected Strike+1","Berserk+1","Armaments+1","Ghostly","Ghostly","Ghostly","Ghostly","Ghostly","Impervious","Shrug It Off","Seeing Red","Flame Barrier","Evolve","Trip","Corruption","Headbutt"],"relics":["Burning Blood"],"acts_visited":["Exordium","TheCity","TheBeyond"],"potions_floor_usage":[16,16,16,33,33],"damage_taken":[{"damage":9,"enemies":"2 Louse","floor":1,"turns":3},{"damage":0,"enemies":"Small Slimes","floor":2,"turns":3},{"damage":11,"enemies":"Jaw Worm","floor":4,"turns":2},{"damage":10,"enemies":"Looter","floor":5,"turns":2},{"damage":18,"enemies":"Gremlin Gang","floor":12,"turns":4},{"damage":12,"enemies":"2 Fungi Beasts","floor":13,"turns":3},{"damage":19,"enemies":"Exordium Thugs","floor":14,"turns":4},{"damage":40,"enemies":"Hexaghost","floor":16,"turns":9},{"damage":13,"enemies":"3 Byrds","floor":18,"turns":4},{"damage":23,"enemies":"2 Thieves","floor":19,"turns":3},{"damage":19,"enemies":"3 Cultists","floor":22,"turns":5},{"damage":8,"enemies":"Sentry and Sphere","floor":24,"turns":7},{"damage":1,"enemies":"Snecko","floor":25,"turns":4},{"damage":10,"enemies":"3 Cultists","floor":30,"turns":5},{"damage":52,"enemies":"Collector","floor":33,"turns":15},{"damage":33,"enemies":"3 Darklings","floor":35,"turns":8}],"seed_played":"6353683842364053659","potions_obtained":[{"floor":1,"key":"SneckoOil"},{"floor":4,"key":"PowerPotion"},{"floor":5,"key":"ElixirPotion"},{"floor":14,"key":"DuplicationPotion"},{"floor":16,"key":"BloodPotion"},{"floor":18,"key":"Regen Potion"},{"floor":22,"key":"LiquidBronze"},{"floor":33,"key":"SteroidPotion"},{"floor":35,"key":"BlessingOfTheForge"}],"is_trial":false,"path_per_floor":["M","M","$","M","M","R","?","R","T","R","?","M","M","M","R","B",null,"M","M","?","$","M","R","M","M","T","R","?","R","M","$","R","B",null,"M","M"],"character_chosen":"IRONCLAD","items_purchased":["Shockwave","Fire Breathing","Impervious","Trip"],"campfire_rested":2,"item_purchase_floors":[3,3,21,31],"current_hp_per_floor":[77,80,80,75,71,71,71,71,71,71,64,52,46,33,57,23,80,73,56,40,40,27,27,25,30,30,30,30,30,26,26,38,15,40,13,0,0],"gold":313,"neow_bonus":"THREE_CARDS","is_daily":false,"chose_seed":false,"campfire_upgraded":6,"win_rate":0.0,"timestamp":1611574571,"path_taken":["M","M","$","M","M","R","?","R","T","R","?","M","M","M","R","BOSS","M","M","?","$","M","R","M","M","T","R","?","R","M","$","R","BOSS","M","?"],"items_purchased_type":["Card","Card","Card","Card"],"build_version":"2020-12-22","purchased_purges":0,"victory":false,"max_hp_per_floor":[80,80,80,80,80,80,80,80,80,80,80,80,80,80,80,80,80,80,80,40,40,40,40,40,40,40,40,40,40,40,40,40,40,40,40,40,40],"card_choices":[{"not_picked":["Seeing Red","Clash"],"picked":"Perfected Strike","floor":0},{"not_picked":["Blood for Blood","Iron Wave"],"picked":"Headbutt","floor":1},{"not_picked":["Infernal Blade","Warcry"],"picked":"Twin Strike","floor":2},{"not_picked":["Clothesline","Havoc"],"picked":"Pommel Strike","floor":4},{"not_picked":["Entrench","Havoc"],"picked":"Cleave","floor":5},{"not_picked":["Evolve","Iron Wave"],"picked":"Twin Strike","floor":12},{"not_picked":["Iron Wave","Clash"],"picked":"Pommel Strike","floor":13},{"not_picked":["Clash","Clothesline"],"picked":"Perfected Strike","floor":14},{"not_picked":["Immolate","Bludgeon"],"picked":"Berserk","floor":16},{"not_picked":["Cleave","Clash","Clothesline"],"picked":"SKIP","floor":18},{"not_picked":["Heavy Blade+1","Cleave"],"picked":"Armaments","floor":19},{"not_picked":["Wild Strike+1","Sword Boomerang"],"picked":"Shrug It Off","floor":22},{"not_picked":["Wild Strike+1","Juggernaut"],"picked":"Seeing Red","floor":24},{"not_picked":["Flex+1","Battle Trance"],"picked":"Flame Barrier","floor":25},{"not_picked":["Anger","Warcry+1"],"picked":"Evolve","floor":30},{"not_picked":["Bludgeon","Barricade"],"picked":"Corruption","floor":33},{"not_picked":["Warcry+1","Armaments+1"],"picked":"Headbutt","floor":35}],"player_experience":334016,"relics_obtained":[],"event_choices":[{"damage_healed":0,"gold_gain":0,"player_choice":"Ignored","damage_taken":0,"max_hp_gain":0,"max_hp_loss":0,"event_name":"Liars Game","floor":7,"gold_loss":0},{"cards_removed":["Defend_R"],"damage_healed":0,"gold_gain":0,"player_choice":"Card Removal","damage_taken":7,"max_hp_gain":0,"max_hp_loss":0,"event_name":"Golden Wing","floor":11,"gold_loss":0},{"damage_healed":0,"gold_gain":0,"player_choice":"Became a Ghost","damage_taken":0,"max_hp_gain":0,"max_hp_loss":40,"event_name":"Ghosts","floor":20,"gold_loss":0,"cards_obtained":["Ghostly","Ghostly","Ghostly","Ghostly","Ghostly"]},{"damage_healed":0,"gold_gain":100,"player_choice":"Pray","damage_taken":0,"max_hp_gain":0,"max_hp_loss":0,"event_name":"Golden Shrine","floor":28,"gold_loss":0}],"is_beta":false,"boss_relics":[{"not_picked":[]},{"not_picked":[]}],"items_purged_floors":[],"is_endless":false,"potions_floor_spawned":[1,4,5,14,16,18,22,33,35],"killed_by":"3 Shapes","ascension_level":0}}