{"host":"1ekl8hlbnopmdapi","time":1611604784,"event":{"mods":["AchievementEnabler","BaseMod","Colored Map","Colored Powertips","DeckTracker","Googly Eyes","Highlight Path","Minty Spire (QoL Compilation)","Relic Sorter","StSLib","Synergy Search"],"gold_per_floor":[13,29,42,42,61,88,88,108,155,211,211,6,6,33,33,134,134,150,150,168,186,201,201,201],"floor_reached":23,"language":"ENG","playtime":672,"items_purged":[],"score":232,"play_id":"85c68071-5ab6-4769-b22a-02af21809a33","local_time":"20210125145944","is_ascension_mode":true,"campfire_choices":[{"floor":7,"key":"REST"},{"data":"PathToVictory","floor":13,"key":"SMITH"},{"data":"PathToVictory","floor":15,"key":"SMITH"}],"circlet_count":0,"master_deck":["Strike_P","Strike_P","Strike_P","Defend_P","Defend_P","Defend_P","Defend_P","Eruption","Vigilance","EmptyBody","BowlingBash","PathToVictory+1","Wireheading","FollowUp","PathToVictory+1","Alpha+1","PathToVictory","MasterReality","Establishment"],"relics":["HolyWater","StoneCalendar","Eternal Feather","Oddly Smooth Stone","Juzu Bracelet"],"acts_visited":["Exordium","TheCity"],"potions_floor_usage":[10,10,21,22,23],"damage_taken":[{"damage":0,"enemies":"2 Louse","floor":1,"turns":1},{"damage":0,"enemies":"Cultist","floor":2,"turns":2},{"damage":2,"enemies":"Jaw Worm","floor":3,"turns":6},{"damage":7,"enemies":"2 Fungi Beasts","floor":5,"turns":3},{"damage":25,"enemies":"Lagavulin","floor":6,"turns":6},{"damage":12,"enemies":"Looter","floor":8,"turns":4},{"damage":0,"enemies":"Gremlin Nob","floor":10,"turns":2},{"damage":43,"enemies":"Hexaghost","floor":16,"turns":7},{"damage":29,"enemies":"2 Thieves","floor":18,"turns":5},{"damage":23,"enemies":"Shell Parasite","floor":20,"turns":4},{"damage":14,"enemies":"Chosen and Byrds","floor":21,"turns":5},{"damage":2,"enemies":"Snecko","floor":22,"turns":4},{"damage":26,"enemies":"Slavers","floor":23,"turns":2}],"seed_played":"8559146983937437270","potions_obtained":[{"floor":2,"key":"AttackPotion"},{"floor":3,"key":"PowerPotion"},{"floor":5,"key":"Regen Potion"},{"floor":16,"key":"Energy Potion"},{"floor":18,"key":"SkillPotion"},{"floor":22,"key":"Ancient Potion"}],"is_trial":false,"path_per_floor":["M","M","M","?","M","E","R","M","T","?","?","$","R","T","R","B",null,"M","?","M","M","M","E"],"character_chosen":"WATCHER","items_purchased":["Oddly Smooth Stone","PathToVictory"],"campfire_rested":1,"item_purchase_floors":[12,12],"current_hp_per_floor":[86,86,84,84,77,52,77,65,65,70,70,70,79,79,86,43,86,57,57,34,20,18,0,0],"gold":201,"neow_bonus":"TWENTY_PERCENT_HP_BONUS","is_daily":false,"chose_seed":false,"campfire_upgraded":2,"win_rate":0.0,"timestamp":1611604784,"path_taken":["M","M","M","?","M","E","R","?","T","?","?","$","R","?","R","BOSS","M","?","M","M","M","E"],"items_purchased_type":["Relic","Card"],"build_version":"2020-12-22","purchased_purges":0,"victory":false,"max_hp_per_floor":[86,86,86,86,86,86,86,86,86,86,86,86,86,86,86,86,86,86,86,86,86,86,86,86],"card_choices":[{"not_picked":["WheelKick","EmptyMind"],"picked":"EmptyBody","floor":1},{"not_picked":["Weave","CrushJoints"],"picked":"BowlingBash","floor":2},{"not_picked":["FlyingSleeves","FlurryOfBlows"],"picked":"PathToVictory","floor":3},{"not_picked":["MentalFortress","Nirvana"],"picked":"Wireheading","floor":5},{"not_picked":["FlyingSleeves","EmptyFist"],"picked":"FollowUp","floor":6},{"not_picked":["ReachHeaven","Evaluate"],"picked":"PathToVictory","floor":8},{"not_picked":["FlurryOfBlows","Study"],"picked":"Alpha","floor":10},{"not_picked":["Blasphemy","SpiritShield"],"picked":"MasterReality","floor":16},{"not_picked":["SashWhip","EmptyFist+1","Prostrate+1"],"picked":"SKIP","floor":18},{"not_picked":["ReachHeaven+1","WheelKick","Halt"],"picked":"SKIP","floor":20},{"not_picked":["SignatureMove","Prostrate+1","FearNoEvil"],"picked":"SKIP","floor":21},{"not_picked":["FlyingSleeves","Study","ForeignInfluence+1"],"picked":"SKIP","floor":22}],"player_experience":493998,"relics_obtained":[{"floor":6,"key":"StoneCalendar"},{"floor":10,"key":"Eternal Feather"},{"floor":14,"key":"Juzu Bracelet"}],"event_choices":[{"cards_removed":["Strike_P"],"damage_healed":0,"gold_gain":0,"player_choice":"Purged","damage_taken":0,"max_hp_gain":0,"max_hp_loss":0,"event_name":"Purifier","floor":4,"gold_loss":0},{"damage_healed":0,"gold_gain":0,"player_choice":"Searched \u00271\u0027 times","damage_taken":0,"max_hp_gain":0,"max_hp_loss":0,"event_name":"Dead Adventurer","floor":10,"gold_loss":0},{"damage_healed":0,"gold_gain":0,"player_choice":"Grow","damage_taken":0,"max_hp_gain":0,"max_hp_loss":0,"event_name":"Living Wall","floor":11,"gold_loss":0,"cards_upgraded":["Alpha"]},{"damage_healed":0,"gold_gain":0,"player_choice":"1 cards matched","damage_taken":0,"max_hp_gain":0,"max_hp_loss":0,"event_name":"Match and Keep!","floor":19,"gold_loss":0,"cards_obtained":["Establishment"]}],"is_beta":false,"boss_relics":[{"not_picked":["Busted Crown","VioletLotus"],"picked":"HolyWater"}],"items_purged_floors":[],"is_endless":false,"potions_floor_spawned":[2,3,5,16,18,22],"killed_by":"Slavers","ascension_level":4}}