{"host":"njo8qgvy2a57fcny","time":1611554937,"event":{"mods":["Ascension Unlocker","Aspiration","BaseMod","BetterRewards","CCEM","Colored Map","Colored Powertips","Conspire","Custom Start","Downfall","Energized Spire","GifTheSpireLib","Halation","Hermit","Hubris","Infinite Spire","Jedi Mod","Jorbs\u0027s Wanderer Trilogy","Mimic Mod","Minty Spire (QoL Compilation)","Quick Restart","Random Character Button","Random Character Mod","Rare Cards Sparkle","Relic Sorter","Replay The Spire","Shop Mod","StSLib","Stuff the Spire","The Animator","The Jungle","The Runesmith","The Servant 0.9.4","Unceasing Turn Reminder","thorton"],"gold_per_floor":[112,112,112,112,129,161,3,3,3,19,20,48,64,77,77,148,148,164,164,183,202,29,61,61,79,126,160,178,208,133,133,133,209,209,229,47,85,85,85,98,115,115,115,115],"floor_reached":43,"language":"ENG","playtime":3183,"items_purged":["Pain"],"score":1571,"play_id":"7bcef6ac-327d-4b07-9b53-476b171eb579","local_time":"20210125170857","is_ascension_mode":true,"campfire_choices":[{"floor":24,"key":"RECALL"},{"floor":32,"key":"REST"}],"circlet_count":0,"master_deck":["AscendersBane","Strike_S","Strike_S","Strike_S","Defend_S","Defend_S","Defend_S","Defend_S","KidneyShot","Exchange","ShatteredReality","Regret","Moonlight","Rearm","Barrier","DualDimension","FlawlessForm","Alleviate","Luminosity","GearUp","TimeWarp","TimeWarp","ShatteredReality","Foresight","PendulumOfEternity","InstantArmor","SilverBlades","GearUp","Potential","Starlight","FanOfKnives","Gouge","KillingDoll","Shuttle","LightFlow","RealityMarble","Spin+1","SpecialFormula","DoubleEdge","Rearm+1","MoonPhase","WasteNot"],"relics":["Uniform","hubris:Icosahedron","NeowsBlessing","halation:EternalFortune","StuffTheSpire:RedRose","WarpedTongs","StuffTheSpire:Nightcore","Orrery","infinitespire:Beetle Shell","aspiration:TrustyKnives","HandDrill","StuffTheSpire:PointBlank","StuffTheSpire:Mouthbags","Centennial Puzzle","ReplayFunnel","Nloth\u0027s Gift","hubris:Backtick","Chemical X","Art of War"],"acts_visited":["Exordium","TheCity","TheBeyond"],"potions_floor_usage":[6,12,12,20,23,23,29,33],"damage_taken":[{"damage":0,"enemies":"Small Slimes","floor":1,"turns":1},{"damage":2,"enemies":"2 Louse","floor":5,"turns":1},{"damage":0,"enemies":"3 Sentries","floor":6,"turns":2},{"damage":1,"enemies":"Cultist","floor":10,"turns":4},{"damage":2,"enemies":"Blue Slaver","floor":11,"turns":6},{"damage":2,"enemies":"Lagavulin","floor":12,"turns":3},{"damage":29,"enemies":"Exordium Thugs","floor":13,"turns":5},{"damage":0,"enemies":"Gremlin Gang","floor":14,"turns":3},{"damage":6,"enemies":"The Guardian","floor":16,"turns":11},{"damage":0,"enemies":"Chosen","floor":18,"turns":7},{"damage":0,"enemies":"Spheric Guardian","floor":20,"turns":4},{"damage":12,"enemies":"Centurion and Healer","floor":21,"turns":6},{"damage":0,"enemies":"Slavers","floor":23,"turns":5},{"damage":0,"enemies":"Snecko","floor":25,"turns":5},{"damage":5,"enemies":"Replay:Snechameleon","floor":27,"turns":7},{"damage":12,"enemies":"Sentry and Sphere","floor":28,"turns":8},{"damage":0,"enemies":"Book of Stabbing","floor":29,"turns":4},{"damage":30,"enemies":"Pondfish","floor":33,"turns":10},{"damage":25,"enemies":"3 Shapes","floor":35,"turns":4},{"damage":12,"enemies":"Orb Walker","floor":37,"turns":7},{"damage":2,"enemies":"Orb Walker","floor":40,"turns":4},{"damage":2,"enemies":"Spire Growth","floor":41,"turns":4},{"damage":35,"enemies":"Reptomancer","floor":43,"turns":2}],"seed_played":"8180959475026303555","potions_obtained":[{"floor":5,"key":"Elixir"},{"floor":6,"key":"Reflective Coating"},{"floor":11,"key":"jedi:StrikingPotion"},{"floor":16,"key":"Fire Potion"},{"floor":18,"key":"SteroidPotion"},{"floor":20,"key":"Adrenaline Potion"},{"floor":25,"key":"Strength Potion"},{"floor":29,"key":"Ancient Potion"}],"is_trial":false,"path_per_floor":["M","?","?","?","M","E","$","?","T","M","M","E","M","M","R_BF","B",null,"M","?","M","M","$","E","R","M","T","E","M","E","$","?","R","B",null,"M","$","MIM","PTL","PTL","M","M","R","E"],"character_chosen":"THE_SERVANT","items_purchased":["Orrery","HandDrill","Spin+1","SpecialFormula","DoubleEdge"],"campfire_rested":1,"item_purchase_floors":[7,22,36,36,36],"current_hp_per_floor":[54,57,57,57,55,55,55,55,55,54,52,50,21,21,21,18,54,54,34,37,25,25,25,25,28,28,23,11,14,14,14,36,6,58,33,33,26,26,26,24,27,27,0,0],"gold":115,"neow_bonus":"THREE_ENEMY_KILL","is_daily":false,"chose_seed":false,"campfire_upgraded":0,"win_rate":0.0,"timestamp":1611554937,"path_taken":["M","?","?","?","?","E","$","?","T","M","?","E","?","M","R_BF","BOSS","M","?","M","M","$","E","R","?","T","E","?","E","?","?","R","BOSS","M","$","?","PTL","PTL","M","M","R","E"],"items_purchased_type":["Relic","Relic","Card","Card","Card"],"build_version":"2020-12-22","purchased_purges":1,"victory":false,"max_hp_per_floor":[60,63,63,63,63,63,63,63,63,63,63,63,63,63,63,66,66,66,66,69,69,69,69,69,72,72,72,72,75,75,75,75,75,75,75,75,75,75,75,75,75,75,75,75],"card_choices":[{"not_picked":["RealityMarble","Spin"],"picked":"ShatteredReality","floor":1},{"not_picked":["Advance","Ricochet"],"picked":"Moonlight","floor":5},{"not_picked":["Desolation","BestPractice"],"picked":"Rearm","floor":6},{"not_picked":["TheWorld","Moonlight"],"picked":"Barrier","floor":7},{"not_picked":["Defy","FastForward"],"picked":"DualDimension","floor":7},{"not_picked":["SurpressingFire","BottledTime"],"picked":"FlawlessForm","floor":7},{"not_picked":["Rewind","Moonlight"],"picked":"Alleviate","floor":7},{"not_picked":["Potential","Contraction"],"picked":"Luminosity","floor":7},{"not_picked":["Potential","Unruled"],"picked":"GearUp","floor":10},{"not_picked":["Barrier","Ricochet"],"picked":"TimeWarp","floor":11},{"not_picked":["Alleviate","PendulumOfEternity"],"picked":"TimeWarp","floor":12},{"not_picked":["Desolation","Alleviate"],"picked":"ShatteredReality","floor":13},{"not_picked":["Defy","Hightail"],"picked":"Foresight","floor":14},{"not_picked":["Deny","FlawlessForm"],"picked":"PendulumOfEternity","floor":16},{"not_picked":["Read","Rewind"],"picked":"InstantArmor","floor":18},{"not_picked":["SurpressingFire","Revamp"],"picked":"SilverBlades","floor":20},{"not_picked":["Read","Reset+1"],"picked":"GearUp","floor":21},{"not_picked":["DoubleEdge","FastForward"],"picked":"Potential","floor":23},{"not_picked":["Reset","Unruled"],"picked":"Starlight","floor":25},{"not_picked":["Alleviate","Desolation"],"picked":"Gouge","floor":27},{"not_picked":["Potential","Moonlight"],"picked":"KillingDoll","floor":28},{"not_picked":["Unruled","Duplication"],"picked":"Shuttle","floor":29},{"not_picked":["Deny","FlawlessForm"],"picked":"LightFlow","floor":33},{"not_picked":["Starlight","Ricochet"],"picked":"RealityMarble","floor":35},{"not_picked":["Snipe","Revamp"],"picked":"Rearm+1","floor":37},{"not_picked":["ReturningBlade","BottledTime"],"picked":"MoonPhase","floor":40},{"not_picked":["Revamp","Ricochet"],"picked":"WasteNot","floor":41}],"player_experience":694631,"relics_obtained":[{"floor":6,"key":"StuffTheSpire:Nightcore"},{"floor":12,"key":"infinitespire:Beetle Shell"},{"floor":16,"key":"halation:EternalFortune"},{"floor":20,"key":"halation:EternalFortune"},{"floor":23,"key":"StuffTheSpire:PointBlank"},{"floor":25,"key":"halation:EternalFortune"},{"floor":26,"key":"StuffTheSpire:Mouthbags"},{"floor":27,"key":"Centennial Puzzle"},{"floor":29,"key":"halation:EternalFortune"},{"floor":29,"key":"ReplayFunnel"},{"floor":37,"key":"Art of War"}],"event_choices":[{"damage_healed":0,"gold_gain":0,"player_choice":"Rummage","damage_taken":0,"relics_obtained":["WarpedTongs"],"max_hp_gain":0,"max_hp_loss":0,"event_name":"Accursed Blacksmith","floor":4,"gold_loss":0,"cards_obtained":["Pain"]},{"damage_healed":0,"gold_gain":0,"player_choice":"Traded Relic","damage_taken":0,"relics_obtained":["Nloth\u0027s Gift"],"max_hp_gain":0,"max_hp_loss":0,"event_name":"N\u0027loth","floor":31,"relics_lost":["Ring of Chaos"],"gold_loss":0}],"is_beta":false,"boss_relics":[{"not_picked":["aspiration:PoetsPen_weak","Astrolabe"],"picked":"Ring of Chaos"},{"not_picked":["ChewingGum","hubris:CrackedHourglass"],"picked":"hubris:Backtick"}],"items_purged_floors":[30],"is_endless":false,"potions_floor_spawned":[5,6,11,16,18,20,25,29],"killed_by":"Reptomancer","ascension_level":20}}