{"host":"qy1e0kd24tpj3i2m","time":1611609963,"event":{"mods":["Act Like it!","Alarm Clock","BaseMod","Better Skull","Better Vampires","Colored Map","Colored Powertips","Custom Start","Faster Ascension Climbing","Friendly Minions","GifTheSpireLib","Gremlin Skip","Highlight Path","Minty Spire (QoL Compilation)","Permanent Neow","Poor People Problems","Quick Restart","Red Circlet Mod","Relic Filter Mod","Relic Sorter","Reorder Act Four","SacredBarkPlus","Shop Mod","StSLib","SuperFastMode","Transform Curses","没有小屋子和绿帽子啦"],"gold_per_floor":[20,20,37,37,55,55,55],"floor_reached":6,"language":"ZHS","playtime":141,"items_purged":[],"score":72,"play_id":"7263b5ae-4598-4c86-bfbd-02a8112dfed1","local_time":"20210126062603","is_ascension_mode":true,"campfire_choices":[],"circlet_count":0,"master_deck":["AscendersBane","Strike_R","Strike_R","Strike_R","Strike_R","Defend_R","Defend_R","Defend_R","Whirlwind+1","Headbutt","Seeing Red","Double Tap","Burning Pact","Wild Strike"],"relics":["Burning Blood"],"acts_visited":["Exordium"],"potions_floor_usage":[5],"damage_taken":[{"damage":18.0,"enemies":"Small Slimes","floor":1.0,"turns":4.0},{"damage":14,"enemies":"Jaw Worm","floor":3,"turns":4},{"damage":0,"enemies":"Cultist","floor":5,"turns":2},{"damage":69,"enemies":"Lagavulin","floor":6,"turns":7}],"seed_played":"-2210797278258312719","potions_obtained":[{"floor":1.0,"key":"DistilledChaos"}],"is_trial":false,"path_per_floor":["M","?","M","?","M","E"],"character_chosen":"IRONCLAD","items_purchased":[],"campfire_rested":0,"item_purchase_floors":[],"current_hp_per_floor":[56,56,48,48,54,0,0],"gold":55,"neow_bonus":"TRANSFORM_TWO_CARDS","is_daily":false,"chose_seed":false,"campfire_upgraded":0,"win_rate":0.0,"timestamp":1611609963,"path_taken":["M","?","M","?","?","E"],"items_purchased_type":[],"build_version":"2020-12-22","purchased_purges":0,"victory":false,"max_hp_per_floor":[75,75,75,75,75,75,75],"card_choices":[{"not_picked":["Wild Strike","Sword Boomerang"],"picked":"Seeing Red","floor":1.0},{"not_picked":["Sentinel","Clash"],"picked":"Burning Pact","floor":3},{"not_picked":["Iron Wave","Intimidate"],"picked":"Wild Strike","floor":5}],"player_experience":942552,"relics_obtained":[],"event_choices":[{"damage_healed":0.0,"max_hp_gain":0.0,"max_hp_loss":0.0,"gold_gain":0.0,"cards_transformed":["Strike_R"],"event_name":"Living Wall","player_choice":"Change","floor":2.0,"gold_loss":0.0,"damage_taken":0.0,"cards_obtained":["Double Tap"]},{"damage_healed":0,"gold_gain":0,"player_choice":"Upgraded","damage_taken":0,"max_hp_gain":0,"max_hp_loss":0,"event_name":"Upgrade Shrine","floor":4,"gold_loss":0,"cards_upgraded":["Whirlwind"]}],"is_beta":false,"boss_relics":[],"items_purged_floors":[],"is_endless":false,"potions_floor_spawned":[1],"killed_by":"Lagavulin","ascension_level":20}}