{"host":"pgm1p3lvdjflie30","time":1611572972,"event":{"mods":["100% Spire Juice","AchievementEnabler","Act Like it!","Aspiration","Bard","BaseMod","Block Reminder","Colored Map","Colored Powertips","Conspire","Downfall","Energized Spire","Gremlin Mod","GungeonMod","Hermit","HornydragonMod","Minty Spire (QoL Compilation)","Nova Terra(?娃·泰拉)","Quarter Circle Forward PUNCH!","Reimu（博???）","Remilia（蕾米莉?）","Robot Space Explorer","SOS（斯巴?之子）","StSLib","The Alterego","The Bug Knight","The Cursed","The Dragon Tamer","The Gatherer","The Hierophant","The IronCluck","The Jungle","The Mystic","The Runesmith","The Saiyan","The Senshi","The Servant 0.9.4","TheHeartMod","Waifu the Spire","【功能Mod】混沌之?修复?丁","【?物卡牌】REMEMod"],"gold_per_floor":[115,115,115,125,137,137,137,166,216,228,245,245,245,19,19,114,114,130,143,103,113,23,23,35,35,83,99,114,19,19,19,19,116,116,116,116],"floor_reached":35,"language":"ZHS","playtime":1815,"items_purged":["Regret"],"score":402,"play_id":"e17fb057-eea6-4da9-83fa-2f124061734b","local_time":"20210125190932","is_ascension_mode":false,"campfire_choices":[{"floor":6.0,"key":"REST"},{"floor":15.0,"key":"RECALL"}],"circlet_count":1,"master_deck":["Gremlin:Strike","Gremlin:Strike+1","Gremlin:Strike","Gremlin:Strike","Gremlin:Defend","Gremlin:TagTeam","Gremlin:GremlinDance","Gremlin:DaggerDance","hermit:Defend_Hermit","Gremlin:Presto","Gremlin:CounterStrike","Gremlin:Kablamo","Gremlin:GremlinMeal+1","Gremlin:Fury","Gremlin:SecondVolley","Cold Snap","Beam Cell","ZunPunch:ReiMu","Auto Shields","Gremlin:FlipOut","Gremlin:Tricksy+1","Doom and Gloom","Chaos+1","Jack Of All Trades","downfall:Bewildered","Gremlin:TargetWeakness","CurseOfTheBell"],"relics":["Gremlin:GremlinKnob","REME_ComplimentaryCards","Pear","conspire:TopHat","Regal Pillow","DemoMod:MonsterBlood","qcfpunch:Not_Strongest_Fighting_Style_Guidebook","aspiration:DefectSkillbook","sneckomod:BabySnecko","Calling Bell","Circlet","DemoMod:MeltedRock","DemoMod:Antibody"],"acts_visited":["Exordium","TheCity","TheBeyond"],"potions_floor_usage":[21,27,28,33],"damage_taken":[{"damage":3.0,"enemies":"2 Louse","floor":1.0,"turns":4.0},{"damage":4.0,"enemies":"Small Slimes","floor":4.0,"turns":2.0},{"damage":10.0,"enemies":"Cultist","floor":5.0,"turns":3.0},{"damage":27.0,"enemies":"3 Sentries","floor":8.0,"turns":6.0},{"damage":28.0,"enemies":"Large Slime","floor":10.0,"turns":5.0},{"damage":2.0,"enemies":"3 Louse","floor":11.0,"turns":2.0},{"damage":20.0,"enemies":"Hexaghost","floor":16.0,"turns":6.0},{"damage":18,"enemies":"Spheric Guardian","floor":18,"turns":4},{"damage":4,"enemies":"Chosen","floor":19,"turns":4},{"damage":12,"enemies":"Centurion and Healer","floor":21,"turns":4},{"damage":0,"enemies":"Gremlin Leader","floor":23,"turns":1},{"damage":31,"enemies":"Sentry and Sphere","floor":24,"turns":4},{"damage":30,"enemies":"Shelled Parasite and Fungi","floor":27,"turns":3},{"damage":5,"enemies":"Snake Plant","floor":28,"turns":1},{"damage":48,"enemies":"conspire:MysteriousRune","floor":33,"turns":9},{"damage":24,"enemies":"3 Darklings","floor":35,"turns":1}],"seed_played":"-591736250722617861","potions_obtained":[{"floor":4.0,"key":"Fire Potion"},{"floor":11.0,"key":"LiquidBronze"},{"floor":18,"key":"Fire Potion"},{"floor":21,"key":"Fruit Juice"},{"floor":23,"key":"DuplicationPotion"},{"floor":27,"key":"champ:CounterPotion"}],"is_trial":false,"path_per_floor":["M","?","?","M","M","R","?","E","T","M","M","R","?","$","R","B",null,"M","M","?","M","?","E","M","R","T","M","M","$","R","?","R","B",null,"M"],"character_chosen":"GREMLIN","items_purchased":["qcfpunch:Not_Strongest_Fighting_Style_Guidebook","Jack Of All Trades"],"campfire_rested":1,"item_purchase_floors":[14,29],"current_hp_per_floor":[21,23,23,19,9,15,15,11,13,25,8,8,8,8,8,24,24,6,2,2,13,13,13,5,5,5,3,5,5,5,5,5,1,22,0,0],"gold":116,"neow_bonus":"TEN_PERCENT_HP_BONUS","is_daily":false,"chose_seed":false,"campfire_upgraded":0,"win_rate":0.0,"timestamp":1611572972,"path_taken":["M","?","?","M","?","R","?","E","T","M","?","R","?","$","R","BOSS","M","M","?","M","?","E","M","R","T","?","M","$","R","?","R","BOSS","M"],"items_purchased_type":["Relic","Card"],"build_version":"2020-12-22","purchased_purges":1,"victory":false,"max_hp_per_floor":[21,23,23,23,23,23,23,23,25,25,25,24,24,24,24,24,24,24,24,24,25,25,25,25,24,24,24,24,24,23,23,22,22,22,22,22],"card_choices":[{"not_picked":["Gremlin:TwistTheKnife","Gremlin:ProperTools"],"picked":"Gremlin:DaggerDance","floor":1.0},{"not_picked":["Gremlin:Changeo","Gremlin:BulkUp"],"picked":"Gremlin:Presto","floor":4.0},{"not_picked":["Gremlin:BulkUp","Gremlin:Rhythm"],"picked":"Gremlin:CounterStrike","floor":5.0},{"not_picked":["Gremlin:GremlinArms","Gremlin:Mockery"],"picked":"Gremlin:Kablamo","floor":8.0},{"not_picked":["Gremlin:Glimmer","Gremlin:Changeo"],"picked":"Gremlin:GremlinMeal","floor":10.0},{"not_picked":["Gremlin:Changeo","Gremlin:FanOfKnives"],"picked":"Gremlin:Fury","floor":11.0},{"not_picked":["Gremlin:ShowStopper","Gremlin:Duplicate"],"picked":"Gremlin:SecondVolley","floor":16.0},{"not_picked":["Gremlin:BubbleBarrier+1","Gremlin:Mockery","Conserve Battery"],"picked":"Cold Snap","floor":18},{"not_picked":["Gremlin:Jeer","Aggregate","Gremlin:Changeo+1"],"picked":"Beam Cell","floor":19},{"not_picked":["Steam","Go for the Eyes+1","Scrape"],"picked":"Auto Shields","floor":21},{"not_picked":["Gremlin:Irritability","Gremlin:EdibleArmor","Recycle"],"picked":"Gremlin:FlipOut","floor":23},{"not_picked":["Force Field+1","conspire:SharedLibrary","Gremlin:EdibleArmor"],"picked":"Gremlin:Tricksy+1","floor":24},{"not_picked":["BootSequence","Gremlin:Jeer","Self Repair"],"picked":"Doom and Gloom","floor":27},{"not_picked":["Gremlin:TwistTheKnife","White Noise+1","REME_SelfUpgrade+1"],"picked":"Chaos+1","floor":28},{"not_picked":["Gremlin:Erupt","REME_Shoggoth","Buffer"],"picked":"Gremlin:TargetWeakness","floor":33}],"player_experience":324760,"relics_obtained":[{"floor":7.0,"key":"conspire:TopHat"},{"floor":8.0,"key":"Regal Pillow"},{"floor":9.0,"key":"DemoMod:MonsterBlood"},{"floor":34,"key":"DemoMod:WeirdEgg"},{"floor":34,"key":"DemoMod:MeltedRock"},{"floor":34,"key":"DemoMod:Antibody"}],"event_choices":[{"damage_healed":0.0,"max_hp_gain":0.0,"max_hp_loss":0.0,"gold_gain":0.0,"event_name":"Big Fish","player_choice":"Box","floor":2.0,"gold_loss":0.0,"damage_taken":0.0,"relics_obtained":["Pear"],"cards_obtained":["Regret"]},{"cards_removed":["Gremlin:Defend"],"damage_healed":0.0,"max_hp_gain":0.0,"max_hp_loss":0.0,"gold_gain":0.0,"event_name":"NoteForYourself","player_choice":"Took Card","floor":3.0,"gold_loss":0.0,"damage_taken":0.0,"cards_obtained":["hermit:Defend_Hermit"]},{"damage_healed":0.0,"max_hp_gain":0.0,"max_hp_loss":0.0,"gold_gain":0.0,"event_name":"Wheel of Change","player_choice":"Relic","floor":7.0,"gold_loss":0.0,"damage_taken":0.0},{"damage_healed":0,"gold_gain":0,"player_choice":"交出神酒","damage_taken":0,"max_hp_gain":0,"max_hp_loss":0,"event_name":"ZunEvent","floor":20,"relics_lost":["ZunR:ReiMu"],"gold_loss":0,"cards_obtained":["ZunPunch:ReiMu"]},{"cards_removed":["Gremlin:Defend"],"damage_healed":0,"gold_gain":0,"player_choice":"Upgrade and Remove","damage_taken":0,"max_hp_gain":0,"max_hp_loss":0,"event_name":"Designer","floor":22,"gold_loss":90,"cards_upgraded":["Gremlin:Strike"]}],"is_beta":false,"boss_relics":[{"not_picked":["Black Star","Circlet"],"picked":"aspiration:DefectSkillbook"},{"not_picked":["conspire:SeveredTorchhead","aspiration:PoetsPen_weak"],"picked":"Calling Bell"}],"items_purged_floors":[14],"is_endless":false,"potions_floor_spawned":[4,11,18,21,23,27],"killed_by":"3 Darklings","ascension_level":0}}