{"host":"00f1p9ihhzi7hxfk","time":1611567764,"event":{"mods":["AchievementEnabler","BaseMod","Colored Map","Colored Powertips","Minty Spire (QoL Compilation)","Rare Cards Sparkle","Relic Stats"],"gold_per_floor":[116,191,191,210,234,234,252,272,353,528,528,528,528,541,541,541,541],"floor_reached":16,"language":"DEU","playtime":632,"items_purged":[],"score":92,"play_id":"a9d07d5c-29a4-4833-abca-10e28b9d5342","local_time":"20210125104244","is_ascension_mode":false,"campfire_choices":[{"data":"Dagger Spray","floor":6,"key":"SMITH"},{"floor":12,"key":"REST"},{"floor":15,"key":"REST"}],"circlet_count":0,"master_deck":["Strike_G","Strike_G","Strike_G","Strike_G","Defend_G","Defend_G","Defend_G","Defend_G","Defend_G","Survivor","Neutralize","Dagger Spray+1","Expertise","Dodge and Roll","Crippling Poison","Well Laid Plans","Doubt","Neutralize","Catalyst"],"relics":["Ring of the Snake","NeowsBlessing","Golden Idol","Darkstone Periapt"],"acts_visited":["Exordium"],"potions_floor_usage":[],"damage_taken":[{"damage":0,"enemies":"Small Slimes","floor":1,"turns":1},{"damage":0,"enemies":"Jaw Worm","floor":4,"turns":1},{"damage":0,"enemies":"Cultist","floor":5,"turns":1},{"damage":7,"enemies":"Exordium Wildlife","floor":7,"turns":4},{"damage":4,"enemies":"2 Fungi Beasts","floor":8,"turns":3},{"damage":10,"enemies":"Exordium Thugs","floor":14,"turns":5},{"damage":73,"enemies":"Slime Boss","floor":16,"turns":14}],"seed_played":"-5433434683366110951","potions_obtained":[{"floor":7,"key":"SkillPotion"},{"floor":8,"key":"Poison Potion"},{"floor":14,"key":"GhostInAJar"}],"is_trial":false,"path_per_floor":["M","?","?","M","M","R","M","M","T","?","?","R","?","M","R","B"],"character_chosen":"THE_SILENT","items_purchased":[],"campfire_rested":2,"item_purchase_floors":[],"current_hp_per_floor":[70,59,59,59,59,59,52,48,48,54,54,71,71,61,71,0,0],"gold":541,"neow_bonus":"THREE_ENEMY_KILL","is_daily":false,"chose_seed":false,"campfire_upgraded":1,"win_rate":0.0,"timestamp":1611567764,"path_taken":["M","?","?","M","M","R","M","M","T","?","?","R","?","?","R","BOSS"],"items_purchased_type":[],"build_version":"2020-12-22","purchased_purges":0,"victory":false,"max_hp_per_floor":[70,70,65,65,65,65,65,65,65,71,71,71,71,71,71,71,71],"relic_stats":{"Darkstone Periapt":6,"counters":[7,29],"Golden Idol":20,"obtain_stats":[{"Darkstone Periapt":9,"NeowsBlessing":0,"Golden Idol":3,"Ring of the Snake":0},{"Darkstone Periapt":5,"NeowsBlessing":0,"Golden Idol":1,"Ring of the Snake":0},{"Darkstone Periapt":10,"NeowsBlessing":0,"Golden Idol":1,"Ring of the Snake":0}],"Ring of the Snake":[14]},"card_choices":[{"not_picked":["Slice","Heel Hook"],"picked":"Dagger Spray","floor":1},{"not_picked":["Heel Hook","Calculated Gamble"],"picked":"Expertise","floor":4},{"not_picked":["Heel Hook","Flying Knee"],"picked":"Dodge and Roll","floor":5},{"not_picked":["Sucker Punch","Outmaneuver"],"picked":"Crippling Poison","floor":7},{"not_picked":["Quick Slash","Adrenaline"],"picked":"Well Laid Plans","floor":8},{"not_picked":["Quick Slash","Well Laid Plans"],"picked":"Catalyst","floor":14}],"player_experience":75983,"relics_obtained":[{"floor":9,"key":"Darkstone Periapt"}],"event_choices":[{"damage_healed":0,"gold_gain":75,"player_choice":"Gather Gold","damage_taken":11,"max_hp_gain":0,"max_hp_loss":0,"event_name":"World of Goop","floor":2,"gold_loss":0},{"damage_healed":0,"gold_gain":0,"player_choice":"Lose Max HP","damage_taken":0,"relics_obtained":["Golden Idol"],"max_hp_gain":0,"max_hp_loss":5,"event_name":"Golden Idol","floor":3,"gold_loss":0},{"damage_healed":0,"gold_gain":175,"player_choice":"AGREE","damage_taken":0,"max_hp_gain":0,"max_hp_loss":0,"event_name":"Liars Game","floor":10,"gold_loss":0,"cards_obtained":["Doubt"]},{"cards_removed":["Strike_G"],"damage_healed":0,"gold_gain":0,"player_choice":"Forget","damage_taken":0,"max_hp_gain":0,"max_hp_loss":0,"event_name":"Living Wall","floor":11,"gold_loss":0},{"damage_healed":0,"gold_gain":0,"player_choice":"1 cards matched","damage_taken":0,"max_hp_gain":0,"max_hp_loss":0,"event_name":"Match and Keep!","floor":13,"gold_loss":0,"cards_obtained":["Neutralize"]},{"damage_healed":0,"gold_gain":0,"player_choice":"1 cards matched","damage_taken":0,"max_hp_gain":0,"max_hp_loss":0,"event_name":"Match and Keep!","floor":13,"gold_loss":0,"cards_obtained":["Neutralize"]}],"is_beta":false,"boss_relics":[],"items_purged_floors":[],"is_endless":false,"potions_floor_spawned":[7,8,14],"killed_by":"Slime Boss","ascension_level":0}}