{"host":"i09pxcjttd31eh4q","time":1611558055,"event":{"mods":["AchievementEnabler","BaseMod","Colored Map","Keyboard Shortcuts","Minty Spire (QoL Compilation)","StSLib","SuperFastMode"],"gold_per_floor":[119,129,142,9,26,52,52,96,150,150,67,90,109,124,124,220,220,244,268,288,288,311,311,334,334,383,563,587,322,355,368,368,462,462,485,500,516,391,404,445,458,491,491,514,118,157,173,506,506,506,506,506],"floor_reached":51,"language":"KOR","playtime":2144,"items_purged":["Defend_P","Strike_P","Defend_P"],"score":1729,"play_id":"6f684ba9-084e-4f0b-a5bd-041cb3cf3c25","local_time":"20210125160055","is_ascension_mode":true,"campfire_choices":[{"data":"Eruption","floor":10.0,"key":"SMITH"},{"floor":15.0,"key":"REST"},{"data":"MentalFortress","floor":23.0,"key":"SMITH"},{"data":"EmptyMind","floor":25.0,"key":"SMITH"},{"floor":32.0,"key":"RECALL"},{"data":"TalkToTheHand","floor":49.0,"key":"SMITH"}],"circlet_count":0,"master_deck":["AscendersBane","Strike_P","Eruption+1","Vigilance","MentalFortress+1","FlurryOfBlows","EmptyMind+1","FearNoEvil","BattleHymn+1","MentalFortress+1","Purity","Vault","Study+1","TalkToTheHand+1"],"relics":["PureWater","Frozen Egg 2","HornCleat","Lantern","Empty Cage","MealTicket","Lee\u0027s Waffle","Bag of Marbles","Black Star","Oddly Smooth Stone","Calipers","Centennial Puzzle","InkBottle","PreservedInsect","Ginger"],"acts_visited":["Exordium","TheCity","TheBeyond"],"potions_floor_usage":[50],"damage_taken":[{"damage":0.0,"enemies":"Small Slimes","floor":1.0,"turns":4.0},{"damage":0.0,"enemies":"Cultist","floor":2.0,"turns":3.0},{"damage":0.0,"enemies":"2 Louse","floor":3.0,"turns":2.0},{"damage":1.0,"enemies":"Gremlin Gang","floor":5.0,"turns":5.0},{"damage":0.0,"enemies":"Lagavulin","floor":6.0,"turns":5.0},{"damage":48.0,"enemies":"Gremlin Nob","floor":8.0,"turns":5.0},{"damage":1.0,"enemies":"Exordium Thugs","floor":12.0,"turns":3.0},{"damage":1.0,"enemies":"Looter","floor":13.0,"turns":2.0},{"damage":0.0,"enemies":"2 Fungi Beasts","floor":14.0,"turns":3.0},{"damage":0.0,"enemies":"Slime Boss","floor":16.0,"turns":3.0},{"damage":4.0,"enemies":"3 Byrds","floor":18.0,"turns":4.0},{"damage":8.0,"enemies":"Shell Parasite","floor":19.0,"turns":2.0},{"damage":0.0,"enemies":"Sentry and Sphere","floor":20.0,"turns":3.0},{"damage":6.0,"enemies":"Chosen and Byrds","floor":22.0,"turns":4.0},{"damage":0.0,"enemies":"Snecko","floor":24.0,"turns":4.0},{"damage":19.0,"enemies":"Cultist and Chosen","floor":28.0,"turns":5.0},{"damage":2.0,"enemies":"Gremlin Leader","floor":30.0,"turns":4.0},{"damage":34.0,"enemies":"Snake Plant","floor":31.0,"turns":3.0},{"damage":18.0,"enemies":"Champ","floor":33.0,"turns":9.0},{"damage":39.0,"enemies":"3 Shapes","floor":35.0,"turns":5.0},{"damage":0.0,"enemies":"Orb Walker","floor":36.0,"turns":4.0},{"damage":9.0,"enemies":"4 Shapes","floor":37.0,"turns":5.0},{"damage":0.0,"enemies":"Sphere and 2 Shapes","floor":39.0,"turns":5.0},{"damage":0.0,"enemies":"Giant Head","floor":40.0,"turns":5.0},{"damage":1.0,"enemies":"Writhing Mass","floor":41.0,"turns":6.0},{"damage":12.0,"enemies":"Nemesis","floor":42.0,"turns":6.0},{"damage":0.0,"enemies":"4 Shapes","floor":44.0,"turns":3.0},{"damage":5.0,"enemies":"Reptomancer","floor":46.0,"turns":6.0},{"damage":0.0,"enemies":"Sphere and 2 Shapes","floor":47.0,"turns":5.0},{"damage":4,"enemies":"Time Eater","floor":50,"turns":8},{"damage":26,"enemies":"Awakened One","floor":51,"turns":1}],"seed_played":"3590341674954471869","potions_obtained":[{"floor":1.0,"key":"StancePotion"},{"floor":8.0,"key":"FearPotion"},{"floor":12.0,"key":"Swift Potion"},{"floor":14.0,"key":"AttackPotion"},{"floor":16.0,"key":"BottledMiracle"},{"floor":18.0,"key":"DistilledChaos"},{"floor":22.0,"key":"Regen Potion"},{"floor":24.0,"key":"Fire Potion"},{"floor":28.0,"key":"Energy Potion"},{"floor":35.0,"key":"Energy Potion"},{"floor":37.0,"key":"GamblersBrew"},{"floor":40.0,"key":"FearPotion"},{"floor":46.0,"key":"CultistPotion"},{"floor":47.0,"key":"FearPotion"}],"is_trial":false,"path_per_floor":["M","M","M","$","M","E","?","E","T","R","$","M","M","M","R","B",null,"M","M","M","?","M","R","M","R","T","?","M","$","E","M","R","B",null,"M","M","M","$","M","E","M","E","T","M","$","E","M","?","R","B","B"],"character_chosen":"WATCHER","items_purchased":["FlurryOfBlows","FearNoEvil","Lee\u0027s Waffle","Fruit Juice","InkBottle"],"campfire_rested":1,"item_purchase_floors":[4,11,29,45,45],"current_hp_per_floor":[61,61,61,61,60,60,56,8,8,8,8,7,6,6,22,22,48,44,36,36,66,60,60,60,60,60,35,30,73,71,37,37,19,60,21,21,12,27,27,27,26,14,14,14,29,24,29,29,29,25,0,0],"gold":506,"neow_bonus":"REMOVE_TWO","is_daily":false,"chose_seed":false,"campfire_upgraded":4,"win_rate":0.0,"timestamp":1611558055,"path_taken":["M","M","M","$","M","E","?","E","T","R","$","M","M","M","R","BOSS","M","M","M","?","?","R","M","R","T","?","M","$","E","M","R","BOSS","M","M","?","$","M","E","M","E","T","M","$","E","?","?","R","BOSS","BOSS"],"items_purchased_type":["Card","Card","Relic","Potion","Relic"],"build_version":"2020-12-22","purchased_purges":3,"victory":false,"max_hp_per_floor":[62,62,62,62,62,62,56,56,56,56,56,56,56,56,56,56,56,56,56,56,66,66,66,66,66,66,66,66,73,73,73,73,73,73,73,73,73,73,73,73,73,73,73,73,73,73,78,78,78,78,78,78],"card_choices":[{"not_picked":["PathToVictory","EmptyFist"],"picked":"MentalFortress","floor":1.0},{"not_picked":["CutThroughFate","DeceiveReality","Fasting2"],"picked":"SKIP","floor":2.0},{"not_picked":["Consecrate","Prostrate","WaveOfTheHand"],"picked":"SKIP","floor":3.0},{"not_picked":["SashWhip","DeceiveReality","WheelKick"],"picked":"SKIP","floor":5.0},{"not_picked":["WaveOfTheHand","Halt","CutThroughFate"],"picked":"SKIP","floor":6.0},{"not_picked":["WaveOfTheHand","Nirvana+1"],"picked":"EmptyMind","floor":8.0},{"not_picked":["SignatureMove","CrushJoints","WreathOfFlame"],"picked":"SKIP","floor":12.0},{"not_picked":["Prostrate","Devotion+1"],"picked":"BattleHymn+1","floor":13.0},{"not_picked":["Protect","ThirdEye","WindmillStrike"],"picked":"SKIP","floor":14.0},{"not_picked":["Alpha","DevaForm+1"],"picked":"DeusExMachina","floor":16.0},{"not_picked":["CrushJoints+1","BowlingBash","Crescendo+1"],"picked":"SKIP","floor":18.0},{"not_picked":["FlyingSleeves","Sanctity","PathToVictory"],"picked":"SKIP","floor":19.0},{"not_picked":["FlyingSleeves","Sanctity","PathToVictory"],"picked":"SKIP","floor":19.0},{"not_picked":["WaveOfTheHand","Wallop","BattleHymn+1"],"picked":"SKIP","floor":20.0},{"not_picked":["ReachHeaven","ThirdEye","Weave"],"picked":"SKIP","floor":22.0},{"not_picked":["Halt","BowlingBash"],"picked":"MentalFortress+1","floor":24.0},{"not_picked":["EmptyMind","Conclude+1","ForeignInfluence"],"picked":"SKIP","floor":28.0},{"not_picked":["PathToVictory","FlurryOfBlows","Alpha"],"picked":"SKIP","floor":30.0},{"not_picked":["BowlingBash+1","Indignation","CrushJoints"],"picked":"SKIP","floor":31.0},{"not_picked":["Ragnarok","Alpha"],"picked":"Vault","floor":33.0},{"not_picked":["WheelKick+1","FollowUp"],"picked":"Study+1","floor":35.0},{"not_picked":["Protect","FlyingSleeves+1","ThirdEye"],"picked":"SKIP","floor":36.0},{"not_picked":["SashWhip","CrushJoints+1","FollowUp+1"],"picked":"SKIP","floor":37.0},{"not_picked":["Halt","ThirdEye+1","CutThroughFate"],"picked":"SKIP","floor":39.0},{"not_picked":["Halt","ThirdEye+1","CutThroughFate"],"picked":"SKIP","floor":39.0},{"not_picked":["ThirdEye","Sanctity+1","CutThroughFate"],"picked":"SKIP","floor":40.0},{"not_picked":["Halt+1","PathToVictory","Wallop+1"],"picked":"SKIP","floor":41.0},{"not_picked":["Wireheading+1","BowlingBash+1","Wish"],"picked":"SKIP","floor":42.0},{"not_picked":["ThirdEye","Evaluate","BattleHymn+1"],"picked":"SKIP","floor":44.0},{"not_picked":["Fasting2+1","ThirdEye"],"picked":"TalkToTheHand","floor":46.0},{"not_picked":["CutThroughFate+1","PathToVictory","JustLucky"],"picked":"SKIP","floor":47.0}],"player_experience":873807,"relics_obtained":[{"floor":6.0,"key":"Frozen Egg 2"},{"floor":8.0,"key":"HornCleat"},{"floor":9.0,"key":"Lantern"},{"floor":26.0,"key":"MealTicket"},{"floor":30.0,"key":"Bag of Marbles"},{"floor":40.0,"key":"Oddly Smooth Stone"},{"floor":40.0,"key":"Calipers"},{"floor":42.0,"key":"Centennial Puzzle"},{"floor":46.0,"key":"PreservedInsect"},{"floor":46.0,"key":"Ginger"}],"event_choices":[{"damage_healed":0.0,"max_hp_gain":0.0,"max_hp_loss":6.0,"gold_gain":0.0,"event_name":"Golden Idol","player_choice":"Lose Max HP","floor":7.0,"gold_loss":0.0,"damage_taken":0.0,"relics_obtained":["Golden Idol"]},{"cards_removed":["DeusExMachina"],"damage_healed":20.0,"max_hp_gain":10.0,"max_hp_loss":0.0,"gold_gain":0.0,"event_name":"Bonfire Elementals","player_choice":"Offered Rare","floor":21.0,"gold_loss":0.0,"damage_taken":0.0},{"damage_healed":0.0,"max_hp_gain":0.0,"max_hp_loss":0.0,"gold_gain":180.0,"event_name":"Knowing Skull","player_choice":"CARD GOLD GOLD ","floor":27.0,"potions_obtained":[],"gold_loss":0.0,"damage_taken":25.0,"cards_obtained":["Purity"]},{"damage_healed":0.0,"max_hp_gain":0.0,"max_hp_loss":0.0,"gold_gain":333.0,"event_name":"The Moai Head","player_choice":"Gave Idol","floor":48.0,"relics_lost":["Golden Idol"],"gold_loss":0.0,"damage_taken":0.0}],"is_beta":false,"boss_relics":[{"not_picked":["Calling Bell","Busted Crown"],"picked":"Empty Cage"},{"not_picked":["SlaversCollar","Velvet Choker"],"picked":"Black Star"}],"items_purged_floors":[4,29,38],"is_endless":false,"potions_floor_spawned":[1,8,12,13,14,16,18,22,24,28,35,37,40,46,47],"killed_by":"Awakened One","ascension_level":20}}