{"host":"yvb207ks1sg3cxef","time":1611573126,"event":{"mods":["2.2 Compatiblity","BaseMod","Bestiary","Colored Powertips","Minty Spire (QoL Compilation)","Permanent Neow","Quick Restart","Relic Stats","StSLib"],"gold_per_floor":[112,125,125,145,165,165,184,184,211,240,240,240,270,28,28,102,102,116,116,16,16,31,63,63,80,80,80,90,110,110,135,135,135,135],"floor_reached":33,"language":"ENG","playtime":2082,"items_purged":["Strike_G","Strike_G"],"score":590,"play_id":"34ec5468-d6e7-4153-bb02-596999d60cdf","local_time":"20210125164206","is_ascension_mode":true,"campfire_choices":[{"data":"Well Laid Plans","floor":6,"key":"SMITH"},{"floor":8,"key":"REST"},{"floor":12,"key":"REST"},{"floor":15,"key":"REST"},{"data":"Noxious Fumes","floor":24,"key":"SMITH"},{"floor":27,"key":"REST"},{"data":"Calculated Gamble","floor":32,"key":"SMITH"}],"circlet_count":0,"master_deck":["AscendersBane","Strike_G","Strike_G","Defend_G","Defend_G","Defend_G","Defend_G","Defend_G","Survivor","Neutralize","Well Laid Plans+1","Dagger Spray","Noxious Fumes+1","Poisoned Stab","Bouncing Flask","Deflect","Slice","Crippling Poison","Adrenaline","Deadly Poison","PiercingWail","Adrenaline","PiercingWail","Calculated Gamble+1","Tactician","Decay","PiercingWail"],"relics":["Ring of the Serpent","Centennial Puzzle","Bag of Preparation","Strawberry","Art of War","Paper Crane","Shuriken","Pear","Pantograph"],"acts_visited":["Exordium","TheCity"],"potions_floor_usage":[5,10,16,23,31],"damage_taken":[{"damage":4.0,"enemies":"Jaw Worm","floor":1.0,"turns":5.0},{"damage":0.0,"enemies":"Cultist","floor":2.0,"turns":5.0},{"damage":0.0,"enemies":"2 Louse","floor":4.0,"turns":2.0},{"damage":17,"enemies":"Exordium Thugs","floor":5,"turns":6},{"damage":25,"enemies":"Large Slime","floor":7,"turns":8},{"damage":18,"enemies":"3 Sentries","floor":10,"turns":6},{"damage":16,"enemies":"Lagavulin","floor":13,"turns":5},{"damage":13,"enemies":"Slime Boss","floor":16,"turns":9},{"damage":15,"enemies":"Chosen","floor":18,"turns":5},{"damage":0,"enemies":"3 Byrds","floor":22,"turns":5},{"damage":32,"enemies":"Book of Stabbing","floor":23,"turns":7},{"damage":3,"enemies":"Centurion and Healer","floor":25,"turns":6},{"damage":9,"enemies":"Shelled Parasite and Fungi","floor":28,"turns":6},{"damage":4,"enemies":"Snecko","floor":29,"turns":6},{"damage":22,"enemies":"Slavers","floor":31,"turns":6},{"damage":66,"enemies":"Champ","floor":33,"turns":12}],"seed_played":"-6918197903745977744","potions_obtained":[{"floor":2.0,"key":"LiquidMemories"},{"floor":5,"key":"BlessingOfTheForge"},{"floor":13,"key":"FearPotion"},{"floor":22,"key":"Explosive Potion"},{"floor":29,"key":"GhostInAJar"},{"floor":31,"key":"LiquidBronze"}],"is_trial":false,"path_per_floor":["M","M","?","M","M","R","M","R","T","E","?","R","E","$","R","B",null,"M","?","$","$","M","E","R","M","T","R","M","M","?","E","R","B"],"character_chosen":"THE_SILENT","items_purchased":["Art of War"],"campfire_rested":4,"item_purchase_floors":[14],"current_hp_per_floor":[55,55,55,55,38,38,13,32,32,14,14,33,24,24,45,32,63,48,48,48,48,48,16,16,13,23,47,38,34,34,12,12,0,0],"gold":135,"neow_bonus":"THREE_CARDS","is_daily":false,"chose_seed":false,"campfire_upgraded":3,"win_rate":0.0,"timestamp":1611573126,"path_taken":["M","M","?","?","M","R","M","R","T","E","?","R","E","?","R","BOSS","M","?","?","$","M","E","R","M","T","R","M","M","?","E","R","BOSS"],"items_purchased_type":["Relic"],"build_version":"2020-12-22","purchased_purges":2,"victory":false,"max_hp_per_floor":[66,66,66,66,66,66,66,66,66,66,66,66,73,73,73,73,73,73,73,73,73,73,73,73,73,83,83,83,83,83,83,83,83,83],"relic_stats":{"Centennial Puzzle":[30],"counters":[16,99],"Shuriken":[4],"Pantograph":25,"Bag of Preparation":[20],"Art of War":[31],"obtain_stats":[{"Centennial Puzzle":9,"Pear":26,"Shuriken":23,"Strawberry":13,"Pantograph":31,"Bag of Preparation":10,"Art of War":14,"Paper Crane":19,"Ring of the Serpent":17,"Ring of the Snake":0},{"Centennial Puzzle":5,"Pear":12,"Shuriken":11,"Strawberry":7,"Pantograph":15,"Bag of Preparation":6,"Art of War":7,"Paper Crane":9,"Ring of the Serpent":8,"Ring of the Snake":0},{"Centennial Puzzle":26,"Pear":69,"Shuriken":63,"Strawberry":37,"Pantograph":87,"Bag of Preparation":32,"Art of War":37,"Paper Crane":51,"Ring of the Serpent":46,"Ring of the Snake":0}]},"card_choices":[{"not_picked":["Finisher","Slice"],"picked":"Well Laid Plans","floor":0.0},{"not_picked":["Dodge and Roll","PiercingWail"],"picked":"Dagger Spray","floor":1.0},{"not_picked":["Slice","Dagger Throw"],"picked":"Noxious Fumes","floor":2.0},{"not_picked":["Dagger Spray","Doppelganger"],"picked":"Poisoned Stab","floor":4.0},{"not_picked":["PiercingWail","Bane"],"picked":"Bouncing Flask","floor":5},{"not_picked":["Underhanded Strike","Outmaneuver"],"picked":"Deflect","floor":7},{"not_picked":["Predator","Eviscerate"],"picked":"Slice","floor":10},{"not_picked":["Finisher","Underhanded Strike"],"picked":"Crippling Poison","floor":13},{"not_picked":["After Image","Glass Knife"],"picked":"Adrenaline","floor":16},{"not_picked":["Outmaneuver","Slice"],"picked":"Deadly Poison","floor":18},{"not_picked":["Deadly Poison","Slice"],"picked":"PiercingWail","floor":22},{"not_picked":["Quick Slash","Prepared"],"picked":"Adrenaline","floor":23},{"not_picked":["Poisoned Stab","Bane"],"picked":"PiercingWail","floor":25},{"not_picked":["Cloak And Dagger","Deflect"],"picked":"Calculated Gamble","floor":28},{"not_picked":["Cloak And Dagger","Bane"],"picked":"Tactician","floor":29},{"not_picked":["Dash","Dagger Spray"],"picked":"PiercingWail","floor":31}],"player_experience":458106,"relics_obtained":[{"floor":9,"key":"Centennial Puzzle"},{"floor":10,"key":"Bag of Preparation"},{"floor":13,"key":"Strawberry"},{"floor":23,"key":"Shuriken"},{"floor":26,"key":"Pear"},{"floor":31,"key":"Pantograph"}],"event_choices":[{"damage_healed":0.0,"max_hp_gain":0.0,"max_hp_loss":0.0,"gold_gain":0.0,"cards_transformed":["Strike_G"],"event_name":"Transmorgrifier","player_choice":"Transformed","floor":3.0,"gold_loss":0.0,"damage_taken":0.0,"cards_obtained":["Predator"]},{"damage_healed":0,"gold_gain":0,"player_choice":"Fled","damage_taken":0,"max_hp_gain":0,"max_hp_loss":0,"event_name":"Scrap Ooze","floor":11,"gold_loss":0},{"cards_removed":["Predator"],"damage_healed":0,"gold_gain":0,"player_choice":"Gave Card","damage_taken":0,"relics_obtained":["Paper Crane"],"max_hp_gain":0,"max_hp_loss":0,"event_name":"WeMeetAgain","floor":19,"gold_loss":0},{"damage_healed":0,"gold_gain":0,"player_choice":"Smashed Altar","damage_taken":0,"max_hp_gain":0,"max_hp_loss":0,"event_name":"Forgotten Altar","floor":30,"gold_loss":0,"cards_obtained":["Decay"]}],"is_beta":false,"boss_relics":[{"not_picked":["Black Star","Cursed Key"],"picked":"Ring of the Serpent"}],"items_purged_floors":[14,20],"is_endless":false,"potions_floor_spawned":[2,5,13,22,29,31],"killed_by":"Champ","ascension_level":20}}