{"host":"6hzrz31j95f2y1pa","time":1611558086,"event":{"mods":["BaseMod","Colored Map","Downfall","Minty Spire (QoL Compilation)","StSLib"],"gold_per_floor":[99,110,125,125,140,173,173,73,83,112,112,124,136,46,62,159,159,59,73,58,78,96,111,111,111,111,11,44,55,55,40,58,161,161,161,174,186,205,89,104,104,104,104,120,135,149,149,24,35,35,35,65,65,65,65,65,65,65],"floor_reached":56,"language":"ENG","playtime":2649,"items_purged":["Decay","bronze:Strike","Doubt"],"score":1054,"play_id":"d1947e71-2ee9-4d6f-be0e-6efc96c1b454","local_time":"20210125020126","is_ascension_mode":true,"campfire_choices":[{"floor":1.0,"key":"RECALL"},{"floor":8.0,"key":"REST"},{"data":"bronze:MaxOutput","floor":18,"key":"SMITH"},{"data":"bronze:BurnOut","floor":27,"key":"SMITH"},{"floor":30,"key":"REST"},{"data":"bronze:Mutator","floor":35,"key":"SMITH"},{"floor":54,"key":"REST"}],"circlet_count":0,"master_deck":["bronze:Strike","bronze:Strike","bronze:Defend+1","bronze:Defend+1","bronze:Replicate","bronze:Goto","bronze:OilSpill","bronze:Constructor","bronze:Iterate","bronze:Repulsor","bronze:Branch","bronze:InfiniteBeams","bronze:Shield","bronze:BurnOut+1","bronze:MaxOutput+1","bronze:OilSpill","bronze:Verify","bronze:FineTuning+1","bronze:ItsAFeature","bronze:BuggyMess","Necronomicurse","bronze:ItsAFeature","bronze:Constructor+1","bronze:ChildClass","bronze:Mutator+1","bronze:Flail+1","bronze:ChildClass+1","bronze:ClassDefault+1","expansioncontent:LastStand"],"relics":["bronze:BronzeCore","HornCleat","downfall:HeartBlessingRed","hexamod:Sixitude","Shuriken","bronze:MakeshiftBattery","downfall:HeartBlessingGreen","bronze:CableSpool","Necronomicon","downfall:HeartBlessingBlue","Strawberry","bronze:ElectromagneticCoil","Bag of Preparation","Pen Nib","TungstenRod","War Paint"],"acts_visited":["Exordium","TheCity","TheBeyond","TheEnding"],"potions_floor_usage":[15,15,16,28,38,40,44,46,49,49,49],"damage_taken":[{"damage":3.0,"enemies":"Jaw Worm","floor":2.0,"turns":4.0},{"damage":1.0,"enemies":"Cultist","floor":3.0,"turns":3.0},{"damage":0.0,"enemies":"Small Slimes","floor":5.0,"turns":3.0},{"damage":41.0,"enemies":"3 Sentries","floor":6.0,"turns":9.0},{"damage":18.0,"enemies":"Exordium Thugs","floor":9.0,"turns":3.0},{"damage":22,"enemies":"Lagavulin","floor":10,"turns":6},{"damage":3,"enemies":"2 Fungi Beasts","floor":12,"turns":2},{"damage":0,"enemies":"Exordium Wildlife","floor":13,"turns":3},{"damage":0,"enemies":"downfall:FleeingMerchant","floor":14,"turns":4},{"damage":0,"enemies":"Gremlin Gang","floor":15,"turns":3},{"damage":0,"enemies":"IC_STATUS_ARCHETYPE","floor":16,"turns":6},{"damage":0,"enemies":"Chosen","floor":19,"turns":3},{"damage":1,"enemies":"downfall:FleeingMerchant","floor":20,"turns":4},{"damage":4,"enemies":"Shell Parasite","floor":21,"turns":4},{"damage":0,"enemies":"Shelled Parasite and Fungi","floor":22,"turns":3},{"damage":3,"enemies":"Snake Plant","floor":23,"turns":5},{"damage":19,"enemies":"Book of Stabbing","floor":28,"turns":4},{"damage":18,"enemies":"Chosen and Byrds","floor":29,"turns":4},{"damage":0,"enemies":"downfall:FleeingMerchant","floor":31,"turns":4},{"damage":10,"enemies":"Snecko","floor":32,"turns":4},{"damage":2,"enemies":"WA_ARCHETYPE_CALM","floor":33,"turns":5},{"damage":18,"enemies":"3 Darklings","floor":36,"turns":4},{"damage":4,"enemies":"3 Shapes","floor":37,"turns":2},{"damage":28,"enemies":"3 Darklings","floor":38,"turns":6},{"damage":0,"enemies":"downfall:FleeingMerchant","floor":39,"turns":3},{"damage":15,"enemies":"Sphere and 2 Shapes","floor":40,"turns":6},{"damage":6,"enemies":"Maw","floor":44,"turns":7},{"damage":0,"enemies":"Jaw Worm Horde","floor":45,"turns":1},{"damage":0,"enemies":"Sphere and 2 Shapes","floor":46,"turns":3},{"damage":17,"enemies":"Transient","floor":49,"turns":5},{"damage":16,"enemies":"SI_POISON_ARCHETYPE","floor":50,"turns":8},{"damage":32,"enemies":"downfall:CharBossMerchant","floor":52,"turns":6},{"damage":23,"enemies":"downfall:NeowBoss","floor":55,"turns":9},{"damage":75,"enemies":"downfall:NeowBossFinal","floor":56,"turns":5}],"seed_played":"-5039436409913064122","potions_obtained":[{"floor":9.0,"key":"Ancient Potion"},{"floor":10,"key":"AttackPotion"},{"floor":12,"key":"Swift Potion"},{"floor":16,"key":"PowerPotion"},{"floor":19,"key":"Weak Potion"},{"floor":22,"key":"SpeedPotion"},{"floor":29,"key":"Weak Potion"},{"floor":43,"key":"SkillPotion"},{"floor":44,"key":"FearPotion"},{"floor":45,"key":"SkillPotion"},{"floor":46,"key":"SkillPotion"}],"is_trial":false,"path_per_floor":["R","M","M","?","M","E","T","R","M","E","T","M","M","$","M","B",null,"R","M","$","M","M","M","T","?","?","R","E","M","R","$","M","B",null,"R","M","M","M","$","M","T","?","?","M","M","M","?","$","M","B",null,"E","$","R","B","B"],"character_chosen":"THE_AUTOMATON","items_purchased":["Bag of Preparation","Pen Nib","Block Potion"],"campfire_rested":3,"item_purchase_floors":[39,39,39],"current_hp_per_floor":[70,67,66,66,66,25,25,48,30,8,8,5,5,5,5,5,59,59,59,58,54,54,51,51,35,35,45,33,15,43,43,33,31,78,78,60,56,28,28,13,13,13,13,7,7,7,94,94,77,61,86,54,54,82,59,0,0,0],"gold":65,"neow_bonus":"TEN_PERCENT_HP_BONUS","is_daily":false,"chose_seed":false,"campfire_upgraded":3,"win_rate":0.0,"timestamp":1611558086,"path_taken":["R","M","M","?","?","E","T","R","?","E","?","?","M","$","M","BOSS","R","M","$","M","M","M","T","?","?","R","E","M","R","$","M","BOSS","R","M","M","M","$","M","T","?","?","M","M","?","?","$","M","BOSS","E","$","R","BOSS","BOSS"],"items_purchased_type":["Relic","Relic","Potion"],"build_version":"2020-12-22","purchased_purges":3,"victory":false,"max_hp_per_floor":[77,77,77,77,77,77,77,77,77,77,77,77,77,77,77,77,77,77,77,77,77,77,77,77,77,77,87,94,94,94,94,94,94,94,94,94,94,94,94,94,94,94,94,94,94,94,94,94,94,94,94,94,94,94,94,94,94,94],"card_choices":[{"not_picked":["bronze:WildBeam","bronze:Iterate"],"picked":"bronze:OilSpill","floor":2.0},{"not_picked":["bronze:Branch","bronze:ForLoop"],"picked":"bronze:Constructor","floor":3.0},{"not_picked":["bronze:Invalidate","bronze:Shield"],"picked":"bronze:Iterate","floor":5.0},{"not_picked":["bronze:DigitalCarnage","bronze:BugBarrage"],"picked":"bronze:Repulsor","floor":6.0},{"not_picked":["bronze:ClassDefault","bronze:Shield"],"picked":"bronze:Branch","floor":9.0},{"not_picked":["bronze:ClassDefault","bronze:Terminator"],"picked":"bronze:InfiniteBeams","floor":10},{"not_picked":["bronze:OilSpill","bronze:CutThrough"],"picked":"bronze:Shield","floor":12},{"not_picked":["bronze:Repulsor","bronze:Invalidate"],"picked":"bronze:BurnOut","floor":13},{"not_picked":["bronze:Safeguard","bronze:Deprecate"],"picked":"bronze:MaxOutput","floor":14},{"not_picked":["bronze:Shield","bronze:BronzeArmor"],"picked":"bronze:OilSpill","floor":15},{"not_picked":["bronze:FindAndReplace","bronze:SpaghettiCode"],"picked":"bronze:Verify","floor":16},{"not_picked":["bronze:WhirlingStrike","bronze:BugBarrage"],"picked":"bronze:FineTuning+1","floor":19},{"not_picked":["bronze:WhirlingStrike","bronze:SpaghettiCode"],"picked":"bronze:ItsAFeature","floor":20},{"not_picked":["bronze:Repair","bronze:CutThrough+1"],"picked":"bronze:BuggyMess","floor":21},{"not_picked":["bronze:BitShift","bronze:DelayedGuard","bronze:FineTuning"],"picked":"SKIP","floor":22},{"not_picked":["bronze:Iterate","bronze:DelayedSlice+1","bronze:Turbo"],"picked":"SKIP","floor":23},{"not_picked":["bronze:Library","bronze:FollowUp"],"picked":"bronze:ItsAFeature","floor":28},{"not_picked":["bronze:Fortify","bronze:WhirlingStrike","bronze:Deprecate+1"],"picked":"SKIP","floor":29},{"not_picked":["bronze:WildBeam","bronze:DelayedGuard"],"picked":"bronze:Constructor+1","floor":31},{"not_picked":["bronze:FollowUp","bronze:BugBarrage+1"],"picked":"bronze:ChildClass","floor":32},{"not_picked":["bronze:Assembly","bronze:TinkerersToolbox"],"picked":"bronze:Mutator","floor":33},{"not_picked":["bronze:FineTuning","bronze:CutThrough+1"],"picked":"bronze:Flail+1","floor":36},{"not_picked":["bronze:DelayedGuard","bronze:BuggyMess+1"],"picked":"bronze:ChildClass+1","floor":37},{"not_picked":["bronze:DelayedSlice","bronze:ForLoop","bronze:Invalidate"],"picked":"SKIP","floor":38},{"not_picked":["bronze:OilSpill+1","bronze:Assembly"],"picked":"bronze:ClassDefault+1","floor":39},{"not_picked":["bronze:Iterate+1","bronze:DelayedSlice+1","bronze:WhirlingStrike+1"],"picked":"SKIP","floor":40},{"not_picked":["expansioncontent:Hexaburn","expansioncontent:GuardianWhirl"],"picked":"expansioncontent:LastStand","floor":42},{"not_picked":["bronze:GetLatest","bronze:OilSpill+1","bronze:Refactor"],"picked":"SKIP","floor":44},{"not_picked":["bronze:Invalidate+1","bronze:BuggyMess","bronze:Iterate"],"picked":"SKIP","floor":45},{"not_picked":["bronze:Overload+1","bronze:BitShift","bronze:Backtrace+1"],"picked":"SKIP","floor":46},{"not_picked":["bronze:Constructor","bronze:DelayedGuard+1","bronze:FollowUp+1"],"picked":"SKIP","floor":49},{"not_picked":["bronze:HyperBeam","bronze:Branch","bronze:BuggyMess"],"picked":"SKIP","floor":52}],"player_experience":1395591,"relics_obtained":[{"floor":6.0,"key":"HornCleat"},{"floor":10,"key":"hexamod:Sixitude"},{"floor":11,"key":"Shuriken"},{"floor":24,"key":"bronze:CableSpool"},{"floor":25,"key":"Necronomicon"},{"floor":28,"key":"Strawberry"},{"floor":41,"key":"TungstenRod"},{"floor":52,"key":"War Paint"}],"event_choices":[{"damage_healed":0,"gold_gain":0,"player_choice":"Got Potions","damage_taken":0,"max_hp_gain":0,"max_hp_loss":0,"event_name":"Lab","floor":43,"gold_loss":0}],"is_beta":false,"boss_relics":[{"not_picked":["Tiny House","Pandora\u0027s Box"],"picked":"bronze:MakeshiftBattery"},{"not_picked":["bronze:PlatinumCore","Philosopher\u0027s Stone"],"picked":"bronze:ElectromagneticCoil"}],"items_purged_floors":[14,39,48],"is_endless":false,"potions_floor_spawned":[9,10,12,13,16,19,22,29,33,44,45,46],"killed_by":"downfall:NeowBossFinal","ascension_level":7}}