{"host":"r53pw7z744tg3fxg","time":1611611902,"event":{"mods":["AchievementEnabler","BaseMod","Colored Map","Colored Powertips","Highlight Path","Minty Spire (QoL Compilation)","Quick Restart","Transform Curses"],"gold_per_floor":[110,130,146,146,158,158,183,200,200,200,229,16,75,86,86,157,207,221,221,231,231,231],"floor_reached":21,"language":"ENG","playtime":947,"items_purged":[],"score":353,"play_id":"b93eaeab-e95a-4c3f-a802-18b8e50626a8","local_time":"20210125145822","is_ascension_mode":true,"campfire_choices":[{"floor":6.0,"key":"REST"},{"floor":10.0,"key":"REST"},{"floor":15.0,"key":"REST"}],"circlet_count":0,"master_deck":["AscendersBane","Strike_P","Strike_P","Strike_P+1","Defend_P","Defend_P","Defend_P","Eruption","Vigilance","Devotion","Prostrate","Evaluate","Worship","Conclude","BattleHymn","PathToVictory","FollowUp","Dramatic Entrance","EmptyBody","Pray","DeusExMachina","CutThroughFate","SashWhip+1","Prostrate"],"relics":["PureWater","Bottled Flame","Mummified Hand","The Courier","Toolbox","Bottled Lightning","Tiny House"],"acts_visited":["Exordium","TheCity"],"potions_floor_usage":[20],"damage_taken":[{"damage":1.0,"enemies":"Cultist","floor":1.0,"turns":4.0},{"damage":0.0,"enemies":"2 Louse","floor":2.0,"turns":3.0},{"damage":0.0,"enemies":"Jaw Worm","floor":3.0,"turns":4.0},{"damage":11.0,"enemies":"3 Louse","floor":5.0,"turns":4.0},{"damage":22.0,"enemies":"3 Sentries","floor":7.0,"turns":4.0},{"damage":11.0,"enemies":"Exordium Thugs","floor":8.0,"turns":4.0},{"damage":27.0,"enemies":"Gremlin Nob","floor":11.0,"turns":4.0},{"damage":17.0,"enemies":"Gremlin Nob","floor":13.0,"turns":4.0},{"damage":3.0,"enemies":"Blue Slaver","floor":14.0,"turns":4.0},{"damage":20.0,"enemies":"Hexaghost","floor":16.0,"turns":8.0},{"damage":27.0,"enemies":"Shell Parasite","floor":18.0,"turns":3.0},{"damage":41,"enemies":"Chosen","floor":20,"turns":6},{"damage":47,"enemies":"Snecko","floor":21,"turns":5}],"seed_played":"4540660749039423248","potions_obtained":[{"floor":2.0,"key":"FearPotion"},{"floor":7.0,"key":"ColorlessPotion"},{"floor":8.0,"key":"BottledMiracle"},{"floor":13.0,"key":"SpeedPotion"},{"floor":16.0,"key":"GamblersBrew"},{"floor":17.0,"key":"FairyPotion"},{"floor":20,"key":"Strength Potion"}],"is_trial":false,"path_per_floor":["M","M","M","?","M","R","E","M","T","R","E","$","?","M","R","B",null,"M","?","M","M"],"character_chosen":"WATCHER","items_purchased":["Toolbox","Dramatic Entrance"],"campfire_rested":3,"item_purchase_floors":[12,12],"current_hp_per_floor":[60,60,60,60,49,68,46,35,35,55,28,28,11,8,28,8,58,31,31,21,0,0],"gold":231,"neow_bonus":"TRANSFORM_CARD","is_daily":false,"chose_seed":false,"campfire_upgraded":0,"win_rate":0.0,"timestamp":1611611902,"path_taken":["M","M","?","?","?","R","E","M","T","R","E","$","?","M","R","BOSS","M","?","M","M"],"items_purchased_type":["Relic","Card"],"build_version":"2020-12-22","purchased_purges":0,"victory":false,"max_hp_per_floor":[68,68,68,68,68,68,68,68,68,68,68,68,68,68,68,68,73,73,73,73,73,73],"card_choices":[{"not_picked":["EmptyBody","FlurryOfBlows"],"picked":"Prostrate","floor":1.0},{"not_picked":["InnerPeace","SashWhip"],"picked":"Evaluate","floor":2.0},{"not_picked":["Consecrate","PathToVictory"],"picked":"Worship","floor":3.0},{"not_picked":["EmptyFist","Wish"],"picked":"Conclude","floor":5.0},{"not_picked":["InnerPeace","CrushJoints"],"picked":"BattleHymn","floor":7.0},{"not_picked":["Nirvana","CutThroughFate"],"picked":"PathToVictory","floor":8.0},{"not_picked":["PathToVictory","InnerPeace"],"picked":"FollowUp","floor":11.0},{"not_picked":["Wireheading","Adaptation"],"picked":"EmptyBody","floor":13.0},{"not_picked":["FlurryOfBlows","ForeignInfluence"],"picked":"Pray","floor":14.0},{"not_picked":["Blasphemy","Devotion"],"picked":"DeusExMachina","floor":16.0},{"not_picked":["Crescendo","FollowUp"],"picked":"CutThroughFate","floor":17.0},{"not_picked":["CrushJoints","EmptyFist"],"picked":"SashWhip+1","floor":18.0},{"not_picked":["LessonLearned","FlyingSleeves"],"picked":"Prostrate","floor":20}],"player_experience":1354739,"relics_obtained":[{"floor":7.0,"key":"Bottled Flame"},{"floor":9.0,"key":"Mummified Hand"},{"floor":11.0,"key":"The Courier"},{"floor":13.0,"key":"Bottled Lightning"}],"event_choices":[{"cards_removed":["Strike_P"],"damage_healed":0.0,"max_hp_gain":0.0,"max_hp_loss":0.0,"gold_gain":0.0,"event_name":"Purifier","player_choice":"Purged","floor":4.0,"gold_loss":0.0,"damage_taken":0.0},{"damage_healed":0.0,"max_hp_gain":0.0,"max_hp_loss":0.0,"gold_gain":0.0,"event_name":"Dead Adventurer","player_choice":"Searched \u00271\u0027 times","floor":13.0,"gold_loss":0.0,"damage_taken":0.0},{"damage_healed":0.0,"max_hp_gain":0.0,"max_hp_loss":0.0,"gold_gain":0.0,"event_name":"Cursed Tome","player_choice":"Ignored","floor":19.0,"gold_loss":0.0,"damage_taken":0.0}],"is_beta":false,"boss_relics":[{"not_picked":["Empty Cage","Runic Dome"],"picked":"Tiny House"}],"items_purged_floors":[],"is_endless":false,"potions_floor_spawned":[2,7,8,13,14,16,20],"killed_by":"Snecko","ascension_level":17}}