{"host":"vc42n08di9czm3e7","time":1611538920,"event":{"mods":["AchievementEnabler","Act Like it!","BaseMod","Colored Powertips","Downfall","Friendly Minions","GifTheSpireLib","Minty Spire (QoL Compilation)","Rare Cards Sparkle","StSLib"],"gold_per_floor":[99,99,99,99,99,35,35,66,81,101,101,161,61,80,96,96,96,96],"floor_reached":16,"language":"ENG","playtime":609,"items_purged":[],"score":98,"play_id":"e2bc6d7a-8f87-4ce8-83ff-42e622010ed8","local_time":"20210124204200","is_ascension_mode":false,"campfire_choices":[{"data":"bronze:Replicate","floor":1,"key":"SMITH"},{"floor":13,"key":"REST"}],"circlet_count":0,"master_deck":["bronze:Strike+1","bronze:Strike+1","bronze:Strike","bronze:Strike","bronze:Defend","bronze:Defend","bronze:Defend","bronze:Defend","bronze:Replicate+1","bronze:Goto","bronze:DelayedSlice","bronze:FineTuning","bronze:Shell","bronze:OilSpill","bronze:Iterate","bronze:Turbo+1","downfall:Malfunctioning","bronze:Overheat","bronze:HardenedForm+1","bronze:Boost"],"relics":["bronze:BronzeCore","downfall:HeartsMalice","Frozen Egg 2","Centennial Puzzle","downfall:HeartBlessingGreen"],"acts_visited":["Exordium"],"potions_floor_usage":[8,8,9,16,16,16],"damage_taken":[{"damage":0,"enemies":"2 Louse","floor":2,"turns":1},{"damage":0,"enemies":"Cultist","floor":4,"turns":1},{"damage":0,"enemies":"Jaw Worm","floor":5,"turns":1},{"damage":0,"enemies":"downfall:FleeingMerchant","floor":6,"turns":4},{"damage":18,"enemies":"Gremlin Nob","floor":8,"turns":3},{"damage":0,"enemies":"2 Fungi Beasts","floor":9,"turns":2},{"damage":25,"enemies":"Exordium Thugs","floor":10,"turns":4},{"damage":14,"enemies":"Gremlin Nob","floor":12,"turns":3},{"damage":6,"enemies":"3 Louse","floor":14,"turns":2},{"damage":9,"enemies":"2 Fungi Beasts","floor":15,"turns":2},{"damage":21,"enemies":"DF_ARCHETYPE_STREAMLINE","floor":16,"turns":6}],"seed_played":"6504127063014242756","potions_obtained":[{"floor":3,"key":"Explosive Potion"},{"floor":3,"key":"Dexterity Potion"},{"floor":3,"key":"SneckoOil"},{"floor":8,"key":"SpeedPotion"},{"floor":9,"key":"Energy Potion"},{"floor":10,"key":"Dexterity Potion"}],"is_trial":false,"path_per_floor":["R","M","?","M","M","$","T","E","M","M","?","?","R","M","M","B"],"character_chosen":"THE_AUTOMATON","items_purchased":["bronze:OilSpill"],"campfire_rested":1,"item_purchase_floors":[6],"current_hp_per_floor":[70,70,70,70,70,70,70,52,52,27,27,13,34,28,19,0,0,0],"gold":96,"neow_bonus":"THREE_ENEMY_KILL","is_daily":false,"chose_seed":false,"campfire_upgraded":1,"win_rate":0.0,"timestamp":1611538920,"path_taken":["R","M","?","M","M","$","T","E","M","?","?","?","R","M","M","BOSS"],"items_purchased_type":["Card"],"build_version":"2020-12-22","purchased_purges":0,"victory":false,"max_hp_per_floor":[70,70,70,70,70,70,70,70,70,70,70,70,70,70,70,70,70,70],"card_choices":[{"not_picked":["bronze:Frontload","bronze:BronzeOrb"],"picked":"bronze:DelayedSlice","floor":2},{"not_picked":["bronze:BronzeArmor","bronze:WildBeam"],"picked":"bronze:FineTuning","floor":4},{"not_picked":["bronze:Deprecate","bronze:Branch","bronze:ClassDefault"],"picked":"SKIP","floor":5},{"not_picked":["bronze:Overheat","bronze:Return"],"picked":"bronze:Shell","floor":6},{"not_picked":["bronze:Branch","bronze:DelayedGuard"],"picked":"bronze:Iterate","floor":8},{"not_picked":["bronze:ChosenStrike","bronze:BugBarrage"],"picked":"bronze:Turbo","floor":9},{"not_picked":["bronze:BugBarrage","bronze:BuggyMess","bronze:Branch"],"picked":"SKIP","floor":10},{"not_picked":["bronze:DelayedGuard","bronze:Branch"],"picked":"bronze:Overheat","floor":12},{"not_picked":["bronze:FollowUp","bronze:OilSpill"],"picked":"bronze:HardenedForm+1","floor":14},{"not_picked":["bronze:Shell","bronze:WhirlingStrike"],"picked":"bronze:Boost","floor":15}],"player_experience":305138,"relics_obtained":[{"floor":8,"key":"Frozen Egg 2"},{"floor":12,"key":"Centennial Puzzle"}],"event_choices":[{"damage_healed":0,"gold_gain":0,"player_choice":"Got Potions","damage_taken":0,"max_hp_gain":0,"max_hp_loss":0,"event_name":"Lab","floor":3,"gold_loss":0}],"is_beta":false,"boss_relics":[],"items_purged_floors":[],"is_endless":false,"potions_floor_spawned":[8,9,10,14,15],"killed_by":"DF_ARCHETYPE_STREAMLINE","ascension_level":0}}