{"host":"6drv1qzpbnls60z2","time":1611590362,"event":{"mods":["ATMod(°¢èªMod)","Act Like it!","Arknights The Spire","BaseMod","Hallownest","Minty Spire (QoL Compilation)","Reimu£¨²©ÀöÁéÃÎ£©","Replay The Spire","Shop Mod","Spicy Shops","StSLib","The Dragon Tamer","Uncapped","¡¾ÒÅÎï¿¨ÅÆ¡¿REMEMod","óô»ðÖ¸ÄÏ"],"gold_per_floor":[113,113,123,43,55,55,3,3,3],"floor_reached":8,"language":"ZHS","playtime":518,"items_purged":[],"score":192,"play_id":"28a382bc-23df-40e6-ab85-58a63c7661c1","local_time":"20210125235922","daily_mods":["SealedDeck"],"is_ascension_mode":true,"campfire_choices":[],"circlet_count":0,"master_deck":["AscendersBane","AT_EssenceShift","Envenom","ats:Powerful Strike+1","ats:Defend Order","ats:Guardian Obelisk","DTMod:CalculatedDefense","ats:Ignite","ats:Very Hot Blade","ats:Magnetic Hammer","ats:Flexible Camouflage","ats:Very Hot Blade","ats:Part Time Job","DTMod:Haste+1","DTMod:Haste","ats:Encircling Forest","ats:Curse Doll","ats:Curse Doll"],"relics":["ats:Sanity","AT_ATBox","REME_ComplimentaryCards"],"acts_visited":["Exordium"],"potions_floor_usage":[8],"damage_taken":[{"damage":11,"enemies":"Jaw Worm","floor":1,"turns":4},{"damage":20,"enemies":"Small Slimes","floor":3,"turns":4},{"damage":18,"enemies":"2 Louse","floor":5,"turns":4},{"damage":27,"enemies":"3 Sentries","floor":8,"turns":4}],"seed_played":"-2787553152050033206","potions_obtained":[{"floor":3,"key":"GamblersBrew"},{"floor":5,"key":"DuplicationPotion"}],"is_trial":true,"path_per_floor":["M","?","M","$","M","?","$","E"],"character_chosen":"DOCTOR_CLASS","items_purchased":["ats:Encircling Forest","ats:Curse Doll"],"campfire_rested":0,"item_purchase_floors":[4,7],"current_hp_per_floor":[54,54,37,37,24,24,24,3,3],"gold":3,"neow_bonus":"","is_daily":false,"chose_seed":false,"campfire_upgraded":0,"win_rate":0.0,"timestamp":1611590362,"path_taken":["M","?","M","$","M","?","$","E"],"items_purchased_type":["Card","Card"],"build_version":"2020-12-22","purchased_purges":0,"victory":false,"max_hp_per_floor":[72,72,72,72,72,72,72,72,72],"card_choices":[{"not_picked":["DTMod:BlueScale","DTMod:LowKick"],"picked":"DTMod:Haste","floor":1},{"not_picked":["DTMod:FlameSlash","ats:Poison Spread"],"picked":"DTMod:Haste","floor":3},{"not_picked":["DTMod:ComboAttack","ats:Revitalization"],"picked":"ats:Curse Doll","floor":5}],"player_experience":144370,"relics_obtained":[],"event_choices":[{"damage_healed":0,"gold_gain":0,"player_choice":"Grow","damage_taken":0,"max_hp_gain":0,"max_hp_loss":0,"event_name":"Living Wall","floor":6,"gold_loss":0,"cards_upgraded":["DTMod:Haste"]}],"is_beta":false,"boss_relics":[],"items_purged_floors":[],"is_endless":true,"potions_floor_spawned":[3,5],"killed_by":"3 Sentries","ascension_level":20}}