{"host":"newqdrzxfhh2im9e","time":1611547576,"event":{"mods":["AchievementEnabler","BaseMod","BetterRewards","Block Reminder","Colored Map","Jorbs\u0027s Wanderer Trilogy","Minty Spire (QoL Compilation)","Rare Cards Sparkle","Shop Mod","StSLib"],"gold_per_floor":[117,117,137,156,174,207,219,230,230,254,254,279,279,294,294,399,399,419,334,259,259,273,273,289,289,335,33,50,50,69,17,17,17,17],"floor_reached":33,"language":"ENG","playtime":1235,"items_purged":[],"score":259,"play_id":"b75ef10a-a2ca-4e17-af8a-497f003d349b","local_time":"20210124200616","is_ascension_mode":false,"campfire_choices":[{"floor":11,"key":"REST"},{"floor":13,"key":"REST"},{"data":"Devotion","floor":15,"key":"SMITH"},{"floor":23,"key":"REST"},{"floor":25,"key":"REST"},{"floor":32,"key":"REST"}],"circlet_count":0,"master_deck":["Strike_P","Strike_P+1","Strike_P+1","Strike_P","Defend_P","Defend_P","Eruption","Vigilance","BattleHymn","Collect","DeceiveReality","SandsOfTime","BattleHymn","Devotion+1","LikeWater","DevaForm","WheelKick+1","Swivel+1","TalkToTheHand"],"relics":["PureWater","Centennial Puzzle","Ornamental Fan","Orichalcum","Odd Mushroom","Whetstone","VioletLotus","Damaru","Happy Flower","MealTicket","Medical Kit"],"acts_visited":["Exordium","TheCity"],"potions_floor_usage":[5,12,14,16,24,24,33,33],"damage_taken":[{"damage":0,"enemies":"2 Louse","floor":1,"turns":2},{"damage":0,"enemies":"Cultist","floor":3,"turns":3},{"damage":9,"enemies":"Jaw Worm","floor":4,"turns":2},{"damage":5,"enemies":"Exordium Wildlife","floor":5,"turns":3},{"damage":20,"enemies":"Lagavulin","floor":6,"turns":5},{"damage":5,"enemies":"3 Louse","floor":7,"turns":4},{"damage":7,"enemies":"2 Fungi Beasts","floor":8,"turns":3},{"damage":4,"enemies":"The Mushroom Lair","floor":10,"turns":4},{"damage":4,"enemies":"Gremlin Nob","floor":12,"turns":4},{"damage":2,"enemies":"Gremlin Gang","floor":14,"turns":5},{"damage":9,"enemies":"Hexaghost","floor":16,"turns":5},{"damage":16,"enemies":"Shell Parasite","floor":18,"turns":5},{"damage":18,"enemies":"Spheric Guardian","floor":22,"turns":4},{"damage":19,"enemies":"Snake Plant","floor":24,"turns":4},{"damage":22,"enemies":"Centurion and Healer","floor":28,"turns":5},{"damage":7,"enemies":"Cultist and Chosen","floor":30,"turns":5},{"damage":126,"enemies":"Automaton","floor":33,"turns":6}],"seed_played":"-2189256075068180759","potions_obtained":[{"floor":1,"key":"Ancient Potion"},{"floor":4,"key":"StancePotion"},{"floor":7,"key":"Weak Potion"},{"floor":10,"key":"DuplicationPotion"},{"floor":12,"key":"AttackPotion"},{"floor":14,"key":"GamblersBrew"},{"floor":22,"key":"Block Potion"}],"is_trial":false,"path_per_floor":["M","?","M","M","M","E","M","M","T","?","R","E","R","M","R","B",null,"M","?","?","?","M","R","M","R","T","$","M","?","M","$","R","B"],"character_chosen":"WATCHER","items_purchased":["MealTicket","Medical Kit","SkillPotion"],"campfire_rested":5,"item_purchase_floors":[27,27,31],"current_hp_per_floor":[72,72,72,63,58,38,33,26,26,22,43,39,60,58,58,49,72,56,56,56,56,38,59,40,61,61,61,39,39,32,47,68,0,0],"gold":17,"neow_bonus":"RANDOM_COMMON_RELIC","is_daily":false,"chose_seed":false,"campfire_upgraded":1,"win_rate":0.0,"timestamp":1611547576,"path_taken":["M","?","M","M","?","E","M","M","T","?","R","E","R","M","R","BOSS","M","?","?","?","M","R","?","R","T","$","?","?","M","$","R","BOSS"],"items_purchased_type":["Relic","Relic","Potion"],"build_version":"2020-12-22","purchased_purges":0,"victory":false,"max_hp_per_floor":[72,72,72,72,72,72,72,72,72,72,72,72,72,72,72,72,72,72,72,72,72,72,72,72,72,72,72,72,72,72,72,72,72,72],"card_choices":[{"not_picked":["FollowUp","Prostrate","Meditate"],"picked":"SKIP","floor":1},{"not_picked":["Weave","EmptyBody"],"picked":"BattleHymn","floor":3},{"not_picked":["Fasting2","Adaptation"],"picked":"Collect","floor":4},{"not_picked":["WaveOfTheHand","ClearTheMind"],"picked":"DeceiveReality","floor":5},{"not_picked":["Halt","FlurryOfBlows","Prostrate"],"picked":"SKIP","floor":6},{"not_picked":["ThirdEye","FlyingSleeves"],"picked":"SandsOfTime","floor":7},{"not_picked":["SandsOfTime","Nirvana"],"picked":"BattleHymn","floor":8},{"not_picked":["SandsOfTime","ForeignInfluence"],"picked":"Devotion","floor":12},{"not_picked":["Wireheading","ClearTheMind"],"picked":"LikeWater","floor":14},{"not_picked":["ConjureBlade","Judgement"],"picked":"DevaForm","floor":16},{"not_picked":["ClearTheMind","BattleHymn","EmptyBody"],"picked":"SKIP","floor":18},{"not_picked":["EmptyFist","BowlingBash","WheelKick"],"picked":"SKIP","floor":22},{"not_picked":["JustLucky","InnerPeace"],"picked":"WheelKick+1","floor":24},{"not_picked":["JustLucky+1","Protect"],"picked":"Swivel+1","floor":28},{"not_picked":["DeceiveReality","FollowUp"],"picked":"TalkToTheHand","floor":30}],"player_experience":734826,"relics_obtained":[{"floor":6,"key":"Ornamental Fan"},{"floor":9,"key":"Orichalcum"},{"floor":10,"key":"Odd Mushroom"},{"floor":12,"key":"Whetstone"},{"floor":26,"key":"Happy Flower"}],"event_choices":[{"cards_removed":["Defend_P"],"damage_healed":0,"gold_gain":0,"player_choice":"Offered Basic","damage_taken":0,"max_hp_gain":0,"max_hp_loss":0,"event_name":"Bonfire Elementals","floor":2,"gold_loss":0},{"damage_healed":0,"gold_gain":0,"player_choice":"Fought Mushrooms","damage_taken":0,"max_hp_gain":0,"max_hp_loss":0,"event_name":"Mushrooms","floor":10,"gold_loss":0},{"damage_healed":0,"gold_gain":0,"player_choice":"Obtained Relic","damage_taken":0,"relics_obtained":["Damaru"],"max_hp_gain":0,"max_hp_loss":0,"event_name":"Addict","floor":19,"gold_loss":85},{"cards_removed":["Defend_P"],"damage_healed":0,"gold_gain":0,"player_choice":"Gave Gold","damage_taken":0,"max_hp_gain":0,"max_hp_loss":0,"event_name":"Beggar","floor":20,"gold_loss":75},{"damage_healed":0,"gold_gain":0,"player_choice":"Ignored","damage_taken":0,"max_hp_gain":0,"max_hp_loss":0,"event_name":"NoteForYourself","floor":21,"gold_loss":0},{"damage_healed":0,"gold_gain":0,"player_choice":"Ignored","damage_taken":0,"max_hp_gain":0,"max_hp_loss":0,"event_name":"Ghosts","floor":29,"gold_loss":0}],"is_beta":false,"boss_relics":[{"not_picked":["Pandora\u0027s Box","Velvet Choker"],"picked":"VioletLotus"}],"items_purged_floors":[],"is_endless":false,"potions_floor_spawned":[1,4,7,10,12,14,22],"killed_by":"Automaton","ascension_level":0}}