{"host":"lte3xujvwediduij","time":1611568681,"event":{"mods":["Aspiration","BaseMod","Better-Laid Plans","Minty Spire (QoL Compilation)","Spicy Shops","StSLib","¡¾ÒÅÎï¿¨ÅÆ¡¿REMEMod","óô»ðÖ¸ÄÏ"],"gold_per_floor":[111,111,74,84,98,132,132,159,182,195,195,225,225,248,248,248,248],"floor_reached":16,"language":"ZHS","playtime":766,"items_purged":[],"score":118,"play_id":"5989244f-5317-4aa4-ad7d-2c157311c3a3","local_time":"20210125175801","is_ascension_mode":false,"campfire_choices":[{"floor":7.0,"key":"RECALL"},{"data":"Zap","floor":15.0,"key":"SMITH"}],"circlet_count":0,"master_deck":["Strike_B","Strike_B","Defend_B","Defend_B","Defend_B","Defend_B","Zap+1","Dualcast","BootSequence","Loop","Sweeping Beam","REME_Shoggoth","Conserve Battery","Go for the Eyes"],"relics":["Cracked Core","REME_ComplimentaryCards","aspiration:Nostalgia","PureWater","Toy Ornithopter","aspiration:MysteriousAuxiliaryCore","Letter Opener","REME_HandOfSuture","Odd Mushroom"],"acts_visited":["Exordium"],"potions_floor_usage":[16],"damage_taken":[{"damage":1.0,"enemies":"Jaw Worm","floor":1.0,"turns":3.0},{"damage":1.0,"enemies":"Cultist","floor":4.0,"turns":3.0},{"damage":0.0,"enemies":"Small Slimes","floor":5.0,"turns":4.0},{"damage":23.0,"enemies":"Gremlin Nob","floor":6.0,"turns":4.0},{"damage":11.0,"enemies":"Lagavulin","floor":8.0,"turns":7.0},{"damage":2.0,"enemies":"Blue Slaver","floor":10.0,"turns":3.0},{"damage":8.0,"enemies":"3 Sentries","floor":12.0,"turns":6.0},{"damage":10.0,"enemies":"The Mushroom Lair","floor":14.0,"turns":3.0},{"damage":27,"enemies":"The Guardian","floor":16,"turns":2}],"seed_played":"945245168301915745","potions_obtained":[{"floor":1.0,"key":"SteroidPotion"},{"floor":6.0,"key":"LiquidBronze"},{"floor":14.0,"key":"PowerPotion"}],"is_trial":false,"path_per_floor":["M","?","$","M","M","E","R","E","T","M","T","E","?","?","R","B"],"character_chosen":"DEFECT","items_purchased":["Loop"],"campfire_rested":0,"item_purchase_floors":[3],"current_hp_per_floor":[74,74,74,73,73,50,50,44,44,42,42,34,27,22,22,0,0],"gold":248,"neow_bonus":"NOSTALGIA","is_daily":false,"chose_seed":false,"campfire_upgraded":1,"win_rate":0.0,"timestamp":1611568681,"path_taken":["M","?","$","M","M","E","R","E","T","?","?","E","?","?","R","BOSS"],"items_purchased_type":["Card"],"build_version":"2020-12-22","purchased_purges":0,"victory":false,"max_hp_per_floor":[75,75,75,75,75,75,75,75,75,75,75,75,75,75,75,75,75],"card_choices":[{"not_picked":["Leap","Beam Cell"],"picked":"BootSequence","floor":1.0},{"not_picked":["Steam","Gash"],"picked":"Sweeping Beam","floor":4.0},{"not_picked":["Go for the Eyes","Glacier","Barrage"],"picked":"SKIP","floor":5.0},{"not_picked":["All For One","Chill","Undo"],"picked":"SKIP","floor":6.0},{"not_picked":["Coolheaded","Streamline","Sunder"],"picked":"SKIP","floor":8.0},{"not_picked":["Sweeping Beam","Seek","Hello World"],"picked":"SKIP","floor":10.0},{"not_picked":["Sweeping Beam","Genetic Algorithm"],"picked":"Conserve Battery","floor":12.0},{"not_picked":["Coolheaded","Steam"],"picked":"Go for the Eyes","floor":14.0}],"player_experience":32450,"relics_obtained":[{"floor":6.0,"key":"Toy Ornithopter"},{"floor":8.0,"key":"aspiration:MysteriousAuxiliaryCore"},{"floor":11.0,"key":"Letter Opener"},{"floor":12.0,"key":"REME_HandOfSuture"},{"floor":14.0,"key":"Odd Mushroom"}],"event_choices":[{"cards_removed":["Strike_B"],"damage_healed":0.0,"max_hp_gain":0.0,"max_hp_loss":0.0,"gold_gain":0.0,"event_name":"Bonfire Elementals","player_choice":"Offered Basic","floor":2.0,"gold_loss":0.0,"damage_taken":0.0},{"cards_removed":["Strike_B"],"damage_healed":0.0,"max_hp_gain":0.0,"max_hp_loss":0.0,"gold_gain":0.0,"event_name":"Golden Wing","player_choice":"Card Removal","floor":13.0,"gold_loss":0.0,"damage_taken":7.0},{"damage_healed":0.0,"max_hp_gain":0.0,"max_hp_loss":0.0,"gold_gain":0.0,"event_name":"Mushrooms","player_choice":"Fought Mushrooms","floor":14.0,"gold_loss":0.0,"damage_taken":0.0}],"is_beta":false,"boss_relics":[],"items_purged_floors":[],"is_endless":false,"potions_floor_spawned":[1,6,14],"killed_by":"The Guardian","ascension_level":0}}