{"host":"xp5rvh2jwe2ejyfm","time":1611539532,"event":{"mods":["BaseMod","Downfall","Duelist Mod","GifTheSpireLib","Gremlin Mod","Hermit","Hubris","Minty Spire (QoL Compilation)","Robot Space Explorer","StSLib","The Blackbeard","The Clintock","The Construct","The Cursed","The Disciple","The Forsaken","The Hierophant","The Necromancer","The Runesmith","The Servant 0.9.4"],"gold_per_floor":[119,137,137,156,168,168,188,217,217,229,229,262,27,53,53,157,157,131,146,162,55,55,55,70,99,99,125,138,150,150,160,160,257,257,277,291,345,358,47,47,47],"floor_reached":40,"language":"ENG","playtime":2817,"items_purged":[],"score":477,"play_id":"50cf6ff1-ba94-4071-a5ae-f27eb94a0d70","local_time":"20210124205212","is_ascension_mode":false,"campfire_choices":[{"data":"theForsaken:Smite","floor":6,"key":"SMITH"},{"data":"theForsaken:DefensiveStance","floor":15,"key":"SMITH"},{"data":"theForsaken:DefensiveStance","floor":23,"key":"SMITH"},{"floor":30,"key":"RECALL"},{"data":"theForsaken:HymnOfRest","floor":32,"key":"SMITH"}],"circlet_count":0,"master_deck":["theForsaken:TheForsaken_Strike","theForsaken:TheForsaken_Strike","theForsaken:TheForsaken_Strike","theForsaken:TheForsaken_Strike","theForsaken:TheForsaken_Defend","theForsaken:TheForsaken_Defend","theForsaken:TheForsaken_Defend","theForsaken:TheForsaken_Defend","theForsaken:Smite+1","theForsaken:Penitence","theForsaken:InspiringBlow+1","theForsaken:HymnOfPatience","theForsaken:Preservation","theForsaken:HymnOfRest+1","theForsaken:QuickAttack","theForsaken:DefensiveStance+1","theForsaken:FatRoll+1","theForsaken:Bolster","theForsaken:Prudence","theForsaken:AncientWords","theForsaken:Devotion","theForsaken:DefensiveStance+1","theForsaken:BountifulSunlight","theForsaken:FuryStrikes+1","theForsaken:RainingSunlight+1","theForsaken:Bolster","theForsaken:BindingThorns+1","theForsaken:QuickAttack+1","theForsaken:FuryStrikes+1","theForsaken:QuickAttack+1","theForsaken:Thunderbolt+1","theForsaken:Prudence","theForsaken:WordsOfPestilence"],"relics":["theForsaken:JudgementScales","Bottled Lightning","theForsaken:HumbleEgg","hubris:Towel","Singing Bowl","Oddly Smooth Stone","Pen Nib","construct:WeddingRing","Potion Belt","theForsaken:Lifeblossom","construct:ClawGrip","Mango","hubris:PeanutButter"],"acts_visited":["Exordium","TheCity","TheBeyond"],"potions_floor_usage":[8,12,12,14,27],"damage_taken":[{"damage":1,"enemies":"Small Slimes","floor":1,"turns":4},{"damage":6,"enemies":"Jaw Worm","floor":2,"turns":4},{"damage":0,"enemies":"Cultist","floor":4,"turns":4},{"damage":8,"enemies":"Large Slime","floor":5,"turns":8},{"damage":11,"enemies":"Blue Slaver","floor":7,"turns":4},{"damage":34,"enemies":"Lagavulin","floor":8,"turns":10},{"damage":0,"enemies":"2 Fungi Beasts","floor":10,"turns":3},{"damage":19,"enemies":"3 Sentries","floor":12,"turns":10},{"damage":11,"enemies":"Lagavulin","floor":14,"turns":9},{"damage":32,"enemies":"Hexaghost","floor":16,"turns":16},{"damage":5,"enemies":"2 Thieves","floor":18,"turns":5},{"damage":6,"enemies":"3 Byrds","floor":19,"turns":9},{"damage":24,"enemies":"Snake Plant","floor":20,"turns":6},{"damage":4,"enemies":"Chosen and Byrds","floor":24,"turns":10},{"damage":29,"enemies":"theDuelist:KaibaA2","floor":25,"turns":11},{"damage":26,"enemies":"Gremlin Leader","floor":27,"turns":10},{"damage":7,"enemies":"Centurion and Healer","floor":28,"turns":15},{"damage":0,"enemies":"Shelled Parasite and Fungi","floor":29,"turns":8},{"damage":0,"enemies":"Cultist and Chosen","floor":31,"turns":8},{"damage":22,"enemies":"Champ","floor":33,"turns":17},{"damage":22,"enemies":"3 Shapes","floor":35,"turns":6},{"damage":9,"enemies":"Orb Walker","floor":36,"turns":5},{"damage":69,"enemies":"2 Orb Walkers","floor":37,"turns":7},{"damage":3,"enemies":"Maw","floor":38,"turns":10},{"damage":84,"enemies":"Reptomancer","floor":40,"turns":2}],"seed_played":"-8795650766322160030","potions_obtained":[{"floor":0,"key":"SkillPotion"},{"floor":0,"key":"Explosive Potion"},{"floor":0,"key":"SteroidPotion"},{"floor":1,"key":"AttackPotion"},{"floor":12,"key":"Regen Potion"},{"floor":18,"key":"hexamod:SoulburnPotion"},{"floor":25,"key":"sneckomod:MuddlingPotion"},{"floor":28,"key":"GamblersBrew"},{"floor":37,"key":"champ:CounterPotion"},{"floor":38,"key":"Swift Potion"}],"is_trial":false,"path_per_floor":["M","M","?","M","M","R","M","E","T","M","?","E","$","E","R","B",null,"M","M","M","$","?","R","M","E","T","E","M","M","R","M","R","B",null,"M","M","?","M","$","E"],"character_chosen":"THE_FORSAKEN","items_purchased":["Oddly Smooth Stone","theForsaken:Bolster","theForsaken:DefensiveStance","theForsaken:BountifulSunlight","hubris:PeanutButter","theForsaken:WordsOfPestilence"],"campfire_rested":0,"item_purchase_floors":[13,13,21,21,39,39],"current_hp_per_floor":[65,60,60,63,60,60,55,39,39,42,42,37,37,69,69,51,69,67,71,55,55,71,71,73,73,73,73,73,73,73,73,73,75,75,75,75,42,62,62,0,0],"gold":47,"neow_bonus":"THREE_SMALL_POTIONS","is_daily":false,"chose_seed":false,"campfire_upgraded":4,"win_rate":0.0,"timestamp":1611539532,"path_taken":["M","M","?","M","M","R","M","E","T","M","?","E","?","E","R","BOSS","M","M","M","$","?","R","M","E","T","E","?","M","R","M","R","BOSS","M","M","?","M","$","E"],"items_purchased_type":["Relic","Card","Card","Card","Relic","Card"],"build_version":"2020-12-22","purchased_purges":0,"victory":false,"max_hp_per_floor":[65,65,65,65,65,65,65,65,65,65,65,67,67,69,69,69,69,69,71,71,71,71,71,73,73,73,73,73,73,73,73,73,75,75,75,75,89,89,89,89,89],"card_choices":[{"not_picked":["theForsaken:PowerUp","theForsaken:ShieldCharge"],"picked":"theForsaken:InspiringBlow","floor":1},{"not_picked":["theForsaken:ScorchingSunlight","theForsaken:NobleSacrifice"],"picked":"theForsaken:HymnOfPatience","floor":2},{"not_picked":["theForsaken:SolarFlare","theForsaken:CreepingInfection"],"picked":"theForsaken:Preservation","floor":4},{"not_picked":["theForsaken:WordsOfPestilence","theForsaken:PanicDive"],"picked":"theForsaken:HymnOfRest","floor":5},{"not_picked":["theForsaken:ShieldCharge","theForsaken:HymnOfPatience"],"picked":"theForsaken:QuickAttack","floor":7},{"not_picked":["theForsaken:BlindFaith","theForsaken:ShieldCharge"],"picked":"theForsaken:DefensiveStance","floor":8},{"not_picked":["theForsaken:Preservation+1","theForsaken:WordsOfPestilence"],"picked":"theForsaken:FatRoll+1","floor":10},{"not_picked":["theForsaken:NobleSacrifice+1","theForsaken:HymnOfPatience+1","theForsaken:WrathOfGod"],"picked":"Singing Bowl","floor":12},{"not_picked":["theForsaken:BlightOfFamine","theForsaken:CorruptedWord","theForsaken:HorrifyingStrike+1"],"picked":"Singing Bowl","floor":14},{"not_picked":["theForsaken:CorruptDeck","theForsaken:Retribution"],"picked":"theForsaken:Prudence","floor":16},{"not_picked":["theForsaken:PanicDive+1","theForsaken:WordsOfPestilence+1"],"picked":"theForsaken:AncientWords","floor":18},{"not_picked":["theForsaken:HorrifyingStrike+1","theForsaken:ShieldBash+1","theForsaken:HymnOfRest"],"picked":"Singing Bowl","floor":19},{"not_picked":["theForsaken:FatRoll+1","theForsaken:ChargeAttack+1"],"picked":"theForsaken:Devotion","floor":20},{"not_picked":["theForsaken:PreciseStrike","theForsaken:BottledPlague","theForsaken:Terrorize+1"],"picked":"Singing Bowl","floor":24},{"not_picked":["theForsaken:Thunderbolt+1","theForsaken:Backlash+1"],"picked":"theForsaken:FuryStrikes+1","floor":25},{"not_picked":["theForsaken:SiphonStrike","theForsaken:PreciseStrike"],"picked":"theForsaken:RainingSunlight+1","floor":27},{"not_picked":["theForsaken:ShieldBash+1","theForsaken:AncientWords"],"picked":"theForsaken:Bolster","floor":28},{"not_picked":["theForsaken:ScorchingSunlight+1","theForsaken:Backlash+1"],"picked":"theForsaken:BindingThorns+1","floor":29},{"not_picked":["theForsaken:Parry+1","theForsaken:DivineGuidance"],"picked":"theForsaken:QuickAttack+1","floor":31},{"not_picked":["theForsaken:CorruptDeck","theForsaken:Mantra","theForsaken:Temperance"],"picked":"Singing Bowl","floor":33},{"not_picked":["theForsaken:Devotion","theForsaken:HorrifyingStrike+1"],"picked":"theForsaken:FuryStrikes+1","floor":35},{"not_picked":["theForsaken:ScorchingSunlight+1","theForsaken:Riposte"],"picked":"theForsaken:QuickAttack+1","floor":36},{"not_picked":["theForsaken:FatRoll+1","theForsaken:ChargeAttack+1"],"picked":"theForsaken:Thunderbolt+1","floor":37},{"not_picked":["theForsaken:DefensiveStance","theForsaken:QuickAttack+1"],"picked":"theForsaken:Prudence","floor":38}],"player_experience":320044,"relics_obtained":[{"floor":8,"key":"Bottled Lightning"},{"floor":9,"key":"theForsaken:HumbleEgg"},{"floor":12,"key":"Singing Bowl"},{"floor":14,"key":"Pen Nib"},{"floor":25,"key":"Potion Belt"},{"floor":27,"key":"theForsaken:Lifeblossom"},{"floor":37,"key":"Mango"}],"event_choices":[{"damage_healed":0,"gold_gain":0,"player_choice":"Grow","damage_taken":0,"max_hp_gain":0,"max_hp_loss":0,"event_name":"Living Wall","floor":3,"gold_loss":0,"cards_upgraded":["theForsaken:InspiringBlow"]},{"damage_healed":16,"gold_gain":0,"player_choice":"Full Heal","damage_taken":0,"max_hp_gain":0,"max_hp_loss":0,"event_name":"Wheel of Change","floor":22,"gold_loss":0},{"damage_healed":0,"gold_gain":0,"player_choice":"Fight","damage_taken":0,"max_hp_gain":0,"max_hp_loss":0,"event_name":"Mysterious Sphere","floor":37,"gold_loss":0}],"is_beta":false,"boss_relics":[{"not_picked":["Coffee Dripper","hubris:VirtuousBlindfold"],"picked":"construct:WeddingRing"},{"not_picked":["Runic Pyramid","hubris:BlackHole"],"picked":"construct:ClawGrip"}],"items_purged_floors":[],"is_endless":false,"potions_floor_spawned":[1,7,12,14,18,25,28,37,38],"killed_by":"Reptomancer","ascension_level":0}}