{"host":"i0avyit1s6jb1siw","time":1611589735,"event":{"mods":["BaseMod","DeckTracker","Dota2Spire","Highlight Path","Minty Spire (QoL Compilation)","Quick Restart","StSLib","SuperFastMode"],"gold_per_floor":[114,114,158,201,249,249,249,249],"floor_reached":7,"language":"ENG","playtime":143,"items_purged":[],"score":86,"play_id":"7a5f40ac-0aa3-41e4-9a53-249e1bc572c9","local_time":"20210125164855","is_ascension_mode":true,"campfire_choices":[{"data":"Cloak And Dagger","floor":6,"key":"SMITH"}],"circlet_count":0,"master_deck":["AscendersBane","Strike_G","Strike_G","Strike_G","Strike_G","Strike_G","Defend_G","Defend_G","Defend_G","Defend_G","Defend_G","Survivor","Neutralize","Cloak And Dagger+1","All Out Attack","Accuracy"],"relics":["Runic Pyramid","Dota2Spire:HandOfMidas"],"acts_visited":["Exordium"],"potions_floor_usage":[7,7],"damage_taken":[{"damage":2,"enemies":"Jaw Worm","floor":1,"turns":5},{"damage":2,"enemies":"Small Slimes","floor":3,"turns":4},{"damage":4,"enemies":"2 Louse","floor":4,"turns":3},{"damage":1,"enemies":"Looter","floor":5,"turns":5},{"damage":54,"enemies":"Gremlin Nob","floor":7,"turns":4}],"seed_played":"-8420378477434173515","potions_obtained":[{"floor":1,"key":"Explosive Potion"},{"floor":4,"key":"EntropicBrew"}],"is_trial":false,"path_per_floor":["M","?","M","M","M","R","E"],"character_chosen":"THE_SILENT","items_purchased":[],"campfire_rested":0,"item_purchase_floors":[],"current_hp_per_floor":[57,46,44,40,39,39,0,0],"gold":249,"neow_bonus":"BOSS_RELIC","is_daily":false,"chose_seed":false,"campfire_upgraded":1,"win_rate":0.0,"timestamp":1611589735,"path_taken":["M","?","M","M","M","R","E"],"items_purchased_type":[],"build_version":"2020-12-22","purchased_purges":0,"victory":false,"max_hp_per_floor":[66,66,66,66,66,66,66,66],"card_choices":[{"not_picked":["Expertise","Deflect"],"picked":"Cloak And Dagger","floor":1},{"not_picked":["Cloak And Dagger","Riddle With Holes"],"picked":"All Out Attack","floor":3},{"not_picked":["Underhanded Strike","Bane"],"picked":"Accuracy","floor":4},{"not_picked":["Outmaneuver","Deadly Poison","Acrobatics"],"picked":"SKIP","floor":5}],"player_experience":2334514,"relics_obtained":[],"event_choices":[{"damage_healed":0,"gold_gain":0,"player_choice":"Success","damage_taken":11,"relics_obtained":["Dota2Spire:HandOfMidas"],"max_hp_gain":0,"max_hp_loss":0,"event_name":"Scrap Ooze","floor":2,"gold_loss":0}],"is_beta":false,"boss_relics":[],"items_purged_floors":[],"is_endless":false,"potions_floor_spawned":[1,4],"killed_by":"Gremlin Nob","ascension_level":20}}