{"host":"ew66i0vuc7r9fnl7","time":1611542821,"event":{"mods":["Arknights The Spire","BaseMod","DeckTracker","Minty Spire (QoL Compilation)","StSLib"],"gold_per_floor":[114,114,64,79,4,4,34,34,109,124,139,154,169,184,184,284,284,299,314,329,329,344,344,374,389,389,389,389],"floor_reached":27,"language":"KOR","playtime":1790,"items_purged":["Pommel Strike"],"score":241,"play_id":"d71534ab-48f6-4a51-82a4-207e54ba923e","local_time":"20210125114701","daily_mods":["Draft","ControlledChaos","Terminal"],"is_ascension_mode":false,"campfire_choices":[{"data":"Inflame","floor":6.0,"key":"SMITH"},{"data":"Sentinel","floor":8.0,"key":"SMITH"},{"data":"Wild Strike","floor":15.0,"key":"SMITH"},{"data":"Corruption","floor":23.0,"key":"SMITH"}],"circlet_count":0,"master_deck":["True Grit","Anger","Pummel","Inflame+1","Iron Wave","Shrug It Off","Shrug It Off","Sword Boomerang","Second Wind","Headbutt","Blood for Blood","Flex","Wild Strike+1","Sentinel+1","Corruption+1","Feel No Pain","Rupture+1"],"relics":["Burning Blood","Frozen Eye","Mercury Hourglass","Philosopher\u0027s Stone","Oddly Smooth Stone","Darkstone Periapt"],"acts_visited":["Exordium","TheCity"],"potions_floor_usage":[25,27],"damage_taken":[{"damage":0.0,"enemies":"Small Slimes","floor":1.0,"turns":2.0},{"damage":2.0,"enemies":"2 Louse","floor":4.0,"turns":2.0},{"damage":15.0,"enemies":"Lagavulin","floor":7.0,"turns":5.0},{"damage":0.0,"enemies":"Jaw Worm","floor":10.0,"turns":2.0},{"damage":0.0,"enemies":"Lots of Slimes","floor":11.0,"turns":2.0},{"damage":0.0,"enemies":"Gremlin Gang","floor":12.0,"turns":4.0},{"damage":0.0,"enemies":"2 Fungi Beasts","floor":13.0,"turns":3.0},{"damage":0.0,"enemies":"Blue Slaver","floor":14.0,"turns":3.0},{"damage":56.0,"enemies":"The Guardian","floor":16.0,"turns":8.0},{"damage":11.0,"enemies":"3 Byrds","floor":18.0,"turns":5.0},{"damage":2.0,"enemies":"Spheric Guardian","floor":19.0,"turns":4.0},{"damage":0.0,"enemies":"Centurion and Healer","floor":20.0,"turns":5.0},{"damage":7.0,"enemies":"Snake Plant","floor":21.0,"turns":5.0},{"damage":32.0,"enemies":"3 Cultists","floor":22.0,"turns":5.0},{"damage":28.0,"enemies":"Book of Stabbing","floor":24.0,"turns":7.0},{"damage":2,"enemies":"Snecko","floor":25,"turns":5},{"damage":14,"enemies":"Shelled Parasite and Fungi","floor":27,"turns":2}],"seed_played":"-992185634128019100","potions_obtained":[{"floor":4.0,"key":"GamblersBrew"},{"floor":7.0,"key":"LiquidMemories"},{"floor":14.0,"key":"Swift Potion"}],"is_trial":false,"path_per_floor":["M","?","?","M","$","R","E","R","T","M","M","M","M","M","R","B",null,"M","M","M","M","M","R","E","M","T","M"],"character_chosen":"IRONCLAD","items_purchased":[],"campfire_rested":0,"item_purchase_floors":[],"current_hp_per_floor":[78,77,76,75,74,73,64,64,64,69,68,67,66,65,64,14,62,57,60,59,58,32,32,10,14,14,0,0],"gold":389,"neow_bonus":"","is_daily":true,"chose_seed":false,"campfire_upgraded":4,"win_rate":0.0,"timestamp":1611542821,"path_taken":["M","?","?","M","?","R","E","R","T","M","M","M","M","M","R","BOSS","M","?","M","?","M","R","E","M","T","M"],"items_purchased_type":[],"build_version":"2020-12-22","purchased_purges":1,"victory":false,"max_hp_per_floor":[78,77,76,75,74,73,72,71,70,69,68,67,66,65,64,63,62,61,60,59,58,57,56,55,54,53,53,53],"card_choices":[{"not_picked":["Clash","Sword Boomerang"],"picked":"True Grit","floor":0.0},{"not_picked":["Blood for Blood","Dual Wield"],"picked":"Anger","floor":0.0},{"not_picked":["Anger","Clash"],"picked":"Pummel","floor":0.0},{"not_picked":["Rage","Searing Blow"],"picked":"Inflame","floor":0.0},{"not_picked":["Uppercut","Warcry"],"picked":"Iron Wave","floor":0.0},{"not_picked":["Thunderclap","Havoc"],"picked":"Shrug It Off","floor":0.0},{"not_picked":["Clothesline","Cleave"],"picked":"Shrug It Off","floor":0.0},{"not_picked":["Thunderclap","Rage"],"picked":"Sword Boomerang","floor":0.0},{"not_picked":["Anger","True Grit"],"picked":"Second Wind","floor":0.0},{"not_picked":["Cleave","Twin Strike"],"picked":"Clash","floor":0.0},{"not_picked":["Flex","Anger"],"picked":"Headbutt","floor":0.0},{"not_picked":["Anger","Flex"],"picked":"Pommel Strike","floor":0.0},{"not_picked":["Entrench","Twin Strike"],"picked":"Blood for Blood","floor":0.0},{"not_picked":["Shockwave","Clothesline"],"picked":"Flex","floor":0.0},{"not_picked":["Twin Strike","Body Slam"],"picked":"Wild Strike","floor":0.0},{"not_picked":["Intimidate","True Grit","Headbutt"],"picked":"SKIP","floor":1.0},{"not_picked":["Blood for Blood","Clash","Carnage"],"picked":"SKIP","floor":4.0},{"not_picked":["Fire Breathing","Juggernaut"],"picked":"Sentinel","floor":7.0},{"not_picked":["Thunderclap","Warcry","Ghostly Armor"],"picked":"SKIP","floor":10.0},{"not_picked":["True Grit","Havoc","Thunderclap"],"picked":"SKIP","floor":11.0},{"not_picked":["Pommel Strike","Flex","Inflame"],"picked":"SKIP","floor":12.0},{"not_picked":["Pummel","Clash","Reckless Charge"],"picked":"SKIP","floor":13.0},{"not_picked":["Thunderclap","Perfected Strike","Evolve"],"picked":"SKIP","floor":14.0},{"not_picked":["Brutality","Double Tap"],"picked":"Corruption","floor":16.0},{"not_picked":["Headbutt","Infernal Blade+1"],"picked":"Feel No Pain","floor":18.0},{"not_picked":["Clothesline","Perfected Strike+1","Blood for Blood"],"picked":"SKIP","floor":19.0},{"not_picked":["Heavy Blade","Clothesline+1","Perfected Strike"],"picked":"SKIP","floor":20.0},{"not_picked":["Shockwave","Havoc"],"picked":"Rupture+1","floor":21.0},{"not_picked":["Cleave+1","Wild Strike+1","Twin Strike"],"picked":"SKIP","floor":22.0},{"not_picked":["Entrench","Carnage","Twin Strike"],"picked":"SKIP","floor":24.0},{"not_picked":["Pummel","Immolate","Iron Wave"],"picked":"SKIP","floor":25}],"player_experience":618081,"relics_obtained":[{"floor":9.0,"key":"Mercury Hourglass"},{"floor":24.0,"key":"Oddly Smooth Stone"},{"floor":26,"key":"Darkstone Periapt"}],"event_choices":[{"damage_healed":0.0,"max_hp_gain":0.0,"max_hp_loss":0.0,"gold_gain":0.0,"event_name":"Liars Game","player_choice":"Ignored","floor":2.0,"gold_loss":0.0,"damage_taken":0.0},{"cards_removed":["Clash"],"damage_healed":0.0,"max_hp_gain":0.0,"max_hp_loss":0.0,"gold_gain":0.0,"event_name":"The Cleric","player_choice":"Card Removal","floor":3.0,"gold_loss":50.0,"damage_taken":0.0}],"is_beta":false,"boss_relics":[{"not_picked":["Runic Cube","Tiny House"],"picked":"Philosopher\u0027s Stone"}],"items_purged_floors":[5],"is_endless":false,"potions_floor_spawned":[4,7,14,16,19,22,24],"killed_by":"Shelled Parasite and Fungi","ascension_level":0}}