{"host":"t7mx8yfj1no5p62f","time":1611596079,"event":{"mods":["BaseMod","Bestiary","Colored Map","Colored Powertips","Minty Spire (QoL Compilation)","Relic Stats","StSLib","ojb\u0027s Info Mod"],"gold_per_floor":[113,113,132,150,150,150,177,195,240,240,240,240],"floor_reached":11,"language":"ENG","playtime":218,"items_purged":[],"score":146,"play_id":"24fc3f2e-299e-41fc-99b0-2ee4f10c7e87","local_time":"20210125123439","is_ascension_mode":true,"campfire_choices":[{"data":"Infernal Blade","floor":6,"key":"SMITH"},{"data":"Shockwave","floor":10,"key":"SMITH"}],"circlet_count":0,"master_deck":["AscendersBane","Strike_R","Strike_R","Strike_R","Strike_R","Defend_R","Defend_R","Defend_R","Defend_R","Bash","Infernal Blade+1","Pummel","Pummel","Shockwave+1"],"relics":["Burning Blood","NeowsBlessing","Darkstone Periapt","Bag of Marbles"],"acts_visited":["Exordium"],"potions_floor_usage":[7,8,11],"damage_taken":[{"damage":0,"enemies":"Jaw Worm","floor":1,"turns":1},{"damage":0,"enemies":"Cultist","floor":3,"turns":1},{"damage":0,"enemies":"2 Louse","floor":4,"turns":1},{"damage":74,"enemies":"Lagavulin","floor":7,"turns":11},{"damage":0,"enemies":"Exordium Wildlife","floor":8,"turns":2},{"damage":19,"enemies":"3 Sentries","floor":11,"turns":6}],"seed_played":"-7663523439832654172","potions_obtained":[{"floor":1,"key":"SkillPotion"},{"floor":7,"key":"SteroidPotion"},{"floor":8,"key":"Dexterity Potion"}],"is_trial":false,"path_per_floor":["M","?","M","M","?","R","E","M","T","R","E"],"character_chosen":"IRONCLAD","items_purchased":[],"campfire_rested":0,"item_purchase_floors":[],"current_hp_per_floor":[74,74,75,75,80,80,12,18,18,18,0,0],"gold":240,"neow_bonus":"THREE_ENEMY_KILL","is_daily":false,"chose_seed":false,"campfire_upgraded":2,"win_rate":0.0,"timestamp":1611596079,"path_taken":["M","?","M","?","?","R","E","M","T","R","E"],"items_purchased_type":[],"build_version":"2020-12-22","purchased_purges":0,"victory":false,"max_hp_per_floor":[75,75,75,75,80,80,80,80,80,80,80,80],"relic_stats":{"Darkstone Periapt":0,"counters":[6,22],"obtain_stats":[{"Darkstone Periapt":7,"NeowsBlessing":0,"Bag of Marbles":9,"Burning Blood":0},{"Darkstone Periapt":4,"NeowsBlessing":0,"Bag of Marbles":5,"Burning Blood":0},{"Darkstone Periapt":14,"NeowsBlessing":0,"Bag of Marbles":16,"Burning Blood":0}],"Burning Blood":19},"card_choices":[{"not_picked":["Heavy Blade","Rupture"],"picked":"Infernal Blade","floor":1},{"not_picked":["Shrug It Off","Iron Wave"],"picked":"Pummel","floor":3},{"not_picked":["Body Slam","Rupture"],"picked":"Pummel","floor":4},{"not_picked":["Headbutt","Body Slam"],"picked":"Shockwave","floor":7},{"not_picked":["Clash","Searing Blow","Heavy Blade"],"picked":"SKIP","floor":8}],"player_experience":1855675,"relics_obtained":[{"floor":7,"key":"Darkstone Periapt"},{"floor":9,"key":"Bag of Marbles"}],"event_choices":[{"cards_removed":["Strike_R"],"damage_healed":0,"gold_gain":0,"player_choice":"Offered Basic","damage_taken":0,"max_hp_gain":0,"max_hp_loss":0,"event_name":"Bonfire Elementals","floor":2,"gold_loss":0},{"damage_healed":0,"gold_gain":0,"player_choice":"Donut","damage_taken":0,"max_hp_gain":5,"max_hp_loss":0,"event_name":"Big Fish","floor":5,"gold_loss":0}],"is_beta":false,"boss_relics":[],"items_purged_floors":[],"is_endless":false,"potions_floor_spawned":[1,7,8],"killed_by":"3 Sentries","ascension_level":20}}