{"host":"xmrw7jl1ir2912vf","time":1611599419,"event":{"mods":["BaseMod","Minty Spire (QoL Compilation)","Relic Stats"],"gold_per_floor":[116,116,86,97,113,142,155,184,184,184,211,211,38,53,53,131,131,146,120,120,20,20,20],"floor_reached":22,"language":"ENG","playtime":2273,"items_purged":["Strike_R","Strike_R"],"score":388,"play_id":"dfde1439-437a-49ed-a534-a72b558dc7d0","local_time":"20210125133019","is_ascension_mode":true,"campfire_choices":[{"data":"Uppercut","floor":10,"key":"SMITH"},{"floor":12,"key":"REST"},{"data":"Fire Breathing","floor":15,"key":"SMITH"}],"circlet_count":0,"master_deck":["AscendersBane","Strike_R","Defend_R","Defend_R","Defend_R","Bash","Burning Pact","Shrug It Off","Uppercut+1","Flame Barrier","Hemokinesis","Feed","Dark Embrace","Cleave","Fire Breathing+1","Wild Strike","Berserk","True Grit+1","Evolve+1","Body Slam+1","Fire Breathing","Shrug It Off"],"relics":["Burning Blood","NeowsBlessing","PreservedInsect","Kunai","StrikeDummy","Orichalcum","Astrolabe"],"acts_visited":["Exordium","TheCity"],"potions_floor_usage":[3,6,6],"damage_taken":[{"damage":0,"enemies":"Small Slimes","floor":1,"turns":1},{"damage":0,"enemies":"Cultist","floor":4,"turns":1},{"damage":0,"enemies":"2 Louse","floor":5,"turns":1},{"damage":39,"enemies":"3 Sentries","floor":6,"turns":8},{"damage":8,"enemies":"Blue Slaver","floor":7,"turns":5},{"damage":10,"enemies":"Gremlin Nob","floor":8,"turns":3},{"damage":11,"enemies":"3 Sentries","floor":11,"turns":6},{"damage":3,"enemies":"3 Louse","floor":14,"turns":3},{"damage":10,"enemies":"Slime Boss","floor":16,"turns":7},{"damage":22,"enemies":"3 Byrds","floor":18,"turns":5},{"damage":19,"enemies":"2 Thieves","floor":19,"turns":4},{"damage":3,"enemies":"Centurion and Healer","floor":22,"turns":2}],"seed_played":"2490714403640688022","potions_obtained":[{"floor":3,"key":"AttackPotion"},{"floor":3,"key":"Fruit Juice"},{"floor":5,"key":"SkillPotion"},{"floor":6,"key":"Dexterity Potion"},{"floor":8,"key":"ElixirPotion"},{"floor":14,"key":"BloodPotion"}],"is_trial":false,"path_per_floor":["M","?","?","M","M","E","M","E","T","R","E","R","$","M","R","B",null,"M","M","?","$","M"],"character_chosen":"IRONCLAD","items_purchased":["Cleave","Fire Breathing"],"campfire_rested":1,"item_purchase_floors":[13,13],"current_hp_per_floor":[74,69,74,80,80,47,45,41,41,41,39,63,63,66,66,62,78,62,52,52,52,49,49],"gold":20,"neow_bonus":"THREE_ENEMY_KILL","is_daily":false,"chose_seed":false,"campfire_upgraded":2,"win_rate":0.0,"timestamp":1611599419,"path_taken":["M","?","?","?","M","E","M","E","T","R","E","R","$","M","R","BOSS","M","M","?","$","M"],"items_purchased_type":["Card","Card"],"build_version":"2020-12-22","purchased_purges":2,"victory":false,"max_hp_per_floor":[75,75,80,80,80,80,80,80,80,80,83,83,83,83,83,83,83,83,86,86,86,86,86],"relic_stats":{"counters":[12,46],"Astrolabe":["True Grit","Evolve","Body Slam"],"PreservedInsect":90,"Kunai":[3],"Orichalcum":[48],"obtain_stats":[{"NeowsBlessing":0,"Astrolabe":17,"PreservedInsect":2,"Kunai":6,"Orichalcum":11,"StrikeDummy":9,"Burning Blood":0},{"NeowsBlessing":0,"Astrolabe":9,"PreservedInsect":1,"Kunai":4,"Orichalcum":7,"StrikeDummy":6,"Burning Blood":0},{"NeowsBlessing":0,"Astrolabe":35,"PreservedInsect":1,"Kunai":11,"Orichalcum":25,"StrikeDummy":19,"Burning Blood":0}],"Burning Blood":60},"card_choices":[{"not_picked":["Heavy Blade","Flex"],"picked":"Burning Pact","floor":1},{"not_picked":["Evolve","Warcry"],"picked":"Shrug It Off","floor":4},{"not_picked":["Flex","Wild Strike"],"picked":"Uppercut","floor":5},{"not_picked":["Disarm","Double Tap"],"picked":"Flame Barrier","floor":6},{"not_picked":["Warcry","Clash"],"picked":"Hemokinesis","floor":7},{"not_picked":["Combust","Bloodletting"],"picked":"Feed","floor":8},{"not_picked":["Anger","Juggernaut"],"picked":"Dark Embrace","floor":11},{"not_picked":["Body Slam","Clothesline"],"picked":"Wild Strike","floor":14},{"not_picked":["Demon Form","Brutality"],"picked":"Berserk","floor":16},{"not_picked":["Spot Weakness+1","True Grit"],"picked":"Fire Breathing","floor":18},{"not_picked":["Battle Trance","Carnage"],"picked":"Shrug It Off","floor":19}],"player_experience":454129,"relics_obtained":[{"floor":6,"key":"Kunai"},{"floor":9,"key":"StrikeDummy"},{"floor":11,"key":"Orichalcum"}],"event_choices":[{"damage_healed":0,"gold_gain":0,"player_choice":"Success","damage_taken":5,"relics_obtained":["PreservedInsect"],"max_hp_gain":0,"max_hp_loss":0,"event_name":"Scrap Ooze","floor":2,"gold_loss":0},{"damage_healed":0,"gold_gain":0,"player_choice":"Bought 2 Potions","damage_taken":0,"max_hp_gain":0,"max_hp_loss":0,"event_name":"The Woman in Blue","floor":3,"gold_loss":0},{"damage_healed":0,"gold_gain":0,"player_choice":"Ignored","damage_taken":0,"max_hp_gain":0,"max_hp_loss":0,"event_name":"Vampires","floor":20,"gold_loss":0}],"is_beta":false,"boss_relics":[{"not_picked":["Runic Pyramid","Black Blood"],"picked":"Astrolabe"}],"items_purged_floors":[13,21],"is_endless":false,"potions_floor_spawned":[5,6,8,14,16,18],"killed_by":"Centurion and Healer","ascension_level":18}}