{"host":"2hlhnd4tei6r1t0s","time":1611569361,"event":{"mods":["100% Spire Juice","ATMod(阿瑾Mod)","Act Like it!","Arknights The Spire","Aspiration","Astrologer","Bard","BaseMod","Chen","Conspire","Dota2Spire","Downfall","Energized Spire","Evolution","Gensokyo","Gremlin Mod","Hallownest","HololiveMod","HumanHunterMod(怪物杀人mod)","Jedi Mod","Jorbs\u0027s Wanderer Trilogy","KinomotoSakuraMod(木之本樱)","Koishi","Lobotomy","LobotomyExtend","Luminous","Mari Mod (Legacy)","Mari\u0027s V1 Patch","Minty Spire (QoL Compilation)","MostiFishMod","Pale of the Ancients","Potionbrewer","Prisma Mod","Quick Restart","Reimu（博丽灵梦）","Replay The Spire","Robot Space Explorer","RumiaBox-露米娅的神秘盒子","Slay the StarCraft II Mod","Spicy Shops","StSLib","TestMod","The Administrix","The Alterego","The Animator","The Blackbeard","The Construct","The Cursed","The Forsaken","The Gatherer","The Hayseed","The Jungle","The Marked","The Mystic","The Runesmith","The Saiyan","The Senshi","The Showman","TheHeartMod","TheWitcher","Uncapped","WarShipGirlsR/战舰少女R mod","Yakumo Yukari mod","Yuyuko","[GremlinLeader]The Maniac","[IsaacMod]以撒尖塔","noobMod","【功能Mod】混沌之环修复补丁","【功能Mod】聪明的最终Boss","【遗物卡牌】REMEMod","残留之物","篝火指南"],"gold_per_floor":[113,999210,999230,999279,999291,998605,998532,998550,998618,998682,998718,998785,998844,998844,998751,998895,998895,999010,999077,999077,1999140,999077,999077,999077,999077,999127,999127,999127],"floor_reached":10,"language":"ZHS","playtime":5484,"items_purged":["Writhe","construct:DefenseMode","construct:Defend_Gold","construct:Defend_Gold","construct:Defend_Gold","construct:Defend_Gold","Clumsy","Decay","construct:Defend_Gold","Luminous:Dark_Pressure_Void","animator:Gillette"],"score":293,"play_id":"6121cb7b-603b-4cd4-8c31-772900fc1e38","local_time":"20210125180921","is_ascension_mode":true,"campfire_choices":[],"circlet_count":0,"master_deck":[],"relics":["construct:Cogwheel","EVO:Axolotl","ice","testmod-TestBox","DaveBox","REME_ComplimentaryCards","HushsDoor","AT_ATBox","TuHaoJin","BirthdayGift-Tetrahedron","testmod-ThousandKnives","aspiration:Nostalgia","m_BurningSludge","SynthV:TestCard","Juzu Bracelet","Anchor","Potion Belt","testmod-Justice","SteamSale","ClockworkSouvenir","Dota2Spire:DivineRapier","jedi:firstaidkit","Frozen Eye","PrismaticShard","Membership Card","aspiration:Lifesprig","PlaceholderMod:DeVermisMysteriis","AT_MibuBalloonWealth","testmod-LifeArmor","REME_CardOfGreed","CeramicFish","Oddly Smooth Stone","construct:MasterCore","Blue Doll","BrkXgEgg","REME_HourglassOfDeath","Question Card","Gremlin Food","testmod-Faith","TheAbacus","Orichalcum","jedi:heavyjacket","AT_SunfireAegis","Dota2Spire:MaskOfMadness","Frozen Egg 2","Dota2Spire:OrchidMalevolence","Boot","potionbrewer:SalesContract","DollysMirror","Pet Ghost","Coffee Dripper","LaetitiaHeart","InspiredRelic","ice","SynthV:TestCard","LetterFromLob","AT_RedTearstoneRing","ImprovedEquipment","Strawberry","Gremlin Horn","Bronze Scales","potionbrewer:Keyblade","potionbrewer:BoosterPack","theForsaken:Gavel","testmod-Alchemist","Habit","Dota2Spire:BladeMail","MealTicket","testmod-MagicalMallet","Gaze_r","HonorFeather","InspiredRelic"],"acts_visited":["Exordium","Exordium"],"potions_floor_usage":[],"damage_taken":[{"damage":12,"enemies":"Cultist","floor":1,"turns":5},{"damage":17,"enemies":"2 Louse","floor":3,"turns":8},{"damage":33,"enemies":"Jaw Worm","floor":5,"turns":6},{"damage":3,"enemies":"Gremlin Nob","floor":10,"turns":5},{"damage":0,"enemies":"Exordium Thugs","floor":12,"turns":6},{"damage":0,"enemies":"Lagavulin","floor":13,"turns":2},{"damage":0,"enemies":"Hexaghost","floor":16,"turns":11},{"damage":0,"enemies":"theJungle:GiantWrat","floor":18,"turns":7},{"damage":0,"enemies":"theJungle:GiantWrat","floor":18,"turns":6},{"damage":0,"enemies":"Jaw Worm","floor":1,"turns":2},{"damage":0,"enemies":"Cultist","floor":2,"turns":2},{"damage":0,"enemies":"3 Sentries","floor":9,"turns":7},{"damage":0,"enemies":"3 Sentries","floor":9,"turns":7},{"damage":0,"enemies":"Small Slimes","floor":10,"turns":1}],"seed_played":"-4405034706876889309","potions_obtained":[{"floor":4,"key":"Block Potion"},{"floor":4,"key":"potionbrewer:InfectionPotion"},{"floor":4,"key":"PlaceholderMod:PlaceholderPotion"},{"floor":5,"key":"Weak Potion"},{"floor":12,"key":"potionbrewer:MidasPotion"},{"floor":13,"key":"Ancient Potion"}],"is_trial":false,"path_per_floor":["M","$","M","?","M","R","$","R","T","E","R","M","E","T","R","B",null,"M","M","M","?","$","?","PTL","PTL","R","E","M"],"character_chosen":"THE_CONSTRUCT_MOD","items_purchased":["construct:SuppressiveFire","Juzu Bracelet","Anchor","Potion Belt","testmod-Justice","SteamSale","ClockworkSouvenir","Dota2Spire:DivineRapier","jedi:firstaidkit","Frozen Eye","PrismaticShard","construct:ClusterMines","Rupture","Membership Card","aspiration:Lifesprig","PlaceholderMod:DeVermisMysteriis","AT_MibuBalloonWealth","testmod-LifeArmor","REME_CardOfGreed","construct:Boost+1","testmod-Collector","construct:FocusedBeam","CeramicFish","Oddly Smooth Stone","construct:MasterCore","Blue Doll","BrkXgEgg","Bomb","construct:OmegaCannon","Gremlin Food","testmod-Faith","TheAbacus","Orichalcum","jedi:heavyjacket","AT_SunfireAegis","construct:Enhance","Trip","Dota2Spire:OrchidMalevolence","Boot","potionbrewer:SalesContract","DollysMirror","Pet Ghost","construct:ClusterMines","Mind Blast","ImprovedEquipment","Strawberry","Gremlin Horn","Bronze Scales","potionbrewer:Keyblade","potionbrewer:BoosterPack","construct:BatteryAcid","theForsaken:Gavel","testmod-Alchemist","Habit","Dota2Spire:BladeMail","MealTicket","testmod-MagicalMallet"],"campfire_rested":0,"item_purchase_floors":[2,2,2,2,2,2,2,6,6,6,6,6,6,7,7,7,7,7,7,7,7,7,8,8,8,8,8,8,8,11,11,11,11,11,11,11,11,15,15,15,15,15,15,15,4,4,4,4,4,4,4,8,8,8,8,8,8],"current_hp_per_floor":[73,73,56,37,4,4,4,4,4,70,70,70,70,70,70,74,91,91,91,76,83,74,74,74,74,61,61,61],"gold":999127,"neow_bonus":"NOSTALGIA","is_daily":false,"chose_seed":false,"campfire_upgraded":0,"win_rate":0.0,"timestamp":1611569361,"path_taken":["M","$","M","?","M","R","$","R","T","E","R","M","E","?","R","BOSS","M","M","M","?","$","?","PTL","PTL","R","E","M"],"items_purchased_type":["Card","Relic","Relic","Relic","Relic","Relic","Relic","Relic","Relic","Relic","Relic","Card","Card","Relic","Relic","Relic","Relic","Relic","Relic","Card","Card","Card","Relic","Relic","Relic","Relic","Relic","Card","Card","Relic","Relic","Relic","Relic","Relic","Relic","Card","Card","Relic","Relic","Relic","Relic","Relic","Card","Card","Relic","Relic","Relic","Relic","Relic","Relic","Card","Relic","Relic","Relic","Relic","Relic","Relic"],"build_version":"2020-12-22","purchased_purges":11,"victory":false,"max_hp_per_floor":[82,82,79,79,76,76,76,76,76,74,74,77,74,74,74,91,91,92,92,92,99,99,99,99,99,106,106,106],"card_choices":[{"not_picked":[],"picked":"BloodyBrimstone","floor":0},{"not_picked":["construct:SuppressiveFire","construct:Anticipate"],"picked":"Slimebound:HungryTackle","floor":1},{"not_picked":["construct:FocusedBeam","construct:Backfire","Twin Strike","construct:Forcefield"],"picked":"Sword Boomerang","floor":3},{"not_picked":["construct:FocusedBeam","construct:Accumulate","construct:Synchronize","construct:Backfire"],"picked":"construct:ShiftStrike","floor":4},{"not_picked":["construct:ScrapCannon","construct:Boost","construct:Antimatter","construct:GatlingGun"],"picked":"construct:OmegaCannon","floor":5},{"not_picked":["Runesmith:HeatExchange","DimensionStaggered_purple","RobotSpaceExplorer:PlasmaMissile","jedi:MakeshiftSword"],"picked":"Koishi:UnseenTerror","floor":10},{"not_picked":["Guardian:BronzeArmor","ClowCardTheStorm","construct:SaveState","AT_StudyProgram","The Forgotten Winter","StateDuplicate_purple"],"picked":"SKIP","floor":12},{"not_picked":["maniac:WitnessTrueSorcery","animator:Emonzaemon","potionbrewer:Shovel","Deadly Poison","Chen:ShikigamiForm+1","Unreal"],"picked":"SKIP","floor":13},{"not_picked":["PrismaMod:IllyaInstallCaster","Saiyan:SuperSaiyanThree+1","ReplayTheSpireMod:Omega Cannon+1","jedi:gatheringstorm+1","Night Terror+1"],"picked":"PlaceholderMod:SelfCoupling+1","floor":16},{"not_picked":["Mini Ghostdom","sneckomod:UnknownClassCLOWCARD_COLOR","potionbrewer:CausticBarrier","LearningPray:ReiMu","TheCursedMod:SpitefulStrike"],"picked":"astrologer:Radiance","floor":1},{"not_picked":["animator:Rider","MostiFishMod:FrostNova","bard:StudiedStrike","theForsaken:Tranquility","Dancing Butterflies","Gremlin:Wizardry+1","champ:AdrenalArmor"],"picked":"Consecrate","floor":2}],"player_experience":156472,"relics_obtained":[{"floor":1,"key":"SynthV:TestCard"},{"floor":1,"key":"LetterFromLob"},{"floor":9,"key":"REME_HourglassOfDeath"},{"floor":10,"key":"Question Card"},{"floor":13,"key":"Dota2Spire:MaskOfMadness"},{"floor":14,"key":"Frozen Egg 2"},{"floor":1,"key":"SynthV:TestCard"},{"floor":1,"key":"LetterFromLob"}],"event_choices":[{"damage_healed":0,"gold_gain":0,"player_choice":"Ignored","damage_taken":9,"max_hp_gain":0,"max_hp_loss":0,"event_name":"恩洛斯的盘子","floor":5,"gold_loss":0}],"is_beta":false,"boss_relics":[{"not_picked":["Replay:Wanted Poster","conspire:SlowCooker"],"picked":"Coffee Dripper"},{"not_picked":[]}],"items_purged_floors":[2,6,6,7,7,8,11,15,15,4,8],"is_endless":false,"potions_floor_spawned":[5,12,13,1,2],"killed_by":"Small Slimes","ascension_level":4}}