{"host":"7sni158j623xchr2","time":1611556552,"event":{"mods":["BaseMod","Colored Map","Highlight Path","Minty Spire (QoL Compilation)","Permanent Neow","Potion Indicator Mod","Rare Cards Sparkle","Relic Sorter","Relic Stats","StSLib","everything is the same but u backflip on backflip"],"gold_per_floor":[110,110,128,128,128,128,161,161,232,267,278,278,278,305,305,402,402,402,402,342,39,39,39,39,39,39,39,39,39,39,39,39,39,39,39,39,0,0,0,0,0,0,0,0,0,0,0,0,0,0,0,0,0,0,0],"floor_reached":56,"language":"ENG","playtime":1463,"items_purged":[],"score":1721,"play_id":"606ae3f4-6e35-4dfb-b59b-b91a3304a881","local_time":"20210125003552","is_ascension_mode":true,"campfire_choices":[{"data":"Adaptation","floor":6,"key":"SMITH"},{"data":"Eruption","floor":8,"key":"SMITH"},{"data":"FollowUp","floor":12,"key":"SMITH"},{"data":"FlurryOfBlows","floor":15,"key":"SMITH"},{"data":"Vigilance","floor":23,"key":"SMITH"},{"data":"DeceiveReality","floor":25,"key":"SMITH"},{"data":"Strike_P","floor":27,"key":"SMITH"},{"data":"1","floor":32,"key":"LIFT"},{"data":"2","floor":40,"key":"LIFT"},{"data":"3","floor":42,"key":"LIFT"},{"floor":45,"key":"RECALL"},{"floor":49,"key":"REST"},{"floor":52,"key":"REST"}],"circlet_count":0,"master_deck":["Strike_P+1","Defend_P+1","Defend_P+1","Eruption+1","Vigilance+1","Adaptation+1","FlurryOfBlows+1","FollowUp+1","DeceiveReality+1","EmptyBody+1","Tantrum+1","Scrawl+1","LessonLearned+1","Crescendo+1","Consecrate+1","TalkToTheHand+1","TalkToTheHand+1","Meditate+1","Wallop+1","TalkToTheHand+1","FlurryOfBlows+1","TalkToTheHand+1"],"relics":["PureWater","NeowsBlessing","Darkstone Periapt","InkBottle","Singing Bowl","Yang","Ornamental Fan","Dream Catcher","Ectoplasm","FossilizedHelix","Enchiridion","Dead Branch","Kunai","Girya","Old Coin","Astrolabe","Red Mask","Strawberry","Molten Egg 2","Nunchaku","Bag of Marbles"],"acts_visited":["Exordium","TheCity","TheBeyond","TheEnding"],"potions_floor_usage":[18],"damage_taken":[{"damage":0,"enemies":"2 Louse","floor":1,"turns":2},{"damage":0,"enemies":"Small Slimes","floor":3,"turns":1},{"damage":0,"enemies":"Lagavulin","floor":7,"turns":1},{"damage":26,"enemies":"Gremlin Nob","floor":10,"turns":3},{"damage":0,"enemies":"Cultist","floor":11,"turns":2},{"damage":26,"enemies":"Lagavulin","floor":14,"turns":5},{"damage":14,"enemies":"Hexaghost","floor":16,"turns":7},{"damage":18,"enemies":"Shell Parasite","floor":18,"turns":3},{"damage":14,"enemies":"2 Thieves","floor":20,"turns":4},{"damage":0,"enemies":"Slavers","floor":24,"turns":5},{"damage":0,"enemies":"Shelled Parasite and Fungi","floor":28,"turns":5},{"damage":0,"enemies":"Book of Stabbing","floor":29,"turns":3},{"damage":0,"enemies":"Gremlin Leader","floor":31,"turns":3},{"damage":0,"enemies":"Automaton","floor":33,"turns":7},{"damage":0,"enemies":"Orb Walker","floor":35,"turns":2},{"damage":0,"enemies":"3 Darklings","floor":36,"turns":2},{"damage":0,"enemies":"Spire Growth","floor":39,"turns":2},{"damage":0,"enemies":"Maw","floor":41,"turns":5},{"damage":0,"enemies":"Giant Head","floor":44,"turns":5},{"damage":0,"enemies":"Nemesis","floor":46,"turns":5},{"damage":0,"enemies":"Jaw Worm Horde","floor":47,"turns":2},{"damage":0,"enemies":"Reptomancer","floor":48,"turns":2},{"damage":0,"enemies":"Time Eater","floor":50,"turns":6},{"damage":0,"enemies":"Shield and Spear","floor":54,"turns":3},{"damage":2,"enemies":"The Heart","floor":55,"turns":6}],"seed_played":"263399202576420604","potions_obtained":[{"floor":7,"key":"DuplicationPotion"},{"floor":14,"key":"SkillPotion"},{"floor":18,"key":"Strength Potion"},{"floor":33,"key":"Ambrosia"}],"is_trial":false,"path_per_floor":["M","?","M","?","?","R","E","R","T","E","M","R","?","E","R","B",null,"M","?","M","$","?","R","E","R","T","R","M","E","?","E","R","B",null,"M","M","?","?","M","R","M","R","T","E","R","E","M","E","R","B",null,"R","$","E","B",null],"character_chosen":"WATCHER","items_purchased":["FossilizedHelix"],"campfire_rested":2,"item_purchase_floors":[21],"current_hp_per_floor":[72,65,65,62,68,68,68,68,68,44,44,44,70,46,46,34,90,72,72,60,60,44,44,44,44,44,44,46,48,39,41,41,41,95,95,97,97,97,99,99,99,99,99,108,108,110,110,110,110,110,110,110,110,110,108],"gold":0,"neow_bonus":"THREE_ENEMY_KILL","is_daily":false,"chose_seed":false,"campfire_upgraded":7,"win_rate":0.0,"timestamp":1611556552,"path_taken":["M","?","M","?","?","R","E","R","T","E","M","R","?","E","R","BOSS","M","?","M","?","?","R","E","R","T","R","M","E","?","E","R","BOSS","M","?","?","?","M","R","M","R","T","E","R","E","M","E","R","BOSS","R","$","E","BOSS"],"items_purchased_type":["Relic"],"build_version":"2020-12-22","purchased_purges":0,"victory":true,"max_hp_per_floor":[72,72,72,72,78,78,78,78,78,80,80,80,86,88,88,90,90,90,87,89,89,89,89,89,89,89,89,91,93,93,95,95,95,95,95,97,97,97,99,99,99,99,99,108,108,110,110,110,110,110,110,110,110,110,110],"relic_stats":{"Darkstone Periapt":12,"Singing Bowl":22,"counters":[25,91],"Dead Branch":[56],"Astrolabe":["LessonLearned","Crescendo","Consecrate"],"Yang":[330],"Dream Catcher":2,"Nunchaku":[7],"Ornamental Fan":[320],"Ectoplasm":882,"Kunai":[63],"obtain_stats":[{"Darkstone Periapt":4,"Girya":29,"NeowsBlessing":0,"Singing Bowl":7,"Dead Branch":24,"Astrolabe":34,"Enchiridion":22,"Yang":9,"Old Coin":31,"Dream Catcher":14,"Nunchaku":48,"Ornamental Fan":10,"Strawberry":44,"Molten Egg 2":46,"Ectoplasm":17,"Red Mask":37,"Bag of Marbles":54,"Kunai":26,"PureWater":0,"InkBottle":5,"FossilizedHelix":21},{"Darkstone Periapt":2,"Girya":12,"NeowsBlessing":0,"Singing Bowl":3,"Dead Branch":10,"Astrolabe":14,"Enchiridion":9,"Yang":3,"Old Coin":13,"Dream Catcher":6,"Nunchaku":22,"Ornamental Fan":4,"Strawberry":19,"Molten Egg 2":20,"Ectoplasm":7,"Red Mask":16,"Bag of Marbles":24,"Kunai":10,"PureWater":0,"InkBottle":2,"FossilizedHelix":9},{"Darkstone Periapt":3,"Girya":41,"NeowsBlessing":0,"Singing Bowl":4,"Dead Branch":33,"Astrolabe":51,"Enchiridion":28,"Yang":4,"Old Coin":44,"Dream Catcher":14,"Nunchaku":76,"Ornamental Fan":7,"Strawberry":67,"Molten Egg 2":72,"Ectoplasm":21,"Red Mask":55,"Bag of Marbles":85,"Kunai":33,"PureWater":0,"InkBottle":3,"FossilizedHelix":28}],"InkBottle":[49]},"card_choices":[{"not_picked":["CrushJoints","DeceiveReality"],"picked":"Adaptation","floor":1},{"not_picked":["BattleHymn","Nirvana"],"picked":"FlurryOfBlows","floor":3},{"not_picked":["LikeWater","FlyingSleeves"],"picked":"FollowUp","floor":7},{"not_picked":["Prostrate","SashWhip","DeusExMachina"],"picked":"Singing Bowl","floor":10},{"not_picked":["BowlingBash","Evaluate"],"picked":"DeceiveReality","floor":11},{"not_picked":["ClearTheMind","PathToVictory","BattleHymn"],"picked":"Singing Bowl","floor":14},{"not_picked":["SpiritShield","Omniscience","DevaForm"],"picked":"Singing Bowl","floor":16},{"not_picked":["CrushJoints","FlyingSleeves+1"],"picked":"EmptyBody+1","floor":18},{"not_picked":["Evaluate","BattleHymn","ThirdEye"],"picked":"Singing Bowl","floor":20},{"not_picked":["EmptyBody","EmptyFist"],"picked":"Tantrum+1","floor":24},{"not_picked":["Weave","Judgement","Prostrate"],"picked":"Singing Bowl","floor":28},{"not_picked":["Prostrate","Perseverance","DeusExMachina"],"picked":"Singing Bowl","floor":29},{"not_picked":["BowlingBash","Indignation+1","Prostrate"],"picked":"Singing Bowl","floor":31},{"not_picked":["Vault","Wish"],"picked":"Scrawl","floor":33},{"not_picked":["Indignation","CrushJoints+1"],"picked":"TalkToTheHand+1","floor":35},{"not_picked":["WaveOfTheHand","PathToVictory","Pray+1"],"picked":"Singing Bowl","floor":36},{"not_picked":["Consecrate+1","ReachHeaven+1","CrushJoints"],"picked":"Singing Bowl","floor":39},{"not_picked":["Prostrate+1","Consecrate+1"],"picked":"TalkToTheHand","floor":41},{"not_picked":["BattleHymn+1","DeceiveReality","Protect+1"],"picked":"Singing Bowl","floor":44},{"not_picked":["WindmillStrike+1","Wish","Prostrate"],"picked":"Singing Bowl","floor":46},{"not_picked":["CarveReality+1","SashWhip+1"],"picked":"Meditate+1","floor":47},{"not_picked":["WreathOfFlame","Crescendo+1"],"picked":"Wallop+1","floor":48},{"not_picked":["FollowUp+1","FlurryOfBlows+1"],"picked":"TalkToTheHand+1","floor":49},{"not_picked":["InnerPeace","ForeignInfluence+1"],"picked":"FlurryOfBlows+1","floor":52},{"not_picked":["WheelKick+1","PathToVictory"],"picked":"TalkToTheHand+1","floor":54}],"player_experience":1696726,"relics_obtained":[{"floor":7,"key":"Singing Bowl"},{"floor":9,"key":"Yang"},{"floor":10,"key":"Ornamental Fan"},{"floor":14,"key":"Dream Catcher"},{"floor":22,"key":"Enchiridion"},{"floor":24,"key":"Dead Branch"},{"floor":26,"key":"Kunai"},{"floor":29,"key":"Girya"},{"floor":31,"key":"Old Coin"},{"floor":44,"key":"Strawberry"},{"floor":46,"key":"Molten Egg 2"},{"floor":48,"key":"Nunchaku"},{"floor":54,"key":"Bag of Marbles"}],"event_choices":[{"cards_removed":["Defend_P"],"damage_healed":0,"gold_gain":0,"player_choice":"Card Removal","damage_taken":7,"max_hp_gain":0,"max_hp_loss":0,"event_name":"Golden Wing","floor":2,"gold_loss":0},{"damage_healed":0,"gold_gain":0,"player_choice":"Success","damage_taken":3,"relics_obtained":["Darkstone Periapt"],"max_hp_gain":0,"max_hp_loss":0,"event_name":"Scrap Ooze","floor":4,"gold_loss":0},{"damage_healed":0,"gold_gain":0,"player_choice":"Box","damage_taken":0,"relics_obtained":["InkBottle"],"max_hp_gain":0,"max_hp_loss":0,"event_name":"Big Fish","floor":5,"gold_loss":0,"cards_obtained":["Regret"]},{"damage_healed":20,"gold_gain":0,"player_choice":"Healed and dodged fight","damage_taken":0,"max_hp_gain":0,"max_hp_loss":0,"event_name":"Mushrooms","floor":13,"gold_loss":0,"cards_obtained":["Parasite"]},{"cards_removed":["Parasite","Regret"],"damage_healed":0,"gold_gain":0,"player_choice":"Removed Curses","damage_taken":0,"max_hp_gain":0,"max_hp_loss":0,"event_name":"Fountain of Cleansing","floor":19,"gold_loss":0},{"damage_healed":0,"gold_gain":0,"player_choice":"Obtained Book","damage_taken":16,"max_hp_gain":0,"max_hp_loss":0,"event_name":"Cursed Tome","floor":22,"gold_loss":0},{"damage_healed":0,"gold_gain":0,"player_choice":"Damaged","damage_taken":9,"max_hp_gain":0,"max_hp_loss":0,"event_name":"Wheel of Change","floor":30,"gold_loss":0},{"damage_healed":0,"gold_gain":0,"player_choice":"Paid","damage_taken":0,"relics_obtained":["Red Mask"],"max_hp_gain":0,"max_hp_loss":0,"event_name":"Tomb of Lord Red Mask","floor":37,"gold_loss":39},{"cards_removed":["Defend_P"],"damage_healed":0,"gold_gain":0,"player_choice":"Removed Skill","damage_taken":0,"max_hp_gain":0,"max_hp_loss":0,"event_name":"Falling","floor":38,"gold_loss":0}],"is_beta":false,"boss_relics":[{"not_picked":["SacredBark","Runic Dome"],"picked":"Ectoplasm"},{"not_picked":["Snecko Eye","Calling Bell"],"picked":"Astrolabe"}],"items_purged_floors":[],"is_endless":false,"potions_floor_spawned":[7,14,18,33,36,41,48,54],"ascension_level":1}}