{"host":"5raohst9sk3kvp5v","time":1611555614,"event":{"mods":["BaseMod","Colored Powertips","Highlight Path","Minty Spire (QoL Compilation)","Quick Restart","Relic Stats","StSLib"],"gold_per_floor":[111,127,127,142,4,31,31,45,68,99,117,117,145,155,155,231,231,249,8,8,27,27,27,52,52,128,178,178,212,212,226,226,297,297,314,314,330,330,177,177,193,193,193,11,44,44,70,70,70,70,70,70,31,31,31],"floor_reached":54,"language":"ENG","playtime":2319,"items_purged":["Strike_R","Strike_R","Strike_R"],"score":1464,"play_id":"1382374e-cfec-4633-8f72-eddf466d0600","local_time":"20210125002014","is_ascension_mode":true,"campfire_choices":[{"data":"Discovery","floor":12.0,"key":"SMITH"},{"data":"Limit Break","floor":15.0,"key":"SMITH"},{"floor":23.0,"key":"REST"},{"data":"Inflame","floor":25.0,"key":"SMITH"},{"data":"Flex","floor":28.0,"key":"SMITH"},{"floor":30.0,"key":"REST"},{"floor":32.0,"key":"REST"},{"data":"Berserk","floor":40.0,"key":"SMITH"},{"floor":42.0,"key":"RECALL"},{"data":"True Grit","floor":46.0,"key":"SMITH"},{"floor":49.0,"key":"REST"},{"data":"Shrug It Off","floor":52.0,"key":"SMITH"}],"circlet_count":0,"master_deck":["AscendersBane","Strike_R","Defend_R","Defend_R","Defend_R","Defend_R","Bash","Shrug It Off+1","Sever Soul","Flex+1","Discovery+1","Ghostly Armor","Battle Trance","Inflame+1","Power Through","Limit Break+1","Headbutt+1","Impervious","Necronomicurse","Anger+1","Heavy Blade+1","Shrug It Off","Berserk+1","True Grit+1","Clothesline+1","Sword Boomerang+1","Battle Trance","Master of Strategy","Thinking Ahead","Shockwave"],"relics":["Black Blood","NeowsBlessing","Centennial Puzzle","Bronze Scales","Dream Catcher","Molten Egg 2","Busted Crown","Pen Nib","Necronomicon","Turnip","Boot","Pear","Omamori","Juzu Bracelet","Orichalcum"],"acts_visited":["Exordium","TheCity","TheBeyond","TheEnding"],"potions_floor_usage":[54],"damage_taken":[{"damage":0.0,"enemies":"Jaw Worm","floor":1.0,"turns":1.0},{"damage":0.0,"enemies":"Cultist","floor":2.0,"turns":1.0},{"damage":0.0,"enemies":"2 Louse","floor":4.0,"turns":1.0},{"damage":29.0,"enemies":"Gremlin Nob","floor":6.0,"turns":4.0},{"damage":5.0,"enemies":"Blue Slaver","floor":8.0,"turns":5.0},{"damage":13.0,"enemies":"Lagavulin","floor":10.0,"turns":7.0},{"damage":1.0,"enemies":"3 Louse","floor":11.0,"turns":2.0},{"damage":10.0,"enemies":"Gremlin Nob","floor":13.0,"turns":3.0},{"damage":0.0,"enemies":"Red Slaver","floor":14.0,"turns":2.0},{"damage":13.0,"enemies":"The Guardian","floor":16.0,"turns":8.0},{"damage":21.0,"enemies":"Shell Parasite","floor":18.0,"turns":5.0},{"damage":0.0,"enemies":"2 Thieves","floor":21.0,"turns":4.0},{"damage":18.0,"enemies":"Gremlin Leader","floor":24.0,"turns":3.0},{"damage":38.0,"enemies":"Slavers","floor":29.0,"turns":6.0},{"damage":0.0,"enemies":"Snecko","floor":31.0,"turns":4.0},{"damage":40.0,"enemies":"Automaton","floor":33.0,"turns":8.0},{"damage":0.0,"enemies":"Orb Walker","floor":35.0,"turns":2.0},{"damage":0.0,"enemies":"3 Shapes","floor":36.0,"turns":1.0},{"damage":9.0,"enemies":"3 Darklings","floor":37.0,"turns":2.0},{"damage":5.0,"enemies":"Sphere and 2 Shapes","floor":41.0,"turns":5.0},{"damage":15.0,"enemies":"Nemesis","floor":45.0,"turns":5.0},{"damage":21.0,"enemies":"Giant Head","floor":47.0,"turns":5.0},{"damage":30.0,"enemies":"Time Eater","floor":50.0,"turns":5.0},{"damage":102,"enemies":"Shield and Spear","floor":54,"turns":3}],"seed_played":"-8224565427655640283","potions_obtained":[{"floor":3.0,"key":"CultistPotion"},{"floor":3.0,"key":"SkillPotion"},{"floor":4.0,"key":"Explosive Potion"},{"floor":6.0,"key":"LiquidMemories"},{"floor":11.0,"key":"SmokeBomb"},{"floor":14.0,"key":"GamblersBrew"},{"floor":16.0,"key":"Weak Potion"},{"floor":21.0,"key":"PowerPotion"},{"floor":35.0,"key":"SmokeBomb"},{"floor":45.0,"key":"Swift Potion"}],"is_trial":false,"path_per_floor":["M","M","?","M","$","E","?","M","T","E","M","R","E","M","R","B",null,"M","$","?","M","?","R","E","R","T","?","R","E","R","M","R","B",null,"M","M","M","T","$","R","M","R","T","$","E","R","E","?","R","B",null,"R","$","E"],"character_chosen":"IRONCLAD","items_purchased":["Discovery","Ghostly Armor","Pen Nib","Clothesline+1","Sword Boomerang+1","Shockwave"],"campfire_rested":4,"item_purchase_floors":[5,5,19,39,44,53],"current_hp_per_floor":[74,75,75,75,75,52,52,53,53,46,51,51,47,53,53,46,68,53,53,53,59,38,60,48,48,48,41,41,9,31,37,59,25,63,75,75,75,85,85,85,85,85,85,85,82,82,73,63,85,67,81,81,81,0,0],"gold":31,"neow_bonus":"THREE_ENEMY_KILL","is_daily":false,"chose_seed":false,"campfire_upgraded":7,"win_rate":0.0,"timestamp":1611555614,"path_taken":["M","M","?","?","$","E","?","?","T","E","M","R","E","M","R","BOSS","M","$","?","M","?","R","E","R","T","?","R","E","R","M","R","BOSS","M","M","M","?","$","R","M","R","T","$","E","R","E","?","R","BOSS","R","$","E"],"items_purchased_type":["Card","Card","Relic","Card","Card","Card"],"build_version":"2020-12-22","purchased_purges":3,"victory":false,"max_hp_per_floor":[75,75,75,75,75,75,75,75,75,75,75,75,75,75,75,75,75,75,75,75,75,75,75,75,75,75,75,75,75,75,75,75,75,75,75,75,75,85,85,85,85,85,85,85,85,85,85,85,85,85,85,85,85,85,85],"relic_stats":{"counters":[24,92],"Black Blood":147,"Pen Nib":[9],"Juzu Bracelet":0,"Orichalcum":[24],"Boot":[17],"Centennial Puzzle":[45],"Dream Catcher":4,"Busted Crown":36,"Bronze Scales":[180],"Turnip":[6],"Necronomicon":[25],"obtain_stats":[{"Pear":38,"NeowsBlessing":0,"Black Blood":34,"Pen Nib":19,"Omamori":43,"Juzu Bracelet":45,"Orichalcum":47,"Boot":29,"Burning Blood":0,"Centennial Puzzle":6,"Dream Catcher":10,"Busted Crown":17,"Bronze Scales":9,"Molten Egg 2":13,"Turnip":24,"Necronomicon":22},{"Pear":19,"NeowsBlessing":0,"Black Blood":16,"Pen Nib":11,"Omamori":20,"Juzu Bracelet":21,"Orichalcum":22,"Boot":14,"Burning Blood":0,"Centennial Puzzle":4,"Dream Catcher":6,"Busted Crown":10,"Bronze Scales":5,"Molten Egg 2":8,"Turnip":13,"Necronomicon":12},{"Pear":69,"NeowsBlessing":0,"Black Blood":64,"Pen Nib":39,"Omamori":74,"Juzu Bracelet":79,"Orichalcum":84,"Boot":52,"Burning Blood":0,"Centennial Puzzle":7,"Dream Catcher":19,"Busted Crown":34,"Bronze Scales":12,"Molten Egg 2":24,"Turnip":46,"Necronomicon":43}]},"card_choices":[{"not_picked":["Perfected Strike","Searing Blow"],"picked":"Shrug It Off","floor":1.0},{"not_picked":["Dropkick","Thunderclap"],"picked":"Sever Soul","floor":2.0},{"not_picked":["Iron Wave","Dual Wield"],"picked":"Flex","floor":4.0},{"not_picked":["Headbutt","Perfected Strike"],"picked":"Battle Trance","floor":6.0},{"not_picked":["Clash","Iron Wave"],"picked":"Inflame","floor":8.0},{"not_picked":["Sever Soul","Body Slam","Perfected Strike"],"picked":"SKIP","floor":10.0},{"not_picked":["Shockwave","Iron Wave"],"picked":"Power Through","floor":11.0},{"not_picked":["Warcry","Heavy Blade+1"],"picked":"Limit Break","floor":13.0},{"not_picked":["Flame Barrier","Wild Strike+1"],"picked":"Headbutt+1","floor":14.0},{"not_picked":["Demon Form","Feed+1"],"picked":"Impervious","floor":16.0},{"not_picked":["Rampage+1"],"picked":"SKIP","floor":18.0},{"not_picked":["Warcry"],"picked":"SKIP","floor":21.0},{"not_picked":[],"picked":"Anger+1","floor":23.0},{"not_picked":["Metallicize"],"picked":"SKIP","floor":24.0},{"not_picked":["Warcry"],"picked":"SKIP","floor":29.0},{"not_picked":[],"picked":"Heavy Blade+1","floor":30.0},{"not_picked":["Iron Wave+1"],"picked":"SKIP","floor":31.0},{"not_picked":[],"picked":"Shrug It Off","floor":32.0},{"not_picked":[],"picked":"Berserk","floor":33.0},{"not_picked":[],"picked":"True Grit","floor":35.0},{"not_picked":["Metallicize+1"],"picked":"SKIP","floor":37.0},{"not_picked":["Metallicize+1"],"picked":"SKIP","floor":37.0},{"not_picked":["Body Slam+1"],"picked":"SKIP","floor":41.0},{"not_picked":["Havoc"],"picked":"SKIP","floor":45.0},{"not_picked":[],"picked":"Battle Trance","floor":47.0},{"not_picked":[],"picked":"Master of Strategy","floor":48.0},{"not_picked":[],"picked":"Thinking Ahead","floor":48.0}],"player_experience":1711996,"relics_obtained":[{"floor":6.0,"key":"Centennial Puzzle"},{"floor":9.0,"key":"Bronze Scales"},{"floor":10.0,"key":"Dream Catcher"},{"floor":13.0,"key":"Molten Egg 2"},{"floor":22.0,"key":"Necronomicon"},{"floor":24.0,"key":"Turnip"},{"floor":29.0,"key":"Boot"},{"floor":38.0,"key":"Pear"},{"floor":43.0,"key":"Omamori"},{"floor":45.0,"key":"Juzu Bracelet"},{"floor":47.0,"key":"Orichalcum"}],"event_choices":[{"damage_healed":0.0,"max_hp_gain":0.0,"max_hp_loss":0.0,"gold_gain":0.0,"event_name":"Lab","player_choice":"Got Potions","floor":3.0,"gold_loss":0.0,"damage_taken":0.0},{"cards_removed":["Strike_R"],"damage_healed":0.0,"max_hp_gain":0.0,"max_hp_loss":0.0,"gold_gain":0.0,"event_name":"Bonfire Elementals","player_choice":"Offered Basic","floor":7.0,"gold_loss":0.0,"damage_taken":0.0},{"damage_healed":0.0,"max_hp_gain":0.0,"max_hp_loss":0.0,"gold_gain":0.0,"event_name":"Vampires","player_choice":"Ignored","floor":20.0,"gold_loss":0.0,"damage_taken":0.0},{"damage_healed":0.0,"max_hp_gain":0.0,"max_hp_loss":0.0,"gold_gain":0.0,"event_name":"Cursed Tome","player_choice":"Obtained Book","floor":22.0,"gold_loss":0.0,"damage_taken":21.0},{"damage_healed":0.0,"max_hp_gain":0.0,"max_hp_loss":0.0,"gold_gain":50.0,"event_name":"FaceTrader","player_choice":"Touch","floor":27.0,"gold_loss":0.0,"damage_taken":7.0},{"damage_healed":0.0,"max_hp_gain":0.0,"max_hp_loss":0.0,"gold_gain":0.0,"event_name":"SensoryStone","player_choice":"Memory 3","floor":48.0,"gold_loss":0.0,"damage_taken":10.0}],"is_beta":false,"boss_relics":[{"not_picked":["Ectoplasm","Black Star"],"picked":"Busted Crown"},{"not_picked":["Runic Cube","Sozu"],"picked":"Black Blood"}],"items_purged_floors":[19,39,44],"is_endless":false,"potions_floor_spawned":[4,6,11,14,16,21,35,36,45],"killed_by":"Shield and Spear","ascension_level":19}}