{"host":"92108ef2q9tm8rod","time":1611589067,"event":{"mods":["BaseMod","Defuse TimeMaze Blight","Minty Spire (QoL Compilation)","StSLib","The Jungle"],"gold_per_floor":[113,125,125,125,141,141,216,216,216,244,256,256,282,298,298,400,400,417,437,112,112,131,131,144,144,144,163,190,202,228,228,228,333,333,352,363,216,231,231,231,261,261,309,328,345,379,379,379,379,379],"floor_reached":51,"language":"ENG","playtime":2004,"items_purged":["Dodge and Roll"],"score":1057,"play_id":"3dc76c11-0f2a-4846-8e38-191e155f8450","local_time":"20210125153747","daily_mods":["SealedDeck","Colorless Cards","Heirloom","Flight"],"is_ascension_mode":false,"campfire_choices":[{"data":"Blind","floor":6,"key":"SMITH"},{"data":"Deflect","floor":8,"key":"SMITH"},{"data":"Enlightenment","floor":12,"key":"SMITH"},{"floor":15,"key":"REST"},{"data":"Trip","floor":23,"key":"SMITH"},{"data":"Riddle With Holes","floor":25,"key":"SMITH"},{"data":"Riddle With Holes","floor":32,"key":"SMITH"},{"data":"Panache","floor":40,"key":"SMITH"},{"data":"Panache","floor":42,"key":"SMITH"},{"data":"Leg Sweep","floor":47,"key":"SMITH"},{"data":"Dash","floor":49,"key":"SMITH"}],"circlet_count":0,"master_deck":["Riddle With Holes+1","Enlightenment+1","Backflip+1","Blind+1","Trip+1","Dash+1","Finesse+1","Deflect+1","Panache+1","Blur+1","Leg Sweep+1","Panache+1"],"relics":["Ring of the Snake","Unceasing Top","War Paint","Tingsha","Oddly Smooth Stone","Bird Faced Urn","Smiling Mask","Eternal Feather","Busted Crown","Letter Opener","Bag of Preparation","Prayer Wheel"],"acts_visited":["Exordium","Exordium","TheBeyond"],"potions_floor_usage":[16,27,33,33,37,45,50,50],"damage_taken":[{"damage":0,"enemies":"Small Slimes","floor":1,"turns":2},{"damage":0,"enemies":"Cultist","floor":2,"turns":2},{"damage":0,"enemies":"2 Louse","floor":5,"turns":2},{"damage":8,"enemies":"Gremlin Nob","floor":10,"turns":4},{"damage":0,"enemies":"2 Fungi Beasts","floor":11,"turns":3},{"damage":0,"enemies":"3 Sentries","floor":13,"turns":7},{"damage":6,"enemies":"Gremlin Gang","floor":14,"turns":4},{"damage":0,"enemies":"Slime Boss","floor":16,"turns":6},{"damage":0,"enemies":"theJungle:Flameango_and_Byrd","floor":18,"turns":4},{"damage":0,"enemies":"theJungle:MUSHROOMGANG","floor":19,"turns":4},{"damage":0,"enemies":"theJungle:Snecko_Cultist_And_Trap","floor":22,"turns":4},{"damage":0,"enemies":"theJungle:2_Flameangoes","floor":24,"turns":5},{"damage":0,"enemies":"theJungle:2_Snecko_Cultists","floor":27,"turns":3},{"damage":1,"enemies":"theJungle:Cassacara","floor":28,"turns":4},{"damage":0,"enemies":"theJungle:JungleHuntersEncounter","floor":29,"turns":3},{"damage":0,"enemies":"theJungle:2_Phrogs","floor":30,"turns":5},{"damage":0,"enemies":"theJungle:FunGuy","floor":33,"turns":6},{"damage":0,"enemies":"3 Shapes","floor":35,"turns":3},{"damage":0,"enemies":"3 Darklings","floor":36,"turns":4},{"damage":0,"enemies":"Jaw Worm Horde","floor":38,"turns":3},{"damage":0,"enemies":"Reptomancer","floor":41,"turns":4},{"damage":0,"enemies":"Transient","floor":44,"turns":5},{"damage":0,"enemies":"4 Shapes","floor":45,"turns":1},{"damage":0,"enemies":"Nemesis","floor":46,"turns":5},{"damage":0,"enemies":"Awakened One","floor":50,"turns":9}],"seed_played":"1527015916270504134","potions_obtained":[{"floor":2,"key":"CultistPotion"},{"floor":11,"key":"SkillPotion"},{"floor":14,"key":"FairyPotion"},{"floor":22,"key":"Poison Potion"},{"floor":27,"key":"PowerPotion"},{"floor":28,"key":"SteroidPotion"},{"floor":30,"key":"FearPotion"},{"floor":33,"key":"Dexterity Potion"},{"floor":38,"key":"SteroidPotion"},{"floor":44,"key":"Dexterity Potion"}],"is_trial":true,"path_per_floor":["M","M","$","?","M","R","?","R","T","E","M","R","E","M","R","B",null,"M","M","$","?","M","R","M","R","T","M","E","M","E","?","R","B",null,"M","M","$","M","?","R","E","R","T","M","M","E","R","?","R","B",null],"character_chosen":"THE_SILENT","items_purchased":["Oddly Smooth Stone","Panache","Fruit Juice"],"campfire_rested":1,"item_purchase_floors":[20,20,37],"current_hp_per_floor":[70,70,70,70,70,70,59,59,59,51,51,51,51,45,66,66,70,70,70,70,70,70,70,70,70,70,70,69,70,70,70,70,70,70,70,70,75,75,75,75,75,75,75,75,75,75,75,75,75,75],"gold":379,"neow_bonus":"","is_daily":false,"chose_seed":false,"campfire_upgraded":10,"win_rate":0.0,"timestamp":1611589067,"path_taken":["M","M","$","?","?","R","?","R","T","E","M","R","E","M","R","BOSS","M","M","$","?","M","R","M","R","T","M","E","?","E","?","R","BOSS","M","M","$","M","?","R","E","R","T","M","?","E","R","?","R","BOSS"],"items_purchased_type":["Relic","Card","Potion"],"build_version":"2020-12-22","purchased_purges":1,"victory":true,"max_hp_per_floor":[70,70,70,70,70,70,70,70,70,70,70,70,70,70,70,70,70,70,70,70,70,70,70,70,70,70,70,70,70,70,70,70,70,70,70,70,75,75,75,75,75,75,75,75,75,75,75,75,75,75],"card_choices":[{"not_picked":["Prepared","Underhanded Strike","Dodge and Roll"],"picked":"SKIP","floor":1},{"not_picked":["Blade Dance","PiercingWail","Quick Slash"],"picked":"SKIP","floor":2},{"not_picked":["Good Instincts","Eviscerate","Blade Dance"],"picked":"SKIP","floor":5},{"not_picked":["Outmaneuver","Forethought","Dagger Spray"],"picked":"SKIP","floor":10},{"not_picked":["Deadly Poison","Flying Knee","Caltrops"],"picked":"SKIP","floor":11},{"not_picked":["Flying Knee","Grand Finale","Transmutation"],"picked":"SKIP","floor":13},{"not_picked":["Finisher","Impatience","Outmaneuver"],"picked":"SKIP","floor":14},{"not_picked":["Acrobatics+1","Dagger Spray","PanicButton"],"picked":"SKIP","floor":18},{"not_picked":["Catalyst","Acrobatics","Prepared"],"picked":"SKIP","floor":19},{"not_picked":["Dramatic Entrance+1","Dodge and Roll","Backflip+1"],"picked":"SKIP","floor":22},{"not_picked":["Infinite Blades+1","Deflect","Die Die Die"],"picked":"SKIP","floor":24},{"not_picked":["Predator","Cloak And Dagger","Setup"],"picked":"SKIP","floor":27},{"not_picked":["Masterful Stab+1","Trip"],"picked":"Blur+1","floor":28},{"not_picked":["Underhanded Strike+1","Deadly Poison","Caltrops"],"picked":"SKIP","floor":29},{"not_picked":["Flying Knee","Heel Hook+1","PiercingWail+1"],"picked":"SKIP","floor":30},{"not_picked":["Deflect"],"picked":"SKIP","floor":35},{"not_picked":["Leg Sweep"],"picked":"SKIP","floor":36},{"not_picked":[],"picked":"Leg Sweep","floor":36},{"not_picked":["Deadly Poison+1"],"picked":"SKIP","floor":38},{"not_picked":["Dagger Throw+1"],"picked":"SKIP","floor":41},{"not_picked":["Acrobatics"],"picked":"SKIP","floor":44},{"not_picked":["Quick Slash"],"picked":"SKIP","floor":45},{"not_picked":["Bouncing Flask"],"picked":"SKIP","floor":46}],"player_experience":3344450,"relics_obtained":[{"floor":10,"key":"War Paint"},{"floor":13,"key":"Tingsha"},{"floor":26,"key":"Bird Faced Urn"},{"floor":28,"key":"Smiling Mask"},{"floor":30,"key":"Eternal Feather"},{"floor":41,"key":"Letter Opener"},{"floor":43,"key":"Bag of Preparation"},{"floor":46,"key":"Prayer Wheel"}],"event_choices":[{"damage_healed":0,"gold_gain":0,"player_choice":"Ignored","damage_taken":0,"max_hp_gain":0,"max_hp_loss":0,"event_name":"NoteForYourself","floor":4,"gold_loss":0},{"damage_healed":0,"gold_gain":75,"player_choice":"Gather Gold","damage_taken":11,"max_hp_gain":0,"max_hp_loss":0,"event_name":"World of Goop","floor":7,"gold_loss":0},{"damage_healed":0,"gold_gain":0,"player_choice":"Ignored","damage_taken":0,"max_hp_gain":0,"max_hp_loss":0,"event_name":"Transmorgrifier","floor":21,"gold_loss":0},{"damage_healed":0,"gold_gain":0,"player_choice":"Copied","damage_taken":0,"max_hp_gain":0,"max_hp_loss":0,"event_name":"Duplicator","floor":39,"gold_loss":0,"cards_obtained":["Panache"]},{"cards_removed":["Riddle With Holes"],"damage_healed":0,"gold_gain":0,"player_choice":"Removed Attack","damage_taken":0,"max_hp_gain":0,"max_hp_loss":0,"event_name":"Falling","floor":48,"gold_loss":0}],"is_beta":false,"boss_relics":[{"not_picked":["Empty Cage","Fusion Hammer","Astrolabe"]},{"not_picked":["SlaversCollar","Philosopher\u0027s Stone"],"picked":"Busted Crown"}],"items_purged_floors":[37],"is_endless":false,"potions_floor_spawned":[2,11,14,22,27,28,30,33,38,44],"ascension_level":0}}