{"host":"uv5ws9rdk87e8i5k","time":1611601306,"event":{"mods":["AchievementEnabler","BaseMod","Colored Map","Minty Spire (QoL Compilation)","StSLib","SuperFastMode","The Necromancer"],"gold_per_floor":[118,138,152,152,162,193,118,118,170,195,195,224,224,234,234,234,234],"floor_reached":16,"language":"ENG","playtime":296,"items_purged":["Regret"],"score":210,"play_id":"278aa850-fa16-41fd-9e29-21b96683c5d0","local_time":"20210125130146","is_ascension_mode":true,"campfire_choices":[{"data":"Uncharnel","floor":8,"key":"SMITH"},{"floor":15,"key":"REST"}],"circlet_count":0,"master_deck":["Strike_W","Strike_W","Strike_W+1","Defend_W","Defend_W+1","Defend_W","Defend_W","Negative_Energy_Arrows","Bone_Wall","Thousand_Bone_Knives","Uncharnel+1","Spectral_Armor","Thousand_Bone_Knives","Negative_Energy_Javelin"],"relics":["Vampire_Amulet","Sundial","Vajra","Happy Flower","Blood Vial","Ornamental Fan"],"acts_visited":["Exordium"],"potions_floor_usage":[6,12,12],"damage_taken":[{"damage":0,"enemies":"Cultist","floor":1,"turns":4},{"damage":0,"enemies":"2 Louse","floor":2,"turns":3},{"damage":0,"enemies":"Small Slimes","floor":3,"turns":3},{"damage":7,"enemies":"Blue Slaver","floor":5,"turns":4},{"damage":33,"enemies":"Lagavulin","floor":6,"turns":7},{"damage":25,"enemies":"Gremlin Nob","floor":10,"turns":5},{"damage":0,"enemies":"3 Sentries","floor":12,"turns":6},{"damage":0,"enemies":"Large Slime","floor":14,"turns":4},{"damage":1,"enemies":"Hexaghost","floor":16,"turns":3}],"seed_played":"2674975794892518056","potions_obtained":[{"floor":1,"key":"SneckoOil"},{"floor":2,"key":"Strength Potion"},{"floor":3,"key":"DuplicationPotion"},{"floor":5,"key":"ColorlessPotion"},{"floor":10,"key":"DuplicationPotion"}],"is_trial":false,"path_per_floor":["M","M","M","?","M","E","$","R","T","E","?","E","?","M","R","B"],"character_chosen":"NECROMANCER","items_purchased":[],"campfire_rested":1,"item_purchase_floors":[],"current_hp_per_floor":[77,81,82,82,77,46,46,46,46,23,16,24,8,14,38,39,39],"gold":234,"neow_bonus":"TEN_PERCENT_HP_BONUS","is_daily":false,"chose_seed":false,"campfire_upgraded":1,"win_rate":0.0,"timestamp":1611601306,"path_taken":["M","M","M","?","M","E","$","R","T","E","?","E","?","M","R","BOSS"],"items_purchased_type":[],"build_version":"2020-12-22","purchased_purges":1,"victory":false,"max_hp_per_floor":[82,82,82,82,82,82,82,82,82,82,82,82,82,82,82,82,82],"card_choices":[{"not_picked":["Blood_Is_Power","Toxic_Smoke_Screen","Bone_Armor"],"picked":"SKIP","floor":1},{"not_picked":["Acid_Javelin","Necromantic_Selection"],"picked":"Thousand_Bone_Knives","floor":2},{"not_picked":["Negative_Energy_Shield","Blood_Curse","Bones_to_Steel"],"picked":"SKIP","floor":3},{"not_picked":["Siphon_Strength","Necromantic_Selection"],"picked":"Uncharnel","floor":5},{"not_picked":["Vampiric_Strike","Finger_Of_Death"],"picked":"Spectral_Armor","floor":6},{"not_picked":["Negative_Energy_Shield","Bone_Armory","Siphon_Strength"],"picked":"SKIP","floor":10},{"not_picked":["Skeleton_Dragon","Toxic_Smoke_Screen"],"picked":"Thousand_Bone_Knives","floor":12},{"not_picked":["Necromantic_Selection","Blood_Whip"],"picked":"Negative_Energy_Javelin","floor":14}],"player_experience":276391,"relics_obtained":[{"floor":6,"key":"Vajra"},{"floor":9,"key":"Happy Flower"},{"floor":10,"key":"Blood Vial"},{"floor":12,"key":"Ornamental Fan"}],"event_choices":[{"damage_healed":0,"gold_gain":0,"player_choice":"Box","damage_taken":0,"relics_obtained":["Sundial"],"max_hp_gain":0,"max_hp_loss":0,"event_name":"Big Fish","floor":4,"gold_loss":0,"cards_obtained":["Regret"]},{"cards_removed":["Strike_W"],"damage_healed":0,"gold_gain":0,"player_choice":"Card Removal","damage_taken":7,"max_hp_gain":0,"max_hp_loss":0,"event_name":"Golden Wing","floor":11,"gold_loss":0},{"damage_healed":0,"gold_gain":0,"player_choice":"Entered Light","damage_taken":16,"max_hp_gain":0,"max_hp_loss":0,"event_name":"Shining Light","floor":13,"gold_loss":0,"cards_upgraded":["Strike_W","Defend_W"]}],"is_beta":false,"boss_relics":[],"items_purged_floors":[7],"is_endless":false,"potions_floor_spawned":[1,2,3,5,10],"killed_by":"Hexaghost","ascension_level":9}}