{"host":"0bfi5m9qgchoxkt9","time":1611558743,"event":{"mods":["Act Like it!","BaseMod","Minty Spire (QoL Compilation)","Permanent Neow","Quick Restart","StSLib"],"gold_per_floor":[419,435,435,448,209,234,234,234,234],"floor_reached":8,"language":"ZHS","playtime":267,"items_purged":["Strike_G+1"],"score":112,"play_id":"a4834051-a920-441c-a8e7-608bf5c994dd","local_time":"20210125151223","is_ascension_mode":true,"campfire_choices":[{"floor":7,"key":"REST"}],"circlet_count":0,"master_deck":["AscendersBane","Strike_G","Strike_G","Strike_G","Strike_G","Defend_G","Defend_G","Defend_G","Defend_G","Defend_G","Survivor","Neutralize+1","CurseOfTheBell","Blade Dance","Cloak And Dagger","Reflex","Backflip"],"relics":["Calling Bell","Bag of Preparation","Ornamental Fan","Old Coin","Membership Card","Frozen Egg 2"],"acts_visited":["Exordium"],"potions_floor_usage":[6],"damage_taken":[{"damage":2,"enemies":"Jaw Worm","floor":1,"turns":4},{"damage":4,"enemies":"Small Slimes","floor":2,"turns":3},{"damage":0,"enemies":"2 Louse","floor":4,"turns":3},{"damage":27,"enemies":"3 Sentries","floor":6,"turns":13},{"damage":21,"enemies":"Gremlin Nob","floor":8,"turns":4}],"seed_played":"5206463504110280464","potions_obtained":[{"floor":2,"key":"SpeedPotion"}],"is_trial":false,"path_per_floor":["M","M","?","M","$","E","R","E"],"character_chosen":"THE_SILENT","items_purchased":["Membership Card","Backflip"],"campfire_rested":1,"item_purchase_floors":[5,5],"current_hp_per_floor":[57,53,33,33,33,6,25,4,4],"gold":234,"neow_bonus":"BOSS_RELIC","is_daily":false,"chose_seed":false,"campfire_upgraded":0,"win_rate":0.0,"timestamp":1611558743,"path_taken":["M","M","?","M","$","E","R","E"],"items_purchased_type":["Relic","Card"],"build_version":"2020-12-22","purchased_purges":1,"victory":false,"max_hp_per_floor":[66,66,66,66,66,66,66,66,66],"card_choices":[{"not_picked":["Sucker Punch","Prepared"],"picked":"Blade Dance","floor":1},{"not_picked":["Poisoned Stab","Eviscerate"],"picked":"Cloak And Dagger","floor":2},{"not_picked":["Bane","Skewer"],"picked":"Reflex","floor":4},{"not_picked":["Underhanded Strike","Sucker Punch","Outmaneuver"],"picked":"SKIP","floor":6}],"player_experience":968512,"relics_obtained":[{"floor":0,"key":"Bag of Preparation"},{"floor":0,"key":"Ornamental Fan"},{"floor":0,"key":"Old Coin"},{"floor":6,"key":"Frozen Egg 2"}],"event_choices":[{"damage_healed":0,"gold_gain":0,"player_choice":"Entered Light","damage_taken":20,"max_hp_gain":0,"max_hp_loss":0,"event_name":"Shining Light","floor":3,"gold_loss":0,"cards_upgraded":["Neutralize","Strike_G"]}],"is_beta":false,"boss_relics":[],"items_purged_floors":[5],"is_endless":false,"potions_floor_spawned":[2],"killed_by":"Gremlin Nob","ascension_level":20}}