{"host":"nwd160me4iqdtr8u","time":1611554832,"event":{"mods":["AchievementEnabler","Act Like it!","BaseMod","Colored Map","DeckTracker","Minty Spire (QoL Compilation)","Quick Restart","Rare Cards Sparkle","StSLib","SuperFastMode","everything is the same but u backflip on backflip"],"gold_per_floor":[119,139,414,432,449,449,624,624,650,650,666,190,200,200,200,304,304,304,304,304,304,304,304,304,304,304,304,119,119,119,119,119,119,119],"floor_reached":33,"language":"KOR","playtime":1819,"items_purged":["Regret","Doubt"],"score":323,"play_id":"2fc3f4e7-d64a-434b-b311-bb7cc6157898","local_time":"20210125150712","is_ascension_mode":true,"campfire_choices":[{"data":"Dagger Spray","floor":6.0,"key":"SMITH"},{"data":"Neutralize","floor":8.0,"key":"SMITH"},{"floor":10.0,"key":"REST"},{"data":"Glass Knife","floor":15.0,"key":"SMITH"},{"data":"Acrobatics","floor":23,"key":"SMITH"},{"floor":27,"key":"REST"},{"data":"Footwork","floor":32,"key":"SMITH"}],"circlet_count":0,"master_deck":["Strike_G","Strike_G","Strike_G","Defend_G","Defend_G","Defend_G","Defend_G","Defend_G","Survivor","Neutralize+1","Quick Slash","Dagger Spray+1","Acrobatics+1","Glass Knife+1","Endless Agony+1","Prepared+1","Crippling Poison","Dodge and Roll+1","Adrenaline","Reflex","Footwork+1"],"relics":["Ring of the Snake","Smiling Mask","Thread and Needle","Nunchaku","Ectoplasm","Oddly Smooth Stone","Tough Bandages","Red Mask"],"acts_visited":["Exordium","TheCity"],"potions_floor_usage":[22,22,22,25,33,33],"damage_taken":[{"damage":1.0,"enemies":"Cultist","floor":1.0,"turns":4.0},{"damage":2.0,"enemies":"2 Louse","floor":2.0,"turns":3.0},{"damage":8.0,"enemies":"Jaw Worm","floor":4.0,"turns":5.0},{"damage":5.0,"enemies":"Large Slime","floor":5.0,"turns":4.0},{"damage":23.0,"enemies":"Exordium Wildlife","floor":11.0,"turns":9.0},{"damage":1.0,"enemies":"Gremlin Gang","floor":13.0,"turns":3.0},{"damage":7.0,"enemies":"Slime Boss","floor":16.0,"turns":12.0},{"damage":0.0,"enemies":"3 Byrds","floor":18.0,"turns":4.0},{"damage":0,"enemies":"Chosen","floor":20,"turns":5},{"damage":16,"enemies":"Snecko","floor":22,"turns":5},{"damage":0,"enemies":"Centurion and Healer","floor":24,"turns":6},{"damage":7,"enemies":"Snake Plant","floor":25,"turns":4},{"damage":0,"enemies":"Masked Bandits","floor":29,"turns":3},{"damage":0,"enemies":"Chosen and Byrds","floor":31,"turns":4},{"damage":70,"enemies":"Champ","floor":33,"turns":31}],"seed_played":"-5951384360623688458","potions_obtained":[{"floor":1.0,"key":"Fire Potion"},{"floor":4.0,"key":"Fire Potion"},{"floor":11.0,"key":"EntropicBrew"},{"floor":13.0,"key":"LiquidMemories"},{"floor":18.0,"key":"Regen Potion"},{"floor":24,"key":"PowerPotion"},{"floor":29,"key":"Block Potion"},{"floor":31,"key":"Fruit Juice"}],"is_trial":false,"path_per_floor":["M","M","?","M","M","R","?","R","T","R","M","$","M","?","R","B",null,"M","?","M","?","M","R","M","M","T","R","$","?","?","M","R","B"],"character_chosen":"THE_SILENT","items_purchased":["Thread and Needle","Glass Knife","Adrenaline"],"campfire_rested":2,"item_purchase_floors":[12,12,28],"current_hp_per_floor":[62,60,60,52,47,47,47,47,47,68,45,45,44,26,26,19,57,57,57,57,57,41,41,41,34,34,55,55,55,55,55,55,0,0],"gold":119,"neow_bonus":"REMOVE_CARD","is_daily":false,"chose_seed":false,"campfire_upgraded":5,"win_rate":0.0,"timestamp":1611554832,"path_taken":["M","?","?","M","?","R","?","R","T","R","M","$","M","?","R","BOSS","M","?","M","?","M","R","M","?","T","R","?","?","?","?","R","BOSS"],"items_purchased_type":["Relic","Card","Card"],"build_version":"2020-12-22","purchased_purges":2,"victory":false,"max_hp_per_floor":[70,70,70,70,70,70,70,70,70,70,70,70,70,70,70,70,70,70,70,70,70,70,70,70,70,70,70,70,70,70,70,70,75,75],"card_choices":[{"not_picked":["Eviscerate","Poisoned Stab"],"picked":"Quick Slash","floor":1.0},{"not_picked":["Choke","Poisoned Stab"],"picked":"Dagger Spray","floor":2.0},{"not_picked":["PiercingWail","Quick Slash","Setup"],"picked":"SKIP","floor":4.0},{"not_picked":["Quick Slash","PiercingWail","Slice"],"picked":"SKIP","floor":5.0},{"not_picked":["All Out Attack","Predator"],"picked":"Acrobatics","floor":11.0},{"not_picked":["Heel Hook","Accuracy","Caltrops"],"picked":"SKIP","floor":13.0},{"not_picked":["Underhanded Strike","Acrobatics+1","Flying Knee"],"picked":"SKIP","floor":18.0},{"not_picked":["Deflect+1","Dagger Throw"],"picked":"Endless Agony+1","floor":20},{"not_picked":["Distraction","Leg Sweep"],"picked":"Prepared+1","floor":22},{"not_picked":["Prepared+1","Sucker Punch"],"picked":"Crippling Poison","floor":24},{"not_picked":["All Out Attack","Riddle With Holes"],"picked":"Dodge and Roll+1","floor":25},{"not_picked":["Dagger Spray+1","PiercingWail"],"picked":"Reflex","floor":29},{"not_picked":["Sucker Punch","Backstab+1"],"picked":"Footwork","floor":31}],"player_experience":251208,"relics_obtained":[{"floor":9.0,"key":"Smiling Mask"},{"floor":26,"key":"Tough Bandages"},{"floor":29,"key":"Red Mask"}],"event_choices":[{"damage_healed":0.0,"max_hp_gain":0.0,"max_hp_loss":0.0,"gold_gain":275.0,"event_name":"Golden Shrine","player_choice":"Desecrate","floor":3.0,"gold_loss":0.0,"damage_taken":0.0,"cards_obtained":["Regret"]},{"damage_healed":0.0,"max_hp_gain":0.0,"max_hp_loss":0.0,"gold_gain":175.0,"event_name":"Liars Game","player_choice":"AGREE","floor":7.0,"gold_loss":0.0,"damage_taken":0.0,"cards_obtained":["Doubt"]},{"damage_healed":0.0,"max_hp_gain":0.0,"max_hp_loss":0.0,"gold_gain":0.0,"event_name":"Scrap Ooze","player_choice":"Success","floor":14.0,"gold_loss":0.0,"damage_taken":18.0,"relics_obtained":["Nunchaku"]},{"damage_healed":0,"gold_gain":0,"player_choice":"Ignored","damage_taken":0,"max_hp_gain":0,"max_hp_loss":0,"event_name":"The Mausoleum","floor":19,"gold_loss":0},{"damage_healed":0,"gold_gain":0,"player_choice":"Gave Potion","damage_taken":0,"relics_obtained":["Oddly Smooth Stone"],"max_hp_gain":0,"max_hp_loss":0,"event_name":"WeMeetAgain","floor":21,"gold_loss":0},{"damage_healed":0,"gold_gain":0,"player_choice":"Fought Bandits","damage_taken":0,"max_hp_gain":0,"max_hp_loss":0,"event_name":"Masked Bandits","floor":29,"gold_loss":0},{"cards_removed":["Strike_G"],"damage_healed":0,"gold_gain":0,"player_choice":"Card Removal","damage_taken":0,"max_hp_gain":0,"max_hp_loss":0,"event_name":"Wheel of Change","floor":30,"gold_loss":0}],"is_beta":false,"boss_relics":[{"not_picked":["Coffee Dripper","Runic Pyramid"],"picked":"Ectoplasm"}],"items_purged_floors":[12,28],"is_endless":false,"potions_floor_spawned":[1,4,11,13,18,24,29,31],"killed_by":"Champ","ascension_level":7}}