{"host":"Rowan","time":1611535150,"event":{"mods":["BaseMod","Minty Spire (QoL Compilation)"],"gold_per_floor":[119,131,131,144,158,158,173,186,186,111,144,144,164,174,174,276,276,290,303,323,339,339,339,355,355,355,355,374,374,473,492,492,591,591,606,619,619,619,646,646,680,680,753,753,753,767,767,781,781,781,781],"floor_reached":50,"language":"ENG","playtime":2969,"items_purged":["Strike_B"],"score":478,"play_id":"9202f977-1c6e-463e-856f-f99c310d09ff","local_time":"20210124163910","is_ascension_mode":false,"campfire_choices":[{"floor":6,"key":"RECALL"},{"data":"Dualcast","floor":15,"key":"SMITH"},{"data":"Fission","floor":23,"key":"SMITH"},{"data":"Zap","floor":25,"key":"SMITH"},{"data":"Genetic Algorithm","floor":27,"key":"SMITH"},{"data":"Glacier","floor":32,"key":"SMITH"},{"data":"Creative AI","floor":40,"key":"SMITH"},{"data":"Defragment","floor":44,"key":"SMITH"},{"data":"Streamline","floor":47,"key":"SMITH"},{"data":"Go for the Eyes","floor":49,"key":"SMITH"}],"circlet_count":0,"master_deck":["Strike_B+1","Strike_B+1","Defend_B","Defend_B","Zap+1","Dualcast+1","Streamline+1","Self Repair","Conserve Battery","Leap","Gash","Ball Lightning","Go for the Eyes+1","Sweeping Beam","Fission+1","Coolheaded+1","BootSequence+1","Defragment+1","Genetic Algorithm+1","Rebound","Glacier+1","Creative AI+1","Fusion+1","Conserve Battery+1","Loop+1","Parasite","Static Discharge+1","White Noise+1"],"relics":["Cracked Core","Whetstone","Mercury Hourglass","Tiny Chest","Inserter","Singing Bowl","Nuclear Battery","Pen Nib","Shuriken","Symbiotic Virus"],"acts_visited":["Exordium","TheCity","TheBeyond"],"potions_floor_usage":[11,20,20,28,33,33,33,41,50],"damage_taken":[{"damage":0,"enemies":"2 Louse","floor":1,"turns":2},{"damage":0,"enemies":"Cultist","floor":2,"turns":2},{"damage":8,"enemies":"Jaw Worm","floor":4,"turns":3},{"damage":11,"enemies":"3 Louse","floor":5,"turns":3},{"damage":10,"enemies":"2 Fungi Beasts","floor":7,"turns":4},{"damage":2,"enemies":"Blue Slaver","floor":8,"turns":3},{"damage":16,"enemies":"Gremlin Nob","floor":11,"turns":3},{"damage":6,"enemies":"Looter","floor":13,"turns":3},{"damage":0,"enemies":"Large Slime","floor":14,"turns":3},{"damage":25,"enemies":"The Guardian","floor":16,"turns":10},{"damage":18,"enemies":"Spheric Guardian","floor":18,"turns":5},{"damage":12,"enemies":"Chosen","floor":19,"turns":5},{"damage":26,"enemies":"Centurion and Healer","floor":20,"turns":5},{"damage":26,"enemies":"Cultist and Chosen","floor":21,"turns":7},{"damage":4,"enemies":"Snake Plant","floor":24,"turns":5},{"damage":1,"enemies":"Snecko","floor":28,"turns":6},{"damage":11,"enemies":"Cultist and Chosen","floor":31,"turns":6},{"damage":18,"enemies":"Automaton","floor":33,"turns":11},{"damage":0,"enemies":"Orb Walker","floor":35,"turns":4},{"damage":23,"enemies":"3 Darklings","floor":36,"turns":4},{"damage":46,"enemies":"Giant Head","floor":41,"turns":12},{"damage":0,"enemies":"Writhing Mass","floor":46,"turns":4},{"damage":14,"enemies":"Jaw Worm Horde","floor":48,"turns":5},{"damage":72,"enemies":"Time Eater","floor":50,"turns":8}],"seed_played":"-4045864130886690796","potions_obtained":[{"floor":7,"key":"Strength Potion"},{"floor":11,"key":"Fire Potion"},{"floor":13,"key":"DuplicationPotion"},{"floor":16,"key":"LiquidMemories"},{"floor":19,"key":"Regen Potion"},{"floor":21,"key":"LiquidBronze"},{"floor":24,"key":"Dexterity Potion"},{"floor":28,"key":"SteroidPotion"},{"floor":36,"key":"FearPotion"},{"floor":41,"key":"SteroidPotion"},{"floor":46,"key":"PotionOfCapacity"}],"is_trial":false,"path_per_floor":["M","M","?","M","M","R","M","M","T","$","E","?","M","M","R","B",null,"M","M","M","M","?","R","M","R","T","R","M","T","?","M","R","B",null,"M","M","?","?","T","R","E","?","T","R","?","M","R","M","R","B"],"character_chosen":"DEFECT","items_purchased":[],"campfire_rested":0,"item_purchase_floors":[],"current_hp_per_floor":[75,75,80,79,75,75,72,77,77,77,68,90,90,90,90,72,90,79,74,67,48,48,48,51,51,51,51,57,57,57,55,55,44,92,92,76,76,76,76,76,37,76,76,76,76,76,76,69,69,0,0],"gold":781,"neow_bonus":"RANDOM_COMMON_RELIC","is_daily":false,"chose_seed":false,"campfire_upgraded":9,"win_rate":0.0,"timestamp":1611535150,"path_taken":["M","M","?","M","M","R","M","M","T","$","E","?","M","M","R","BOSS","M","M","M","?","?","R","M","R","T","R","M","?","?","M","R","BOSS","M","M","?","?","?","R","E","?","T","R","?","?","R","M","R","BOSS"],"items_purchased_type":[],"build_version":"2020-12-18","purchased_purges":1,"victory":false,"max_hp_per_floor":[75,75,80,80,80,80,80,80,80,80,80,90,90,90,90,90,90,90,90,90,90,90,90,90,90,90,90,90,90,90,92,92,92,92,92,92,87,87,87,87,87,76,76,76,76,76,76,76,76,76,76],"card_choices":[{"not_picked":["Sweeping Beam","Cold Snap"],"picked":"Streamline","floor":1},{"not_picked":["Conserve Battery","Streamline"],"picked":"Self Repair","floor":2},{"not_picked":["Reboot","Turbo"],"picked":"Conserve Battery","floor":4},{"not_picked":["Steam","Gash"],"picked":"Leap","floor":5},{"not_picked":["Coolheaded","Ball Lightning"],"picked":"Core Surge","floor":7},{"not_picked":["Hologram","Compile Driver"],"picked":"Gash","floor":8},{"not_picked":["Blizzard","Cold Snap"],"picked":"Ball Lightning","floor":11},{"not_picked":["Stack","Compile Driver"],"picked":"Go for the Eyes","floor":13},{"not_picked":["Conserve Battery","Leap"],"picked":"Sweeping Beam","floor":14},{"not_picked":["Reboot","All For One"],"picked":"Fission","floor":16},{"not_picked":["Stack","Ball Lightning+1"],"picked":"Coolheaded+1","floor":18},{"not_picked":["Force Field","Ball Lightning","Hologram"],"picked":"SKIP","floor":19},{"not_picked":["Steam","Turbo"],"picked":"BootSequence+1","floor":20},{"not_picked":["Melter","Streamline"],"picked":"Defragment","floor":21},{"not_picked":["Cold Snap","Hologram"],"picked":"Glacier","floor":24},{"not_picked":["Compile Driver","Sweeping Beam","Hologram"],"picked":"SKIP","floor":28},{"not_picked":["Rebound+1","Machine Learning","Heatsinks"],"picked":"Singing Bowl","floor":31},{"not_picked":["Thunder Strike","Meteor Strike"],"picked":"Creative AI","floor":33},{"not_picked":["BootSequence+1","Steam Power+1"],"picked":"Fusion+1","floor":35},{"not_picked":["Capacitor","Stack"],"picked":"Conserve Battery+1","floor":36},{"not_picked":["Genetic Algorithm+1","Reboot"],"picked":"Loop+1","floor":41},{"not_picked":["Barrage+1","Rebound+1"],"picked":"Static Discharge+1","floor":46},{"not_picked":["Undo","Go for the Eyes+1"],"picked":"White Noise+1","floor":48}],"player_experience":418731,"relics_obtained":[{"floor":9,"key":"Mercury Hourglass"},{"floor":11,"key":"Tiny Chest"},{"floor":29,"key":"Singing Bowl"},{"floor":39,"key":"Pen Nib"},{"floor":41,"key":"Shuriken"},{"floor":43,"key":"Symbiotic Virus"}],"event_choices":[{"damage_healed":0,"gold_gain":0,"player_choice":"Donut","damage_taken":0,"max_hp_gain":5,"max_hp_loss":0,"event_name":"Big Fish","floor":3,"gold_loss":0},{"cards_removed":["Core Surge"],"damage_healed":12,"gold_gain":0,"player_choice":"Offered Rare","damage_taken":0,"max_hp_gain":10,"max_hp_loss":0,"event_name":"Bonfire Elementals","floor":12,"gold_loss":0},{"damage_healed":0,"gold_gain":0,"cards_transformed":["Strike_B","Defend_B"],"player_choice":"Became Test Subject","damage_taken":0,"max_hp_gain":0,"max_hp_loss":0,"event_name":"Drug Dealer","floor":22,"gold_loss":0,"cards_obtained":["Genetic Algorithm","Rebound"]},{"damage_healed":0,"gold_gain":99,"player_choice":"Stole From Cult","damage_taken":0,"max_hp_gain":0,"max_hp_loss":0,"event_name":"Nest","floor":30,"gold_loss":0},{"damage_healed":0,"gold_gain":0,"player_choice":"Max HP","damage_taken":0,"max_hp_gain":0,"max_hp_loss":5,"event_name":"Winding Halls","floor":37,"gold_loss":0},{"damage_healed":0,"gold_gain":0,"player_choice":"Ignored","damage_taken":0,"max_hp_gain":0,"max_hp_loss":0,"event_name":"Tomb of Lord Red Mask","floor":38,"gold_loss":0},{"damage_healed":76,"gold_gain":0,"player_choice":"Heal","damage_taken":0,"max_hp_gain":0,"max_hp_loss":11,"event_name":"The Moai Head","floor":42,"gold_loss":0},{"cards_removed":["Defend_B"],"damage_healed":0,"gold_gain":0,"player_choice":"Removed Skill","damage_taken":0,"max_hp_gain":0,"max_hp_loss":0,"event_name":"Falling","floor":45,"gold_loss":0}],"is_beta":true,"boss_relics":[{"not_picked":["Calling Bell","Tiny House"],"picked":"Inserter"},{"not_picked":["Velvet Choker","Busted Crown"],"picked":"Nuclear Battery"}],"items_purged_floors":[10],"is_endless":false,"potions_floor_spawned":[7,11,13,16,19,21,24,28,36,41,46],"killed_by":"Time Eater","ascension_level":0}}