{"host":"f0gpob8hq9vgebej","time":1611573207,"event":{"mods":["AchievementEnabler","BaseMod","Minty Spire (QoL Compilation)","Quick Restart","SuperFastMode"],"gold_per_floor":[114,124,136,148,148,181,181,211,211,237,237,237,247,41,41,144,144,158,168,168,168],"floor_reached":20,"language":"KOR","playtime":298,"items_purged":["Strike_B"],"score":267,"play_id":"22f04f16-18f7-41f4-a9c4-f4d3220983d9","local_time":"20210125201327","is_ascension_mode":true,"campfire_choices":[{"floor":7.0,"key":"REST"},{"data":"Zap","floor":11.0,"key":"SMITH"},{"floor":15.0,"key":"REST"}],"circlet_count":0,"master_deck":["Strike_B+1","Strike_B+1","Defend_B","Defend_B","Defend_B","Defend_B","Zap+1","Dualcast","Static Discharge","Defragment","Ball Lightning","Ball Lightning","Defragment","Storm","Conserve Battery","Creative AI"],"relics":["Cracked Core","Whetstone","Calipers","Dead Branch","Ice Cream","Ginger","Runic Pyramid"],"acts_visited":["Exordium","TheCity"],"potions_floor_usage":[],"damage_taken":[{"damage":3.0,"enemies":"2 Louse","floor":1.0,"turns":4.0},{"damage":7.0,"enemies":"Jaw Worm","floor":2.0,"turns":3.0},{"damage":9.0,"enemies":"Small Slimes","floor":3.0,"turns":3.0},{"damage":16.0,"enemies":"Blue Slaver","floor":4.0,"turns":3.0},{"damage":20.0,"enemies":"3 Sentries","floor":6.0,"turns":4.0},{"damage":18.0,"enemies":"Lagavulin","floor":10.0,"turns":4.0},{"damage":0.0,"enemies":"2 Fungi Beasts","floor":13.0,"turns":2.0},{"damage":2.0,"enemies":"Slime Boss","floor":16.0,"turns":5.0},{"damage":11,"enemies":"Shell Parasite","floor":18,"turns":5},{"damage":27,"enemies":"2 Thieves","floor":19,"turns":4},{"damage":26,"enemies":"Snake Plant","floor":20,"turns":2}],"seed_played":"5621298321525538946","potions_obtained":[{"floor":1.0,"key":"DuplicationPotion"},{"floor":2.0,"key":"Explosive Potion"},{"floor":6.0,"key":"Block Potion"},{"floor":10.0,"key":"AttackPotion"}],"is_trial":false,"path_per_floor":["M","M","M","M","?","E","R","?","T","E","R","T","M","$","R","B",null,"M","M","M"],"character_chosen":"DEFECT","items_purchased":["Storm","Conserve Battery"],"campfire_rested":2,"item_purchase_floors":[14,14],"current_hp_per_floor":[65,58,49,33,26,6,28,28,28,10,10,10,10,10,32,30,64,53,26,0,0],"gold":168,"neow_bonus":"RANDOM_COMMON_RELIC","is_daily":false,"chose_seed":false,"campfire_upgraded":1,"win_rate":0.0,"timestamp":1611573207,"path_taken":["M","M","M","M","?","E","R","?","T","E","R","?","M","$","R","BOSS","M","M","M"],"items_purchased_type":["Card","Card"],"build_version":"2020-12-22","purchased_purges":1,"victory":false,"max_hp_per_floor":[75,75,75,75,75,75,75,75,75,75,75,75,75,75,75,75,75,75,75,75,75],"card_choices":[{"not_picked":["Glacier","Turbo"],"picked":"Static Discharge","floor":1.0},{"not_picked":["Streamline","Coolheaded"],"picked":"Defragment","floor":2.0},{"not_picked":["Beam Cell","Self Repair"],"picked":"Ball Lightning","floor":3.0},{"not_picked":["Stack","Steam"],"picked":"Ball Lightning","floor":4.0},{"not_picked":["Stack","Beam Cell","Go for the Eyes"],"picked":"SKIP","floor":6.0},{"not_picked":["Cold Snap","Barrage"],"picked":"Defragment","floor":10.0},{"not_picked":["Aggregate","Core Surge","Rebound"],"picked":"SKIP","floor":13.0},{"not_picked":["Reboot","All For One"],"picked":"Creative AI","floor":16.0},{"not_picked":["Skim+1","Rebound+1","Blizzard"],"picked":"SKIP","floor":18},{"not_picked":["Hologram+1","Ball Lightning","Redo"],"picked":"SKIP","floor":19}],"player_experience":245069,"relics_obtained":[{"floor":6.0,"key":"Calipers"},{"floor":9.0,"key":"Dead Branch"},{"floor":10.0,"key":"Ice Cream"},{"floor":12.0,"key":"Ginger"}],"event_choices":[{"cards_removed":["Strike_B"],"damage_healed":0.0,"max_hp_gain":0.0,"max_hp_loss":0.0,"gold_gain":0.0,"event_name":"Golden Wing","player_choice":"Card Removal","floor":5.0,"gold_loss":0.0,"damage_taken":7.0},{"damage_healed":0.0,"max_hp_gain":0.0,"max_hp_loss":0.0,"gold_gain":30.0,"event_name":"Dead Adventurer","player_choice":"Searched \u00271\u0027 times","floor":8.0,"gold_loss":0.0,"damage_taken":0.0}],"is_beta":false,"boss_relics":[{"not_picked":["Snecko Eye","Busted Crown"],"picked":"Runic Pyramid"}],"items_purged_floors":[14],"is_endless":false,"potions_floor_spawned":[1,2,6,10],"killed_by":"Snake Plant","ascension_level":9}}