{"host":"8e35oykb3je6g7ng","time":1611544707,"event":{"mods":["Act Like it!","BaseMod","Better Altar","Better Match","Better Third Choice","BetterRewards","Block Reminder","Card Forge","Colored Map","Colored Powertips","Jedi Mod","Minty Spire (QoL Compilation)","Permanent Neow","Quick Restart","StSLib","UnlockEverythingMod"],"gold_per_floor":[118,118,136,146,160,160,160],"floor_reached":6,"language":"ENG","playtime":344,"items_purged":[],"score":68,"play_id":"b0ae210e-90cf-4cbc-98ec-211de1478131","local_time":"20210124221827","is_ascension_mode":true,"campfire_choices":[],"circlet_count":0,"master_deck":["AscendersBane","Strike_B","Strike_B","Strike_B","Defend_B","Defend_B","Defend_B","Defend_B","Zap","Dualcast","jedi:meditation","Steam","Auto Shields","Multi-Cast","Defragment","jedi:BurstFrost"],"relics":["Cracked Core","Hammer of Thor","Seething Fire","Anvil of the Gods"],"acts_visited":["Exordium"],"potions_floor_usage":[6],"damage_taken":[{"damage":6.0,"enemies":"Jaw Worm","floor":1.0,"turns":4.0},{"damage":0.0,"enemies":"2 Louse","floor":3.0,"turns":3.0},{"damage":0.0,"enemies":"Cultist","floor":4.0,"turns":4.0},{"damage":13.0,"enemies":"Red Slaver","floor":5.0,"turns":4.0},{"damage":27,"enemies":"Gremlin Nob","floor":6,"turns":4}],"seed_played":"5843182519988300404","potions_obtained":[{"floor":3.0,"key":"DistilledChaos"},{"floor":5.0,"key":"Fruit Juice"}],"is_trial":false,"path_per_floor":["M","?","M","M","M","E"],"character_chosen":"DEFECT","items_purchased":[],"campfire_rested":0,"item_purchase_floors":[],"current_hp_per_floor":[58,58,58,58,45,18,18],"gold":160,"neow_bonus":"ONE_RANDOM_RARE_CARD","is_daily":false,"chose_seed":false,"campfire_upgraded":0,"win_rate":0.0,"timestamp":1611544707,"path_taken":["M","?","M","M","M","E"],"items_purchased_type":[],"build_version":"2020-12-22","purchased_purges":0,"victory":false,"max_hp_per_floor":[71,71,71,71,71,71,71],"card_choices":[{"not_picked":["Conserve Battery","Redo"],"picked":"Steam","floor":1.0},{"not_picked":["Sweeping Beam","Redo"],"picked":"Multi-Cast","floor":3.0},{"not_picked":["Hologram","Steam Power"],"picked":"Defragment","floor":4.0},{"not_picked":["BootSequence","Coolheaded"],"picked":"jedi:BurstFrost","floor":5.0}],"player_experience":521685,"relics_obtained":[],"event_choices":[{"damage_healed":0.0,"max_hp_gain":0.0,"max_hp_loss":0.0,"gold_gain":0.0,"cards_transformed":["Strike_B"],"event_name":"Living Wall","player_choice":"Change","floor":2.0,"gold_loss":0.0,"damage_taken":0.0,"cards_obtained":["Auto Shields"]}],"is_beta":false,"boss_relics":[],"items_purged_floors":[],"is_endless":false,"potions_floor_spawned":[3,5],"killed_by":"Gremlin Nob","ascension_level":16}}