{"host":"iqi2f1z1yw5mc6j3","time":1611532893,"event":{"mods":["BaseMod","Colored Powertips","Minty Spire (QoL Compilation)","Replay The Spire","StSLib"],"gold_per_floor":[118,58,68,68,83,109,109,122,122,133,9,9,58,72,72,177,177,194,0,100,87,105,105,125,125,125,65,99,99,112,112,112,112,112],"floor_reached":33,"language":"ENG","playtime":3012,"items_purged":["Strike_R","Strike_R"],"score":267,"play_id":"d779fb7a-a0c1-4e98-8c70-55f0e9f32fd7","local_time":"20210124190133","is_ascension_mode":false,"campfire_choices":[{"data":"Armaments","floor":12,"key":"SMITH"},{"floor":15,"key":"REST"},{"floor":23,"key":"REST"}],"circlet_count":0,"master_deck":["Strike_R","Strike_R","Strike_R","Defend_R","Defend_R","Defend_R","Bash","Cleave","Flame Barrier+1","Flame Barrier","Clash","Iron Wave","Headbutt","Hemogenesis","Sword Boomerang","Armaments+1","Anger","Ghostly Armor","Impervious","Dropkick+1","Madness","Thunderclap","Shrug It Off+1","Sword Boomerang","Twin Strike","True Grit","Cleave"],"relics":["Burning Blood","Ice Cream","Shovel","Dream Catcher","Ring of Chaos","White Beast Statue","Bird Faced Urn","MutagenicStrength"],"acts_visited":["Exordium","TheCity"],"potions_floor_usage":[6,10,16,22,28,30,33],"damage_taken":[{"damage":6,"enemies":"Cultist","floor":1,"turns":3},{"damage":10,"enemies":"Small Slimes","floor":3,"turns":4},{"damage":2,"enemies":"2 Louse","floor":5,"turns":2},{"damage":12,"enemies":"Replay:BlueRogue","floor":6,"turns":6},{"damage":0,"enemies":"Blue Slaver","floor":8,"turns":4},{"damage":0,"enemies":"3 Louse","floor":10,"turns":1},{"damage":8,"enemies":"Lots of Slimes","floor":14,"turns":4},{"damage":38,"enemies":"Fading Forest","floor":16,"turns":11},{"damage":13,"enemies":"Spheric Guardian","floor":18,"turns":6},{"damage":8,"enemies":"2 Thieves","floor":21,"turns":4},{"damage":55,"enemies":"Centurion and Healer","floor":22,"turns":10},{"damage":6,"enemies":"Snake Plant","floor":24,"turns":4},{"damage":1,"enemies":"Replay:Snechameleon","floor":28,"turns":4},{"damage":27,"enemies":"3 Cultists","floor":30,"turns":8},{"damage":12,"enemies":"Book of Stabbing","floor":33,"turns":3}],"seed_played":"-1152277181833728028","potions_obtained":[{"floor":1,"key":"Toxic Potion"},{"floor":8,"key":"LiquidMemories"},{"floor":14,"key":"Strength Potion"},{"floor":21,"key":"ColorlessPotion"},{"floor":24,"key":"PowerPotion"},{"floor":28,"key":"Block Potion"},{"floor":30,"key":"Weak Potion"}],"is_trial":false,"path_per_floor":["M","$","M","?","M","E","?","M","T","M","$","R","T","M","R","B",null,"M","$","?","M","M","R","M","?","T","?","E","?","M","PTL","PTL","E"],"character_chosen":"IRONCLAD","items_purchased":["Flame Barrier","Armaments","Madness"],"campfire_rested":2,"item_purchase_floors":[2,11,19],"current_hp_per_floor":[80,80,76,76,80,74,74,80,80,80,80,80,80,78,80,55,80,73,73,73,76,32,56,56,56,56,56,61,61,40,40,40,28,28],"gold":112,"neow_bonus":"REMOVE_CARD","is_daily":false,"chose_seed":false,"campfire_upgraded":1,"win_rate":0.0,"timestamp":1611532893,"path_taken":["M","?","?","?","M","E","?","M","T","M","$","R","?","M","R","BOSS","M","$","?","M","M","R","?","?","T","?","E","?","M","PTL","PTL","E"],"items_purchased_type":["Card","Card","Card"],"build_version":"2020-12-22","purchased_purges":2,"victory":false,"max_hp_per_floor":[80,80,80,80,80,80,80,80,80,80,80,80,80,80,80,80,80,80,80,80,80,80,80,80,80,80,80,80,80,80,80,80,80,80],"card_choices":[{"not_picked":["Pummel","Anger"],"picked":"Cleave","floor":1},{"not_picked":["Run Through","Dark Embrace"],"picked":"Clash","floor":3},{"not_picked":["Heavy Blade","Rampage"],"picked":"Iron Wave","floor":5},{"not_picked":["Bloodletting","Inflame"],"picked":"Headbutt","floor":6},{"not_picked":["Pommel Strike","Body Slam"],"picked":"Hemogenesis","floor":8},{"not_picked":["Massacre","Inflame"],"picked":"Sword Boomerang","floor":10},{"not_picked":["Carnage","Second Wind"],"picked":"Anger","floor":14},{"not_picked":["Warcry","Replay:Undeath\u0027s Touch"],"picked":"Ghostly Armor","floor":15},{"not_picked":["Barricade","Demonic Infusion"],"picked":"Impervious","floor":16},{"not_picked":["Headbutt","Flame Barrier"],"picked":"Dropkick+1","floor":18},{"not_picked":["Armaments","Warcry"],"picked":"Thunderclap","floor":21},{"not_picked":["Dual Wield","Flex"],"picked":"Shrug It Off+1","floor":22},{"not_picked":["Massacre+1","Wild Strike"],"picked":"Sword Boomerang","floor":23},{"not_picked":["Perfected Strike","Shrug It Off+1"],"picked":"Twin Strike","floor":24},{"not_picked":["Armaments","Second Wind"],"picked":"True Grit","floor":28},{"not_picked":["Anger","Sword Boomerang"],"picked":"Cleave","floor":30}],"player_experience":47031,"relics_obtained":[{"floor":6,"key":"Ice Cream"},{"floor":9,"key":"Shovel"},{"floor":13,"key":"Dream Catcher"},{"floor":26,"key":"White Beast Statue"},{"floor":28,"key":"Bird Faced Urn"}],"event_choices":[{"damage_healed":0,"gold_gain":0,"player_choice":"Ignored","damage_taken":0,"max_hp_gain":0,"max_hp_loss":0,"event_name":"Shining Light","floor":7,"gold_loss":0},{"damage_healed":0,"gold_gain":100,"player_choice":"Pray","damage_taken":0,"max_hp_gain":0,"max_hp_loss":0,"event_name":"Golden Shrine","floor":20,"gold_loss":0},{"damage_healed":0,"gold_gain":0,"player_choice":"Inject Mutagens","damage_taken":0,"relics_obtained":["MutagenicStrength"],"max_hp_gain":0,"max_hp_loss":0,"event_name":"Drug Dealer","floor":29,"gold_loss":0}],"is_beta":false,"boss_relics":[{"not_picked":["Sozu","Mark of Pain"],"picked":"Ring of Chaos"}],"items_purged_floors":[11,19],"is_endless":false,"potions_floor_spawned":[1,8,14,21,24,28,30],"killed_by":"Book of Stabbing","ascension_level":0}}