{"host":"9xbpusgrz0p5n7ce","time":1611574429,"event":{"mods":["Act Like it!","BaseMod","Downfall","Gensokyo","Hermit","Marisa£®ÏF”Í°°ƒß¿Ì…≥£©","Minty Spire (QoL Compilation)","Reimu£®≤©¿ˆ¡È√Œ£©","Remilia£®¿Ÿ√◊¿Ú—«£©","StSLib","The Cursed","The Servant 0.9.4","Youmu£®ªÍ∆«—˝√Œ£©"],"gold_per_floor":[410,426,28,39,39,39,70,90,90,90,104,123,123,53,53,148,148,166,416,439,462,148,148,389,389,389,389,278,291,329,348,348,757,757,780,798,813,520,529,563,643,515,515,551,373,373,393,416,416,416],"floor_reached":51,"language":"ZHS","playtime":6622,"items_purged":[],"score":1353,"play_id":"c976d69c-6fd1-4b55-b39e-00cce37e36b8","local_time":"20210125193349","daily_mods":["Draft","Colorless Cards","Heirloom","Time Dilation","DeadlyEvents"],"is_ascension_mode":true,"campfire_choices":[{"data":"FlashingScatteredFlowers","floor":6.0,"key":"SMITH"},{"data":"SpiritCuttingSword","floor":13,"key":"SMITH"},{"data":"BloodAndWine","floor":15,"key":"SMITH"},{"data":"HumanRealmSword","floor":23,"key":"SMITH"},{"data":"Sadistic Nature","floor":25,"key":"SMITH"},{"data":"SwordExtraction","floor":27,"key":"SMITH"},{"data":"FiveSignsOfTheDyingDeva","floor":32,"key":"SMITH"},{"data":"Apotheosis","floor":46,"key":"SMITH"},{"data":"Thinking Ahead","floor":49,"key":"SMITH"}],"circlet_count":0,"master_deck":["SwordExtraction+1","Flash of Steel","UnderTheZenith","SlashOfMeditation","BlasphemousPunishment","Swift Strike","FlashingScatteredFlowers+1","CrescentMoonSlash","FiveSignsOfTheDyingDeva+1","SwordExtraction","CharismaGuard","HumanKnowledgeSword","Bandage Up+1","ScarletDevil","SwordExtraction","SpiritCuttingSword+1","Dramatic Entrance","CharismaGuard","BloodAndWine+1","Sadistic Nature+1","BloodHunter+1","HumanRealmSword+1","Discovery+1","DispleasureOfTheSevenHakus+1","Apotheosis+1","SpiderLilyBurial","Gensokyo:RPG","Thinking Ahead+1","TransientEternity","SlashClearingTheSixSenses+1","Gensokyo:RustyChest","Gensokyo:TarnishedGold","Stigmanizer+1","ObsessionSword+1"],"relics":["HalfPhantom","Old Coin","InkBottle","Centennial Puzzle","Nunchaku","bronze:DecasWashers","Bottled Lightning","expansioncontent:StudyCardRelic","CeramicFish","Guardian:GemstoneGun","CrazyTorch:ReiMu","Torii","Darkstone Periapt","PreservedInsect","SlaversCollar","Calipers","Roukanken","Bag of Marbles","Orichalcum","StrikeDummy","Orrery","Molten Egg 2","ScarletDevilRocket","OrangePellets"],"acts_visited":["Exordium","Gensokyo:Gensokyo","Gensokyo:Gensokyoer"],"potions_floor_usage":[16,33],"damage_taken":[{"damage":0.0,"enemies":"Gensokyo:Python","floor":1.0,"turns":1.0},{"damage":0.0,"enemies":"Gensokyo:3_Fairies","floor":2.0,"turns":2.0},{"damage":0.0,"enemies":"Gensokyo:Gryphon","floor":4.0,"turns":1.0},{"damage":0.0,"enemies":"Gensokyo:Aya","floor":7.0,"turns":2.0},{"damage":0,"enemies":"Gensokyo:LivingMonolith","floor":8,"turns":1},{"damage":0,"enemies":"Gensokyo:Kitsune","floor":11,"turns":1},{"damage":0,"enemies":"Gensokyo:3_Kodama","floor":12,"turns":1},{"damage":13,"enemies":"Gensokyo:Yukari","floor":16,"turns":1},{"damage":0,"enemies":"Gensokyo:2_Gloops","floor":18,"turns":1},{"damage":0,"enemies":"Gensokyo:Chomper","floor":20,"turns":2},{"damage":1,"enemies":"Gensokyo:Mirror_and_Dog","floor":21,"turns":1},{"damage":10,"enemies":"Gensokyo:Reisen","floor":24,"turns":1},{"damage":0,"enemies":"Gensokyo:Swordslinger","floor":29,"turns":1},{"damage":0,"enemies":"Gensokyo:Tenshi","floor":30,"turns":1},{"damage":0,"enemies":"Gensokyo:3_Gloops","floor":31,"turns":1},{"damage":23,"enemies":"Gensokyo:Eternal_Rivals","floor":33,"turns":3},{"damage":0,"enemies":"Gensokyo:AncientGuardian","floor":35,"turns":2},{"damage":10,"enemies":"Gensokyo:3_Boulders","floor":36,"turns":1},{"damage":0,"enemies":"Gensokyo:AtlasGolem","floor":37,"turns":1},{"damage":10,"enemies":"Gensokyo:Marisa","floor":40,"turns":1},{"damage":0,"enemies":"Gensokyo:Kasen","floor":44,"turns":1},{"damage":0,"enemies":"Gensokyo:4_Bats","floor":47,"turns":1},{"damage":0,"enemies":"Gensokyo:SeedOfUnknown","floor":48,"turns":1},{"damage":3,"enemies":"Gensokyo:Scarlet_Devils","floor":50,"turns":4}],"seed_played":"6851131690603403390","potions_obtained":[{"floor":4.0,"key":"Guardian:BlockOnCardUsePotion"},{"floor":11,"key":"Regen Potion"},{"floor":12,"key":"PhantomPosion"},{"floor":16,"key":"Dexterity Potion"},{"floor":18,"key":"Energy Potion"},{"floor":30,"key":"SpeedPotion"},{"floor":31,"key":"AttackPotion"},{"floor":37,"key":"SpeedPotion"}],"is_trial":true,"path_per_floor":["M","M","$","M","?","R","E","M","T","$","M","M","R","COS","R","B",null,"M","?","M","M","$","R","E","R","T","R","COS","M","E","M","R","B",null,"M","M","M","$","?","E","T","$","T","E","COS","R","M","M","R","B",null],"character_chosen":"YOUMU","items_purchased":["InkBottle","Centennial Puzzle","Guardian:GemstoneGun","Roukanken","Bag of Marbles","Orrery"],"campfire_rested":0,"item_purchase_floors":[3,3,22,38,38,42],"current_hp_per_floor":[72,75,75,75,60,60,64,68,68,68,68,72,72,72,72,63,72,75,71,71,71,71,71,68,68,68,68,68,71,71,71,71,69,71,71,61,61,61,61,51,51,51,51,51,51,51,58,64,64,68],"gold":416,"neow_bonus":"","is_daily":false,"chose_seed":false,"campfire_upgraded":9,"win_rate":0.0,"timestamp":1611574429,"path_taken":["M","?","$","M","?","R","E","M","T","$","M","M","R","COS","R","BOSS","M","?","M","M","$","R","E","R","T","R","COS","M","E","M","R","BOSS","M","M","M","$","?","E","?","$","T","E","COS","R","M","M","R","BOSS"],"items_purchased_type":["Relic","Relic","Relic","Relic","Relic","Relic"],"build_version":"2020-12-22","purchased_purges":0,"victory":true,"max_hp_per_floor":[75,75,75,75,75,75,75,75,75,75,75,75,75,75,75,75,75,75,71,71,71,71,71,71,71,71,71,71,71,71,71,71,71,71,71,71,71,71,71,71,71,71,71,71,71,71,71,71,71,71],"card_choices":[{"not_picked":["RedRainbow","LowerRealmReflectionSlash"],"picked":"SwordExtraction","floor":0.0},{"not_picked":["BlasphemousPunishment","VampireKiss"],"picked":"Flash of Steel","floor":0.0},{"not_picked":["LifeCuttingSword","Panacea"],"picked":"UnderTheZenith","floor":0.0},{"not_picked":["ChainGang","UnderTheZenith"],"picked":"SlashOfMeditation","floor":0.0},{"not_picked":["LowerRealmReflectionSlash","SwordOfBindingDesires"],"picked":"BlasphemousPunishment","floor":0.0},{"not_picked":["ScarletNetherworld","LifeCuttingSword"],"picked":"Swift Strike","floor":0.0},{"not_picked":["PanicButton","BombardNight"],"picked":"FlashingScatteredFlowers","floor":0.0},{"not_picked":["VampireKiss","SwordOfBindingDesires"],"picked":"CrescentMoonSlash","floor":0.0},{"not_picked":["MastersStateliness","StarOfDavid"],"picked":"FiveSignsOfTheDyingDeva","floor":0.0},{"not_picked":["UnstableMagic","CrescentMoonSlash"],"picked":"SwordExtraction","floor":0.0},{"not_picked":["DispleasureOfTheSevenHakus","BlasphemousPunishment"],"picked":"CharismaGuard","floor":0.0},{"not_picked":["SanzenSekai","DiffusionOfMisfortune"],"picked":"HumanKnowledgeSword","floor":0.0},{"not_picked":["Good Instincts","DiffusionOfMisfortune"],"picked":"Bandage Up","floor":0.0},{"not_picked":["SpiritMediumsBind","BombardNight"],"picked":"ScarletDevil","floor":0.0},{"not_picked":["StarOfDavid","FavorOfDestiny"],"picked":"SwordExtraction","floor":0.0},{"not_picked":["ConstancyOfTheConventionalTruth","BloodyMagicSquare"],"picked":"SpiritCuttingSword","floor":1.0},{"not_picked":["Stigmanizer","UnstableMagic"],"picked":"Dramatic Entrance","floor":2.0},{"not_picked":["PhosphoricSlash","ChainGang"],"picked":"CharismaGuard","floor":4.0},{"not_picked":["BloodRain","Stigmanizer","ChainGang"],"picked":"SKIP","floor":7.0},{"not_picked":["Septette","SlashOfMeditation","DiffusionOfMisfortune"],"picked":"SKIP","floor":8},{"not_picked":["SlashOfDelusionalInnerEye","ScarletNetherworld","BombardNight"],"picked":"SKIP","floor":11},{"not_picked":["StarOfDavid","Bandage Up"],"picked":"BloodAndWine","floor":12},{"not_picked":["FastingOfTheYoungPreta","Metamorphosis"],"picked":"Sadistic Nature","floor":16},{"not_picked":["EndlessAdversity","BlasphemousPunishment+1","EternalNight"],"picked":"SKIP","floor":18},{"not_picked":["VampireFantasy","Maim"],"picked":"BloodHunter+1","floor":20},{"not_picked":["NightDance+1","Blind"],"picked":"HumanRealmSword","floor":21},{"not_picked":["StarOfDavid+1","EquivalentExchange"],"picked":"Discovery+1","floor":24},{"not_picked":["BombardNight+1","FitfulNightmare","UnstableMagic+1"],"picked":"SKIP","floor":29},{"not_picked":["SwordExtraction+1","PhosphoricSlash"],"picked":"DispleasureOfTheSevenHakus+1","floor":30},{"not_picked":["EndlessAdversity","Deep Breath","MastersStateliness+1"],"picked":"SKIP","floor":31},{"not_picked":["Metamorphosis","SuddenDivineSeveringOfKarmicWind"],"picked":"Apotheosis","floor":33},{"not_picked":["AfternoonTea","ScarletImprint+1"],"picked":"SpiderLilyBurial","floor":35},{"not_picked":["GhostSword+1","Swift Strike","Trip+1"],"picked":"SKIP","floor":36},{"not_picked":["SanzenSekai","ReincarnationDial","FlashingScatteredFlowers+1"],"picked":"SKIP","floor":37},{"not_picked":["PreachingAvici","Dramatic Entrance+1","EmergencyRegeneration+1"],"picked":"SKIP","floor":40},{"not_picked":["CrescentMoonSlash","PreachingAvici"],"picked":"Thinking Ahead","floor":42},{"not_picked":["SlashOfDepartureFromHesitation+1","BloodyMagicSquare+1"],"picked":"TransientEternity","floor":42},{"not_picked":["AsuraSword","ScarletDevil+1"],"picked":"SlashClearingTheSixSenses+1","floor":44},{"not_picked":["UnstableMagic","CharismaGuard+1"],"picked":"Stigmanizer+1","floor":47},{"not_picked":["DiffusionOfMisfortune+1","PhosphoricSlash+1"],"picked":"ObsessionSword+1","floor":48}],"player_experience":115867,"relics_obtained":[{"floor":7.0,"key":"bronze:DecasWashers"},{"floor":9,"key":"Bottled Lightning"},{"floor":24,"key":"CrazyTorch:ReiMu"},{"floor":26,"key":"Torii"},{"floor":30,"key":"Darkstone Periapt"},{"floor":40,"key":"Orichalcum"},{"floor":41,"key":"StrikeDummy"},{"floor":43,"key":"Molten Egg 2"},{"floor":44,"key":"ScarletDevilRocket"}],"event_choices":[],"is_beta":false,"boss_relics":[{"not_picked":["Velvet Choker","Snecko Eye"],"picked":"expansioncontent:StudyCardRelic"},{"not_picked":["Runic Dome","SacredBark"],"picked":"SlaversCollar"}],"items_purged_floors":[],"is_endless":false,"potions_floor_spawned":[4,11,12,16,18,21,24,30,31,37,47,48],"ascension_level":6}}