{"host":"cjhtzh7tp54jdfyv","time":1611560735,"event":{"mods":["AchievementEnabler","BaseMod","Colored Map","Colored Powertips","Curses Come First","DeckTracker","Filter the Spire","Minty Spire (QoL Compilation)","RNG Fix","Relic Sorter","Relic Stats","StSLib","UnlockEverythingMod","ojb\u0027s Better Paths Mod","ojb\u0027s Info Mod"],"gold_per_floor":[119,139,139,151,151,151,184,202,277,293,293,320,31,42,42,119,119,134,134,150,166,166,200,200,200,277,277,303,136,154,187,187,264,264,284,284,330,330,330,330,657,682,706,720,610,344,369,369,369,369,369,369,369,32,61,61],"floor_reached":57,"language":"ENG","playtime":14962,"items_purged":["Strike_G","Bite","Masterful Stab"],"score":3048,"play_id":"2879f411-3e09-4bbb-bd7e-4b6b0d0ea504","local_time":"20210125024535","is_ascension_mode":true,"campfire_choices":[{"data":"A Thousand Cuts","floor":6.0,"key":"SMITH"},{"floor":11.0,"key":"REST"},{"data":"Blade Dance","floor":15.0,"key":"SMITH"},{"data":"Finisher","floor":24.0,"key":"SMITH"},{"data":"Burst","floor":32.0,"key":"SMITH"},{"data":"Wraith Form v2","floor":40.0,"key":"SMITH"},{"floor":49.0,"key":"RECALL"},{"data":"Apotheosis","floor":53.0,"key":"SMITH"}],"circlet_count":0,"master_deck":["AscendersBane","Defend_G","Defend_G","Defend_G","Defend_G","Survivor","Neutralize","A Thousand Cuts+1","Dagger Throw","Quick Slash","Blade Dance+1","Malaise","Terror","Poisoned Stab","Blade Dance","Finisher+1","Burst+1","Accuracy","Blade Dance","Dash","Bite+1","Bite","Calculated Gamble","Wraith Form v2+1","Deflect+1","Madness","Madness","Apotheosis+1","Blind","Blade Dance+1","PiercingWail","Calculated Gamble","Wraith Form v2+1","Backflip","Expertise+1","Backflip","Accuracy"],"relics":["Ring of the Snake","Happy Flower","InkBottle","Bag of Marbles","Gremlin Horn","Coffee Dripper","Bottled Flame","Frozen Eye","CaptainsWheel","Black Star","Calipers","Old Coin","Anchor","FossilizedHelix","Smiling Mask","DollysMirror","Boot","Molten Egg 2","Bronze Scales","Strawberry","Incense Burner"],"acts_visited":["Exordium","TheCity","TheBeyond","TheEnding"],"potions_floor_usage":[],"damage_taken":[{"damage":2.0,"enemies":"Jaw Worm","floor":1.0,"turns":5.0},{"damage":7.0,"enemies":"Small Slimes","floor":2.0,"turns":4.0},{"damage":0.0,"enemies":"2 Louse","floor":4.0,"turns":3.0},{"damage":20.0,"enemies":"3 Sentries","floor":7.0,"turns":5.0},{"damage":3.0,"enemies":"Gremlin Gang","floor":8.0,"turns":3.0},{"damage":3.0,"enemies":"Looter","floor":10.0,"turns":4.0},{"damage":36.0,"enemies":"Gremlin Nob","floor":12.0,"turns":4.0},{"damage":0.0,"enemies":"Large Slime","floor":14.0,"turns":1.0},{"damage":8.0,"enemies":"Hexaghost","floor":16.0,"turns":7.0},{"damage":0.0,"enemies":"3 Byrds","floor":18.0,"turns":2.0},{"damage":0.0,"enemies":"Spheric Guardian","floor":20.0,"turns":1.0},{"damage":3.0,"enemies":"Snake Plant","floor":21.0,"turns":5.0},{"damage":9.0,"enemies":"Book of Stabbing","floor":23.0,"turns":5.0},{"damage":0.0,"enemies":"Gremlin Leader","floor":28.0,"turns":3.0},{"damage":14.0,"enemies":"Cultist and Chosen","floor":30.0,"turns":5.0},{"damage":0.0,"enemies":"Slavers","floor":31.0,"turns":2.0},{"damage":0.0,"enemies":"Collector","floor":33.0,"turns":4.0},{"damage":0.0,"enemies":"Orb Walker","floor":35.0,"turns":1.0},{"damage":17.0,"enemies":"2 Orb Walkers","floor":37.0,"turns":4.0},{"damage":3.0,"enemies":"Giant Head","floor":41.0,"turns":7.0},{"damage":0.0,"enemies":"Mind Bloom Boss Battle","floor":42.0,"turns":6.0},{"damage":3.0,"enemies":"3 Darklings","floor":44.0,"turns":6.0},{"damage":0.0,"enemies":"Reptomancer","floor":47.0,"turns":3.0},{"damage":8.0,"enemies":"Donu and Deca","floor":50.0,"turns":10.0},{"damage":46.0,"enemies":"Time Eater","floor":51.0,"turns":14.0},{"damage":20.0,"enemies":"Shield and Spear","floor":55.0,"turns":6.0},{"damage":24,"enemies":"The Heart","floor":56,"turns":8}],"seed_played":"4167002441007837818","potions_obtained":[{"floor":2.0,"key":"FairyPotion"},{"floor":8.0,"key":"LiquidMemories"},{"floor":10.0,"key":"PowerPotion"},{"floor":14.0,"key":"Regen Potion"},{"floor":16.0,"key":"CunningPotion"},{"floor":31.0,"key":"DistilledChaos"},{"floor":33.0,"key":"BlessingOfTheForge"},{"floor":42.0,"key":"Strength Potion"}],"is_trial":false,"path_per_floor":["M","M","?","M","?","R","E","M","T","M","R","E","$","M","R","B",null,"M","?","M","M","?","E","R","?","T","?","E","$","M","E","R","B",null,"M","?","?","?","?","R","E","?","T","M","?","$","E","?","R","B","B",null,"R","$","E","B",null],"character_chosen":"THE_SILENT","items_purchased":["Blade Dance","Finisher","DuplicationPotion","Frozen Eye","DollysMirror","Backflip","Backflip","Accuracy","Bronze Scales"],"campfire_rested":1,"item_purchase_floors":[13,13,13,29,46,46,54,54,54],"current_hp_per_floor":[57,50,50,50,43,43,23,20,20,17,36,19,19,19,19,11,52,52,52,52,49,49,40,40,40,40,40,46,46,34,38,38,46,46,46,38,31,21,21,21,36,40,40,46,46,46,46,46,46,44,6,36,36,36,29,11],"gold":61,"neow_bonus":"TRANSFORM_CARD","is_daily":false,"chose_seed":false,"campfire_upgraded":6,"win_rate":0.0,"timestamp":1611560735,"path_taken":["M","M","?","M","?","R","E","?","T","M","R","E","$","M","R","BOSS","M","?","?","M","?","E","R","?","T","?","E","$","M","E","R","BOSS","M","?","?","?","?","R","E","?","T","?","?","$","E","?","R","BOSS","BOSS","R","$","E","BOSS"],"items_purchased_type":["Card","Card","Potion","Relic","Relic","Card","Card","Card","Relic"],"build_version":"2020-12-22","purchased_purges":3,"victory":true,"max_hp_per_floor":[66,66,66,66,66,66,66,66,66,66,66,66,66,66,66,66,66,66,66,66,66,66,66,66,46,46,46,46,46,46,46,46,46,46,46,46,46,46,46,46,46,46,46,46,46,46,46,46,46,46,46,46,46,46,53,53],"relic_stats":{"Happy Flower":[25],"Gremlin Horn":[26,26],"counters":[27,128],"Bronze Scales":[132],"Black Star":3,"Smiling Mask":125,"Boot":[17],"obtain_stats":[{"Calipers":37,"Gremlin Horn":12,"Happy Flower":28,"Incense Burner":55,"Smiling Mask":43,"Boot":47,"Old Coin":41,"Frozen Eye":29,"Bottled Flame":23,"CaptainsWheel":31,"Anchor":41,"DollysMirror":46,"Bronze Scales":54,"Strawberry":55,"Molten Egg 2":47,"Bag of Marbles":7,"Coffee Dripper":17,"Black Star":34,"InkBottle":9,"FossilizedHelix":42,"Ring of the Snake":0},{"Calipers":19,"Gremlin Horn":7,"Happy Flower":14,"Incense Burner":26,"Smiling Mask":21,"Boot":23,"Old Coin":20,"Frozen Eye":14,"Bottled Flame":13,"CaptainsWheel":16,"Anchor":20,"DollysMirror":22,"Bronze Scales":25,"Strawberry":26,"Molten Egg 2":23,"Bag of Marbles":4,"Coffee Dripper":9,"Black Star":17,"InkBottle":5,"FossilizedHelix":21,"Ring of the Snake":0},{"Calipers":68,"Gremlin Horn":28,"Happy Flower":52,"Incense Burner":120,"Smiling Mask":81,"Boot":90,"Old Coin":75,"Frozen Eye":52,"Bottled Flame":49,"CaptainsWheel":59,"Anchor":75,"DollysMirror":87,"Bronze Scales":114,"Strawberry":120,"Molten Egg 2":90,"Bag of Marbles":17,"Coffee Dripper":36,"Black Star":63,"InkBottle":20,"FossilizedHelix":81,"Ring of the Snake":0}],"InkBottle":[67],"Ring of the Snake":[54]},"card_choices":[{"not_picked":["Cloak And Dagger","Bane"],"picked":"Dagger Throw","floor":1.0},{"not_picked":["Setup","Sucker Punch"],"picked":"Quick Slash","floor":2.0},{"not_picked":["Bouncing Flask","Infinite Blades"],"picked":"Blade Dance","floor":4.0},{"not_picked":["Cloak And Dagger","Prepared"],"picked":"Malaise","floor":7.0},{"not_picked":["Poisoned Stab","Bane"],"picked":"Terror","floor":8.0},{"not_picked":["Grand Finale","Dagger Spray"],"picked":"Poisoned Stab","floor":10.0},{"not_picked":["Concentrate","All Out Attack"],"picked":"Masterful Stab","floor":12.0},{"not_picked":["Poisoned Stab","Deflect","Choke"],"picked":"SKIP","floor":14.0},{"not_picked":["Doppelganger","A Thousand Cuts"],"picked":"Burst","floor":16.0},{"not_picked":["Deadly Poison","Prepared","Slice"],"picked":"SKIP","floor":18.0},{"not_picked":["Prepared","Finisher+1"],"picked":"Blade Dance","floor":20.0},{"not_picked":["Dagger Spray","Poisoned Stab","Blur"],"picked":"SKIP","floor":21.0},{"not_picked":["Acrobatics","Deadly Poison"],"picked":"Dash","floor":23.0},{"not_picked":["Poisoned Stab","PiercingWail","Flechettes"],"picked":"SKIP","floor":28.0},{"not_picked":["Flying Knee","Dagger Spray"],"picked":"Calculated Gamble","floor":30.0},{"not_picked":["Footwork","Noxious Fumes+1","Flying Knee"],"picked":"SKIP","floor":31.0},{"not_picked":["Unload","Burst"],"picked":"Wraith Form v2","floor":33.0},{"not_picked":["Noxious Fumes+1","Outmaneuver"],"picked":"Deflect+1","floor":35.0},{"not_picked":["Jack Of All Trades","PanicButton"],"picked":"Apotheosis","floor":38.0},{"not_picked":["Deep Breath","HandOfGreed"],"picked":"Blind","floor":38.0},{"not_picked":["Outmaneuver+1","Dash"],"picked":"Blade Dance+1","floor":41.0},{"not_picked":["Bane+1","Setup"],"picked":"PiercingWail","floor":42.0},{"not_picked":["Well Laid Plans","Deflect+1"],"picked":"Calculated Gamble","floor":44.0},{"not_picked":["Masterful Stab+1","Riddle With Holes+1"],"picked":"Expertise+1","floor":47.0},{"not_picked":["Endless Agony+1","Deadly Poison","Dagger Spray+1"],"picked":"SKIP","floor":55.0}],"player_experience":4637723,"relics_obtained":[{"floor":7.0,"key":"Bag of Marbles"},{"floor":9.0,"key":"InkBottle"},{"floor":12.0,"key":"Gremlin Horn"},{"floor":23.0,"key":"Bottled Flame"},{"floor":28.0,"key":"Happy Flower"},{"floor":31.0,"key":"CaptainsWheel"},{"floor":37.0,"key":"Calipers"},{"floor":41.0,"key":"Old Coin"},{"floor":41.0,"key":"Anchor"},{"floor":42.0,"key":"FossilizedHelix"},{"floor":43.0,"key":"Smiling Mask"},{"floor":47.0,"key":"Boot"},{"floor":47.0,"key":"Molten Egg 2"},{"floor":55.0,"key":"Strawberry"},{"floor":55.0,"key":"Incense Burner"}],"event_choices":[{"damage_healed":0.0,"max_hp_gain":0.0,"max_hp_loss":0.0,"gold_gain":0.0,"event_name":"Liars Game","player_choice":"Ignored","floor":3.0,"gold_loss":0.0,"damage_taken":0.0},{"cards_removed":["Strike_G"],"damage_healed":0.0,"max_hp_gain":0.0,"max_hp_loss":0.0,"gold_gain":0.0,"event_name":"Golden Wing","player_choice":"Card Removal","floor":5.0,"gold_loss":0.0,"damage_taken":7.0},{"damage_healed":0.0,"max_hp_gain":0.0,"max_hp_loss":0.0,"gold_gain":0.0,"event_name":"Match and Keep!","player_choice":"1 cards matched","floor":19.0,"gold_loss":0.0,"damage_taken":0.0,"cards_obtained":["Accuracy"]},{"damage_healed":0.0,"max_hp_gain":0.0,"max_hp_loss":0.0,"gold_gain":0.0,"event_name":"The Mausoleum","player_choice":"Ignored","floor":22.0,"gold_loss":0.0,"damage_taken":0.0},{"damage_healed":0.0,"max_hp_gain":0.0,"max_hp_loss":20.0,"gold_gain":0.0,"event_name":"Vampires","player_choice":"Became a vampire","floor":25.0,"gold_loss":0.0,"damage_taken":0.0,"cards_obtained":["Bite","Bite","Bite","Bite","Bite"]},{"damage_healed":0.0,"max_hp_gain":0.0,"max_hp_loss":0.0,"gold_gain":0.0,"event_name":"Lab","player_choice":"Got Potions","floor":27.0,"gold_loss":0.0,"damage_taken":0.0},{"damage_healed":0.0,"max_hp_gain":0.0,"max_hp_loss":0.0,"gold_gain":0.0,"event_name":"Winding Halls","player_choice":"Embrace Madness","floor":36.0,"gold_loss":0.0,"damage_taken":8.0,"cards_obtained":["Madness","Madness"]},{"damage_healed":0.0,"max_hp_gain":0.0,"max_hp_loss":0.0,"gold_gain":0.0,"event_name":"Mysterious Sphere","player_choice":"Fight","floor":37.0,"gold_loss":0.0,"damage_taken":0.0},{"damage_healed":0.0,"max_hp_gain":0.0,"max_hp_loss":0.0,"gold_gain":0.0,"event_name":"SensoryStone","player_choice":"Memory 3","floor":38.0,"gold_loss":0.0,"damage_taken":10.0},{"damage_healed":0.0,"max_hp_gain":0.0,"max_hp_loss":0.0,"gold_gain":0.0,"event_name":"Tomb of Lord Red Mask","player_choice":"Ignored","floor":39.0,"gold_loss":0.0,"damage_taken":0.0},{"damage_healed":0.0,"max_hp_gain":0.0,"max_hp_loss":0.0,"gold_gain":0.0,"event_name":"MindBloom","player_choice":"Fight","floor":42.0,"gold_loss":0.0,"damage_taken":0.0},{"cards_removed":["Bite"],"damage_healed":0.0,"max_hp_gain":0.0,"max_hp_loss":0.0,"gold_gain":0.0,"event_name":"Designer","player_choice":"Upgrade and Remove","floor":45.0,"gold_loss":110.0,"damage_taken":0.0,"cards_upgraded":["Bite"]},{"cards_removed":["Bite"],"damage_healed":0.0,"max_hp_gain":0.0,"max_hp_loss":0.0,"gold_gain":0.0,"event_name":"Falling","player_choice":"Removed Attack","floor":48.0,"gold_loss":0.0,"damage_taken":0.0}],"is_beta":false,"boss_relics":[{"not_picked":["Empty Cage","HoveringKite"],"picked":"Coffee Dripper"},{"not_picked":["Pandora\u0027s Box","Ring of the Serpent"],"picked":"Black Star"}],"items_purged_floors":[13,46,54],"is_endless":false,"potions_floor_spawned":[2,8,10,14,16,20,23,31,33,35,42],"ascension_level":20}}