{"host":"f0gpob8hq9vgebej","time":1611581933,"event":{"mods":["AchievementEnabler","BaseMod","Minty Spire (QoL Compilation)","Quick Restart","SuperFastMode"],"gold_per_floor":[116,130,149,149,160,160,171,171,171,171,171,171],"floor_reached":11,"language":"KOR","playtime":193,"items_purged":[],"score":94,"play_id":"7c36b888-8fea-4b88-ab6e-05d5f8aac877","local_time":"20210125223853","is_ascension_mode":true,"campfire_choices":[{"data":"Ball Lightning","floor":6,"key":"SMITH"},{"data":"Zap","floor":8,"key":"SMITH"}],"circlet_count":0,"master_deck":["Strike_B","Strike_B","Strike_B","Defend_B","Defend_B","Defend_B","Zap+1","Dualcast","Writhe","Loop","Skim","Coolheaded","Static Discharge","Ball Lightning+1","Turbo"],"relics":["Cracked Core","Turnip","Ice Cream"],"acts_visited":["Exordium"],"potions_floor_usage":[11],"damage_taken":[{"damage":14,"enemies":"2 Louse","floor":1,"turns":3},{"damage":13,"enemies":"Jaw Worm","floor":2,"turns":4},{"damage":0,"enemies":"Cultist","floor":3,"turns":3},{"damage":10,"enemies":"2 Fungi Beasts","floor":5,"turns":5},{"damage":10,"enemies":"Looter","floor":7,"turns":3},{"damage":28,"enemies":"3 Sentries","floor":11,"turns":3}],"seed_played":"-6812546428584259731","potions_obtained":[{"floor":1,"key":"Ancient Potion"}],"is_trial":false,"path_per_floor":["M","M","M","?","M","R","M","R","T","?","E"],"character_chosen":"DEFECT","items_purchased":[],"campfire_rested":0,"item_purchase_floors":[],"current_hp_per_floor":[54,41,41,41,31,31,21,21,21,21,0,0],"gold":171,"neow_bonus":"TRANSFORM_TWO_CARDS","is_daily":false,"chose_seed":false,"campfire_upgraded":2,"win_rate":0.0,"timestamp":1611581933,"path_taken":["M","M","M","?","M","R","M","R","T","?","E"],"items_purchased_type":[],"build_version":"2020-12-22","purchased_purges":0,"victory":false,"max_hp_per_floor":[75,75,75,75,75,75,75,75,75,75,75,75],"card_choices":[{"not_picked":["Streamline","Turbo","Stack"],"picked":"SKIP","floor":1},{"not_picked":["Darkness","Steam"],"picked":"Coolheaded","floor":2},{"not_picked":["Redo","Glacier"],"picked":"Static Discharge","floor":3},{"not_picked":["Multi-Cast","Leap"],"picked":"Ball Lightning","floor":5},{"not_picked":["Hologram","Sweeping Beam"],"picked":"Turbo","floor":7}],"player_experience":245995,"relics_obtained":[{"floor":9,"key":"Turnip"}],"event_choices":[{"damage_healed":0,"gold_gain":0,"player_choice":"Ignored","damage_taken":0,"max_hp_gain":0,"max_hp_loss":0,"event_name":"Golden Idol","floor":4,"gold_loss":0},{"damage_healed":0,"gold_gain":0,"player_choice":"Searched \u00271\u0027 times","damage_taken":0,"relics_obtained":["Ice Cream"],"max_hp_gain":0,"max_hp_loss":0,"event_name":"Dead Adventurer","floor":10,"gold_loss":0}],"is_beta":false,"boss_relics":[],"items_purged_floors":[],"is_endless":false,"potions_floor_spawned":[1],"killed_by":"3 Sentries","ascension_level":9}}