{"host":"ss2ocoam53r2lno0","time":1611593183,"event":{"mods":["Act Like it!","BaseMod","ChefMod","Clockwork Mod","Colored Powertips","Curses Come First","Displayed Cursed Tome","Downfall","Evolution","Googly Eyes","Hallownest","Highlight Path","Minty Spire (QoL Compilation)","Poor People Problems","Rare Cards Sparkle","Robot Space Explorer","Shade Mod","Shop Mod","Spicy Shops","StSLib","The Marked"],"gold_per_floor":[117,117,130,130,142,142,152,152,152,152,162,162,176,209,209,288,288,303,0,10,20,20,20,32,32,32,47,47,47,47,58,58,136,136,151,165,165,165,165,165],"floor_reached":39,"language":"ENG","playtime":2338,"items_purged":[],"score":775,"play_id":"0faa8388-99b3-4cba-b28f-2923e63eafc1","local_time":"20210125174623","is_ascension_mode":true,"campfire_choices":[{"data":"Clockwork:ChargingShield","floor":6.0,"key":"SMITH"},{"data":"Clockwork:ChargingBlade","floor":8.0,"key":"SMITH"},{"floor":10.0,"key":"REST"},{"floor":12.0,"key":"REST"},{"data":"Clockwork:Tinker","floor":15.0,"key":"SMITH"},{"data":"Clockwork:Inspiration","floor":23,"key":"SMITH"},{"data":"Clockwork:Efficiency","floor":25,"key":"SMITH"},{"floor":32,"key":"REST"}],"circlet_count":0,"master_deck":["AscendersBane","Clockwork:ChargingBlade+1","Clockwork:Strike","Clockwork:Strike","Clockwork:Shield+1","Clockwork:Shield","Clockwork:Shield","Clockwork:Shield","Clockwork:Tinker+1","Clockwork:WarmUp","Clockwork:ChargingShield+1","Clockwork:Inspiration+1","Clockwork:Efficiency+1","Clockwork:Downsize"],"relics":["Clockwork:MomentumEngine","EVO:Axolotl","Clockwork:QuicksilverHourglass","Vajra","Bottled Lightning","SlaversCollar","Molten Egg 2","Clockwork:CopperScales","Clockwork:BloodPhial","Velvet Choker"],"acts_visited":["Exordium","TheCity","TheBeyond"],"potions_floor_usage":[21,27,31,39],"damage_taken":[{"damage":0.0,"enemies":"Jaw Worm","floor":1.0,"turns":11.0},{"damage":19.0,"enemies":"2 Louse","floor":3.0,"turns":9.0},{"damage":0.0,"enemies":"Small Slimes","floor":5.0,"turns":9.0},{"damage":0.0,"enemies":"Gremlin Gang","floor":7.0,"turns":3.0},{"damage":11.0,"enemies":"Exordium Wildlife","floor":11.0,"turns":5.0},{"damage":18.0,"enemies":"Exordium Thugs","floor":13.0,"turns":8.0},{"damage":0.0,"enemies":"3 Sentries","floor":14.0,"turns":8.0},{"damage":33.0,"enemies":"The Guardian","floor":16.0,"turns":13.0},{"damage":8.0,"enemies":"Chosen","floor":18.0,"turns":7.0},{"damage":11.0,"enemies":"Spheric Guardian","floor":20.0,"turns":11.0},{"damage":3,"enemies":"Snake Plant","floor":21,"turns":8},{"damage":0,"enemies":"Centurion and Healer","floor":24,"turns":14},{"damage":1,"enemies":"Snecko","floor":27,"turns":11},{"damage":0,"enemies":"Snake Plant","floor":31,"turns":6},{"damage":5,"enemies":"Champ","floor":33,"turns":17},{"damage":7,"enemies":"Orb Walker","floor":35,"turns":6},{"damage":8,"enemies":"3 Darklings","floor":36,"turns":6},{"damage":82,"enemies":"Transient","floor":39,"turns":6}],"seed_played":"21945961777526855","potions_obtained":[{"floor":3.0,"key":"AttackPotion"},{"floor":5.0,"key":"Explosive Potion"},{"floor":11.0,"key":"SteroidPotion"},{"floor":20.0,"key":"Energy Potion"},{"floor":24,"key":"SkillPotion"},{"floor":27,"key":"Energy Potion"}],"is_trial":false,"path_per_floor":["M","?","M","?","M","R","M","R","T","R","M","R","M","E","R","B",null,"M","?","M","M","$","R","M","R","T","M","$","?","?","M","R","B",null,"M","M","?","?","M"],"character_chosen":"CLOCKWORK","items_purchased":[],"campfire_rested":3,"item_purchase_floors":[],"current_hp_per_floor":[71,47,28,33,33,33,33,33,33,58,47,72,54,54,54,21,68,60,60,49,46,46,46,46,46,46,47,47,23,23,27,53,50,79,74,68,68,68,0,0],"gold":165,"neow_bonus":"ONE_RANDOM_RARE_CARD","is_daily":false,"chose_seed":false,"campfire_upgraded":5,"win_rate":0.0,"timestamp":1611593183,"path_taken":["M","?","M","?","M","R","M","R","T","R","M","R","M","E","R","BOSS","M","?","M","M","$","R","M","R","T","M","$","?","?","M","R","BOSS","M","M","?","?","M"],"items_purchased_type":[],"build_version":"2020-12-22","purchased_purges":0,"victory":false,"max_hp_per_floor":[79,79,79,84,84,84,84,84,84,84,84,84,84,84,84,84,84,84,84,84,84,84,84,84,84,84,84,84,89,89,89,89,89,89,89,89,89,89,89,89],"card_choices":[{"not_picked":["Clockwork:Pluck","Clockwork:CogShield","Clockwork:AdaptiveCannon"],"picked":"SKIP","floor":1.0},{"not_picked":["Clockwork:SystemScan","Clockwork:MechanicalBulk"],"picked":"Clockwork:ChargingShield","floor":3.0},{"not_picked":["Clockwork:MechanicalMass","Clockwork:Selectivity","Clockwork:ChargingShield"],"picked":"SKIP","floor":5.0},{"not_picked":["Clockwork:Improve","Clockwork:CogToss","Clockwork:Randomization"],"picked":"SKIP","floor":7.0},{"not_picked":["Clockwork:ForgeStrike","Clockwork:Scour","Clockwork:SnapKeep"],"picked":"SKIP","floor":11.0},{"not_picked":["Clockwork:SystemHardening","Clockwork:CogBarrier","Clockwork:MechanicalMass"],"picked":"SKIP","floor":13.0},{"not_picked":["Clockwork:CogBarrier","Clockwork:AdaptiveShield","Clockwork:ForgeStrike"],"picked":"SKIP","floor":14.0},{"not_picked":["Clockwork:ZeroPointEnergy","Clockwork:WindupStrike"],"picked":"Clockwork:Inspiration","floor":16.0},{"not_picked":["Clockwork:SpringShield","Clockwork:ReserveSystems","Clockwork:TimeOut"],"picked":"SKIP","floor":18.0},{"not_picked":["Clockwork:SearingStrike","Clockwork:TiltAWhirl"],"picked":"Clockwork:CraftCopperScales","floor":20.0},{"not_picked":["Clockwork:CogShield","Clockwork:Pluck"],"picked":"Clockwork:Efficiency","floor":21},{"not_picked":["Clockwork:Friction","Clockwork:TiltAWhirl"],"picked":"Clockwork:CraftBloodPhial","floor":24},{"not_picked":["Clockwork:ForgeStrike+1","Clockwork:SpurOn+1","Clockwork:CogBarrier+1"],"picked":"SKIP","floor":27},{"not_picked":["Clockwork:ElasticNanites","Clockwork:ForgeStrike+1"],"picked":"Clockwork:CraftCopperScales","floor":31},{"not_picked":["Clockwork:WindupStrike+1","Clockwork:AeonShield"],"picked":"Clockwork:CraftQuicksilverHourglass+1","floor":33},{"not_picked":["Clockwork:Selectivity+1","Clockwork:Redundancy+1","Clockwork:LiteraryArmor+1"],"picked":"SKIP","floor":35},{"not_picked":["Clockwork:CraftVarja","Clockwork:AdaptiveCannon+1"],"picked":"Clockwork:Downsize","floor":36}],"player_experience":849870,"relics_obtained":[{"floor":9.0,"key":"Vajra"},{"floor":14.0,"key":"Bottled Lightning"},{"floor":26,"key":"Molten Egg 2"}],"event_choices":[{"damage_healed":0.0,"max_hp_gain":0.0,"max_hp_loss":0.0,"gold_gain":0.0,"event_name":"Shining Light","player_choice":"Entered Light","floor":2.0,"gold_loss":0.0,"damage_taken":24.0,"cards_upgraded":["Clockwork:Shield","Clockwork:Handicap"]},{"damage_healed":0.0,"max_hp_gain":5.0,"max_hp_loss":0.0,"gold_gain":0.0,"event_name":"Big Fish","player_choice":"Donut","floor":4.0,"gold_loss":0.0,"damage_taken":0.0},{"damage_healed":0.0,"max_hp_gain":0.0,"max_hp_loss":0.0,"gold_gain":0.0,"event_name":"Masked Bandits","player_choice":"Paid Fearfully","floor":19.0,"gold_loss":303.0,"damage_taken":0.0},{"damage_healed":0,"gold_gain":0,"player_choice":"Shed Blood","damage_taken":29,"max_hp_gain":5,"max_hp_loss":0,"event_name":"Forgotten Altar","floor":29,"gold_loss":0},{"damage_healed":0,"gold_gain":0,"player_choice":"Ignored","damage_taken":0,"max_hp_gain":0,"max_hp_loss":0,"event_name":"The Mausoleum","floor":30,"gold_loss":0},{"damage_healed":0,"gold_gain":0,"player_choice":"Memory 1","damage_taken":0,"max_hp_gain":0,"max_hp_loss":0,"event_name":"SensoryStone","floor":37,"gold_loss":0},{"damage_healed":0,"gold_gain":0,"player_choice":"Ignored","damage_taken":0,"max_hp_gain":0,"max_hp_loss":0,"event_name":"SecretPortal","floor":38,"gold_loss":0}],"is_beta":false,"boss_relics":[{"not_picked":["Ectoplasm","Runic Pyramid"],"picked":"SlaversCollar"},{"not_picked":["Astrolabe","Calling Bell"],"picked":"Velvet Choker"}],"items_purged_floors":[],"is_endless":false,"potions_floor_spawned":[3,5,11,20,24,27],"killed_by":"Transient","ascension_level":18}}