{"host":"d17dpptiltdcqz9s","time":1611555992,"event":{"mods":["BaseMod","Colored Powertips","Downfall","Minty Spire (QoL Compilation)","Replay The Spire","StSLib"],"gold_per_floor":[12,28,28,28,38,38,2,2,27,38,38,86,103,119,119,217,217,236,89,89,89,101,101,101,101,178,178,197,197,214,129,129,129,129],"floor_reached":33,"language":"ZHS","playtime":1367,"items_purged":["Defend_R"],"score":235,"play_id":"382447b9-cf7a-4da5-a006-bb251fa046c7","local_time":"20210125142632","is_ascension_mode":false,"campfire_choices":[{"data":"Body Slam","floor":6.0,"key":"SMITH"},{"data":"True Grit","floor":11.0,"key":"SMITH"},{"data":"Body Slam","floor":15.0,"key":"SMITH"},{"floor":23,"key":"REST"},{"data":"Juggernaut","floor":27,"key":"SMITH"},{"data":"Metallicize","floor":29,"key":"SMITH"},{"data":"True Grit","floor":32,"key":"SMITH"}],"circlet_count":0,"master_deck":["Strike_R+1","Strike_R","Strike_R+2","Defend_R","Defend_R","Bash+1","Wild Strike","Body Slam+1","Run Through+1","Second Wind","True Grit+1","True Grit+1","Body Slam+1","Juggernaut+1","ReplayTheSpireMod:Stacked","Demon Form","ReplayTheSpireMod:Muscle Training+1","Metallicize+1","Metallicize"],"relics":["Burning Blood","Calipers","Quantum Egg","Mercury Hourglass","Empty Cage","Enchiridion","Blue Candle","Snack Pack","Simple Rune"],"acts_visited":["Exordium","TheCity"],"potions_floor_usage":[30,33,33],"damage_taken":[{"damage":0.0,"enemies":"Small Slimes","floor":1.0,"turns":3.0},{"damage":6.0,"enemies":"Jaw Worm","floor":2.0,"turns":3.0},{"damage":2.0,"enemies":"2 Louse","floor":5.0,"turns":2.0},{"damage":21.0,"enemies":"Exordium Wildlife","floor":10.0,"turns":5.0},{"damage":3.0,"enemies":"3 Louse","floor":13.0,"turns":2.0},{"damage":0.0,"enemies":"Blue Slaver","floor":14.0,"turns":3.0},{"damage":16.0,"enemies":"Hexaghost","floor":16.0,"turns":9.0},{"damage":30.0,"enemies":"3 Byrds","floor":18.0,"turns":4.0},{"damage":3,"enemies":"Chosen","floor":22,"turns":4},{"damage":22,"enemies":"3 Cultists","floor":28,"turns":5},{"damage":26,"enemies":"Shelled Parasite and Fungi","floor":30,"turns":5},{"damage":68,"enemies":"Automaton","floor":33,"turns":10}],"seed_played":"-7856132492651978812","potions_obtained":[{"floor":5.0,"key":"bronze:BurnAndBuffPotion"},{"floor":10.0,"key":"Explosive Potion"},{"floor":13.0,"key":"BloodPotion"},{"floor":14.0,"key":"HeartOfIron"},{"floor":18.0,"key":"Regen Potion"},{"floor":30,"key":"Fire Potion"}],"is_trial":false,"path_per_floor":["M","M","?","?","M","R","$","T","T","M","R","?","M","M","R","B",null,"M","$","?","?","M","R","?","?","T","R","M","R","M","?","R","B"],"character_chosen":"IRONCLAD","items_purchased":["True Grit","Metallicize"],"campfire_rested":1,"item_purchase_floors":[7,19],"current_hp_per_floor":[80,80,80,64,68,68,68,68,68,53,53,53,56,62,62,52,80,56,56,40,35,38,62,62,62,62,62,50,50,42,42,42,0,0],"gold":129,"neow_bonus":"ONE_RARE_RELIC","is_daily":false,"chose_seed":false,"campfire_upgraded":6,"win_rate":0.0,"timestamp":1611555992,"path_taken":["M","M","?","?","M","R","$","?","T","M","R","?","?","M","R","BOSS","M","$","?","?","M","R","?","?","T","R","M","R","M","?","R","BOSS"],"items_purchased_type":["Card","Card"],"build_version":"2020-12-22","purchased_purges":1,"victory":false,"max_hp_per_floor":[80,80,80,80,80,80,80,80,80,80,80,80,80,80,80,80,80,80,80,80,80,80,80,80,80,80,80,80,80,80,80,80,80,80],"card_choices":[{"not_picked":["Cleave","Spot Weakness"],"picked":"Wild Strike","floor":1.0},{"not_picked":["Combust","Flex"],"picked":"Body Slam","floor":2.0},{"not_picked":["Replay:Undeath\u0027s Touch","ReplayTheSpireMod:Strike From Hell"],"picked":"Second Wind","floor":5.0},{"not_picked":["Flex","Rampage"],"picked":"Body Slam","floor":10.0},{"not_picked":["ReplayTheSpireMod:Muscle Training","Life Link"],"picked":"Juggernaut","floor":12.0},{"not_picked":["Run Through","Twin Strike"],"picked":"ReplayTheSpireMod:Stacked","floor":13.0},{"not_picked":["ReplayTheSpireMod:Strike From Hell","Warcry","Clothesline"],"picked":"SKIP","floor":14.0},{"not_picked":["Brutality","Offering"],"picked":"Demon Form","floor":16.0},{"not_picked":["Flex+1","True Grit"],"picked":"ReplayTheSpireMod:Muscle Training+1","floor":18.0},{"not_picked":["Thunderclap","Second Wind","Evolve"],"picked":"SKIP","floor":22},{"not_picked":["Twin Strike+1","Eclipse","Blood for Blood"],"picked":"SKIP","floor":28},{"not_picked":["Evolve","Clothesline"],"picked":"Metallicize","floor":30}],"player_experience":184826,"relics_obtained":[{"floor":8.0,"key":"Quantum Egg"},{"floor":12.0,"key":"Mercury Hourglass"},{"floor":20.0,"key":"Enchiridion"},{"floor":26,"key":"Snack Pack"}],"event_choices":[{"damage_healed":0.0,"max_hp_gain":0.0,"max_hp_loss":0.0,"gold_gain":0.0,"event_name":"Shining Light","player_choice":"Entered Light","floor":4.0,"gold_loss":0.0,"damage_taken":16.0,"cards_upgraded":["Bash","Strike_R"]},{"damage_healed":0.0,"max_hp_gain":0.0,"max_hp_loss":0.0,"gold_gain":0.0,"event_name":"Cursed Tome","player_choice":"Obtained Book","floor":20.0,"gold_loss":0.0,"damage_taken":16.0},{"damage_healed":0,"gold_gain":0,"player_choice":"Ignored","damage_taken":0,"max_hp_gain":0,"max_hp_loss":0,"event_name":"Ghosts","floor":24,"gold_loss":0},{"damage_healed":0,"gold_gain":0,"player_choice":"Ignored","damage_taken":0,"max_hp_gain":0,"max_hp_loss":0,"event_name":"Vampires","floor":25,"gold_loss":0},{"damage_healed":0,"gold_gain":0,"player_choice":"Obtained Relic","damage_taken":0,"relics_obtained":["Simple Rune"],"max_hp_gain":0,"max_hp_loss":0,"event_name":"Addict","floor":31,"gold_loss":85}],"is_beta":false,"boss_relics":[{"not_picked":["Ooze Armor","Electric Blood"],"picked":"Empty Cage"}],"items_purged_floors":[19],"is_endless":false,"potions_floor_spawned":[5,10,13,14,18,30],"killed_by":"Automaton","ascension_level":0}}