{"host":"xp5rvh2jwe2ejyfm","time":1611602509,"event":{"mods":["BaseMod","Downfall","Duelist Mod","GifTheSpireLib","Gremlin Mod","Hermit","Hubris","Minty Spire (QoL Compilation)","Robot Space Explorer","StSLib","The Blackbeard","The Clintock","The Construct","The Cursed","The Disciple","The Forsaken","The Hierophant","The Necromancer","The Runesmith","The Servant 0.9.4"],"gold_per_floor":[112,112,10,23,98,118,118,128,128,146,146,174,144,157,157,255,255,267,247,39,50,70,97,97,147,147,165,9,9,27,45,45,45,45],"floor_reached":33,"language":"ENG","playtime":1269,"items_purged":[],"score":296,"play_id":"ee2ce330-64d3-4c27-ae18-825f91c5cc9d","local_time":"20210125142149","is_ascension_mode":false,"campfire_choices":[{"data":"RobotSpaceExplorer:PowerGlove","floor":7,"key":"SMITH"},{"floor":15,"key":"RECALL"},{"floor":24,"key":"REST"},{"floor":32,"key":"REST"}],"circlet_count":0,"master_deck":["RobotSpaceExplorer:Strike","RobotSpaceExplorer:Strike","RobotSpaceExplorer:Strike","RobotSpaceExplorer:Strike","RobotSpaceExplorer:Defend","RobotSpaceExplorer:Defend","RobotSpaceExplorer:Defend","RobotSpaceExplorer:Defend","RobotSpaceExplorer:Scan","RobotSpaceExplorer:MiniLasers+1","RobotSpaceExplorer:PowerGlove+1","RobotSpaceExplorer:SurgingStrike","RobotSpaceExplorer:MiniDrones","RobotSpaceExplorer:Pulsar","RobotSpaceExplorer:MiniBoosters+1","RobotSpaceExplorer:Counterblock","RobotSpaceExplorer:ImprovisedAttack","RobotSpaceExplorer:MiniDrones","RobotSpaceExplorer:DroneSwarm","RobotSpaceExplorer:Probe","RobotSpaceExplorer:Counterblock+1","RobotSpaceExplorer:ScrapMissile","RobotSpaceExplorer:PowerGlove","RobotSpaceExplorer:Comet","RobotSpaceExplorer:Ammunition","RobotSpaceExplorer:Blitz","RobotSpaceExplorer:PowerGlove","RobotSpaceExplorer:BigMissile","RobotSpaceExplorer:Scanner","RobotSpaceExplorer:Autoloader"],"relics":["RobotSpaceExplorer:RoboCore","HornCleat","Runic Pyramid","hubris:EmptyBottle","hubris:DisguiseKit","Toxic Egg 2"],"acts_visited":["Exordium","TheCity"],"potions_floor_usage":[12,12,16,16,23,30,30,31,33,33],"damage_taken":[{"damage":7,"enemies":"2 Louse","floor":1,"turns":3},{"damage":0,"enemies":"Cultist","floor":4,"turns":2},{"damage":2,"enemies":"Small Slimes","floor":6,"turns":4},{"damage":6,"enemies":"Red Slaver","floor":8,"turns":3},{"damage":0,"enemies":"2 Fungi Beasts","floor":10,"turns":3},{"damage":11,"enemies":"3 Sentries","floor":12,"turns":3},{"damage":3,"enemies":"Lots of Slimes","floor":14,"turns":3},{"damage":29,"enemies":"Hexaghost","floor":16,"turns":12},{"damage":15,"enemies":"Chosen","floor":18,"turns":5},{"damage":20,"enemies":"2 Thieves","floor":19,"turns":4},{"damage":0,"enemies":"Cultist and Chosen","floor":21,"turns":5},{"damage":10,"enemies":"Shelled Parasite and Fungi","floor":22,"turns":8},{"damage":0,"enemies":"Gremlin Leader","floor":23,"turns":4},{"damage":2,"enemies":"Snecko","floor":27,"turns":6},{"damage":1,"enemies":"Cultist and Chosen","floor":30,"turns":4},{"damage":26,"enemies":"Centurion and Healer","floor":31,"turns":8},{"damage":45,"enemies":"hubris:MusketHawk","floor":33,"turns":6}],"seed_played":"-3985700191311019105","potions_obtained":[{"floor":1,"key":"ColorlessPotion"},{"floor":4,"key":"RobotSpaceExplorer:PlasmaFlask"},{"floor":12,"key":"Weak Potion"},{"floor":13,"key":"GamblersBrew"},{"floor":13,"key":"hexamod:SoulburnPotion"},{"floor":19,"key":"Slimebound:ThreeZeroPotion"},{"floor":27,"key":"ColorlessPotion"},{"floor":31,"key":"SkillPotion"}],"is_trial":false,"path_per_floor":["M","?","$","M","?","M","R","M","T","M","?","E","?","M","R","B",null,"M","M","$","M","M","E","R","?","T","M","$","?","M","M","R","B"],"character_chosen":"RobotSpaceExplorer","items_purchased":["RobotSpaceExplorer:PowerGlove","RobotSpaceExplorer:SurgingStrike","hubris:EmptyBottle","RobotSpaceExplorer:ScrapMissile","RobotSpaceExplorer:PowerGlove","RobotSpaceExplorer:BigMissile"],"campfire_rested":2,"item_purchase_floors":[3,3,20,20,28,28],"current_hp_per_floor":[68,75,75,75,64,62,62,56,56,56,56,45,45,42,42,13,75,60,40,40,40,30,30,52,52,52,50,50,50,49,23,45,0,0],"gold":45,"neow_bonus":"UPGRADE_CARD","is_daily":false,"chose_seed":false,"campfire_upgraded":1,"win_rate":0.0,"timestamp":1611602509,"path_taken":["M","?","$","?","?","M","R","M","T","M","?","E","?","?","R","BOSS","M","M","$","M","M","E","R","?","T","?","$","?","M","M","R","BOSS"],"items_purchased_type":["Card","Card","Relic","Card","Card","Card"],"build_version":"2020-12-22","purchased_purges":0,"victory":false,"max_hp_per_floor":[75,75,75,75,75,75,75,75,75,75,75,75,75,75,75,75,75,75,75,75,75,75,75,75,75,75,75,75,75,75,75,75,75,75],"card_choices":[{"not_picked":["RobotSpaceExplorer:SelfCleaning","RobotSpaceExplorer:SurgingShield"],"picked":"RobotSpaceExplorer:Calculate","floor":1},{"not_picked":["RobotSpaceExplorer:SurgingStrike","RobotSpaceExplorer:Probe"],"picked":"RobotSpaceExplorer:MiniDrones","floor":4},{"not_picked":["RobotSpaceExplorer:ShovelStrike","RobotSpaceExplorer:Smokescreen"],"picked":"RobotSpaceExplorer:Pulsar","floor":6},{"not_picked":["RobotSpaceExplorer:ShovelStrike","RobotSpaceExplorer:ScrapMissile"],"picked":"RobotSpaceExplorer:MiniBoosters","floor":8},{"not_picked":["RobotSpaceExplorer:MakeshiftVolley","RobotSpaceExplorer:SlimeMissile"],"picked":"RobotSpaceExplorer:Counterblock","floor":10},{"not_picked":["RobotSpaceExplorer:SlimeMissile","RobotSpaceExplorer:HighVoltage"],"picked":"RobotSpaceExplorer:ImprovisedAttack","floor":12},{"not_picked":["RobotSpaceExplorer:ImprovisedAttack","RobotSpaceExplorer:Counterblock"],"picked":"RobotSpaceExplorer:MiniDrones","floor":14},{"not_picked":["RobotSpaceExplorer:BlastShield","RobotSpaceExplorer:Accelerator"],"picked":"RobotSpaceExplorer:DroneSwarm","floor":16},{"not_picked":["RobotSpaceExplorer:SlimeMissile+1","RobotSpaceExplorer:Electroshield"],"picked":"RobotSpaceExplorer:Probe","floor":18},{"not_picked":["RobotSpaceExplorer:SlimeMissile","RobotSpaceExplorer:SurgingStrike"],"picked":"RobotSpaceExplorer:Counterblock+1","floor":19},{"not_picked":["RobotSpaceExplorer:IronShell+1","RobotSpaceExplorer:Counterblock"],"picked":"RobotSpaceExplorer:PowerGlove","floor":21},{"not_picked":["RobotSpaceExplorer:MiniDrones+1","RobotSpaceExplorer:Ammunition"],"picked":"RobotSpaceExplorer:Comet","floor":22},{"not_picked":["RobotSpaceExplorer:ImprovisedAttack+1","RobotSpaceExplorer:FranticSearch+1"],"picked":"RobotSpaceExplorer:Ammunition","floor":23},{"not_picked":["RobotSpaceExplorer:FranticSearch+1","RobotSpaceExplorer:MakeshiftVolley","Steam"],"picked":"RobotSpaceExplorer:Blitz","floor":27},{"not_picked":["RobotSpaceExplorer:Counterblock+1","RobotSpaceExplorer:StarDust","Sweeping Beam"],"picked":"RobotSpaceExplorer:Scanner","floor":30},{"not_picked":["RobotSpaceExplorer:GlueShot+1","RobotSpaceExplorer:Ammunition+1","Barrage"],"picked":"RobotSpaceExplorer:Autoloader","floor":31}],"player_experience":339115,"relics_obtained":[{"floor":12,"key":"HornCleat"},{"floor":23,"key":"hubris:DisguiseKit"},{"floor":26,"key":"Toxic Egg 2"}],"event_choices":[{"cards_removed":["RobotSpaceExplorer:Calculate"],"damage_healed":7,"gold_gain":0,"player_choice":"Offered Uncommon","damage_taken":0,"max_hp_gain":0,"max_hp_loss":0,"event_name":"Bonfire Elementals","floor":2,"gold_loss":0},{"damage_healed":0,"gold_gain":75,"player_choice":"Gather Gold","damage_taken":11,"max_hp_gain":0,"max_hp_loss":0,"event_name":"World of Goop","floor":5,"gold_loss":0},{"damage_healed":0,"gold_gain":0,"player_choice":"Grow","damage_taken":0,"max_hp_gain":0,"max_hp_loss":0,"event_name":"Living Wall","floor":11,"gold_loss":0,"cards_upgraded":["RobotSpaceExplorer:MiniBoosters"]},{"damage_healed":0,"gold_gain":0,"player_choice":"Bought 2 Potions","damage_taken":0,"max_hp_gain":0,"max_hp_loss":0,"event_name":"The Woman in Blue","floor":13,"gold_loss":0},{"damage_healed":0,"gold_gain":100,"player_choice":"Bet on Murderer","damage_taken":0,"max_hp_gain":0,"max_hp_loss":0,"event_name":"The Joust","floor":25,"gold_loss":50}],"is_beta":false,"boss_relics":[{"not_picked":["hubris:CrackedHourglass","bronze:MakeshiftBattery"],"picked":"Runic Pyramid"}],"items_purged_floors":[],"is_endless":false,"potions_floor_spawned":[1,4,12,19,27,31],"killed_by":"hubris:MusketHawk","ascension_level":0}}