{"host":"vumwfieg2b2mnrfl","time":1611546263,"event":{"mods":["AchievementEnabler","BaseMod","Minty Spire (QoL Compilation)","Rare Cards Sparkle","Relic Stats"],"gold_per_floor":[115,115,142,101,101,135,152,152,202,202,258,272,289,302,302,302,302],"floor_reached":16,"language":"ENG","playtime":378,"items_purged":[],"score":244,"play_id":"be4429a8-e1c5-4d03-b6bc-83afb4754f44","local_time":"20210124214423","is_ascension_mode":true,"campfire_choices":[{"floor":8,"key":"REST"},{"data":"Neutralize","floor":10,"key":"SMITH"},{"data":"Footwork","floor":15,"key":"SMITH"}],"circlet_count":0,"master_deck":["AscendersBane","Strike_G","Strike_G","Strike_G","Strike_G","Strike_G","Defend_G+1","Defend_G","Defend_G","Defend_G","Defend_G","Survivor","Neutralize+1","Footwork+1","All Out Attack","Dagger Throw","Backflip","Predator","Crippling Poison","Footwork+1"],"relics":["Ring of the Snake","NeowsBlessing","Regal Pillow","Ice Cream","Orichalcum","Letter Opener"],"acts_visited":["Exordium"],"potions_floor_usage":[14],"damage_taken":[{"damage":0,"enemies":"Cultist","floor":1,"turns":1},{"damage":0,"enemies":"3 Sentries","floor":6,"turns":1},{"damage":0,"enemies":"Jaw Worm","floor":7,"turns":1},{"damage":18,"enemies":"3 Sentries","floor":11,"turns":9},{"damage":0,"enemies":"Small Slimes","floor":12,"turns":3},{"damage":4,"enemies":"3 Louse","floor":13,"turns":2},{"damage":0,"enemies":"Blue Slaver","floor":14,"turns":5},{"damage":59,"enemies":"Hexaghost","floor":16,"turns":15}],"seed_played":"-6264829860835327826","potions_obtained":[{"floor":6,"key":"Dexterity Potion"},{"floor":7,"key":"Weak Potion"},{"floor":14,"key":"Fruit Juice"}],"is_trial":false,"path_per_floor":["M","?","T","?","?","E","M","R","T","R","?","M","M","M","R","B"],"character_chosen":"THE_SILENT","items_purchased":[],"campfire_rested":1,"item_purchase_floors":[],"current_hp_per_floor":[59,39,39,39,39,39,39,66,66,66,48,48,44,49,49,0,0],"gold":302,"neow_bonus":"THREE_ENEMY_KILL","is_daily":false,"chose_seed":false,"campfire_upgraded":2,"win_rate":0.0,"timestamp":1611546263,"path_taken":["M","?","?","?","?","E","M","R","T","R","?","?","M","M","R","BOSS"],"items_purchased_type":[],"build_version":"2020-12-22","purchased_purges":0,"victory":false,"max_hp_per_floor":[66,66,66,66,66,66,66,66,66,66,66,66,66,71,71,71,71],"relic_stats":{"Regal Pillow":8,"counters":[8,37],"Letter Opener":[0],"Orichalcum":[48],"obtain_stats":[{"Ice Cream":6,"Regal Pillow":3,"NeowsBlessing":0,"Letter Opener":11,"Orichalcum":9,"Ring of the Snake":0},{"Ice Cream":2,"Regal Pillow":1,"NeowsBlessing":0,"Letter Opener":4,"Orichalcum":3,"Ring of the Snake":0},{"Ice Cream":2,"Regal Pillow":1,"NeowsBlessing":0,"Letter Opener":12,"Orichalcum":3,"Ring of the Snake":0}],"Ring of the Snake":[16]},"card_choices":[{"not_picked":["Dodge and Roll","Distraction"],"picked":"Footwork","floor":1},{"not_picked":["Finisher","Flying Knee"],"picked":"All Out Attack","floor":6},{"not_picked":["Backflip","Setup"],"picked":"Dagger Throw","floor":7},{"not_picked":["Unload","Distraction"],"picked":"Backflip","floor":11},{"not_picked":["Acrobatics","Bane"],"picked":"Predator","floor":12},{"not_picked":["Dodge and Roll","Backstab"],"picked":"Crippling Poison","floor":13},{"not_picked":["Skewer","Slice"],"picked":"Footwork","floor":14}],"player_experience":457086,"relics_obtained":[{"floor":3,"key":"Regal Pillow"},{"floor":6,"key":"Ice Cream"},{"floor":9,"key":"Orichalcum"},{"floor":11,"key":"Letter Opener"}],"event_choices":[{"damage_healed":0,"gold_gain":0,"player_choice":"Entered Light","damage_taken":20,"max_hp_gain":0,"max_hp_loss":0,"event_name":"Shining Light","floor":2,"gold_loss":0,"cards_upgraded":["Footwork","Defend_G"]},{"damage_healed":0,"gold_gain":0,"player_choice":"Left Gold","damage_taken":0,"max_hp_gain":0,"max_hp_loss":0,"event_name":"World of Goop","floor":4,"gold_loss":41},{"damage_healed":0,"gold_gain":0,"player_choice":"Ignored","damage_taken":0,"max_hp_gain":0,"max_hp_loss":0,"event_name":"Golden Wing","floor":5,"gold_loss":0},{"damage_healed":0,"gold_gain":0,"player_choice":"Searched \u00271\u0027 times","damage_taken":0,"max_hp_gain":0,"max_hp_loss":0,"event_name":"Dead Adventurer","floor":11,"gold_loss":0}],"is_beta":false,"boss_relics":[],"items_purged_floors":[],"is_endless":false,"potions_floor_spawned":[6,7,14],"killed_by":"Hexaghost","ascension_level":19}}