{"host":"rpg32ugylimeqbxt","time":1611598919,"event":{"mods":["AchievementEnabler","BaseMod","BetterRewards","Colored Powertips","Hermit","Highlight Path","Minty Spire (QoL Compilation)","Replay The Spire","StSLib","The Animator","The Bug Knight","The Cursed","The Disciple","The Hierophant","The Runesmith","The Servant 0.9.4"],"gold_per_floor":[114,164,164,175,30,30,47,47,47],"floor_reached":8,"language":"ENG","playtime":237,"items_purged":["Strike_R"],"score":55,"play_id":"6b42c49c-0ab0-4606-a921-ed993a8f976a","local_time":"20210125102159","is_ascension_mode":true,"campfire_choices":[],"circlet_count":0,"master_deck":["Strike_R","Strike_R","Strike_R","Strike_R","Defend_R","Defend_R","Defend_R","Defend_R","Bash","Iron Wave","Cleave","Burning Pact","Impervious","Spot Weakness","Metallicize","Spot Weakness"],"relics":["Burning Blood","NeowsBlessing","Replay:Bottled Snecko","Bag of Marbles"],"acts_visited":["Exordium"],"potions_floor_usage":[],"damage_taken":[{"damage":0,"enemies":"2 Louse","floor":1,"turns":1},{"damage":0,"enemies":"Small Slimes","floor":4,"turns":1},{"damage":0,"enemies":"Cultist","floor":7,"turns":1},{"damage":15,"enemies":"Lagavulin","floor":8,"turns":3}],"seed_played":"2484986086075747176","potions_obtained":[{"floor":2,"key":"Regen Potion"},{"floor":4,"key":"SpeedPotion"}],"is_trial":false,"path_per_floor":["M","?","?","M","$","T","M","E"],"character_chosen":"IRONCLAD","items_purchased":["Metallicize"],"campfire_rested":0,"item_purchase_floors":[5],"current_hp_per_floor":[80,48,48,54,54,54,60,45,45],"gold":47,"neow_bonus":"THREE_ENEMY_KILL","is_daily":false,"chose_seed":false,"campfire_upgraded":0,"win_rate":0.0,"timestamp":1611598919,"path_taken":["M","?","?","?","?","?","M","E"],"items_purchased_type":["Card"],"build_version":"2020-12-22","purchased_purges":1,"victory":false,"max_hp_per_floor":[80,80,80,80,80,80,80,80,80],"card_choices":[{"not_picked":["Cleave","Blood for Blood"],"picked":"Iron Wave","floor":1},{"not_picked":["Spot Weakness","Twin Strike"],"picked":"Cleave","floor":2},{"not_picked":["Shrug It Off","Disarm"],"picked":"Spot Weakness","floor":4},{"not_picked":["Anger","True Grit"],"picked":"Spot Weakness","floor":7}],"player_experience":464476,"relics_obtained":[{"floor":2,"key":"Replay:Bottled Snecko"},{"floor":6,"key":"Bag of Marbles"}],"event_choices":[{"damage_healed":0,"gold_gain":0,"player_choice":"2 cards matched","damage_taken":0,"max_hp_gain":0,"max_hp_loss":0,"event_name":"Match and Keep!","floor":3,"gold_loss":0,"cards_obtained":["Burning Pact","Impervious"]}],"is_beta":false,"boss_relics":[],"items_purged_floors":[5],"is_endless":false,"potions_floor_spawned":[4],"killed_by":"Lagavulin","ascension_level":4}}