{"host":"g01l53quoe6lrer0","time":1611544999,"event":{"mods":["2.2 Compatiblity","AchievementEnabler","BaseMod","Colored Map","Highlight Path","Keyboard Shortcuts","Minty Spire (QoL Compilation)","Permanent Neow","StSLib","SuperFastMode","everything is the same but u backflip on backflip"],"gold_per_floor":[138,196,231,301,4,4,71,71,150,180,10,125,125,230,230,305,305,351,370,60,114,114,114,160,203,203,13,39,86,86,95,95,181,181,205,205,231,259,3,43,43,78,155,42,108,108,142,167,167,167],"floor_reached":51,"language":"KOR","playtime":2699,"items_purged":["Writhe","Strike_G"],"score":1625,"play_id":"6ca02b36-577e-40de-b7fa-77fd33cbac70","local_time":"20210125122319","is_ascension_mode":true,"campfire_choices":[{"data":"HandOfGreed","floor":6.0,"key":"SMITH"},{"data":"Calculated Gamble","floor":8.0,"key":"SMITH"},{"data":"Neutralize","floor":13.0,"key":"SMITH"},{"data":"Blade Dance","floor":15.0,"key":"SMITH"},{"data":"Setup","floor":23.0,"key":"SMITH"},{"floor":32.0,"key":"REST"},{"data":"Storm of Steel","floor":41.0,"key":"SMITH"},{"floor":46.0,"key":"DIG"},{"data":"Reflex","floor":49,"key":"SMITH"}],"circlet_count":0,"master_deck":["AscendersBane","Strike_G+1","Strike_G+1","Strike_G+1","Strike_G+1","Defend_G+1","Defend_G+1","Defend_G+1","Defend_G+1","Defend_G+1","Survivor","Neutralize+1","HandOfGreed+1","Calculated Gamble+1","Acrobatics","Well Laid Plans","Blade Dance+1","Backflip","Expertise","Tools of the Trade","Setup+1","Blur","Tools of the Trade","CurseOfTheBell","Escape Plan+1","Acrobatics","Blade Dance","Quick Slash+1","Storm of Steel+1","Caltrops+1","Reflex+1","Sucker Punch+1","Shame","Die Die Die+1","Calculated Gamble+1","Acrobatics","Prepared+1","Accuracy","Backflip+1","Caltrops","Storm of Steel+1","Choke+1","PiercingWail"],"relics":["Ring of the Snake","Tough Bandages","The Courier","Thread and Needle","Art of War","Calling Bell","Tingsha","CeramicFish","Molten Egg 2","Letter Opener","Turnip","White Beast Statue","Shuriken","FossilizedHelix","HoveringKite","Paper Crane","Shovel","Nunchaku","Bottled Flame","DollysMirror","Bottled Lightning","Pear","Question Card"],"acts_visited":["Exordium","TheCity","TheBeyond"],"potions_floor_usage":[50,50],"damage_taken":[{"damage":0.0,"enemies":"Cultist","floor":1.0,"turns":5.0},{"damage":0.0,"enemies":"2 Louse","floor":2.0,"turns":4.0},{"damage":1.0,"enemies":"Jaw Worm","floor":3.0,"turns":3.0},{"damage":8.0,"enemies":"3 Louse","floor":4.0,"turns":5.0},{"damage":1.0,"enemies":"2 Fungi Beasts","floor":7.0,"turns":4.0},{"damage":1.0,"enemies":"Lagavulin","floor":10.0,"turns":9.0},{"damage":1.0,"enemies":"Lots of Slimes","floor":12.0,"turns":9.0},{"damage":1.0,"enemies":"3 Sentries","floor":14.0,"turns":7.0},{"damage":8.0,"enemies":"Hexaghost","floor":16.0,"turns":15.0},{"damage":0.0,"enemies":"2 Thieves","floor":18.0,"turns":4.0},{"damage":0.0,"enemies":"Shell Parasite","floor":19.0,"turns":6.0},{"damage":4.0,"enemies":"Snake Plant","floor":21.0,"turns":4.0},{"damage":5.0,"enemies":"Sentry and Sphere","floor":24.0,"turns":7.0},{"damage":18.0,"enemies":"Slavers","floor":25.0,"turns":6.0},{"damage":3.0,"enemies":"3 Cultists","floor":28.0,"turns":4.0},{"damage":0.0,"enemies":"Snecko","floor":29.0,"turns":4.0},{"damage":0.0,"enemies":"Collector","floor":33.0,"turns":7.0},{"damage":0.0,"enemies":"3 Darklings","floor":35.0,"turns":4.0},{"damage":0.0,"enemies":"3 Shapes","floor":37.0,"turns":3.0},{"damage":0.0,"enemies":"Maw","floor":38.0,"turns":6.0},{"damage":0.0,"enemies":"Nemesis","floor":40.0,"turns":7.0},{"damage":0.0,"enemies":"Reptomancer","floor":42.0,"turns":4.0},{"damage":0.0,"enemies":"Nemesis","floor":45.0,"turns":5.0},{"damage":0.0,"enemies":"Giant Head","floor":47.0,"turns":6.0},{"damage":0.0,"enemies":"3 Darklings","floor":48.0,"turns":1.0},{"damage":31,"enemies":"Donu and Deca","floor":50,"turns":8}],"seed_played":"-6438180256707560508","potions_obtained":[{"floor":2.0,"key":"Poison Potion"},{"floor":3.0,"key":"GhostInAJar"},{"floor":10.0,"key":"Fire Potion"},{"floor":16.0,"key":"FearPotion"},{"floor":18.0,"key":"Poison Potion"},{"floor":28.0,"key":"AttackPotion"},{"floor":29.0,"key":"DuplicationPotion"},{"floor":33.0,"key":"PowerPotion"},{"floor":37.0,"key":"LiquidBronze"}],"is_trial":false,"path_per_floor":["M","M","M","M","$","R","M","R","T","E","$","M","R","E","R","B",null,"M","M","$","M","?","R","M","E","T","$","M","M","?","?","R","B",null,"M","?","M","M","$","E","R","E","T","$","E","R","E","M","R","B",null],"character_chosen":"THE_SILENT","items_purchased":["Tough Bandages","Tools of the Trade","Letter Opener","Acrobatics","Blade Dance","Shuriken","Accuracy","Paper Crane","DollysMirror"],"campfire_rested":1,"item_purchase_floors":[5,11,20,20,20,27,39,39,44],"current_hp_per_floor":[59,59,58,50,50,50,49,49,49,48,48,47,47,46,46,38,59,59,59,59,55,55,55,50,32,32,32,29,29,29,29,48,48,62,62,62,62,62,62,62,62,62,62,62,62,72,72,72,72,41],"gold":167,"neow_bonus":"RANDOM_COLORLESS_2","is_daily":false,"chose_seed":false,"campfire_upgraded":7,"win_rate":0.0,"timestamp":1611544999,"path_taken":["M","M","M","M","$","R","?","R","T","E","$","M","R","E","R","BOSS","M","M","$","M","?","R","M","E","T","$","M","M","?","?","R","BOSS","M","?","M","M","$","E","R","E","T","$","E","R","E","M","R","BOSS"],"items_purchased_type":["Relic","Card","Relic","Card","Card","Relic","Card","Relic","Relic"],"build_version":"2020-12-22","purchased_purges":2,"victory":true,"max_hp_per_floor":[66,66,66,66,66,66,66,66,66,66,66,66,66,66,66,66,66,66,66,66,66,66,66,66,66,66,66,66,66,66,66,66,66,66,66,63,63,63,63,63,63,63,63,63,63,73,73,73,73,73],"card_choices":[{"not_picked":["Magnetism","Violence"],"picked":"HandOfGreed","floor":0.0},{"not_picked":["Skewer","Dagger Throw"],"picked":"Calculated Gamble","floor":1.0},{"not_picked":["Poisoned Stab","Backflip"],"picked":"Acrobatics","floor":2.0},{"not_picked":["Bane","Flechettes"],"picked":"Well Laid Plans","floor":3.0},{"not_picked":["Malaise","Deflect"],"picked":"Blade Dance","floor":4.0},{"not_picked":["Predator","Sucker Punch"],"picked":"Backflip","floor":7.0},{"not_picked":["Skewer","Backflip"],"picked":"Expertise","floor":10.0},{"not_picked":["Doppelganger","Predator"],"picked":"Setup","floor":12.0},{"not_picked":["Deadly Poison","Crippling Poison"],"picked":"Blur","floor":14.0},{"not_picked":["Venomology","Storm of Steel"],"picked":"Tools of the Trade","floor":16.0},{"not_picked":["Dodge and Roll","Bane+1"],"picked":"Escape Plan+1","floor":18.0},{"not_picked":["Dodge and Roll","Heel Hook+1","Dagger Spray+1"],"picked":"SKIP","floor":19.0},{"not_picked":["Cloak And Dagger","Slice+1"],"picked":"Quick Slash+1","floor":21.0},{"not_picked":["All Out Attack+1","Quick Slash+1"],"picked":"Storm of Steel","floor":24.0},{"not_picked":["Deadly Poison+1","Dagger Throw+1"],"picked":"Caltrops+1","floor":25.0},{"not_picked":["Endless Agony+1","Caltrops"],"picked":"Reflex","floor":28.0},{"not_picked":["Quick Slash+1","Outmaneuver"],"picked":"Sucker Punch+1","floor":29.0},{"not_picked":["Phantasmal Killer","Storm of Steel"],"picked":"Die Die Die+1","floor":33.0},{"not_picked":["Expertise","All Out Attack+1"],"picked":"Calculated Gamble+1","floor":35.0},{"not_picked":["Quick Slash+1","Sucker Punch+1"],"picked":"Acrobatics","floor":37.0},{"not_picked":["Finisher+1","Acrobatics"],"picked":"Prepared+1","floor":38.0},{"not_picked":["Deadly Poison+1","Cloak And Dagger"],"picked":"Backflip+1","floor":40.0},{"not_picked":["Backflip","Dagger Throw+1"],"picked":"Caltrops","floor":42.0},{"not_picked":["All Out Attack+1","Footwork","Choke+1"],"picked":"SKIP","floor":45.0},{"not_picked":["All Out Attack+1","Footwork"],"picked":"Choke+1","floor":45.0},{"not_picked":["Tools of the Trade","Deadly Poison","Sucker Punch+1"],"picked":"SKIP","floor":47.0},{"not_picked":["Poisoned Stab+1","Cloak And Dagger","Accuracy"],"picked":"PiercingWail","floor":48.0}],"player_experience":294840,"relics_obtained":[{"floor":9.0,"key":"The Courier"},{"floor":10.0,"key":"Thread and Needle"},{"floor":14.0,"key":"Art of War"},{"floor":17.0,"key":"Tingsha"},{"floor":17.0,"key":"CeramicFish"},{"floor":17.0,"key":"Molten Egg 2"},{"floor":25.0,"key":"Turnip"},{"floor":26.0,"key":"White Beast Statue"},{"floor":40.0,"key":"Shovel"},{"floor":42.0,"key":"Nunchaku"},{"floor":43.0,"key":"Bottled Flame"},{"floor":45.0,"key":"Bottled Lightning"},{"floor":46.0,"key":"Pear"},{"floor":47.0,"key":"Question Card"}],"event_choices":[{"damage_healed":0.0,"max_hp_gain":0.0,"max_hp_loss":0.0,"gold_gain":0.0,"event_name":"Ghosts","player_choice":"Ignored","floor":22.0,"gold_loss":0.0,"damage_taken":0.0},{"damage_healed":0.0,"max_hp_gain":0.0,"max_hp_loss":0.0,"gold_gain":0.0,"event_name":"Back to Basics","player_choice":"Simplicity","floor":30.0,"gold_loss":0.0,"damage_taken":0.0,"cards_upgraded":["Strike_G","Strike_G","Strike_G","Strike_G","Defend_G","Defend_G","Defend_G","Defend_G","Defend_G"]},{"damage_healed":0.0,"max_hp_gain":0.0,"max_hp_loss":0.0,"gold_gain":0.0,"event_name":"Addict","player_choice":"Stole Relic","floor":31.0,"gold_loss":0.0,"damage_taken":0.0,"relics_obtained":["FossilizedHelix"],"cards_obtained":["Shame"]},{"damage_healed":0.0,"max_hp_gain":0.0,"max_hp_loss":3.0,"gold_gain":0.0,"event_name":"Winding Halls","player_choice":"Max HP","floor":36.0,"gold_loss":0.0,"damage_taken":0.0}],"is_beta":false,"boss_relics":[{"not_picked":["Velvet Choker","Fusion Hammer"],"picked":"Calling Bell"},{"not_picked":["WristBlade","Pandora\u0027s Box"],"picked":"HoveringKite"}],"items_purged_floors":[11,20],"is_endless":false,"potions_floor_spawned":[2,3,10,16,18,28,29,33,35,37,38,40,42,45,47,48],"ascension_level":14}}