{"host":"emhkbx8w48tb1pjr","time":1611574018,"event":{"mods":["AchievementEnabler","BaseMod","Better Note","Colored Map","Colored Powertips","DeckTracker","Downfall","Googly Eyes","Minty Spire (QoL Compilation)","Quick Restart","Rare Cards Sparkle","StSLib","The Jungle","everything is the same but u backflip on backflip"],"gold_per_floor":[14,32,48,123,134,161,161,180,203,6,37,37,55,70,70,169,169,183,183,203,203,216,216,216],"floor_reached":23,"language":"ENG","playtime":884,"items_purged":[],"score":215,"play_id":"67d743b3-143f-47b4-8be7-95d4453b003c","local_time":"20210125122658","is_ascension_mode":true,"campfire_choices":[{"floor":7,"key":"REST"},{"data":"Envenom","floor":12,"key":"SMITH"},{"floor":15,"key":"REST"}],"circlet_count":0,"master_deck":["Strike_G","Strike_G","Strike_G","Strike_G","Strike_G","Defend_G","Defend_G","Defend_G","Defend_G","Defend_G","Survivor","Neutralize","PiercingWail","Backstab","Dagger Spray","Backflip","Envenom+1","Blade Dance","Catalyst+1","Well Laid Plans","Deadly Poison","Corpse Explosion","Deadly Poison","Deadly Poison"],"relics":["Ring of the Snake","Mango","Centennial Puzzle","Happy Flower","Oddly Smooth Stone","Blood Vial","Black Star","MutagenicStrength"],"acts_visited":["Exordium","TheCity"],"potions_floor_usage":[11,18,23,23],"damage_taken":[{"damage":0,"enemies":"2 Louse","floor":1,"turns":4},{"damage":3,"enemies":"Small Slimes","floor":2,"turns":3},{"damage":0,"enemies":"Cultist","floor":3,"turns":5},{"damage":9,"enemies":"Exordium Thugs","floor":5,"turns":4},{"damage":49,"enemies":"Gremlin Nob","floor":6,"turns":6},{"damage":0,"enemies":"Lots of Slimes","floor":8,"turns":4},{"damage":8,"enemies":"Lagavulin","floor":11,"turns":7},{"damage":1,"enemies":"3 Louse","floor":13,"turns":3},{"damage":1,"enemies":"Red Slaver","floor":14,"turns":3},{"damage":10,"enemies":"The Guardian","floor":16,"turns":9},{"damage":20,"enemies":"2 Thieves","floor":18,"turns":2},{"damage":21,"enemies":"Spheric Guardian","floor":20,"turns":4},{"damage":31,"enemies":"Shelled Parasite and Fungi","floor":22,"turns":6},{"damage":20,"enemies":"Slavers","floor":23,"turns":5}],"seed_played":"2371416622082005617","potions_obtained":[{"floor":5,"key":"EssenceOfSteel"},{"floor":13,"key":"EssenceOfSteel"},{"floor":14,"key":"CultistPotion"},{"floor":16,"key":"Explosive Potion"},{"floor":18,"key":"SneckoOil"},{"floor":20,"key":"FearPotion"}],"is_trial":false,"path_per_floor":["M","M","M","?","M","E","R","M","T","$","E","R","M","M","R","B",null,"M","?","M","?","M","E"],"character_chosen":"THE_SILENT","items_purchased":["Oddly Smooth Stone","Blade Dance"],"campfire_rested":2,"item_purchase_floors":[10,10],"current_hp_per_floor":[84,81,81,70,61,12,37,37,37,37,29,29,30,31,56,48,84,64,64,45,45,16,0,0],"gold":216,"neow_bonus":"ONE_RARE_RELIC","is_daily":false,"chose_seed":false,"campfire_upgraded":1,"win_rate":0.0,"timestamp":1611574018,"path_taken":["M","M","M","?","M","E","R","M","T","$","E","R","M","M","R","BOSS","M","?","M","?","M","E"],"items_purchased_type":["Relic","Card"],"build_version":"2020-12-22","purchased_purges":0,"victory":false,"max_hp_per_floor":[84,84,84,84,84,84,84,84,84,84,84,84,84,84,84,84,84,84,84,84,84,84,84,84],"card_choices":[{"not_picked":["Sucker Punch","Acrobatics"],"picked":"PiercingWail","floor":1},{"not_picked":["Bane","Distraction"],"picked":"Backstab","floor":2},{"not_picked":["Dash","Slice"],"picked":"Dagger Spray","floor":3},{"not_picked":["Quick Slash","Sucker Punch"],"picked":"Backflip","floor":5},{"not_picked":["Dagger Spray","Acrobatics"],"picked":"Envenom","floor":6},{"not_picked":["Terror","Masterful Stab","Skewer"],"picked":"SKIP","floor":8},{"not_picked":["Choke","Finisher"],"picked":"Catalyst","floor":11},{"not_picked":["Sucker Punch","Acrobatics"],"picked":"Well Laid Plans","floor":13},{"not_picked":["Blur","Outmaneuver"],"picked":"Deadly Poison","floor":14},{"not_picked":["Wraith Form v2","Envenom"],"picked":"Corpse Explosion","floor":16},{"not_picked":["Backflip","Underhanded Strike+1"],"picked":"Deadly Poison","floor":18},{"not_picked":["Blade Dance","Prepared"],"picked":"Deadly Poison","floor":20},{"not_picked":["Heel Hook","Underhanded Strike","Well Laid Plans+1"],"picked":"SKIP","floor":22}],"player_experience":28955,"relics_obtained":[{"floor":6,"key":"Centennial Puzzle"},{"floor":9,"key":"Happy Flower"},{"floor":11,"key":"Blood Vial"}],"event_choices":[{"damage_healed":0,"gold_gain":75,"player_choice":"Gather Gold","damage_taken":11,"max_hp_gain":0,"max_hp_loss":0,"event_name":"World of Goop","floor":4,"gold_loss":0},{"damage_healed":0,"gold_gain":0,"player_choice":"Inject Mutagens","damage_taken":0,"relics_obtained":["MutagenicStrength"],"max_hp_gain":0,"max_hp_loss":0,"event_name":"Drug Dealer","floor":19,"gold_loss":0},{"damage_healed":0,"gold_gain":0,"player_choice":"Forge","damage_taken":0,"max_hp_gain":0,"max_hp_loss":0,"event_name":"Accursed Blacksmith","floor":21,"gold_loss":0,"cards_upgraded":["Catalyst"]}],"is_beta":false,"boss_relics":[{"not_picked":["Calling Bell","Tiny House"],"picked":"Black Star"}],"items_purged_floors":[],"is_endless":false,"potions_floor_spawned":[5,13,14,16,18,20],"killed_by":"Slavers","ascension_level":1}}