{"host":"xmrw7jl1ir2912vf","time":1611552728,"event":{"mods":["BaseMod","Minty Spire (QoL Compilation)","Relic Stats"],"gold_per_floor":[113,113,113,93,18,45,45,78,103,131,131,158,170,198,198,275,275,287,301,301,226,14,39,50,50,50,50,150,150,168,168,168,247,247,257,269,269,269,288,288,323,337,337,337,352,377,30,30,30,30,30,30,4,34,34,34],"floor_reached":55,"language":"ENG","playtime":3391,"items_purged":["Strike_R","Strike_R","Strike_R"],"score":1564,"play_id":"27ea08a7-c30e-40cc-9c13-428f30a92f80","local_time":"20210125003208","is_ascension_mode":true,"campfire_choices":[{"data":"Bash","floor":7,"key":"SMITH"},{"data":"Armaments","floor":11,"key":"SMITH"},{"data":"Sword Boomerang","floor":15,"key":"SMITH"},{"data":"Flex","floor":25,"key":"SMITH"},{"data":"Heavy Blade","floor":27,"key":"SMITH"},{"data":"Inflame","floor":32,"key":"SMITH"},{"data":"True Grit","floor":40,"key":"SMITH"},{"floor":49,"key":"RECALL"},{"data":"Defend_R","floor":52,"key":"PURGE"}],"circlet_count":0,"master_deck":["AscendersBane","Defend_R","Defend_R","Defend_R","Bash+1","Armaments+1","Sword Boomerang+1","Heavy Blade+1","Impervious","Headbutt","Berserk","Feed","Twin Strike","Necronomicurse","Impervious","Flex+1","Inflame+1","J.A.X.+1","Fiend Fire+1","True Grit+1","Dropkick","Limit Break+1","Dropkick","Flex+1"],"relics":["Burning Blood","NeowsBlessing","Paper Frog","Thread and Needle","Akabeko","Bag of Preparation","Bottled Lightning","Art of War","Mercury Hourglass","Runic Pyramid","Necronomicon","Membership Card","Ornamental Fan","Singing Bowl","StoneCalendar","Meat on the Bone","Velvet Choker","Peace Pipe","Toxic Egg 2","Ice Cream","Letter Opener"],"acts_visited":["Exordium","TheCity","TheBeyond","TheEnding"],"potions_floor_usage":[12,14,16,16,23,23,39,50,50],"damage_taken":[{"damage":0,"enemies":"2 Louse","floor":1,"turns":1},{"damage":0,"enemies":"Lagavulin","floor":6,"turns":1},{"damage":0,"enemies":"3 Sentries","floor":8,"turns":2},{"damage":1,"enemies":"Gremlin Nob","floor":10,"turns":3},{"damage":7,"enemies":"Lagavulin","floor":12,"turns":5},{"damage":0,"enemies":"Cultist","floor":13,"turns":2},{"damage":11,"enemies":"3 Sentries","floor":14,"turns":7},{"damage":28,"enemies":"Hexaghost","floor":16,"turns":6},{"damage":0,"enemies":"Spheric Guardian","floor":18,"turns":2},{"damage":3,"enemies":"3 Byrds","floor":19,"turns":4},{"damage":22,"enemies":"Book of Stabbing","floor":23,"turns":4},{"damage":1,"enemies":"Shelled Parasite and Fungi","floor":24,"turns":3},{"damage":13,"enemies":"Colosseum Slavers","floor":28,"turns":3},{"damage":0,"enemies":"Colosseum Nobs","floor":28,"turns":2},{"damage":3,"enemies":"Sentry and Sphere","floor":30,"turns":5},{"damage":10,"enemies":"Collector","floor":33,"turns":5},{"damage":0,"enemies":"Orb Walker","floor":35,"turns":1},{"damage":3,"enemies":"3 Darklings","floor":36,"turns":3},{"damage":4,"enemies":"Writhing Mass","floor":39,"turns":3},{"damage":3,"enemies":"Giant Head","floor":41,"turns":4},{"damage":3,"enemies":"Transient","floor":42,"turns":5},{"damage":6,"enemies":"3 Darklings","floor":45,"turns":3},{"damage":35,"enemies":"Reptomancer","floor":46,"turns":3},{"damage":30,"enemies":"Awakened One","floor":50,"turns":6},{"damage":51,"enemies":"Shield and Spear","floor":54,"turns":4},{"damage":66,"enemies":"The Heart","floor":55,"turns":5}],"seed_played":"-697302101671814878","potions_obtained":[{"floor":4,"key":"SkillPotion"},{"floor":8,"key":"FearPotion"},{"floor":12,"key":"Fruit Juice"},{"floor":14,"key":"PowerPotion"},{"floor":16,"key":"PowerPotion"},{"floor":18,"key":"SteroidPotion"},{"floor":28,"key":"Energy Potion"},{"floor":33,"key":"SteroidPotion"},{"floor":39,"key":"Block Potion"},{"floor":42,"key":"LiquidMemories"}],"is_trial":false,"path_per_floor":["M","?","?","?","$","E","R","E","T","E","R","E","M","E","R","B",null,"M","M","?","?","$","E","M","R","T","R","?","?","M","?","R","B",null,"M","M","?","?","M","R","E","M","T","?","M","E","$","?","R","B",null,"R","$","E","B"],"character_chosen":"IRONCLAD","items_purchased":["Membership Card","Limit Break+1","Dropkick","Ice Cream","Flex+1"],"campfire_rested":0,"item_purchase_floors":[22,47,47,47,53],"current_hp_per_floor":[74,79,53,53,53,59,59,65,65,70,70,69,75,70,70,53,77,87,93,72,72,72,59,67,67,67,67,72,72,79,79,79,79,105,113,120,120,120,120,120,125,125,125,125,130,103,103,103,103,79,114,114,114,71,5,5],"gold":34,"neow_bonus":"THREE_ENEMY_KILL","is_daily":false,"chose_seed":false,"campfire_upgraded":7,"win_rate":0.0,"timestamp":1611552728,"path_taken":["M","?","?","?","$","E","R","E","T","E","R","E","?","E","R","BOSS","M","M","?","?","$","E","M","R","T","R","?","?","?","?","R","BOSS","M","M","?","?","?","R","E","M","T","?","?","E","$","?","R","BOSS","R","$","E","BOSS"],"items_purchased_type":["Relic","Card","Card","Relic","Card"],"build_version":"2020-12-22","purchased_purges":3,"victory":false,"max_hp_per_floor":[75,80,80,80,80,80,80,80,80,80,80,80,80,80,80,85,85,89,93,93,93,93,96,99,99,99,99,105,105,109,109,109,113,113,115,120,120,120,120,120,125,125,125,125,130,132,132,125,125,125,125,125,125,127,127,127],"relic_stats":{"Singing Bowl":14,"counters":[26,92],"StoneCalendar":[0],"Bag of Preparation":[46],"Letter Opener":[5],"Burning Blood":140,"Mercury Hourglass":[297],"Peace Pipe":1,"Ornamental Fan":[100],"Art of War":[4],"Necronomicon":[35],"obtain_stats":[{"Ice Cream":47,"NeowsBlessing":0,"Singing Bowl":26,"Velvet Choker":34,"Thread and Needle":6,"StoneCalendar":28,"Bag of Preparation":9,"Letter Opener":54,"Burning Blood":0,"Akabeko":8,"Mercury Hourglass":14,"Peace Pipe":41,"Ornamental Fan":23,"Art of War":12,"Necronomicon":20,"Bottled Lightning":10,"Membership Card":22,"Toxic Egg 2":46,"Paper Frog":3,"Runic Pyramid":17,"Meat on the Bone":28},{"Ice Cream":23,"NeowsBlessing":0,"Singing Bowl":12,"Velvet Choker":16,"Thread and Needle":2,"StoneCalendar":14,"Bag of Preparation":3,"Letter Opener":25,"Burning Blood":0,"Akabeko":3,"Mercury Hourglass":7,"Peace Pipe":20,"Ornamental Fan":11,"Art of War":5,"Necronomicon":10,"Bottled Lightning":4,"Membership Card":10,"Toxic Egg 2":23,"Paper Frog":1,"Runic Pyramid":8,"Meat on the Bone":14},{"Ice Cream":77,"NeowsBlessing":0,"Singing Bowl":40,"Velvet Choker":55,"Thread and Needle":2,"StoneCalendar":45,"Bag of Preparation":4,"Letter Opener":87,"Burning Blood":0,"Akabeko":4,"Mercury Hourglass":21,"Peace Pipe":66,"Ornamental Fan":37,"Art of War":12,"Necronomicon":33,"Bottled Lightning":7,"Membership Card":33,"Toxic Egg 2":77,"Paper Frog":1,"Runic Pyramid":27,"Meat on the Bone":45}],"Meat on the Bone":0},"card_choices":[{"not_picked":["Havoc","Ghostly Armor"],"picked":"Armaments","floor":1},{"not_picked":["Clothesline","True Grit","Power Through"],"picked":"SKIP","floor":6},{"not_picked":["Burning Pact","Shockwave"],"picked":"Sword Boomerang","floor":8},{"not_picked":["Feel No Pain","Twin Strike"],"picked":"Heavy Blade","floor":10},{"not_picked":["Perfected Strike","Fire Breathing"],"picked":"Impervious","floor":12},{"not_picked":["Evolve","Anger"],"picked":"Headbutt","floor":13},{"not_picked":["Combust","Iron Wave"],"picked":"Berserk","floor":14},{"not_picked":["Offering","Demon Form"],"picked":"Feed","floor":16},{"not_picked":["Anger+1","Sever Soul+1","Clothesline"],"picked":"SKIP","floor":18},{"not_picked":["Pommel Strike","Thunderclap"],"picked":"Twin Strike","floor":19},{"not_picked":["Thunderclap","Sword Boomerang"],"picked":"Impervious","floor":23},{"not_picked":["Power Through","Flex","Armaments"],"picked":"SKIP","floor":24},{"not_picked":["Power Through","Armaments"],"picked":"Flex","floor":24},{"not_picked":["Cleave","Headbutt","Body Slam+1"],"picked":"Singing Bowl","floor":28},{"not_picked":["Sever Soul","Clothesline"],"picked":"Inflame","floor":30},{"not_picked":["Immolate","Impervious"],"picked":"Fiend Fire","floor":33},{"not_picked":["Havoc","Inflame","Cleave"],"picked":"Singing Bowl","floor":35},{"not_picked":["Fire Breathing","Clothesline","Ghostly Armor"],"picked":"Singing Bowl","floor":36},{"not_picked":["Heavy Blade","Searing Blow"],"picked":"True Grit","floor":39},{"not_picked":["Clothesline","Body Slam+1","Sword Boomerang"],"picked":"Singing Bowl","floor":41},{"not_picked":["Rage+1","Searing Blow"],"picked":"Dropkick","floor":42},{"not_picked":["Armaments","Bloodletting","Twin Strike"],"picked":"Singing Bowl","floor":45},{"not_picked":["Headbutt+1","Rupture","Metallicize"],"picked":"Singing Bowl","floor":46},{"not_picked":["Uppercut","Evolve","Barricade"],"picked":"Singing Bowl","floor":54}],"player_experience":413376,"relics_obtained":[{"floor":6,"key":"Thread and Needle"},{"floor":8,"key":"Akabeko"},{"floor":9,"key":"Bag of Preparation"},{"floor":10,"key":"Bottled Lightning"},{"floor":12,"key":"Art of War"},{"floor":14,"key":"Mercury Hourglass"},{"floor":20,"key":"Necronomicon"},{"floor":23,"key":"Ornamental Fan"},{"floor":26,"key":"Singing Bowl"},{"floor":28,"key":"StoneCalendar"},{"floor":28,"key":"Meat on the Bone"},{"floor":41,"key":"Peace Pipe"},{"floor":46,"key":"Toxic Egg 2"},{"floor":54,"key":"Letter Opener"}],"event_choices":[{"damage_healed":0,"gold_gain":0,"player_choice":"Donut","damage_taken":0,"max_hp_gain":5,"max_hp_loss":0,"event_name":"Big Fish","floor":2,"gold_loss":0},{"damage_healed":0,"gold_gain":0,"player_choice":"Success","damage_taken":26,"relics_obtained":["Paper Frog"],"max_hp_gain":0,"max_hp_loss":0,"event_name":"Scrap Ooze","floor":3,"gold_loss":0},{"damage_healed":0,"gold_gain":0,"player_choice":"Bought 1 Potion","damage_taken":0,"max_hp_gain":0,"max_hp_loss":0,"event_name":"The Woman in Blue","floor":4,"gold_loss":0},{"damage_healed":0,"gold_gain":0,"player_choice":"Obtained Book","damage_taken":21,"max_hp_gain":0,"max_hp_loss":0,"event_name":"Cursed Tome","floor":20,"gold_loss":0},{"cards_removed":["Strike_R"],"damage_healed":0,"gold_gain":0,"player_choice":"Gave Gold","damage_taken":0,"max_hp_gain":0,"max_hp_loss":0,"event_name":"Beggar","floor":21,"gold_loss":75},{"damage_healed":0,"gold_gain":0,"player_choice":"Fight","damage_taken":0,"max_hp_gain":0,"max_hp_loss":0,"event_name":"Colosseum","floor":28,"gold_loss":0},{"damage_healed":0,"gold_gain":0,"player_choice":"Fought Nobs","damage_taken":0,"max_hp_gain":0,"max_hp_loss":0,"event_name":"Colosseum","floor":28,"gold_loss":0},{"cards_removed":["Strike_R"],"damage_healed":0,"gold_gain":0,"player_choice":"Offered Basic","damage_taken":0,"max_hp_gain":0,"max_hp_loss":0,"event_name":"Bonfire Elementals","floor":29,"gold_loss":0},{"damage_healed":0,"gold_gain":0,"player_choice":"Obtain J.A.X.","damage_taken":0,"max_hp_gain":0,"max_hp_loss":0,"event_name":"Drug Dealer","floor":31,"gold_loss":0,"cards_obtained":["J.A.X."]},{"damage_healed":0,"gold_gain":0,"player_choice":"Ignored","damage_taken":0,"max_hp_gain":0,"max_hp_loss":0,"event_name":"Tomb of Lord Red Mask","floor":37,"gold_loss":0},{"damage_healed":0,"gold_gain":0,"player_choice":"Upgraded","damage_taken":0,"max_hp_gain":0,"max_hp_loss":0,"event_name":"Upgrade Shrine","floor":38,"gold_loss":0,"cards_upgraded":["J.A.X."]},{"damage_healed":0,"gold_gain":0,"player_choice":"Forge","damage_taken":0,"max_hp_gain":0,"max_hp_loss":0,"event_name":"Accursed Blacksmith","floor":44,"gold_loss":0,"cards_upgraded":["Fiend Fire"]},{"damage_healed":0,"gold_gain":0,"player_choice":"Max HP","damage_taken":0,"max_hp_gain":0,"max_hp_loss":7,"event_name":"Winding Halls","floor":48,"gold_loss":0}],"is_beta":false,"boss_relics":[{"not_picked":["Mark of Pain","Philosopher\u0027s Stone"],"picked":"Runic Pyramid"},{"not_picked":["Black Star","Pandora\u0027s Box"],"picked":"Velvet Choker"}],"items_purged_floors":[5,22,47],"is_endless":false,"potions_floor_spawned":[8,12,14,16,18,28,28,33,39,41,42,46],"killed_by":"The Heart","ascension_level":16}}