{"host":"x205naxbihvu3p76","time":1611586106,"event":{"mods":["AchievementEnabler","BaseMod","Minty Spire (QoL Compilation)","StSLib","SuperFastMode"],"gold_per_floor":[366,120,139,63,63,95,105,119,119,131,131,150,150,195,195,271,271,191,191,191],"floor_reached":19,"language":"KOR","playtime":365,"items_purged":["Strike_B"],"score":334,"play_id":"df4727a9-80dd-4132-bfd0-826e9df98f21","local_time":"20210125234826","is_ascension_mode":true,"campfire_choices":[{"floor":11,"key":"REST"},{"floor":15,"key":"REST"}],"circlet_count":0,"master_deck":["AscendersBane","Strike_B","Strike_B","Defend_B","Defend_B","Defend_B","Defend_B","Zap","Dualcast","Compile Driver","Defragment+1","White Noise","Cold Snap","Doom and Gloom","Undo","Conserve Battery","Reboot","Echo Form","Cold Snap+1"],"relics":["Cracked Core","Bag of Marbles","Molten Egg 2","MealTicket","Black Star"],"acts_visited":["Exordium","TheCity"],"potions_floor_usage":[16],"damage_taken":[{"damage":10,"enemies":"Small Slimes","floor":1,"turns":3},{"damage":1,"enemies":"Cultist","floor":3,"turns":3},{"damage":27,"enemies":"Gremlin Nob","floor":6,"turns":4},{"damage":7,"enemies":"Jaw Worm","floor":7,"turns":3},{"damage":0,"enemies":"Blue Slaver","floor":8,"turns":4},{"damage":5,"enemies":"2 Fungi Beasts","floor":10,"turns":3},{"damage":6,"enemies":"Large Slime","floor":12,"turns":5},{"damage":26,"enemies":"Slime Boss","floor":16,"turns":6},{"damage":17,"enemies":"2 Thieves","floor":18,"turns":4},{"damage":36,"enemies":"3 Byrds","floor":19,"turns":5}],"seed_played":"-6153981588688974917","potions_obtained":[{"floor":3,"key":"DuplicationPotion"},{"floor":6,"key":"SteroidPotion"},{"floor":16,"key":"GamblersBrew"}],"is_trial":false,"path_per_floor":["M","$","M","$","?","E","M","M","T","M","R","M","?","T","R","B",null,"M","M"],"character_chosen":"DEFECT","items_purchased":["Defragment","White Noise","Doom and Gloom"],"campfire_rested":2,"item_purchase_floors":[2,2,4],"current_hp_per_floor":[54,54,53,53,53,26,19,19,19,14,33,27,20,20,39,13,51,34,0,0],"gold":191,"neow_bonus":"TWO_FIFTY_GOLD","is_daily":false,"chose_seed":false,"campfire_upgraded":0,"win_rate":0.0,"timestamp":1611586106,"path_taken":["M","$","M","$","?","E","M","?","T","M","R","M","?","?","R","BOSS","M","M"],"items_purchased_type":["Card","Card","Card"],"build_version":"2020-12-22","purchased_purges":1,"victory":false,"max_hp_per_floor":[64,64,64,64,64,64,64,64,64,64,64,64,64,64,64,64,64,64,64,64],"card_choices":[{"not_picked":["Lockon","Streamline"],"picked":"Compile Driver","floor":1},{"not_picked":["Defragment","Beam Cell"],"picked":"Cold Snap","floor":3},{"not_picked":["Beam Cell","Double Energy"],"picked":"Undo","floor":6},{"not_picked":["Darkness","Sweeping Beam"],"picked":"Conserve Battery","floor":7},{"not_picked":["Hologram","Redo","Gash"],"picked":"SKIP","floor":8},{"not_picked":["Compile Driver+1","Steam"],"picked":"Reboot","floor":10},{"not_picked":["Auto Shields","Darkness","Blizzard+1"],"picked":"SKIP","floor":12},{"not_picked":["Thunder Strike+1","Machine Learning"],"picked":"Echo Form","floor":16},{"not_picked":["Fusion","Genetic Algorithm"],"picked":"Cold Snap+1","floor":18}],"player_experience":996261,"relics_obtained":[{"floor":6,"key":"Bag of Marbles"},{"floor":9,"key":"Molten Egg 2"},{"floor":14,"key":"MealTicket"}],"event_choices":[{"damage_healed":0,"gold_gain":0,"player_choice":"Upgraded","damage_taken":0,"max_hp_gain":0,"max_hp_loss":0,"event_name":"Upgrade Shrine","floor":5,"gold_loss":0,"cards_upgraded":["Defragment"]},{"cards_removed":["Strike_B"],"damage_healed":0,"gold_gain":0,"player_choice":"Card Removal","damage_taken":7,"max_hp_gain":0,"max_hp_loss":0,"event_name":"Golden Wing","floor":13,"gold_loss":0}],"is_beta":false,"boss_relics":[{"not_picked":["Busted Crown","Ectoplasm"],"picked":"Black Star"}],"items_purged_floors":[2],"is_endless":false,"potions_floor_spawned":[3,6,10,12,16],"killed_by":"3 Byrds","ascension_level":20}}