{"host":"h5acbxt0wmjo1kpm","time":1611569453,"event":{"mods":["2.2 Compatiblity","Act Like it!","AlwaysNeverKeys","Aspiration","Bard","Bartender","BaseMod","Better Third Choice","Colored Map","Elementarium","Gensokyo","GifTheSpireLib","Hallownest","Marisa????????","Menagerie","Minty Spire (QoL Compilation)","Permanent Neow","Potionbrewer","Quick Restart","Relic Filter","Reliquary","Replay The Spire","Robot Space Explorer","RumiaBox-????????","Shade Mod","Spicy Shops","StSLib","Strawberry Spire","The Blackbeard","The Dragon Tamer","The Gatherer","The Hayseed","The Problem Sleuth","The Servant 0.9.4","Wandering Minibosses","Wide Potions"],"gold_per_floor":[117,117,42,54,29,45,80,80,80,35,35,70,70,104,104,200,200,217,217,217,48,48,48,62,74,98,166,15,31,48,64,64,169,169,182,193,193,193,203,203,219,219,219,219,245,257,257,286,286,286,286,286,47,80,80],"floor_reached":56,"language":"ENG","playtime":3582,"items_purged":["RobotSpaceExplorer:Strike","Normality","strawberrySpire:Fastroyer"],"score":1861,"play_id":"16255607-4289-4c92-a23f-60385080904c","local_time":"20210125021053","is_ascension_mode":true,"campfire_choices":[{"data":"RobotSpaceExplorer:ScrapToss","floor":8,"key":"SMITH"},{"data":"RobotSpaceExplorer:StarLightning","floor":11,"key":"SMITH"},{"data":"RobotSpaceExplorer:MiniLasers","floor":13,"key":"SMITH"},{"data":"RobotSpaceExplorer:TrailblazerForm","floor":15,"key":"SMITH"},{"data":"RobotSpaceExplorer:Comet","floor":23,"key":"SMITH"},{"data":"RobotSpaceExplorer:Counterblock","floor":32,"key":"SMITH"},{"data":"RobotSpaceExplorer:StarLightning","floor":40,"key":"SMITH"},{"floor":42,"key":"RECALL"},{"data":"RobotSpaceExplorer:StarDust","floor":44,"key":"SMITH"},{"data":"RobotSpaceExplorer:DroneSwarm","floor":47,"key":"SMITH"},{"data":"RobotSpaceExplorer:MiniDrones","floor":49,"key":"SMITH"},{"floor":52,"key":"REST"}],"circlet_count":0,"master_deck":["RobotSpaceExplorer:Defend","RobotSpaceExplorer:Defend","RobotSpaceExplorer:Scan","RobotSpaceExplorer:MiniLasers+1","RobotSpaceExplorer:StarLightning+1","Dash","Dagger Throw","Deflect","RobotSpaceExplorer:StunGrenade","RobotSpaceExplorer:ScrapToss+1","RobotSpaceExplorer:TrailblazerForm+1","RobotSpaceExplorer:Comet+1","RobotSpaceExplorer:Counterblock+1","RobotSpaceExplorer:StarDust+1","RobotSpaceExplorer:MiniDrones+1","RobotSpaceExplorer:FranticSearch+1","wanderingMiniBosses:FinaleOfPromise","RobotSpaceExplorer:StarLightning+1","Clumsy","RobotSpaceExplorer:SelfCleaning+1","RobotSpaceExplorer:Accelerator","RobotSpaceExplorer:Probe+1","strawberrySpire:Pant","Eviscerate","RobotSpaceExplorer:DroneSwarm+1","RobotSpaceExplorer:LaserBurst+1","RobotSpaceExplorer:StarLightning+1"],"relics":["RobotSpaceExplorer:RoboCore","RobotSpaceExplorer:RingOfTheNewt","Simple Rune","TungstenRod","Dead Branch","aspiration:Lifesprig","Ice Cream","strawberrySpire:SolarisEssence","Anchor","ReplayTheSpireMod:Ring of Collecting","Ring of Hypnosis","wanderingMiniBosses:Blackblade","MagicDraw3","Ring of Panic","Membership Card","Replay:Wax Seal","SacredBark","Hallownest:HeavyBlowRelic","ReplayTheSpireMod:Ring of Challenge","reliquary:TridentHead","Ornamental Fan","Thread and Needle","OrangePellets","Lantern","Oddly Smooth Stone"],"acts_visited":["Gensokyo:Gensokyo","TheCity","Hallownest:KingdomsEdge","TheEnding"],"potions_floor_usage":[24,29,35,36,50,55,55,55],"damage_taken":[{"damage":0,"enemies":"Gensokyo:Python","floor":1,"turns":3},{"damage":0,"enemies":"Gensokyo:Gryphon","floor":4,"turns":3},{"damage":0,"enemies":"Gensokyo:3_Fairies","floor":6,"turns":3},{"damage":5,"enemies":"Gensokyo:Cirno","floor":7,"turns":5},{"damage":7,"enemies":"Gensokyo:Aya","floor":12,"turns":6},{"damage":0,"enemies":"Gensokyo:Mamizou","floor":14,"turns":6},{"damage":0,"enemies":"Gensokyo:Reimu","floor":16,"turns":10},{"damage":3,"enemies":"Spheric Guardian","floor":18,"turns":3},{"damage":3,"enemies":"Shell Parasite","floor":24,"turns":7},{"damage":0,"enemies":"Centurion and Healer","floor":25,"turns":7},{"damage":0,"enemies":"3 Cultists","floor":29,"turns":3},{"damage":0,"enemies":"Cultist and Chosen","floor":30,"turns":3},{"damage":0,"enemies":"Snake Plant","floor":31,"turns":2},{"damage":0,"enemies":"Collector","floor":33,"turns":5},{"damage":0,"enemies":"Hallownest:Shield_Heavy","floor":35,"turns":2},{"damage":0,"enemies":"Hallownest:2_Littles","floor":36,"turns":3},{"damage":0,"enemies":"Hallownest:monsterPrimalAspid","floor":39,"turns":3},{"damage":2,"enemies":"Hallownest:2_Great","floor":41,"turns":2},{"damage":0,"enemies":"Hallownest:eliteCollector","floor":45,"turns":5},{"damage":0,"enemies":"Hallownest:Slobbering_and_Violent","floor":46,"turns":5},{"damage":0,"enemies":"Hallownest:StalkingDevout","floor":48,"turns":5},{"damage":61,"enemies":"Hallownest:BossHollowKnight","floor":50,"turns":8},{"damage":0,"enemies":"Shield and Spear","floor":54,"turns":3},{"damage":101,"enemies":"The Heart","floor":55,"turns":7}],"seed_played":"-2627770437038982308","potions_obtained":[{"floor":1,"key":"Block Potion"},{"floor":6,"key":"Toxic Potion"},{"floor":16,"key":"potionbrewer:ToxicPotion"},{"floor":24,"key":"Regen Potion"},{"floor":29,"key":"RobotSpaceExplorer:PlasmaFlask"},{"floor":41,"key":"Strength Potion"}],"is_trial":false,"path_per_floor":["M","?","$","M","$","M","E","R","T","COS","R","?","R","E","R","B",null,"M","?","?","$","$","R","M","M","T","T","$","M","M","M","R","B",null,"M","M","?","?","M","R","M","R","T","R","E","M","R","E","R","B",null,"R","$","E","B",null],"character_chosen":"RobotSpaceExplorer","items_purchased":["RobotSpaceExplorer:StunGrenade","RobotSpaceExplorer:StarDust","RobotSpaceExplorer:MiniDrones","Membership Card","Replay:Wax Seal","OrangePellets","Lantern","Block Potion"],"campfire_rested":1,"item_purchase_floors":[5,21,21,28,28,53,53,53],"current_hp_per_floor":[50,50,50,50,50,50,45,45,45,45,45,38,38,38,38,38,66,63,57,57,57,57,57,54,54,54,54,54,54,54,54,54,54,70,70,70,70,70,70,70,68,68,68,68,68,68,68,68,68,7,58,75,75,75,8],"gold":80,"neow_bonus":"ONE_RARE_RELIC","is_daily":false,"chose_seed":false,"campfire_upgraded":10,"win_rate":0.0,"timestamp":1611569453,"path_taken":["M","?","$","?","?","M","E","R","T","COS","R","?","R","E","R","BOSS","M","?","?","?","$","R","M","M","T","?","$","M","M","M","R","BOSS","M","?","?","?","M","R","M","R","T","R","E","?","R","E","R","BOSS","R","$","E","BOSS"],"items_purchased_type":["Card","Card","Card","Relic","Relic","Relic","Relic","Potion"],"build_version":"2020-12-22","purchased_purges":3,"victory":true,"max_hp_per_floor":[75,75,75,75,75,75,75,75,75,75,75,75,75,75,75,75,75,75,75,75,75,75,75,75,75,75,75,75,75,75,75,75,75,75,75,75,75,75,75,75,75,75,75,75,75,75,75,75,75,75,75,75,75,75,75],"card_choices":[{"not_picked":["RobotSpaceExplorer:PowerCollector","RobotSpaceExplorer:MiniDrones"],"picked":"RobotSpaceExplorer:StarLightning","floor":1},{"not_picked":["RobotSpaceExplorer:Ammunition","RobotSpaceExplorer:LaserBurst","RobotSpaceExplorer:Reload"],"picked":"SKIP","floor":4},{"not_picked":["RobotSpaceExplorer:Fix","RobotSpaceExplorer:GlueShot"],"picked":"RobotSpaceExplorer:ScrapToss","floor":6},{"not_picked":["RobotSpaceExplorer:Reload","RobotSpaceExplorer:StunGrenade"],"picked":"RobotSpaceExplorer:TrailblazerForm","floor":7},{"not_picked":["RobotSpaceExplorer:ImprovisedAttack","RobotSpaceExplorer:SurgingShield","RobotSpaceExplorer:SwiftStep"],"picked":"SKIP","floor":12},{"not_picked":["RobotSpaceExplorer:Scanner","RobotSpaceExplorer:HighVoltage"],"picked":"RobotSpaceExplorer:Exploration","floor":14},{"not_picked":["RobotSpaceExplorer:MetalStrike","RobotSpaceExplorer:SwiftStep","RobotSpaceExplorer:ShockKick"],"picked":"SKIP","floor":14},{"not_picked":["RobotSpaceExplorer:Accelerator","RobotSpaceExplorer:BlastShield"],"picked":"RobotSpaceExplorer:Comet","floor":16},{"not_picked":["RobotSpaceExplorer:Discharger+1","RobotSpaceExplorer:DoubleFind"],"picked":"RobotSpaceExplorer:Counterblock","floor":18},{"not_picked":["RobotSpaceExplorer:ShockKick","RobotSpaceExplorer:ShovelStrike"],"picked":"RobotSpaceExplorer:FranticSearch+1","floor":24},{"not_picked":[],"picked":"wanderingMiniBosses:FinaleOfPromise","floor":25},{"not_picked":["RobotSpaceExplorer:SlimeMissile","RobotSpaceExplorer:GlueSpray+1"],"picked":"RobotSpaceExplorer:StarLightning","floor":25},{"not_picked":["RobotSpaceExplorer:ShovelStrike","RobotSpaceExplorer:ImprovisedAttack"],"picked":"RobotSpaceExplorer:SelfCleaning+1","floor":29},{"not_picked":["RobotSpaceExplorer:StunGrenade","RobotSpaceExplorer:ScrapMissile"],"picked":"RobotSpaceExplorer:FrostMissile","floor":30},{"not_picked":["RobotSpaceExplorer:Smokescreen","RobotSpaceExplorer:FreezingShield+1","RobotSpaceExplorer:Electroshield+1"],"picked":"SKIP","floor":31},{"not_picked":["RobotSpaceExplorer:ChargingLaser","RobotSpaceExplorer:Wormhole"],"picked":"RobotSpaceExplorer:Accelerator","floor":33},{"not_picked":["RobotSpaceExplorer:Counterblock","RobotSpaceExplorer:DoubleFind+1","RobotSpaceExplorer:GlueSpray+1"],"picked":"SKIP","floor":35},{"not_picked":["RobotSpaceExplorer:ImprovisedAttack+1","RobotSpaceExplorer:MiniBoosters"],"picked":"RobotSpaceExplorer:Probe+1","floor":36},{"not_picked":["RobotSpaceExplorer:GlueShot+1","RobotSpaceExplorer:Probe","RobotSpaceExplorer:MakeshiftVolley"],"picked":"SKIP","floor":39},{"not_picked":["RobotSpaceExplorer:ExhaustFan+1","RobotSpaceExplorer:LaserBurst","RobotSpaceExplorer:Ammunition"],"picked":"SKIP","floor":41},{"not_picked":["RobotSpaceExplorer:MetalStrike","RobotSpaceExplorer:Calculate"],"picked":"RobotSpaceExplorer:DroneSwarm","floor":45},{"not_picked":["RobotSpaceExplorer:ShockKick","RobotSpaceExplorer:Electropulse+1"],"picked":"RobotSpaceExplorer:LaserBurst+1","floor":46},{"not_picked":["RobotSpaceExplorer:Ammunition","RobotSpaceExplorer:FrostMissile","RobotSpaceExplorer:GlueShot"],"picked":"SKIP","floor":48},{"not_picked":["RobotSpaceExplorer:DualCore","RobotSpaceExplorer:Counterblock"],"picked":"RobotSpaceExplorer:StarLightning+1","floor":54}],"player_experience":2236294,"relics_obtained":[{"floor":7,"key":"Simple Rune"},{"floor":9,"key":"TungstenRod"},{"floor":12,"key":"Dead Branch"},{"floor":14,"key":"aspiration:Lifesprig"},{"floor":16,"key":"Ice Cream"},{"floor":20,"key":"ReplayTheSpireMod:Ring of Collecting"},{"floor":20,"key":"Ring of Hypnosis"},{"floor":25,"key":"wanderingMiniBosses:Blackblade"},{"floor":27,"key":"MagicDraw3"},{"floor":27,"key":"Ring of Panic"},{"floor":43,"key":"ReplayTheSpireMod:Ring of Challenge"},{"floor":43,"key":"reliquary:TridentHead"},{"floor":45,"key":"Ornamental Fan"},{"floor":48,"key":"Thread and Needle"},{"floor":54,"key":"Oddly Smooth Stone"}],"event_choices":[{"damage_healed":0,"gold_gain":0,"player_choice":"Anchor","damage_taken":0,"relics_obtained":["Anchor"],"max_hp_gain":0,"max_hp_loss":0,"event_name":"blackbeard:ShipwreckEvent","floor":19,"gold_loss":0}],"is_beta":false,"boss_relics":[{"not_picked":["ReplayTheSpireMod:DimensionalGlitch","reliquary:RedCape"],"picked":"strawberrySpire:SolarisEssence"},{"not_picked":["aspiration:MarisaSkillbook","Kintsugi"],"picked":"SacredBark"}],"items_purged_floors":[3,28,53],"is_endless":false,"potions_floor_spawned":[1,6,16,24,29,30,31,36,41,46,54],"ascension_level":8}}