{"host":"slngz8sobihb8iwl","time":1611533111,"event":{"mods":["2.2 Compatiblity","Act Like it!","BaseMod","Chen","Colored Powertips","Downfall","Elementarium","Gensokyo","GifTheSpireLib","Hallownest","Hermit","Marisa????????","Menagerie","Minty Spire (QoL Compilation)","Permanent Neow","Random Character Button","Rare Cards Sparkle","Relic Filter","Robot Space Explorer","Spire Arcade","StSLib","SuperFastMode","Td1madao Mod","The Bug Knight","The Gatherer","The Hierophant","The Marked","The Runesmith","Unceasing Turn Reminder"],"gold_per_floor":[99,109,109,119,294,294,340,80,80,100,100,100,112,154,177,189,189,189],"floor_reached":16,"language":"ENG","playtime":1020,"items_purged":["Doubt"],"score":105,"play_id":"d1354596-33a8-4216-9b7d-233ec902a853","local_time":"20210124190511","is_ascension_mode":true,"campfire_choices":[{"data":"Guardian:GatlingBeam","floor":1.0,"key":"SMITH"},{"floor":9,"key":"REST"},{"floor":13,"key":"REST"}],"circlet_count":0,"master_deck":["Guardian:Strike_Guardian","Guardian:Strike_Guardian","Guardian:Strike_Guardian","Guardian:Strike_Guardian","Guardian:Defend_Guardian","Guardian:Defend_Guardian","Guardian:Defend_Guardian","Guardian:Defend_Guardian","Guardian:CurlUp","Guardian:TwinSlam","Guardian:GatlingBeam+1","Guardian:FuturePlans","Guardian:Reroute","Guardian:FastForward","Apotheosis","Guardian:Incinerate","Guardian:TimeCapacitor","Guardian:PiercingHide"],"relics":["Guardian:ModeShifter","Toy Ornithopter","MawBank","Runesmith:Nanobots"],"acts_visited":["Exordium"],"potions_floor_usage":[11],"damage_taken":[{"damage":1.0,"enemies":"Cultist","floor":2.0,"turns":4.0},{"damage":10.0,"enemies":"Jaw Worm","floor":4.0,"turns":4.0},{"damage":10.0,"enemies":"downfall:FleeingMerchant","floor":8.0,"turns":4.0},{"damage":6,"enemies":"2 Louse","floor":10,"turns":3},{"damage":10,"enemies":"Gremlin Gang","floor":11,"turns":3},{"damage":2,"enemies":"Lagavulin","floor":14,"turns":4},{"damage":4,"enemies":"Large Slime","floor":15,"turns":4},{"damage":51,"enemies":"IC_STATUS_ARCHETYPE","floor":16,"turns":13}],"seed_played":"-8916561293842879311","potions_obtained":[{"floor":3.0,"key":"SpeedPotion"},{"floor":3.0,"key":"Energy Potion"},{"floor":3.0,"key":"LiquidMemories"},{"floor":4.0,"key":"champ:CounterPotion"},{"floor":6.0,"key":"downfall:CursedFountainPotion"},{"floor":10,"key":"SmokeBomb"},{"floor":15,"key":"FearPotion"}],"is_trial":false,"path_per_floor":["R","M","?","M","?","?","T","$","R","M","M","?","R","E","M","B"],"character_chosen":"GUARDIAN","items_purchased":["Apotheosis"],"campfire_rested":2,"item_purchase_floors":[8],"current_hp_per_floor":[56,55,55,45,45,45,45,40,64,58,53,28,52,50,46,0,0,0],"gold":189,"neow_bonus":"THREE_RARE_CARDS","is_daily":false,"chose_seed":false,"campfire_upgraded":1,"win_rate":0.0,"timestamp":1611533111,"path_taken":["R","M","?","?","?","?","T","$","R","?","M","?","R","E","M","BOSS"],"items_purchased_type":["Card"],"build_version":"2020-12-22","purchased_purges":1,"victory":false,"max_hp_per_floor":[80,80,80,80,80,80,80,80,80,80,80,80,80,80,80,80,80,80],"card_choices":[{"not_picked":["Guardian:Gem_Orange","Guardian:FastForward"],"picked":"Guardian:GatlingBeam","floor":0.0},{"not_picked":["Guardian:Gem_Green","Guardian:Planning"],"picked":"Guardian:FuturePlans","floor":2.0},{"not_picked":["Guardian:Suspension","Guardian:CrystalBeam"],"picked":"Guardian:Reroute","floor":4.0},{"not_picked":["Guardian:Suspension","Guardian:ChargeCore"],"picked":"Guardian:FastForward","floor":8},{"not_picked":["Guardian:Emergency","Guardian:PolyBeam"],"picked":"Guardian:Incinerate","floor":10},{"not_picked":["Guardian:Gem_Red","Guardian:TemporalShield"],"picked":"Guardian:TimeCapacitor","floor":14},{"not_picked":["Guardian:Repulse","Guardian:TimeCapacitor"],"picked":"Guardian:PiercingHide","floor":15}],"player_experience":418935,"relics_obtained":[{"floor":7.0,"key":"Toy Ornithopter"},{"floor":14,"key":"Runesmith:Nanobots"}],"event_choices":[{"damage_healed":0.0,"max_hp_gain":0.0,"max_hp_loss":0.0,"gold_gain":0.0,"event_name":"Lab","player_choice":"Got Potions","floor":3.0,"gold_loss":0.0,"damage_taken":0.0},{"damage_healed":0,"gold_gain":0,"player_choice":"Success","damage_taken":25,"relics_obtained":["MawBank"],"max_hp_gain":0,"max_hp_loss":0,"event_name":"Scrap Ooze","floor":12,"gold_loss":0}],"is_beta":false,"boss_relics":[],"items_purged_floors":[8],"is_endless":false,"potions_floor_spawned":[4,10,11,15],"killed_by":"IC_STATUS_ARCHETYPE","ascension_level":1}}