{"host":"qeogwbudlaqzb6hy","time":1611544636,"event":{"mods":["BaseMod","Downfall","Minty Spire (QoL Compilation)","StSLib"],"gold_per_floor":[99,110,125,138,157,175,175,192,192,210,210,210,210],"floor_reached":11,"language":"ENG","playtime":532,"items_purged":[],"score":69,"play_id":"7853f1d2-40d8-4e84-958b-66fcc877a7ef","local_time":"20210125131716","is_ascension_mode":false,"campfire_choices":[{"data":"hexamod:Sear","floor":1,"key":"SMITH"}],"circlet_count":0,"master_deck":["hexamod:Strike","hexamod:Strike","hexamod:Defend","hexamod:Defend","hexamod:Defend","hexamod:Defend","hexamod:Sear+1","hexamod:Float","hexamod:Again","hexamod:SpectersWail","hexamod:SwordOfDarkness","hexamod:HauntingEcho","hexamod:EmpoweredFlame","hexamod:SkipABeat","hexamod:GhostOfSpirePresent","hexamod:Hexaguard"],"relics":["hexamod:SpiritBrand","The Courier"],"acts_visited":["Exordium"],"potions_floor_usage":[11],"damage_taken":[{"damage":0,"enemies":"Cultist","floor":2,"turns":3},{"damage":0,"enemies":"Jaw Worm","floor":3,"turns":3},{"damage":1,"enemies":"2 Louse","floor":4,"turns":3},{"damage":0,"enemies":"Exordium Thugs","floor":5,"turns":3},{"damage":19,"enemies":"Gremlin Gang","floor":6,"turns":4},{"damage":16,"enemies":"Lots of Slimes","floor":8,"turns":3},{"damage":31,"enemies":"Exordium Thugs","floor":10,"turns":4},{"damage":3,"enemies":"3 Sentries","floor":11,"turns":2}],"seed_played":"-5311233776829746448","potions_obtained":[{"floor":6,"key":"Explosive Potion"},{"floor":8,"key":"hexamod:DoubleChargePotion"},{"floor":10,"key":"Ancient Potion"}],"is_trial":false,"path_per_floor":["R","M","M","M","M","M","T","M","?","M","E"],"character_chosen":"THE_SPIRIT","items_purchased":[],"campfire_rested":0,"item_purchase_floors":[],"current_hp_per_floor":[70,70,70,69,69,50,50,34,34,3,0,0,0],"gold":210,"neow_bonus":"TRANSFORM_CARD","is_daily":false,"chose_seed":false,"campfire_upgraded":1,"win_rate":0.0,"timestamp":1611544636,"path_taken":["R","M","M","M","M","M","T","M","?","M","E"],"items_purchased_type":[],"build_version":"2020-12-22","purchased_purges":0,"victory":false,"max_hp_per_floor":[70,70,70,70,70,70,70,70,70,70,70,70,70],"card_choices":[{"not_picked":["hexamod:AdvancingGuard","hexamod:NightmareStrike"],"picked":"hexamod:SpectersWail","floor":2},{"not_picked":["hexamod:Hexaguard","hexamod:GhostflameBarrier"],"picked":"hexamod:SwordOfDarkness","floor":3},{"not_picked":["hexamod:GhostflameBarrier","hexamod:Hexaguard"],"picked":"hexamod:HauntingEcho","floor":4},{"not_picked":["hexamod:NightmareGuise","hexamod:HeatShield"],"picked":"hexamod:EmpoweredFlame","floor":5},{"not_picked":["hexamod:HeatMetal","hexamod:RainOfEmbers"],"picked":"hexamod:SkipABeat","floor":6},{"not_picked":["hexamod:SpectersWail","hexamod:AdvancingGuard"],"picked":"hexamod:GhostOfSpirePresent","floor":8},{"not_picked":["hexamod:NightmareGuise","hexamod:SoulSteal"],"picked":"hexamod:Hexaguard","floor":10}],"player_experience":316116,"relics_obtained":[{"floor":7,"key":"The Courier"}],"event_choices":[{"cards_removed":["hexamod:Strike"],"damage_healed":0,"gold_gain":0,"player_choice":"Card Removal","damage_taken":0,"max_hp_gain":0,"max_hp_loss":0,"event_name":"The Cleric","floor":9,"gold_loss":0}],"is_beta":false,"boss_relics":[],"items_purged_floors":[],"is_endless":false,"potions_floor_spawned":[6,8,10],"killed_by":"3 Sentries","ascension_level":0}}