{"host":"v3jf26dbm2nq3y14","time":1611571366,"event":{"mods":["100% Spire Juice","2.2 Compatiblity","Act Like it!","BaseMod","BetterRewards","Block Reminder","CapriCore","Card Filter","Chen","Colored Map","Colored Powertips","Custom Start","DeckTracker","Defuse TimeMaze Blight","Exacting","FoggyMod","Gensokyo","Highlight Path","Keyboard Shortcuts","Koishi","KomeijiMod","Marisa（霧雨　魔理沙）","Minty Spire (QoL Compilation)","Permanent Neow","Quick Restart","RNG Fix","Reimu（博??梦）","Relic Filter","Relic Sorter","Remove Card Discount Mod","SpireExporter+","StSLib","Synergy Search","The Administrix","The Immortal","Transform Curses","Unceasing Turn Reminder","WarShipGirlsR/??少女R mod","Yakumo Yukari mod","Yuyuko"],"gold_per_floor":[171,171,261,138,138,222,222,222,222,152,152,12,117,20,20,323,323,356,407,407,407,407,508,508,65,65,152,32,119,69,78,78,390,390,444,728,746,794,794,878,914,1198,1267,1267,1297,1396,1396,1426,1426,1426,1426],"floor_reached":50,"language":"ENG","playtime":10347,"items_purged":[],"score":783,"play_id":"807edef3-b627-46c4-8237-87ade4d3023d","local_time":"20210125104246","daily_mods":["SealedDeck","Vintage","Heirloom","Flight","Elite Swarm","Midas"],"is_ascension_mode":true,"campfire_choices":[{"floor":15.0,"key":"REST"},{"floor":49.0,"key":"REST"}],"circlet_count":1,"master_deck":["Boundary_of_Extermination_purpleEX","Mirror_WaveAndshot_purple+1","RuptureOfTimeAndSpace_purple","Boundary_ObjectiveBoundary_purple+1","Shallow_ocean_purpleEX+1","Fantasy_PerpetualMotionMachine_purple","Worldmountain_purple","CommonSense_AntiCommonSense_purple+1","CommonSense_AntiCommonSense_purple","MNeedle_purple+1","Mirror_TwoAndThreeElementRealm_purple","Computing_the_future_purpleEX","D_absorption_purple","Night Terror","Monsters_DoubleDeathButterfly_purple+1","Theboundaryofcreation_purpleEX+1","Know_ledgeAbilityRealm_purple","Gensokyo:SlitMouthedWoman","Mirror_TwoAndThreeElementRealm_purple","Madness","Madness","Regret","ContainerChange_purple+1"],"relics":["Boundary_crack","Memoryfragments_purpleEX","KyoryuNoHagoromo","OrangePellets","Bronze Scales","GoodDreamPillow","PreservedInsect","Mummified Hand","Mango","Mango","Parasol_purpleEX","Prayer Wheel","Fusion Hammer","Strawberry","Tea:ReiMu","Unceasing Top","Gensokyo:DirgeOfMelancholy","Frozen Egg 2","Bottled Lightning","CeramicFish","Bird Faced Urn","Thread and Needle","Gensokyo:MaskOfHope","Ginger","Black Star","Turnip","Toxic Egg 2","White Beast Statue","Lee\u0027s Waffle","Enchiridion","Membership Card","Medical Kit","Circlet","TungstenRod","FossilizedHelix"],"acts_visited":[],"potions_floor_usage":[],"damage_taken":[{"damage":11.0,"enemies":"Gensokyo:Python","floor":1.0,"turns":3.0},{"damage":8.0,"enemies":"Gensokyo:3_Fairies","floor":3.0,"turns":3.0},{"damage":35.0,"enemies":"Gensokyo:Aya","floor":6.0,"turns":4.0},{"damage":14.0,"enemies":"Gensokyo:Cirno","floor":13.0,"turns":4.0},{"damage":8.0,"enemies":"Gensokyo:Yukari","floor":16.0,"turns":5.0},{"damage":31.0,"enemies":"Gensokyo:AngelMirror","floor":18.0,"turns":2.0},{"damage":4.0,"enemies":"Gensokyo:CosmicMonolith","floor":19.0,"turns":2.0},{"damage":26.0,"enemies":"Gensokyo:Tenshi","floor":23.0,"turns":2.0},{"damage":10.0,"enemies":"Gensokyo:Reisen","floor":27.0,"turns":3.0},{"damage":17.0,"enemies":"Gensokyo:Tenshi","floor":29.0,"turns":4.0},{"damage":10.0,"enemies":"Gensokyo:Kaguya","floor":33.0,"turns":6.0},{"damage":0.0,"enemies":"Orb Walker","floor":35.0,"turns":3.0},{"damage":0.0,"enemies":"3 Shapes","floor":38.0,"turns":1.0},{"damage":14.0,"enemies":"Giant Head","floor":40.0,"turns":4.0},{"damage":23.0,"enemies":"Spire Growth","floor":41.0,"turns":4.0},{"damage":0.0,"enemies":"Transient","floor":45.0,"turns":5.0},{"damage":12.0,"enemies":"Reptomancer","floor":46.0,"turns":6.0},{"damage":49.0,"enemies":"4 Shapes","floor":48.0,"turns":3.0},{"damage":19,"enemies":"Time Eater","floor":50,"turns":6}],"seed_played":"-7804869749496763429","potions_obtained":[{"floor":3.0,"key":"MagicPotion:ReiMu"},{"floor":23.0,"key":"SpeedPotion"},{"floor":29.0,"key":"LiquidMemories"},{"floor":38.0,"key":"JyouchiReiPotion"},{"floor":40.0,"key":"Dexterity Potion"},{"floor":41.0,"key":"LiquidBronze"},{"floor":45.0,"key":"Strength Potion"},{"floor":46.0,"key":"AttackPotion"}],"is_trial":true,"path_per_floor":["M","?","M","?","?","E","T","?","T","M","M","?","M","$","R","B",null,"M","M","?","M","M","E","M","$","T","E","?","E","?","?","R","B",null,"M","?","?","M","T","E","M","?","T","?","M","E","M","M","R","B"],"character_chosen":"Youkari","items_purchased":["Fruit Juice","Frozen Egg 2","Bottled Lightning","CeramicFish"],"campfire_rested":2,"item_purchase_floors":[14,25,25,25],"current_hp_per_floor":[63,63,66,66,66,35,35,28,42,42,42,42,34,34,63,71,103,110,110,115,115,104,115,115,115,115,115,115,115,122,110,110,110,110,110,110,96,98,98,117,117,117,117,117,117,117,117,84,117,117,117],"gold":1426,"neow_bonus":"","is_daily":false,"chose_seed":false,"campfire_upgraded":0,"win_rate":0.0,"timestamp":1611571366,"path_taken":["M","?","?","?","?","E","?","?","T","?","?","?","?","?","R","BOSS","M","?","?","?","?","E","?","$","T","E","?","E","?","?","R","BOSS","M","?","?","?","?","E","?","?","T","?","?","E","?","?","R","BOSS"],"items_purchased_type":["Potion","Relic","Relic","Relic"],"build_version":"2020-12-22","purchased_purges":0,"victory":false,"max_hp_per_floor":[70,70,70,70,70,70,70,84,98,98,98,98,98,98,98,103,103,110,110,115,115,115,115,115,115,115,115,115,115,122,110,110,110,110,110,110,110,110,110,117,117,117,117,117,117,117,117,117,117,117,117],"card_choices":[{"not_picked":[],"picked":"BarrageBoundary_PipeDream_purple","floor":5.0},{"not_picked":["Human_Monster_Realm_purple","WangLiang_LineAndCurveDreams_purple"],"picked":"Mirror_TwoAndThreeElementRealm_purple","floor":6.0},{"not_picked":["Know_ledgeAbilityRealm_purple","Price_of_realm_purpleEX"],"picked":"Computing_the_future_purpleEX","floor":13.0},{"not_picked":["Human_Monster_Realm_purple","Mirror_TwoAndThreeElementRealm_purple"],"picked":"D_absorption_purple","floor":16.0},{"not_picked":["WangLiang_LineAndCurveDreams_purple","Price_of_realm_purpleEX"],"picked":"Monsters_DoubleDeathButterfly_purple","floor":23.0},{"not_picked":["BarrageBoundary_PipeDream_purple","Human_Monster_Realm_purple"],"picked":"Theboundaryofcreation_purpleEX","floor":27.0},{"not_picked":["D_absorption_purple","KnowledgeAbilityRealm_purple"],"picked":"Know_ledgeAbilityRealm_purple","floor":29.0},{"not_picked":["Gensokyo:LittleGreenMen","Gensokyo:MenInBlack"],"picked":"Gensokyo:SlitMouthedWoman","floor":31.0},{"not_picked":["Computing_the_future_purpleEX+1","Theboundaryofcreation_purpleEX"],"picked":"Mirror_TwoAndThreeElementRealm_purple","floor":33.0},{"not_picked":["MagicEyes_LaplaceDemon_purple+1","BarrageBoundary_PipeDream_purple"],"picked":"UniverseChoice_purple+1","floor":40.0},{"not_picked":["Theboundaryofcreation_purpleEX+1","Human_Monster_Realm_purple+1"],"picked":"ContainerChange_purple+1","floor":46.0}],"player_experience":399192,"relics_obtained":[{"floor":1.0,"key":"OrangePellets"},{"floor":3.0,"key":"Bronze Scales"},{"floor":6.0,"key":"PreservedInsect"},{"floor":7.0,"key":"Mummified Hand"},{"floor":9.0,"key":"Mango"},{"floor":13.0,"key":"Prayer Wheel"},{"floor":18.0,"key":"Strawberry"},{"floor":19.0,"key":"Tea:ReiMu"},{"floor":23.0,"key":"Unceasing Top"},{"floor":26.0,"key":"Bird Faced Urn"},{"floor":27.0,"key":"Thread and Needle"},{"floor":29.0,"key":"Ginger"},{"floor":35.0,"key":"Turnip"},{"floor":38.0,"key":"Toxic Egg 2"},{"floor":39.0,"key":"White Beast Statue"},{"floor":40.0,"key":"Lee\u0027s Waffle"},{"floor":40.0,"key":"Enchiridion"},{"floor":41.0,"key":"Membership Card"},{"floor":43.0,"key":"Medical Kit"},{"floor":45.0,"key":"Circlet"},{"floor":46.0,"key":"TungstenRod"},{"floor":48.0,"key":"FossilizedHelix"}],"event_choices":[{"damage_healed":0.0,"max_hp_gain":0.0,"max_hp_loss":0.0,"gold_gain":275.0,"event_name":"Golden Shrine","player_choice":"Desecrate","floor":36.0,"gold_loss":0.0,"damage_taken":0.0,"cards_obtained":["Regret"]},{"damage_healed":0.0,"max_hp_gain":0.0,"max_hp_loss":0.0,"gold_gain":0.0,"event_name":"Winding Halls","player_choice":"Embrace Madness","floor":37.0,"gold_loss":0.0,"damage_taken":14.0,"cards_obtained":["Madness","Madness"]},{"damage_healed":0.0,"max_hp_gain":0.0,"max_hp_loss":0.0,"gold_gain":275.0,"event_name":"Golden Shrine","player_choice":"Desecrate","floor":42.0,"gold_loss":0.0,"damage_taken":0.0,"cards_obtained":["Regret"]},{"cards_removed":["Regret"],"damage_healed":0.0,"max_hp_gain":0.0,"max_hp_loss":0.0,"gold_gain":0.0,"event_name":"Purifier","player_choice":"Purged","floor":44.0,"gold_loss":0.0,"damage_taken":0.0},{"cards_removed":["DarkRealmRedLine_purple"],"damage_healed":0.0,"max_hp_gain":0.0,"max_hp_loss":0.0,"gold_gain":0.0,"event_name":"Falling","player_choice":"Removed Attack","floor":47.0,"gold_loss":0.0,"damage_taken":0.0}],"is_beta":false,"boss_relics":[{"not_picked":["RedLine:ReiMu","SacredBark"],"picked":"Fusion Hammer"},{"not_picked":["SlaversCollar","Circlet"],"picked":"Black Star"}],"items_purged_floors":[],"is_endless":false,"potions_floor_spawned":[3,23,29,38,40,41,45,46,48],"killed_by":"Time Eater","ascension_level":1}}