{"host":"p11r1vg7ld7z2n97","time":1611541313,"event":{"mods":["BaseMod","Better Note","Colored Map","Downfall","Minty Spire (QoL Compilation)","Rare Cards Sparkle","StSLib","Waifu the Spire"],"gold_per_floor":[99,119,137,153,163,63,86,118,103,123,152,176,76,87,106,207,207,207,226,226,245,265,265,265,307,75,75,102,2,2,0,17,118,118,118,136,154,171,188,188,188,24,24,38,51,51,51,79,91,91,91,119,119,119,119,119,119,119],"floor_reached":56,"language":"ENG","playtime":4573,"items_purged":["hexamod:Strike+1"],"score":738,"play_id":"49517576-66f2-4b3b-bd6e-4c8e89ff9658","local_time":"20210124192153","is_ascension_mode":false,"campfire_choices":[{"floor":1.0,"key":"RECALL"},{"data":"hexamod:SoulSteal","floor":6.0,"key":"SMITH"},{"data":"hexamod:CatchUp","floor":13.0,"key":"SMITH"},{"data":"hexamod:SwordOfDarkness","floor":18.0,"key":"SMITH"},{"data":"hexamod:ShieldOfDarkness","floor":23.0,"key":"SMITH"},{"data":"bronze:BronzeOrb","floor":27.0,"key":"SMITH"},{"data":"hexamod:HauntingEcho","floor":29.0,"key":"SMITH"},{"data":"hexamod:ForkedFlame","floor":35.0,"key":"SMITH"},{"data":"hexamod:SkipABeat","floor":40.0,"key":"SMITH"},{"data":"hexamod:HexaLevel","floor":47.0,"key":"SMITH"},{"floor":54,"key":"REST"}],"circlet_count":0,"master_deck":["hexamod:Strike","hexamod:Strike+1","hexamod:Strike","hexamod:Defend","hexamod:Defend","hexamod:Defend","hexamod:Defend","hexamod:Sear+1","hexamod:Float+1","hexamod:PowerFromBeyond","hexamod:HauntingEcho+1","hexamod:SoulSteal+1","hexamod:AdvancingGuard","hexamod:FlamesFromBeyond","hexamod:SwordOfDarkness+1","hexamod:EmpoweredFlame","hexamod:CatchUp+1","hexamod:SpectersWail","hexamod:ShieldOfDarkness+1","bronze:BronzeOrb+1","hexamod:FastForward+1","hexamod:InspiringFlames","hexamod:FirstSeal","hexamod:RadiantFlame+1","hexamod:SkipABeat+1","hexamod:ForkedFlame+1","hexamod:HexaLevel+1","hexamod:CatchUp+1"],"relics":["hexamod:SpiritBrand","downfall:HeartBlessingRed","Anchor","MealTicket","HornCleat","Odd Mushroom","downfall:HeartBlessingGreen","Philosopher\u0027s Stone","Du-Vu Doll","Lantern","hexamod:TheBrokenSeal","downfall:HeartBlessingBlue","Runic Pyramid","StoneCalendar","hexamod:BolsterEngine","Bottled Lightning","hexamod:InflammatoryLetter"],"acts_visited":["Exordium","TheCity","TheBeyond","TheEnding"],"potions_floor_usage":[52,55,56],"damage_taken":[{"damage":0.0,"enemies":"Cultist","floor":2.0,"turns":3.0},{"damage":1.0,"enemies":"2 Louse","floor":3.0,"turns":3.0},{"damage":1.0,"enemies":"Jaw Worm","floor":4.0,"turns":3.0},{"damage":7.0,"enemies":"Exordium Thugs","floor":5.0,"turns":5.0},{"damage":12.0,"enemies":"3 Sentries","floor":8.0,"turns":6.0},{"damage":5.0,"enemies":"downfall:FleeingMerchant","floor":9.0,"turns":4.0},{"damage":2.0,"enemies":"3 Louse","floor":10.0,"turns":3.0},{"damage":14.0,"enemies":"Lagavulin","floor":11.0,"turns":6.0},{"damage":0.0,"enemies":"The Mushroom Lair","floor":12.0,"turns":3.0},{"damage":16.0,"enemies":"Gremlin Gang","floor":14.0,"turns":4.0},{"damage":0.0,"enemies":"Red Slaver","floor":15.0,"turns":3.0},{"damage":6.0,"enemies":"WA_ARCHETYPE_RETAIN","floor":16.0,"turns":7.0},{"damage":6.0,"enemies":"Shell Parasite","floor":19.0,"turns":6.0},{"damage":25.0,"enemies":"Spheric Guardian","floor":21.0,"turns":6.0},{"damage":0.0,"enemies":"Cultist and Chosen","floor":22.0,"turns":6.0},{"damage":8.0,"enemies":"Slavers","floor":25.0,"turns":3.0},{"damage":0.0,"enemies":"downfall:FleeingMerchant","floor":26.0,"turns":4.0},{"damage":4.0,"enemies":"Centurion and Healer","floor":28.0,"turns":6.0},{"damage":0.0,"enemies":"downfall:FleeingMerchant","floor":31.0,"turns":4.0},{"damage":5.0,"enemies":"Snake Plant","floor":32.0,"turns":3.0},{"damage":22.0,"enemies":"IC_MUSHROOM_ARCHETYPE","floor":33.0,"turns":6.0},{"damage":0.0,"enemies":"Orb Walker","floor":36.0,"turns":3.0},{"damage":20.0,"enemies":"3 Darklings","floor":37.0,"turns":4.0},{"damage":3.0,"enemies":"Sphere and 2 Shapes","floor":38.0,"turns":5.0},{"damage":13.0,"enemies":"Jaw Worm Horde","floor":39.0,"turns":3.0},{"damage":3.0,"enemies":"downfall:FleeingMerchant","floor":42.0,"turns":4.0},{"damage":0.0,"enemies":"Writhing Mass","floor":44.0,"turns":5.0},{"damage":0.0,"enemies":"Spire Growth","floor":45.0,"turns":4.0},{"damage":64.0,"enemies":"Reptomancer","floor":48.0,"turns":6.0},{"damage":0,"enemies":"Transient","floor":49,"turns":5},{"damage":24,"enemies":"DF_ARCHETYPE_ORBS","floor":50,"turns":8},{"damage":56,"enemies":"downfall:CharBossMerchant","floor":52,"turns":8},{"damage":57,"enemies":"downfall:NeowBoss","floor":55,"turns":15},{"damage":35,"enemies":"downfall:NeowBossFinal","floor":56,"turns":5}],"seed_played":"6799589684235868129","potions_obtained":[{"floor":4.0,"key":"hexamod:EctoCoolerPotion"},{"floor":5.0,"key":"bronze:BurnAndBuffPotion"},{"floor":8.0,"key":"GamblersBrew"},{"floor":12.0,"key":"hexamod:SoulburnPotion"},{"floor":16.0,"key":"Ancient Potion"},{"floor":26.0,"key":"PowerPotion"},{"floor":28.0,"key":"SteroidPotion"},{"floor":52,"key":"DuplicationPotion"}],"is_trial":false,"path_per_floor":["R","M","M","M","M","R","T","E","$","M","E","?","R","M","M","B",null,"R","M","?","M","M","R","T","E","$","R","M","R","?","$","M","B",null,"R","M","M","M","M","R","T","$","?","M","M","?","R","E","M","B",null,"E","$","R","B","B"],"character_chosen":"THE_SPIRIT","items_purchased":["Lantern","hexamod:BolsterEngine"],"campfire_rested":1,"item_purchase_floors":[26,42],"current_hp_per_floor":[70,70,69,68,68,68,68,63,70,68,61,68,68,59,66,67,70,70,70,70,52,59,59,59,51,66,66,80,90,90,90,85,70,90,90,90,77,81,68,68,68,87,87,87,87,87,87,30,37,13,90,41,56,83,33,0,0,0],"gold":119,"neow_bonus":"UPGRADE_CARD","is_daily":false,"chose_seed":false,"campfire_upgraded":9,"win_rate":0.0,"timestamp":1611541313,"path_taken":["R","M","M","M","M","R","T","E","?","M","E","?","R","M","M","BOSS","R","M","?","M","M","R","T","E","$","R","M","R","?","$","M","BOSS","R","M","M","M","?","R","T","$","?","?","M","?","R","E","M","BOSS","E","$","R","BOSS","BOSS"],"items_purchased_type":["Relic","Relic"],"build_version":"2020-12-22","purchased_purges":1,"victory":false,"max_hp_per_floor":[70,70,70,70,70,70,70,70,70,70,70,70,70,70,70,70,70,70,70,70,70,70,70,70,70,70,70,80,90,90,90,90,90,90,90,90,90,90,90,90,90,90,90,90,90,90,90,90,90,90,90,90,90,90,90,90,90,90],"card_choices":[{"not_picked":["hexamod:NightmareStrike","hexamod:SpectralSpark"],"picked":"hexamod:PowerFromBeyond","floor":2.0},{"not_picked":["hexamod:Haunt","hexamod:BurningTouch"],"picked":"hexamod:HauntingEcho","floor":3.0},{"not_picked":["hexamod:NightmareStrike","hexamod:UnleashSpirits"],"picked":"hexamod:FirstSeal","floor":4.0},{"not_picked":["hexamod:BurningTouch","hexamod:NightmareGuise"],"picked":"hexamod:SoulSteal","floor":5.0},{"not_picked":["hexamod:GhostShield","hexamod:NightmareGuise"],"picked":"hexamod:AdvancingGuard","floor":8.0},{"not_picked":["hexamod:BurningTouch","hexamod:DynamicBlow"],"picked":"hexamod:FlamesFromBeyond","floor":9.0},{"not_picked":["hexamod:HeatCrush","hexamod:NecessarySacrifice"],"picked":"hexamod:SwordOfDarkness","floor":10.0},{"not_picked":["hexamod:FirstSeal","hexamod:NightmareStrike"],"picked":"hexamod:EmpoweredFlame","floor":11.0},{"not_picked":["hexamod:ThermalTransfer","hexamod:SpectersWail"],"picked":"hexamod:CatchUp","floor":12.0},{"not_picked":["hexamod:GhostShield","hexamod:GhostOfSpirePast"],"picked":"hexamod:SpectersWail","floor":14.0},{"not_picked":["hexamod:Firestarter","hexamod:NecessarySacrifice"],"picked":"hexamod:ShieldOfDarkness","floor":15.0},{"not_picked":["hexamod:ApocalypseNow","hexamod:TurnItUp"],"picked":"hexamod:FifthSeal","floor":16.0},{"not_picked":["hexamod:FirstSeal","hexamod:FourthSeal"],"picked":"hexamod:ThirdSeal","floor":19.0},{"not_picked":["hexamod:ThermalTransfer","hexamod:PowerFromBeyond+1"],"picked":"hexamod:SixthSeal","floor":19.0},{"not_picked":["hexamod:ExtraCrispy","hexamod:ShieldOfDarkness+1"],"picked":"hexamod:FastForward","floor":21.0},{"not_picked":["hexamod:ThirdSeal","hexamod:FirstSeal"],"picked":"hexamod:FourthSeal","floor":21.0},{"not_picked":["hexamod:Haunt","hexamod:SpectersWail"],"picked":"hexamod:InspiringFlames","floor":21.0},{"not_picked":["hexamod:SixthSeal","hexamod:FourthSeal"],"picked":"hexamod:SecondSeal","floor":22.0},{"not_picked":["hexamod:EmpoweredFlame+1","hexamod:ShieldOfDarkness+1","hexamod:DynamicBlow"],"picked":"SKIP","floor":22.0},{"not_picked":["hexamod:HauntingEcho","hexamod:ExtraCrispy","hexamod:ThermalTransfer+1"],"picked":"SKIP","floor":25.0},{"not_picked":["hexamod:SixthSeal","hexamod:FirstSeal","hexamod:ThirdSeal"],"picked":"SKIP","floor":26.0},{"not_picked":["hexamod:GiftsFromTheDead","hexamod:HeatMetal","hexamod:ShieldOfDarkness"],"picked":"SKIP","floor":26.0},{"not_picked":["hexamod:FourthSeal","hexamod:SecondSeal"],"picked":"hexamod:FirstSeal","floor":28.0},{"not_picked":["hexamod:FastForward","hexamod:PhantomFireball"],"picked":"hexamod:RadiantFlame+1","floor":28.0},{"not_picked":["hexamod:SpectersWail","hexamod:SoulSteal+1"],"picked":"hexamod:SkipABeat","floor":31.0},{"not_picked":["hexamod:HauntingEcho","hexamod:RadiantFlame","hexamod:BurningTouch"],"picked":"SKIP","floor":32.0},{"not_picked":["hexamod:ParanormalForm","hexamod:SearingWound"],"picked":"hexamod:ForkedFlame","floor":33.0},{"not_picked":["hexamod:AdvancingGuard","hexamod:Hexaguard+1","hexamod:GhostflameBarrier"],"picked":"SKIP","floor":36.0},{"not_picked":["hexamod:NightmareStrike+1","hexamod:HeatMetal+1","hexamod:BurningTouch+1"],"picked":"SKIP","floor":37.0},{"not_picked":["hexamod:Firestarter","hexamod:HauntingEcho+1","hexamod:PowerFromBeyond+1"],"picked":"SKIP","floor":38.0},{"not_picked":["hexamod:ShieldOfDarkness+1","hexamod:Incineration","hexamod:GhostflameBarrier"],"picked":"SKIP","floor":39.0},{"not_picked":["hexamod:RecurringNightmare+1","hexamod:Haunt+1","hexamod:SwordOfDarkness+1"],"picked":"SKIP","floor":42.0},{"not_picked":["hexamod:ThirdSeal","hexamod:Incineration","hexamod:GhostShield+1"],"picked":"SKIP","floor":44.0},{"not_picked":["hexamod:FastForward","hexamod:SwordOfDarkness"],"picked":"hexamod:HexaLevel","floor":45.0},{"not_picked":["hexamod:SkipABeat","hexamod:SpectralSpark"],"picked":"hexamod:CatchUp+1","floor":48.0},{"not_picked":["hexamod:HauntingEcho","hexamod:HeatShield","hexamod:ThirdSeal"],"picked":"SKIP","floor":49},{"not_picked":["hexamod:GhostLash+1","hexamod:HeatMetal","hexamod:ChargedBarrage+1"],"picked":"SKIP","floor":52}],"player_experience":677707,"relics_obtained":[{"floor":7.0,"key":"Anchor"},{"floor":8.0,"key":"MealTicket"},{"floor":11.0,"key":"HornCleat"},{"floor":12.0,"key":"Odd Mushroom"},{"floor":25.0,"key":"Du-Vu Doll"},{"floor":41.0,"key":"StoneCalendar"},{"floor":48.0,"key":"Bottled Lightning"},{"floor":52,"key":"hexamod:InflammatoryLetter"}],"event_choices":[{"damage_healed":0.0,"max_hp_gain":0.0,"max_hp_loss":0.0,"gold_gain":0.0,"event_name":"Mushrooms","player_choice":"Fought Mushrooms","floor":12.0,"gold_loss":0.0,"damage_taken":0.0},{"cards_removed":["hexamod:SoulSteal"],"damage_healed":0.0,"max_hp_gain":0.0,"max_hp_loss":0.0,"gold_gain":0.0,"event_name":"betterNote:BetterNote","player_choice":"Take \u0026 Give","floor":20.0,"gold_loss":0.0,"damage_taken":0.0,"cards_obtained":["bronze:BronzeOrb"]}],"is_beta":false,"boss_relics":[{"not_picked":["Runic Dome","Pandora\u0027s Box"],"picked":"Philosopher\u0027s Stone"},{"not_picked":["Fusion Hammer","Velvet Choker"],"picked":"Runic Pyramid"}],"items_purged_floors":[26],"is_endless":false,"potions_floor_spawned":[4,5,8,12,14,16,22,28,32,38,48,49,52],"killed_by":"downfall:NeowBossFinal","ascension_level":0}}