{"host":"uonldg9uriwfhjjx","time":1611538878,"event":{"mods":["AchievementEnabler","BaseMod","Colored Map","Colored Powertips","Curses Come First","Highlight Path","Minty Spire (QoL Compilation)","Rare Cards Sparkle","Relic Stats","StSLib","The Cursed","The Marked"],"gold_per_floor":[115,265,265,282,1,32,46,46,120,120,148,148,159,188,188,266,266,283,283,303,82,92,92,105,105,105],"floor_reached":25,"language":"ENG","playtime":761,"items_purged":["Doubt"],"score":455,"play_id":"bd2574bb-6e7d-4f5d-a9dc-da067ec16ce5","local_time":"20210124204118","is_ascension_mode":true,"campfire_choices":[{"data":"Pummel","floor":8,"key":"SMITH"},{"data":"Hemokinesis","floor":10,"key":"SMITH"},{"data":"Armaments","floor":15,"key":"SMITH"},{"data":"Heavy Blade","floor":23,"key":"SMITH"}],"circlet_count":0,"master_deck":["AscendersBane","Strike_R","Strike_R","Strike_R","Strike_R","Defend_R","Defend_R","Defend_R","Defend_R","Bash","Cleave","Flex","Pummel+1","Seeing Red","Hemokinesis+1","Armaments+1","Heavy Blade+1","Pommel Strike","Offering","Clothesline","Sword Boomerang"],"relics":["Burning Blood","NeowsBlessing","Strawberry","StrikeDummy","Vajra","Juzu Bracelet","Snecko Eye","Red Skull"],"acts_visited":["Exordium","TheCity"],"potions_floor_usage":[16,16,25],"damage_taken":[{"damage":0,"enemies":"2 Louse","floor":1,"turns":1},{"damage":0,"enemies":"Small Slimes","floor":4,"turns":1},{"damage":2,"enemies":"3 Sentries","floor":6,"turns":1},{"damage":1,"enemies":"Cultist","floor":7,"turns":3},{"damage":24,"enemies":"Lagavulin","floor":11,"turns":6},{"damage":12,"enemies":"Looter","floor":13,"turns":3},{"damage":19,"enemies":"Gremlin Nob","floor":14,"turns":4},{"damage":30,"enemies":"Hexaghost","floor":16,"turns":9},{"damage":9,"enemies":"Spheric Guardian","floor":18,"turns":3},{"damage":32,"enemies":"Shell Parasite","floor":20,"turns":3},{"damage":6,"enemies":"Snecko","floor":22,"turns":3},{"damage":29,"enemies":"Centurion and Healer","floor":24,"turns":4},{"damage":20,"enemies":"Book of Stabbing","floor":25,"turns":2}],"seed_played":"-5829867513102369337","potions_obtained":[{"floor":1,"key":"SpeedPotion"},{"floor":4,"key":"SkillPotion"},{"floor":7,"key":"PowerPotion"},{"floor":14,"key":"AttackPotion"},{"floor":22,"key":"SpeedPotion"}],"is_trial":false,"path_per_floor":["M","?","$","M","$","E","M","R","T","R","E","?","M","E","R","B",null,"M","?","M","$","M","R","M","E"],"character_chosen":"IRONCLAD","items_purchased":["Pummel","Seeing Red","Hemokinesis","Red Skull","Clothesline"],"campfire_rested":0,"item_purchase_floors":[5,5,5,21,21],"current_hp_per_floor":[74,74,74,75,75,82,82,82,82,82,64,64,58,45,45,21,67,64,64,38,38,38,38,15,0,0],"gold":105,"neow_bonus":"THREE_ENEMY_KILL","is_daily":false,"chose_seed":false,"campfire_upgraded":4,"win_rate":0.0,"timestamp":1611538878,"path_taken":["M","?","$","M","$","E","M","R","T","R","E","?","M","E","R","BOSS","M","?","M","$","M","R","M","E"],"items_purchased_type":["Card","Card","Card","Relic","Card"],"build_version":"2020-12-22","purchased_purges":1,"victory":false,"max_hp_per_floor":[75,75,75,75,75,82,82,82,82,82,82,82,82,82,82,82,82,82,82,82,82,82,82,82,82,82],"relic_stats":{"counters":[13,43],"Snecko Eye":[22,29,33,30],"Juzu Bracelet":0,"obtain_stats":[{"NeowsBlessing":0,"Strawberry":6,"Vajra":11,"Snecko Eye":17,"Juzu Bracelet":14,"StrikeDummy":9,"Burning Blood":0,"Red Skull":21},{"NeowsBlessing":0,"Strawberry":3,"Vajra":5,"Snecko Eye":8,"Juzu Bracelet":7,"StrikeDummy":4,"Burning Blood":0,"Red Skull":10},{"NeowsBlessing":0,"Strawberry":3,"Vajra":12,"Snecko Eye":28,"Juzu Bracelet":19,"StrikeDummy":6,"Burning Blood":0,"Red Skull":34}],"Burning Blood":58},"card_choices":[{"not_picked":["Rage","Warcry"],"picked":"Cleave","floor":1},{"not_picked":["Pommel Strike","Wild Strike"],"picked":"Flex","floor":4},{"not_picked":["Wild Strike","Brutality","Anger"],"picked":"SKIP","floor":6},{"not_picked":["Warcry","Rage","Iron Wave"],"picked":"SKIP","floor":7},{"not_picked":["Thunderclap","Havoc"],"picked":"Armaments","floor":11},{"not_picked":["Exhume","Havoc"],"picked":"Heavy Blade","floor":13},{"not_picked":["Corruption","Perfected Strike"],"picked":"Pommel Strike","floor":14},{"not_picked":["Feed","Corruption"],"picked":"Offering","floor":16},{"not_picked":["Shrug It Off","Headbutt+1","Anger"],"picked":"SKIP","floor":18},{"not_picked":["Warcry","Headbutt","Clash"],"picked":"SKIP","floor":20},{"not_picked":["Whirlwind+1","Searing Blow+1"],"picked":"Sword Boomerang","floor":22},{"not_picked":["True Grit","Ghostly Armor","Second Wind"],"picked":"SKIP","floor":24}],"player_experience":814581,"relics_obtained":[{"floor":6,"key":"Strawberry"},{"floor":9,"key":"StrikeDummy"},{"floor":11,"key":"Vajra"},{"floor":14,"key":"Juzu Bracelet"}],"event_choices":[{"damage_healed":0,"gold_gain":150,"player_choice":"AGREE","damage_taken":0,"max_hp_gain":0,"max_hp_loss":0,"event_name":"Liars Game","floor":2,"gold_loss":0,"cards_obtained":["Doubt"]},{"damage_healed":0,"gold_gain":0,"player_choice":"Searched \u00271\u0027 times","damage_taken":0,"max_hp_gain":0,"max_hp_loss":0,"event_name":"Dead Adventurer","floor":12,"gold_loss":0},{"cards_removed":["Strike_R"],"damage_healed":0,"gold_gain":0,"player_choice":"Purged","damage_taken":0,"max_hp_gain":0,"max_hp_loss":0,"event_name":"Purifier","floor":19,"gold_loss":0}],"is_beta":false,"boss_relics":[{"not_picked":["Sozu","Fusion Hammer"],"picked":"Snecko Eye"}],"items_purged_floors":[5],"is_endless":false,"potions_floor_spawned":[1,4,7,11,14,22],"killed_by":"Book of Stabbing","ascension_level":17}}