{"host":"gobyjzz6xbwq9f9i","time":1611555671,"event":{"mods":["AchievementEnabler","BaseMod","Bestiary","Colored Map","Minty Spire (QoL Compilation)"],"gold_per_floor":[210,53,72,88,7,7,18,43,43,59,86,102,102,102,102,206,206,226,226,237,237,162,194,194,219,219,249,267,267,35,45,45,45,45],"floor_reached":33,"language":"ENG","playtime":1287,"items_purged":["Strike_G"],"score":573,"play_id":"09546303-3a57-4bb0-bcc9-4468061331de","local_time":"20210124222111","is_ascension_mode":true,"campfire_choices":[{"data":"Poisoned Stab","floor":6,"key":"SMITH"},{"data":"Noxious Fumes","floor":13,"key":"SMITH"},{"data":"Footwork","floor":15,"key":"SMITH"},{"data":"Malaise","floor":24,"key":"SMITH"},{"data":"Footwork","floor":29,"key":"SMITH"},{"data":"Footwork","floor":32,"key":"SMITH"}],"circlet_count":0,"master_deck":["AscendersBane","Strike_G","Strike_G","Strike_G","Defend_G","Defend_G","Defend_G","Defend_G","Defend_G","Survivor","Neutralize","Poisoned Stab+1","Adrenaline","Footwork+1","Noxious Fumes+1","Backstab","PiercingWail","Bane","Footwork+1","Prepared","Corpse Explosion","Footwork+1","Bouncing Flask+1","Malaise+1","Backflip","Caltrops","Footwork","Deflect"],"relics":["Ring of the Snake","Sling","Anchor","Bottled Tornado","Bird Faced Urn","Sozu","Bag of Preparation","Paper Crane","Letter Opener","Molten Egg 2","Bronze Scales"],"acts_visited":["Exordium","TheCity"],"potions_floor_usage":[8,11,23],"damage_taken":[{"damage":5.0,"enemies":"Cultist","floor":1.0,"turns":6.0},{"damage":0.0,"enemies":"Jaw Worm","floor":3.0,"turns":4.0},{"damage":0,"enemies":"2 Louse","floor":4,"turns":2},{"damage":10,"enemies":"Exordium Wildlife","floor":7,"turns":6},{"damage":11,"enemies":"Lagavulin","floor":8,"turns":6},{"damage":7,"enemies":"Exordium Thugs","floor":10,"turns":4},{"damage":0,"enemies":"Gremlin Nob","floor":11,"turns":2},{"damage":0,"enemies":"2 Fungi Beasts","floor":12,"turns":3},{"damage":35,"enemies":"The Guardian","floor":16,"turns":11},{"damage":2,"enemies":"Spheric Guardian","floor":18,"turns":5},{"damage":0,"enemies":"Chosen","floor":20,"turns":5},{"damage":16,"enemies":"Slavers","floor":23,"turns":4},{"damage":4,"enemies":"Book of Stabbing","floor":25,"turns":6},{"damage":9,"enemies":"Gremlin Leader","floor":27,"turns":6},{"damage":0,"enemies":"Centurion and Healer","floor":28,"turns":5},{"damage":6,"enemies":"3 Cultists","floor":31,"turns":3},{"damage":77,"enemies":"Collector","floor":33,"turns":7}],"seed_played":"1320380955252444998","potions_obtained":[{"floor":7,"key":"CultistPotion"},{"floor":8,"key":"Fire Potion"},{"floor":11,"key":"CultistPotion"},{"floor":12,"key":"DuplicationPotion"},{"floor":16,"key":"ColorlessPotion"}],"is_trial":false,"path_per_floor":["M","$","M","M","$","R","M","E","T","M","E","M","R","?","R","B",null,"M","?","M","?","$","E","R","E","T","E","M","R","$","M","R","B"],"character_chosen":"THE_SILENT","items_purchased":["Sling","Noxious Fumes","Footwork","Bronze Scales"],"campfire_rested":0,"item_purchase_floors":[2,5,30,30],"current_hp_per_floor":[58,58,58,58,58,58,48,37,37,30,30,36,36,36,36,7,54,58,58,66,66,66,56,56,60,60,59,67,67,67,68,68,0,0],"gold":45,"neow_bonus":"HUNDRED_GOLD","is_daily":false,"chose_seed":false,"campfire_upgraded":6,"win_rate":0.0,"timestamp":1611555671,"path_taken":["M","?","M","M","$","R","M","E","T","M","E","M","R","?","R","BOSS","M","?","M","?","?","E","R","E","T","E","M","R","$","M","R","BOSS"],"items_purchased_type":["Relic","Card","Card","Relic"],"build_version":"2020-12-22","purchased_purges":1,"victory":false,"max_hp_per_floor":[70,70,70,70,70,70,70,70,70,70,70,70,70,70,70,70,70,70,70,70,70,70,70,70,70,70,70,70,70,70,70,70,70,70],"card_choices":[{"not_picked":["Deadly Poison","Outmaneuver"],"picked":"Poisoned Stab","floor":1.0},{"not_picked":["Slice","Prepared"],"picked":"Adrenaline","floor":3.0},{"not_picked":["Tactician","Deflect"],"picked":"Footwork","floor":4},{"not_picked":["Outmaneuver","Well Laid Plans"],"picked":"Backstab","floor":7},{"not_picked":["Setup","Night Terror"],"picked":"PiercingWail","floor":8},{"not_picked":["Deflect","Underhanded Strike"],"picked":"Bane","floor":10},{"not_picked":["Deadly Poison","Catalyst"],"picked":"Footwork","floor":11},{"not_picked":["Dagger Throw","Deflect"],"picked":"Prepared","floor":12},{"not_picked":["Adrenaline","Burst"],"picked":"Corpse Explosion","floor":16},{"not_picked":["Prepared","Cloak And Dagger","Outmaneuver"],"picked":"SKIP","floor":18},{"not_picked":["Dagger Throw","Deadly Poison"],"picked":"Bouncing Flask+1","floor":20},{"not_picked":["All Out Attack","Slice"],"picked":"Malaise","floor":23},{"not_picked":["Finisher+1","Distraction","Bane"],"picked":"SKIP","floor":25},{"not_picked":["Accuracy","Infinite Blades"],"picked":"Backflip","floor":27},{"not_picked":["Dagger Throw+1","Riddle With Holes+1"],"picked":"Caltrops","floor":28},{"not_picked":["Bane+1","Finisher+1"],"picked":"Deflect","floor":31}],"player_experience":1163656,"relics_obtained":[{"floor":8,"key":"Anchor"},{"floor":9,"key":"Bottled Tornado"},{"floor":11,"key":"Bird Faced Urn"},{"floor":23,"key":"Bag of Preparation"},{"floor":25,"key":"Paper Crane"},{"floor":26,"key":"Letter Opener"},{"floor":27,"key":"Molten Egg 2"}],"event_choices":[{"cards_removed":["Strike_G"],"damage_healed":0,"gold_gain":0,"player_choice":"Offered Basic","damage_taken":0,"max_hp_gain":0,"max_hp_loss":0,"event_name":"Bonfire Elementals","floor":14,"gold_loss":0},{"damage_healed":0,"gold_gain":0,"player_choice":"Read","damage_taken":0,"max_hp_gain":0,"max_hp_loss":0,"event_name":"The Library","floor":19,"gold_loss":0,"cards_obtained":["Footwork"]},{"damage_healed":0,"gold_gain":0,"player_choice":"Ignored","damage_taken":0,"max_hp_gain":0,"max_hp_loss":0,"event_name":"Vampires","floor":21,"gold_loss":0}],"is_beta":false,"boss_relics":[{"not_picked":["Velvet Choker","Tiny House"],"picked":"Sozu"}],"items_purged_floors":[22],"is_endless":false,"potions_floor_spawned":[7,8,11,12,16,20,25,31],"killed_by":"Collector","ascension_level":10}}