{"host":"6gquu1jnagf6yy38","time":1611583390,"event":{"mods":["Act Like it!","Arknights The Spire","BaseMod","BetterRewards","Gensokyo","HololiveMod","Koishi","Marisa£®ÏF”Í°°ƒß¿Ì…≥£©","Minty Spire (QoL Compilation)","Quick Restart","Replay The Spire","Shop Mod","StSLib","The Administrix"],"gold_per_floor":[119,130,305,305,305,336,351,351,351,381,394,394,404,437,437,535,535,549,549,568,590,112,139,139,165,217,252,262,291,218,237,237,334,334,334,334],"floor_reached":35,"language":"ZHS","playtime":7776,"items_purged":[],"score":505,"play_id":"528b5bbe-d08e-46e6-bce9-2c54f10fedbf","local_time":"20210125220310","is_ascension_mode":false,"campfire_choices":[{"data":"ats:Closed Bolt Burst Fire","floor":8.0,"key":"SMITH"},{"floor":15.0,"key":"RECALL"},{"data":"ats:Flexible Camouflage","floor":32.0,"key":"SMITH"}],"circlet_count":0,"master_deck":["ats:Strike C+1","ats:Strike G","ats:Strike S+1","ats:Strike V","ats:Armor Crushing Shot","ats:Defend","ats:Defend","ats:Defend","ats:Defend","ats:Emotion Absorption","ats:Powerful Strike+1","ats:Poison Spread","ats:Automatic Cover","ats:Closed Bolt Burst Fire+1","ats:Revitalization","ats:Explosion Area Strengthen","ats:Healing Drone","ats:Apocalypse","ats:Volcano","ats:Soul Absorption+1","ats:Hammer On+1","ats:Flexible Camouflage+1","ats:Thermite Blade","ats:Sashimi Platter","ats:Flame Of Heaven","ats:Flexible Camouflage+1","ats:Red Shift","ats:Leaping Hammer","ats:Hammer On+1","ats:Sunburst","ats:Very Hot Blade","ats:Nebulous Foxfire"],"relics":["ats:Sanity","ats:Originium","InkBottle","Hololive_LightStick","Ring of Peace","Whetstone","ats:Tactical Delivery","Mercury Hourglass","Pet Ghost","Anchor","ats:Military Tradition","Bag of Marbles","CaptainsWheel","Replay:Rubber Ducky","ats:Omniscience"],"acts_visited":["Exordium","TheCity","TheBeyond"],"potions_floor_usage":[],"damage_taken":[{"damage":2.0,"enemies":"Cultist","floor":1.0,"turns":6.0},{"damage":0.0,"enemies":"Small Slimes","floor":2.0,"turns":3.0},{"damage":22.0,"enemies":"3 Sentries","floor":6.0,"turns":8.0},{"damage":0.0,"enemies":"2 Louse","floor":7.0,"turns":3.0},{"damage":15.0,"enemies":"Replay:BlueRogue","floor":10.0,"turns":4.0},{"damage":0.0,"enemies":"Lots of Slimes","floor":11.0,"turns":3.0},{"damage":0.0,"enemies":"2 Fungi Beasts","floor":13.0,"turns":2.0},{"damage":11.0,"enemies":"3 Sentries","floor":14.0,"turns":10.0},{"damage":43.0,"enemies":"Hexaghost","floor":16.0,"turns":12.0},{"damage":0.0,"enemies":"3 Byrds","floor":18.0,"turns":4.0},{"damage":7.0,"enemies":"Spheric Guardian","floor":20.0,"turns":5.0},{"damage":28.0,"enemies":"Snecko","floor":21.0,"turns":7.0},{"damage":24.0,"enemies":"Book of Stabbing","floor":23.0,"turns":5.0},{"damage":5.0,"enemies":"Replay:Snechameleon","floor":25.0,"turns":5.0},{"damage":0.0,"enemies":"Book of Stabbing","floor":27.0,"turns":5.0},{"damage":0.0,"enemies":"Cultist and Chosen","floor":28.0,"turns":4.0},{"damage":0.0,"enemies":"Slavers","floor":29.0,"turns":5.0},{"damage":0.0,"enemies":"Chosen and Byrds","floor":31.0,"turns":4.0},{"damage":93.0,"enemies":"Automaton","floor":33.0,"turns":10.0},{"damage":0,"enemies":"3 Shapes","floor":35,"turns":1}],"seed_played":"3431544075793234697","potions_obtained":[{"floor":2.0,"key":"Fruit Juice"},{"floor":7.0,"key":"FearPotion"},{"floor":11.0,"key":"Dexterity Potion"},{"floor":14.0,"key":"Flashbang"},{"floor":21.0,"key":"Swift Potion"},{"floor":23.0,"key":"Fire Potion"},{"floor":25.0,"key":"Adrenaline Potion"},{"floor":27.0,"key":"Swift Potion"},{"floor":33.0,"key":"Adrenaline Potion"}],"is_trial":false,"path_per_floor":["M","M","?","?","?","E","M","R","T","E","M","?","M","E","R","B",null,"M","?","M","M","$","E","?","E","T","E","M","E","$","M","R","B",null,"M"],"character_chosen":"DOCTOR_CLASS","items_purchased":["Mercury Hourglass","Pet Ghost","ats:Thermite Blade","ats:Sunburst"],"campfire_rested":0,"item_purchase_floors":[22,22,22,30],"current_hp_per_floor":[77,77,77,77,77,55,55,55,55,45,45,45,45,58,58,32,84,84,84,80,72,72,53,53,62,62,82,84,84,84,84,84,2,84,84,84],"gold":334,"neow_bonus":"TEN_PERCENT_HP_BONUS","is_daily":false,"chose_seed":false,"campfire_upgraded":2,"win_rate":0.0,"timestamp":1611583390,"path_taken":["M","M","?","?","?","E","M","R","T","E","?","?","M","E","R","BOSS","M","?","?","M","?","E","?","E","T","E","M","E","$","M","R","BOSS","M"],"items_purchased_type":["Relic","Relic","Card","Card"],"build_version":"2020-12-22","purchased_purges":0,"victory":false,"max_hp_per_floor":[79,79,79,79,79,79,79,79,79,84,84,84,84,84,84,84,84,84,84,84,84,84,84,84,84,84,84,84,84,84,84,84,84,84,84,84],"card_choices":[{"not_picked":["ats:Revitalization","ats:Hammer On"],"picked":"ats:Powerful Strike","floor":1.0},{"not_picked":["ats:Red Shift","ats:Directed Diagnosis"],"picked":"ats:Poison Spread","floor":2.0},{"not_picked":["ats:Ignite","ats:Roar Of Ursus"],"picked":"ats:Automatic Cover","floor":6.0},{"not_picked":["ats:Hammer On","ats:Soul Absorption"],"picked":"ats:Closed Bolt Burst Fire","floor":7.0},{"not_picked":["ats:Support Order","ats:Beaten Up"],"picked":"ats:Revitalization","floor":10.0},{"not_picked":["ats:Healing Strengthening","ats:Apocalypse"],"picked":"ats:Explosion Area Strengthen","floor":11.0},{"not_picked":["ats:LN2 Cannon","ats:Demon Strength"],"picked":"ats:Healing Drone","floor":13.0},{"not_picked":["ats:Consecutive Shot Auto","ats:Encircling Forest"],"picked":"ats:Apocalypse","floor":14.0},{"not_picked":["ats:Durian","ats:Dogmatic Field"],"picked":"ats:Volcano","floor":16.0},{"not_picked":["ats:Apocalypse","ats:Shell Defense"],"picked":"ats:Soul Absorption","floor":18.0},{"not_picked":["ats:Revitalization","ats:Flexible Camouflage"],"picked":"ats:Hammer On+1","floor":20.0},{"not_picked":["ats:Curse Doll","ats:Leaping Hammer+1"],"picked":"ats:Flexible Camouflage+1","floor":21.0},{"not_picked":["ats:Guard Mode","ats:Chain Hook"],"picked":"ats:Sashimi Platter","floor":23.0},{"not_picked":["ats:Leaping Hammer","ats:Explosion Area Strengthen"],"picked":"ats:Flexible Camouflage","floor":25.0},{"not_picked":["ats:Thorns","ats:Leaping Hammer"],"picked":"ats:Red Shift","floor":27.0},{"not_picked":["ats:True Silver Slash","ats:Thorns"],"picked":"ats:Leaping Hammer","floor":28.0},{"not_picked":["ats:Powerful Strike","ats:Shell Defense"],"picked":"ats:Hammer On+1","floor":29.0},{"not_picked":["ats:Shell Defense","ats:Hammer On+1"],"picked":"ats:Very Hot Blade","floor":31.0},{"not_picked":["ats:Fractured Body","ats:Volcano"],"picked":"ats:Nebulous Foxfire","floor":33.0}],"player_experience":51655,"relics_obtained":[{"floor":6.0,"key":"ats:Originium"},{"floor":6.0,"key":"InkBottle"},{"floor":10.0,"key":"ats:Originium"},{"floor":10.0,"key":"Hololive_LightStick"},{"floor":12.0,"key":"Ring of Peace"},{"floor":14.0,"key":"ats:Originium"},{"floor":14.0,"key":"Whetstone"},{"floor":23.0,"key":"Anchor"},{"floor":25.0,"key":"ats:Military Tradition"},{"floor":26.0,"key":"Bag of Marbles"},{"floor":27.0,"key":"CaptainsWheel"},{"floor":29.0,"key":"Replay:Rubber Ducky"}],"event_choices":[{"damage_healed":0.0,"max_hp_gain":0.0,"max_hp_loss":0.0,"gold_gain":175.0,"event_name":"Liars Game","player_choice":"AGREE","floor":3.0,"gold_loss":0.0,"damage_taken":0.0,"cards_obtained":["Doubt"]},{"damage_healed":0.0,"max_hp_gain":0.0,"max_hp_loss":0.0,"gold_gain":0.0,"event_name":"Living Wall","player_choice":"Grow","floor":4.0,"gold_loss":0.0,"damage_taken":0.0,"cards_upgraded":["ats:Powerful Strike"]},{"cards_removed":["Doubt"],"damage_healed":0.0,"max_hp_gain":0.0,"max_hp_loss":0.0,"gold_gain":0.0,"event_name":"Fountain of Cleansing","player_choice":"Removed Curses","floor":5.0,"gold_loss":0.0,"damage_taken":0.0},{"damage_healed":0.0,"max_hp_gain":0.0,"max_hp_loss":0.0,"gold_gain":0.0,"event_name":"Accursed Blacksmith","player_choice":"Forge","floor":19.0,"gold_loss":0.0,"damage_taken":0.0,"cards_upgraded":["ats:Soul Absorption"]},{"damage_healed":0.0,"max_hp_gain":0.0,"max_hp_loss":0.0,"gold_gain":0.0,"event_name":"The Library","player_choice":"Read","floor":24.0,"gold_loss":0.0,"damage_taken":0.0,"cards_obtained":["ats:Flame Of Heaven"]}],"is_beta":false,"boss_relics":[{"not_picked":["ats:Sanity Plus","Cursed Key"],"picked":"ats:Tactical Delivery"},{"not_picked":["Hololive_Finger","Busted Crown"],"picked":"ats:Omniscience"}],"items_purged_floors":[],"is_endless":false,"potions_floor_spawned":[2,7,11,14,21,23,25,27,33],"killed_by":"3 Shapes","ascension_level":0}}