{"host":"igi9xpgoc000gxf5","time":1611608850,"event":{"mods":["BaseMod","Colored Powertips","Downfall","Googly Eyes","Minty Spire (QoL Compilation)","StSLib"],"gold_per_floor":[99,99,211,243,47,65,65,65,65,65,84,102,121,20,39,134,134,134,147,157,157,173,173,199,199,3,3,3,15,15,24,46,154,163,163,188,214,24,24,24,105,124,144,294,294,313,331,40,49,49,49,49],"floor_reached":50,"language":"ENG","playtime":4130,"items_purged":[],"score":505,"play_id":"037ac9e8-6324-41ae-985b-af804289551a","local_time":"20210125220730","is_ascension_mode":false,"campfire_choices":[{"data":"bronze:HardenedForm","floor":1,"key":"SMITH"},{"floor":8,"key":"REST"},{"data":"bronze:Format","floor":10,"key":"SMITH"},{"data":"bronze:Verify","floor":18,"key":"SMITH"},{"data":"bronze:SpaghettiCode","floor":23,"key":"SMITH"},{"floor":25,"key":"REST"},{"data":"bronze:Repulsor","floor":27,"key":"SMITH"},{"floor":30,"key":"REST"},{"data":"bronze:HardenedForm","floor":35,"key":"SMITH"},{"floor":49,"key":"REST"}],"circlet_count":0,"master_deck":["bronze:Strike","bronze:Strike","bronze:Strike","bronze:Strike","bronze:Defend","bronze:Defend","bronze:Defend","bronze:Defend","bronze:Replicate","bronze:Goto","bronze:HardenedForm+1","bronze:WildBeam","bronze:Boost","bronze:MaxOutput","bronze:BronzeOrb","bronze:Format+1","bronze:Repair","bronze:Backtrace","bronze:DelayedSlice","bronze:Verify+1","bronze:WhirlingStrike","bronze:InfiniteBeams","bronze:Turbo","bronze:SpaghettiCode+1","bronze:WhirlingStrike+1","bronze:Constructor","bronze:ChosenStrike","bronze:HyperBeam","bronze:MaxOutput+1","bronze:Repulsor+1","bronze:WildBeam","bronze:BuggyMess+1","bronze:Separator","bronze:HardenedForm+1","CurseOfTheBell","bronze:Shield+1","bronze:Turbo+1","bronze:Optimize+1","bronze:GetLatest+1","bronze:Shell+1","bronze:Fortify","bronze:OilSpill+1","expansioncontent:AwakenDeath","expansioncontent:AwakenDeath","bronze:SpaghettiCode","bronze:SpaghettiCode+1","bronze:WhirlingStrike","Bandage Up","bronze:Overheat+1"],"relics":["bronze:PlatinumCore","Lantern","Happy Flower","Dream Catcher","Lee\u0027s Waffle","CeramicFish","Calling Bell","Nunchaku","Mummified Hand","WingedGreaves","Ancient Tea Set","Sling","InkBottle","Membership Card","Regal Pillow","bronze:ProtectiveGoggles","DollysMirror"],"acts_visited":["Exordium","TheCity","TheBeyond"],"potions_floor_usage":[16,20,33,33,50,50,50],"damage_taken":[{"damage":14,"enemies":"2 Louse","floor":4,"turns":4},{"damage":8,"enemies":"downfall:FleeingMerchant","floor":5,"turns":4},{"damage":0,"enemies":"Cultist","floor":6,"turns":2},{"damage":2,"enemies":"Small Slimes","floor":11,"turns":3},{"damage":6,"enemies":"Red Slaver","floor":12,"turns":3},{"damage":6,"enemies":"Large Slime","floor":13,"turns":5},{"damage":4,"enemies":"downfall:FleeingMerchant","floor":14,"turns":4},{"damage":0,"enemies":"3 Louse","floor":15,"turns":3},{"damage":55,"enemies":"WA_ARCHETYPE_RETAIN","floor":16,"turns":9},{"damage":10,"enemies":"Shell Parasite","floor":19,"turns":4},{"damage":26,"enemies":"Snake Plant","floor":20,"turns":5},{"damage":0,"enemies":"Centurion and Healer","floor":22,"turns":5},{"damage":15,"enemies":"downfall:FleeingMerchant","floor":26,"turns":4},{"damage":0,"enemies":"Shelled Parasite and Fungi","floor":29,"turns":4},{"damage":0,"enemies":"3 Cultists","floor":32,"turns":3},{"damage":57,"enemies":"IC_MUSHROOM_ARCHETYPE","floor":33,"turns":6},{"damage":0,"enemies":"3 Darklings","floor":36,"turns":3},{"damage":4,"enemies":"downfall:FleeingMerchant","floor":38,"turns":4},{"damage":0,"enemies":"Orb Walker","floor":42,"turns":2},{"damage":4,"enemies":"Sphere and 2 Shapes","floor":43,"turns":3},{"damage":0,"enemies":"downfall:FleeingMerchant","floor":44,"turns":1},{"damage":7,"enemies":"4 Shapes","floor":46,"turns":3},{"damage":109,"enemies":"DF_ARCHETYPE_ORBS","floor":50,"turns":8}],"seed_played":"-8545772599727932751","potions_obtained":[{"floor":12,"key":"Weak Potion"},{"floor":13,"key":"ColorlessPotion"},{"floor":15,"key":"Strength Potion"},{"floor":19,"key":"Slimebound:ThreeZeroPotion"},{"floor":20,"key":"Explosive Potion"},{"floor":22,"key":"bronze:FreeFunctionsPotion"},{"floor":36,"key":"Dexterity Potion"}],"is_trial":false,"path_per_floor":["R","?","?","M","$","M","T","R","?","R","M","M","M","$","M","B",null,"R","M","M","?","M","R","T","R","$","R","?","M","R","?","M","B",null,"R","M","T","?","?","?","T","M","M","$","?","M","?","$","R","B"],"character_chosen":"THE_AUTOMATON","items_purchased":["Lantern","bronze:MaxOutput","bronze:WhirlingStrike","bronze:InfiniteBeams","Lee\u0027s Waffle","bronze:Repulsor","Sling","bronze:Optimize","Membership Card","Regal Pillow","bronze:ProtectiveGoggles","bronze:SpaghettiCode","DollysMirror","bronze:WhirlingStrike","Bandage Up","DistilledChaos"],"campfire_rested":4,"item_purchase_floors":[5,5,14,14,26,26,38,38,44,44,48,48,48,48,48,48],"current_hp_per_floor":[70,70,70,56,48,48,48,69,69,69,67,61,62,65,70,22,70,70,67,41,41,48,48,48,69,77,77,63,70,82,82,82,25,82,82,82,82,78,78,78,78,82,78,78,78,78,73,73,82,0,0,0],"gold":49,"neow_bonus":"ONE_RANDOM_RARE_CARD","is_daily":false,"chose_seed":false,"campfire_upgraded":6,"win_rate":0.0,"timestamp":1611608850,"path_taken":["R","?","?","M","$","M","T","R","?","R","M","M","?","?","M","BOSS","R","M","M","?","M","R","T","R","$","R","?","M","R","?","M","BOSS","R","M","?","?","?","?","T","?","M","$","?","M","?","$","R","BOSS"],"items_purchased_type":["Relic","Card","Card","Card","Relic","Card","Relic","Card","Relic","Relic","Relic","Card","Relic","Card","Card","Potion"],"build_version":"2020-12-22","purchased_purges":0,"victory":false,"max_hp_per_floor":[70,70,70,70,70,70,70,70,70,70,70,70,70,70,70,70,70,70,70,70,70,70,70,70,70,77,77,82,82,82,82,82,82,82,82,82,82,82,82,82,82,82,82,82,82,82,82,82,82,82,82,82],"card_choices":[{"not_picked":["bronze:Shell","bronze:BugBarrage"],"picked":"bronze:WildBeam","floor":4},{"not_picked":["bronze:BitShift","bronze:Frontload"],"picked":"bronze:Boost","floor":5},{"not_picked":["bronze:Return","bronze:Shell"],"picked":"bronze:BronzeOrb","floor":6},{"not_picked":["bronze:BuggyMess","bronze:CutThrough"],"picked":"bronze:Repair","floor":11},{"not_picked":["bronze:ItsAFeature","bronze:Boost"],"picked":"bronze:Backtrace","floor":12},{"not_picked":["bronze:BugBarrage","bronze:BuggyMess"],"picked":"bronze:DelayedSlice","floor":13},{"not_picked":["bronze:Backtrace","bronze:Branch"],"picked":"bronze:Verify","floor":14},{"not_picked":["bronze:Repulsor","bronze:BitShift"],"picked":"bronze:Turbo","floor":15},{"not_picked":["bronze:ThunderWave","bronze:ShipIt"],"picked":"bronze:SpaghettiCode","floor":16},{"not_picked":["bronze:Separator","bronze:Iterate"],"picked":"bronze:WhirlingStrike+1","floor":19},{"not_picked":["bronze:BitShift","bronze:ChildClass"],"picked":"bronze:Constructor","floor":20},{"not_picked":["bronze:BitShift","bronze:Fortify"],"picked":"bronze:ChosenStrike","floor":22},{"not_picked":["bronze:GetLatest","bronze:Invalidate"],"picked":"bronze:HyperBeam","floor":25},{"not_picked":["bronze:Shield","bronze:Iterate"],"picked":"bronze:MaxOutput+1","floor":26},{"not_picked":["bronze:WhirlingStrike+1","bronze:MaxOutput"],"picked":"bronze:WildBeam","floor":29},{"not_picked":["bronze:BronzeArmor+1","bronze:Overheat"],"picked":"bronze:BuggyMess+1","floor":30},{"not_picked":["bronze:OilSpill","bronze:BronzeArmor"],"picked":"bronze:Separator","floor":32},{"not_picked":["bronze:CleanCode","bronze:Virus"],"picked":"bronze:HardenedForm","floor":33},{"not_picked":["bronze:DelayedGuard","bronze:BuggyMess"],"picked":"bronze:Shield+1","floor":36},{"not_picked":["bronze:ChosenStrike","bronze:BuggyMess+1"],"picked":"bronze:Turbo+1","floor":38},{"not_picked":["bronze:WildBeam+1","bronze:NullPointer+1"],"picked":"bronze:GetLatest+1","floor":42},{"not_picked":["bronze:CutThrough","bronze:BuggyMess"],"picked":"bronze:Shell+1","floor":43},{"not_picked":["bronze:NullPointer+1","bronze:BronzeArmor+1"],"picked":"bronze:Fortify","floor":44},{"not_picked":["bronze:FindAndReplace","bronze:ClassDefault+1"],"picked":"bronze:OilSpill+1","floor":46},{"not_picked":["expansioncontent:Chronoboost","expansioncontent:PrepareCrush"],"picked":"expansioncontent:AwakenDeath","floor":47},{"not_picked":["expansioncontent:LastStand","expansioncontent:PolyBeam"],"picked":"expansioncontent:AwakenDeath","floor":47},{"not_picked":["bronze:Invalidate","bronze:GetLatest"],"picked":"bronze:Overheat+1","floor":49}],"player_experience":956375,"relics_obtained":[{"floor":7,"key":"Happy Flower"},{"floor":24,"key":"Dream Catcher"},{"floor":34,"key":"Nunchaku"},{"floor":34,"key":"Mummified Hand"},{"floor":34,"key":"WingedGreaves"},{"floor":37,"key":"Ancient Tea Set"},{"floor":41,"key":"InkBottle"}],"event_choices":[{"damage_healed":0,"gold_gain":0,"player_choice":"Box","damage_taken":0,"relics_obtained":["MawBank"],"max_hp_gain":0,"max_hp_loss":0,"event_name":"Big Fish","floor":2,"gold_loss":0,"cards_obtained":["Regret"]},{"cards_removed":["bronze:Constructor"],"damage_healed":0,"gold_gain":0,"player_choice":"Removed Skill","damage_taken":0,"max_hp_gain":0,"max_hp_loss":0,"event_name":"Falling","floor":45,"gold_loss":0}],"is_beta":false,"boss_relics":[{"not_picked":["SlaversCollar","Black Star"],"picked":"bronze:PlatinumCore"},{"not_picked":["Sozu","Philosopher\u0027s Stone"],"picked":"Calling Bell"}],"items_purged_floors":[],"is_endless":false,"potions_floor_spawned":[12,13,15,19,20,22,29,36,42],"killed_by":"DF_ARCHETYPE_ORBS","ascension_level":0}}