{"host":"ooa7gbxz3ilj1hm6","time":1611562331,"event":{"mods":["BaseMod","Colored Map","Downfall","Highlight Path","Minty Spire (QoL Compilation)","StSLib"],"gold_per_floor":[99,115,125,143,143,52,52,77,77,89,74,91,91,103,123,123,123,123],"floor_reached":16,"language":"ENG","playtime":732,"items_purged":[],"score":104,"play_id":"4a9b4a2c-f746-464f-aadf-6a5ad7beaee3","local_time":"20210125011211","is_ascension_mode":false,"campfire_choices":[{"data":"Slimebound:MassRepurpose","floor":1,"key":"SMITH"},{"data":"Slimebound:LevelUp","floor":9,"key":"SMITH"},{"floor":13,"key":"REST"}],"circlet_count":0,"master_deck":["Slimebound:Strike_Slimebound","Slimebound:Strike_Slimebound","Slimebound:Strike_Slimebound","Slimebound:Tackle","Slimebound:Defend_Slimebound","Slimebound:Defend_Slimebound","Slimebound:Defend_Slimebound","Slimebound:Defend_Slimebound","Slimebound:Split+1","Slimebound:CorrosiveSpit","Slimebound:MassRepurpose+1","Slimebound:SplitMire+1","Regret","Slimebound:LevelUp+1","Slimebound:LevelUp","Slimebound:SplitAcid","Slimebound:LivingWall","Slimebound:LivingWall"],"relics":["Slimebound:AbsorbEndCombat","Boot","Pen Nib"],"acts_visited":["Exordium"],"potions_floor_usage":[],"damage_taken":[{"damage":2,"enemies":"Cultist","floor":2,"turns":4},{"damage":1,"enemies":"Jaw Worm","floor":3,"turns":5},{"damage":3,"enemies":"2 Louse","floor":4,"turns":3},{"damage":7,"enemies":"downfall:FleeingMerchant","floor":6,"turns":4},{"damage":14,"enemies":"Lagavulin","floor":8,"turns":5},{"damage":28,"enemies":"Lots of Slimes","floor":10,"turns":5},{"damage":17,"enemies":"downfall:FleeingMerchant","floor":11,"turns":4},{"damage":9,"enemies":"3 Louse","floor":12,"turns":2},{"damage":24,"enemies":"Large Slime","floor":14,"turns":5},{"damage":9,"enemies":"2 Fungi Beasts","floor":15,"turns":3},{"damage":10,"enemies":"WA_ARCHETYPE_RETAIN","floor":16,"turns":2}],"seed_played":"-5760743852883415027","potions_obtained":[{"floor":2,"key":"Energy Potion"},{"floor":4,"key":"Slimebound:SlimyTonguePotion"},{"floor":8,"key":"BlessingOfTheForge"}],"is_trial":false,"path_per_floor":["R","M","M","M","?","$","T","E","R","M","$","M","R","M","M","B"],"character_chosen":"SLIMEBOUND","items_purchased":["Slimebound:LevelUp"],"campfire_rested":1,"item_purchase_floors":[6],"current_hp_per_floor":[65,64,65,64,64,63,63,53,53,31,22,13,32,8,3,0,0,0],"gold":123,"neow_bonus":"ONE_RANDOM_RARE_CARD","is_daily":false,"chose_seed":false,"campfire_upgraded":2,"win_rate":0.0,"timestamp":1611562331,"path_taken":["R","M","M","M","?","$","T","E","R","M","$","M","R","?","M","BOSS"],"items_purchased_type":["Card"],"build_version":"2020-12-22","purchased_purges":0,"victory":false,"max_hp_per_floor":[65,65,65,65,65,65,65,65,65,65,65,65,65,65,65,65,65,65],"card_choices":[{"not_picked":["Slimebound:LeechingTouch","Slimebound:Prepare","Slimebound:LeechEnergy"],"picked":"SKIP","floor":2},{"not_picked":["Slimebound:SamplingLick","Slimebound:Prepare","Slimebound:DivideAndConquer"],"picked":"SKIP","floor":3},{"not_picked":["Slimebound:ViciousTackle","Slimebound:ComboTackle"],"picked":"Slimebound:SplitMire","floor":4},{"not_picked":["Slimebound:FlameTackle","Slimebound:OozeBath","Slimebound:Dissolve"],"picked":"SKIP","floor":6},{"not_picked":["Slimebound:DouseInSlime","Slimebound:Prepare","Slimebound:GrowthPunch"],"picked":"SKIP","floor":8},{"not_picked":["Slimebound:TongueLash","Slimebound:SpikyOuterGoop"],"picked":"Slimebound:LevelUp","floor":10},{"not_picked":["Slimebound:LeechEnergy","Slimebound:Schlurp"],"picked":"Slimebound:SplitAcid","floor":11},{"not_picked":["Slimebound:SplitLeeching","Slimebound:GoopTackle"],"picked":"Slimebound:LivingWall","floor":12},{"not_picked":["Slimebound:GoopSpray","Slimebound:SpikyOuterGoop"],"picked":"Slimebound:LivingWall","floor":14},{"not_picked":["Slimebound:DivideAndConquer","Slimebound:DisruptingSlam","Slimebound:Chomp"],"picked":"SKIP","floor":15}],"player_experience":31080,"relics_obtained":[{"floor":7,"key":"Boot"},{"floor":8,"key":"Pen Nib"}],"event_choices":[],"is_beta":false,"boss_relics":[],"items_purged_floors":[],"is_endless":false,"potions_floor_spawned":[2,4,8,10,12,14],"killed_by":"WA_ARCHETYPE_RETAIN","ascension_level":0}}