{"host":"eny0bxnatoru6fum","time":1611590746,"event":{"mods":["A Magickal Journey","AchievementEnabler","AlwaysNeverKeys","Aspiration","BaseMod","Beaked The Cultist","BetterRewards","Colored Map","Colored Powertips","Conspire","DeckTracker","Duelist Mod","Energized Spire","Glutton Mod","Halation","Hubris","Infinite Spire","Jedi Mod","Lobotomy","LobotomyExtend","Minty Spire (QoL Compilation)","Relic Sorter","Replay The Spire","Shop Mod","Spicy Shops","Spikes Relics","StSLib","Synergy Search","The Animator","The Blue Laboratory","The Bug Knight","The Cursed","The Hierophant","The Jungle","The Problem Sleuth","The Runesmith","The Sage","The Servant 0.9.4","The Spell Scribe"],"gold_per_floor":[118,129,129,142,30,30,30,55,137,137,163,163,177,177,249,353,353,372,372,372,372,390,390,390,12,60,95,95,95,105,121,121,221,221,236,261,311,323,342,367,367,401,426,426,440,472,483,495,495,495,495,495,27,61,61],"floor_reached":56,"language":"ENG","playtime":4186,"items_purged":["HollowMod:Grubsong","HollowMod:SoulSplash"],"score":1288,"play_id":"f6e6d121-681d-45e2-861e-a1a8cb12d027","local_time":"20210125100546","is_ascension_mode":false,"campfire_choices":[{"data":"HollowMod:MantisMark","floor":6,"key":"SMITH"},{"floor":12,"key":"RECALL"},{"floor":24,"key":"REST"},{"data":"HollowMod:SiblingsSouls","floor":28,"key":"SMITH"},{"floor":32,"key":"REST"},{"floor":41,"key":"REST"},{"data":"HollowMod:theNailsmith","floor":44,"key":"SMITH"},{"floor":49,"key":"REST"},{"data":"HollowMod:HuntersJournal","floor":52,"key":"SMITH"}],"circlet_count":0,"master_deck":["HollowMod:NailStrikeStart","HollowMod:NailStrikeStart","HollowMod:NailStrikeStart","HollowMod:QuickDashStart","HollowMod:QuickDashStart","HollowMod:QuickDashStart","HollowMod:QuickDashStart","HollowMod:PogoStrike","HollowMod:DoubleDash","HollowMod:MantisMark+1","HollowMod:VengefulVoid","HollowMod:CycloneSlash+1","HollowMod:Grubsong","HollowMod:LifebloodCocoon","HollowMod:theNailsmith+1","hubris:Rewind","ReplayTheSpireMod:Echo Chamber","HollowMod:GrimmsGift","HollowMod:LifebloodCocoon","HollowMod:SiblingsSouls+1","HollowMod:MidwifesHunger","HollowMod:GreatSlash+1","HollowMod:HuntersJournal+1","HollowMod:GoodIntentions","HollowMod:LifebloodCocoon+1","HollowMod:RecoilStrike","HollowMod:FastStrike+1","Sharp Hide","ReplayTheSpireMod:Echo Chamber"],"relics":["jedi:paperlyon","LetterFromLob","jedi:gremlinknob","infinitespire:BottledMercury","Toy Ornithopter","hubris:Towel","halation:Prosthetics","hubris:Backtick","Mango","halation:Sosunser","aspiration:RitualStick","Onion Ring","Torii","SlaversCollar","hubris:ToyBattleship","hubris:FunFungus","Regal Pillow","halation:LettersToHer","Happy Flower","Boot","SpikesRelics:DaevaFist","DollysMirror","Replay:Accelerometer"],"acts_visited":["Exordium","TheCity","TheBeyond","TheEnding"],"potions_floor_usage":[8,16,27,40,50,50,55],"damage_taken":[{"damage":0,"enemies":"Jaw Worm","floor":1,"turns":3},{"damage":0,"enemies":"Cultist","floor":2,"turns":3},{"damage":0,"enemies":"Small Slimes","floor":4,"turns":3},{"damage":0,"enemies":"Replay:BlueRogue","floor":8,"turns":3},{"damage":4,"enemies":"3 Sentries","floor":11,"turns":5},{"damage":0,"enemies":"2 Fungi Beasts","floor":13,"turns":2},{"damage":0,"enemies":"HollowMod:FalseKnight","floor":16,"turns":8},{"damage":15,"enemies":"2 Thieves","floor":18,"turns":3},{"damage":0,"enemies":"Spheric Guardian","floor":22,"turns":3},{"damage":14,"enemies":"Book of Stabbing","floor":27,"turns":4},{"damage":14,"enemies":"Snake Plant","floor":30,"turns":3},{"damage":0,"enemies":"Centurion and Healer","floor":31,"turns":4},{"damage":16,"enemies":"Collector","floor":33,"turns":5},{"damage":17,"enemies":"Orb Walker","floor":35,"turns":3},{"damage":0,"enemies":"conspire:MimicChest","floor":36,"turns":2},{"damage":0,"enemies":"Mind Bloom Boss Battle","floor":37,"turns":3},{"damage":5,"enemies":"3 Shapes","floor":38,"turns":9},{"damage":30,"enemies":"HollowMod:SlobberingHusk","floor":39,"turns":3},{"damage":1,"enemies":"R_Hoarder","floor":40,"turns":3},{"damage":1,"enemies":"Nemesis","floor":42,"turns":3},{"damage":1,"enemies":"3 Darklings","floor":45,"turns":2},{"damage":6,"enemies":"HollowMod:StalkingDevout","floor":46,"turns":4},{"damage":0,"enemies":"Maw","floor":47,"turns":5},{"damage":11,"enemies":"Jaw Worm Horde","floor":48,"turns":3},{"damage":47,"enemies":"infinitespire:MassOfShapes","floor":50,"turns":5},{"damage":25,"enemies":"Shield and Spear","floor":54,"turns":5},{"damage":34,"enemies":"The Heart","floor":55,"turns":5}],"seed_played":"-4295252654638907951","potions_obtained":[{"floor":1,"key":"blueLaboratory:ExaltedPotion"},{"floor":4,"key":"CultistPotion"},{"floor":8,"key":"Adrenaline Potion"},{"floor":27,"key":"GamblersBrew"},{"floor":33,"key":"blueLaboratory:ArtificerPotion"},{"floor":35,"key":"FearPotion"},{"floor":37,"key":"Toxic Potion"},{"floor":40,"key":"blueLaboratory:FrostheartPotion"},{"floor":45,"key":"AttackPotion"},{"floor":48,"key":"SpeedPotion"}],"is_trial":false,"path_per_floor":["M","M","?","M","$","R","?","E","T","?","E","R","M","?","R_BF","B",null,"M","?","AVR","?","M","?","R","$","T","E","R","$","M","M","R","B",null,"M","?","?","M","M","E","R","E","T","R","M","E","M","M","R","B",null,"R","$","E","B",null],"character_chosen":"THE_BUGKNIGHT","items_purchased":["HollowMod:VengefulVoid","HollowMod:CycloneSlash","blueLaboratory:FruitPunch","Onion Ring","Sharp Hide","DollysMirror"],"campfire_rested":4,"item_purchase_floors":[5,5,25,25,53,53],"current_hp_per_floor":[75,75,75,75,75,75,75,75,75,75,71,71,71,71,71,75,40,25,25,39,28,28,28,44,44,44,35,35,35,21,21,37,21,54,37,37,37,47,17,23,54,53,53,53,52,50,50,39,54,16,56,56,56,34,5],"gold":61,"neow_bonus":"BOSS_RELIC","is_daily":false,"chose_seed":false,"campfire_upgraded":4,"win_rate":0.0,"timestamp":1611590746,"path_taken":["M","M","?","?","$","R","?","E","T","?","E","R","M","?","R_BF","BOSS","M","?","AVR","?","?","?","R","?","T","E","R","$","M","M","R","BOSS","M","?","?","?","M","E","R","E","T","R","M","E","M","M","R","BOSS","R","$","E","BOSS"],"items_purchased_type":["Card","Card","Potion","Relic","Card","Relic"],"build_version":"2020-12-22","purchased_purges":2,"victory":true,"max_hp_per_floor":[75,75,75,75,75,75,75,75,75,75,75,75,75,75,75,75,40,40,40,54,54,54,54,54,54,54,54,54,54,54,54,54,54,54,54,54,54,54,54,54,54,54,54,54,54,54,54,54,54,56,56,56,56,56,56],"card_choices":[{"not_picked":["HollowMod:WraithStrike","HollowMod:DoubleDash"],"picked":"HollowMod:SoulSplash","floor":1},{"not_picked":["HollowMod:SoulShaman","HollowMod:GoodIntentions"],"picked":"HollowMod:DoubleDash","floor":2},{"not_picked":["HollowMod:GrimmsGift","HollowMod:NewLittleFool"],"picked":"HollowMod:MantisMark","floor":4},{"not_picked":["HollowMod:PureVessel","HollowMod:SoulMaster"],"picked":"HollowMod:Grubsong","floor":8},{"not_picked":["HollowMod:GoodIntentions","HollowMod:HeavyBlow"],"picked":"HollowMod:Grubsong","floor":11},{"not_picked":["HollowMod:PerfectDash","HollowMod:MantisMark"],"picked":"HollowMod:LifebloodCocoon","floor":13},{"not_picked":["HollowMod:Weaversong","HollowMod:LifebloodCore"],"picked":"HollowMod:theNailsmith","floor":16},{"not_picked":["HollowMod:AbyssShriek","HollowMod:MawleksShell","HollowMod:NewJinnsSoul+1"],"picked":"SKIP","floor":18},{"not_picked":["HollowMod:DashSlash","HollowMod:SlysStrikes"],"picked":"HollowMod:GrimmsGift","floor":22},{"not_picked":["HollowMod:InfectedCysts","HollowMod:GrimmsGift"],"picked":"HollowMod:SiblingsSouls","floor":27},{"not_picked":["HollowMod:MonarchWings","HollowMod:AbyssShriek+1"],"picked":"HollowMod:MidwifesHunger","floor":30},{"not_picked":["HollowMod:ChannelNail","HollowMod:SharpenedShadows","HollowMod:InfectedAttack"],"picked":"SKIP","floor":31},{"not_picked":["HollowMod:InfectedAttack","HollowMod:SoulEater","HollowMod:DoubleDash"],"picked":"SKIP","floor":35},{"not_picked":["HollowMod:NewGlowingWomb+1","HollowMod:SoulSplash+1"],"picked":"HollowMod:GreatSlash+1","floor":36},{"not_picked":["HollowMod:CornifersMapStart","HollowMod:SoulSplash"],"picked":"HollowMod:HuntersJournal","floor":38},{"not_picked":["HollowMod:VengefulSpirit+1","HollowMod:WraithStrike+1"],"picked":"HollowMod:GoodIntentions","floor":39},{"not_picked":["HollowMod:MantisMark+1","HollowMod:NewJinnsSoul+1"],"picked":"HollowMod:LifebloodCocoon+1","floor":40},{"not_picked":["HollowMod:CoiledNail","HollowMod:MothsMistake+1","HollowMod:QuirrelsAssistance"],"picked":"SKIP","floor":42},{"not_picked":["HollowMod:NewLittleFool","HollowMod:VengefulSpirit+1","HollowMod:InfectionAssault"],"picked":"SKIP","floor":45},{"not_picked":["HollowMod:CrystalDash+1","HollowMod:TaintedHusks+1","HollowMod:GoodIntentions"],"picked":"SKIP","floor":46},{"not_picked":["HollowMod:PureVessel","HollowMod:CornifersMapStart"],"picked":"HollowMod:RecoilStrike","floor":47},{"not_picked":["HollowMod:SoulSplash+1","HollowMod:NewLittleFool+1"],"picked":"HollowMod:FastStrike+1","floor":48},{"not_picked":["HollowMod:DreamGate","HollowMod:DoubleDash","HollowMod:VengefulSpirit+1"],"picked":"SKIP","floor":54}],"player_experience":559732,"relics_obtained":[{"floor":1,"key":"LetterFromLob"},{"floor":8,"key":"jedi:gremlinknob"},{"floor":9,"key":"infinitespire:BottledMercury"},{"floor":11,"key":"Toy Ornithopter"},{"floor":27,"key":"Torii"},{"floor":36,"key":"hubris:ToyBattleship"},{"floor":37,"key":"hubris:FunFungus"},{"floor":40,"key":"Regal Pillow"},{"floor":42,"key":"halation:LettersToHer"},{"floor":43,"key":"Happy Flower"},{"floor":43,"key":"Boot"},{"floor":46,"key":"SpikesRelics:DaevaFist"},{"floor":54,"key":"Replay:Accelerometer"}],"event_choices":[{"cards_removed":["HollowMod:FocusHealStart"],"damage_healed":0,"gold_gain":0,"player_choice":"Purged","damage_taken":0,"max_hp_gain":0,"max_hp_loss":0,"event_name":"Purifier","floor":3,"gold_loss":0},{"damage_healed":0,"gold_gain":0,"player_choice":"Grow","damage_taken":0,"max_hp_gain":0,"max_hp_loss":0,"event_name":"Living Wall","floor":7,"gold_loss":0,"cards_upgraded":["HollowMod:CycloneSlash"]},{"damage_healed":0,"gold_gain":0,"player_choice":"Read","damage_taken":0,"max_hp_gain":0,"max_hp_loss":0,"event_name":"The Library","floor":23,"gold_loss":0,"cards_obtained":["HollowMod:LifebloodCocoon"]},{"damage_healed":0,"gold_gain":0,"player_choice":"Fight","damage_taken":0,"max_hp_gain":0,"max_hp_loss":0,"event_name":"MindBloom","floor":37,"gold_loss":0}],"is_beta":false,"boss_relics":[{"not_picked":["aspiration:PoetsPen_weak","conspire:SeveredTorchhead"],"picked":"halation:Prosthetics"},{"not_picked":["hubris:BlackHole","Busted Crown"],"picked":"SlaversCollar"}],"items_purged_floors":[25,53],"is_endless":false,"potions_floor_spawned":[1,4,8,27,33,35,37,40,45,47,48],"ascension_level":0}}