{"host":"40gggw0x72bpm5se","time":1611597319,"event":{"mods":["ATMod(°¢èªMod)","Act Like it!","Aspiration","BaseMod","Better Vampires","Colored Map","Conspire","Energized Spire","Friendly Minions","Gensokyo","GungeonMod","GungeonMod Extend","Infinite Spire","Koishi","Library of Ruina","Library of Ruina Extra","Lobotomy","LobotomyExtend","Minty Spire (QoL Compilation)","Quarter Circle Forward PUNCH!","Quick Restart","Relic Stats","Replay The Spire","RumiaBox-Â¶Ã×æ«µÄÉñÃØºÐ×Ó","Shop Mod","Spicy Shops","StSLib","TestMod","The Alterego","UnlockEverythingMod","Waifu the Spire","Youmu£¨»êÆÇÑýÃÎ£©","[LAZYMAN]RSMod","¡¾¹¦ÄÜMod¡¿»ìãçÖ®»·ÐÞ¸´²¹¶¡","¡¾ÒÅÎï¿¨ÅÆ¡¿REMEMod","Ä§½ä"],"gold_per_floor":[120,133,191,36,36,36,36,70,100,125,125,125,159,159,179,61,61,160,160,170,187,207,157,183,218,618,643,643,656,656,656],"floor_reached":30,"language":"ZHS","playtime":1573,"items_purged":["LightAttack","LightAttack"],"score":422,"play_id":"03bdfd84-4fa6-450b-a44e-ba9c2f81902f","local_time":"20210126015519","is_ascension_mode":true,"campfire_choices":[],"circlet_count":0,"master_deck":["Dodge","LightDefense","LightAttack","LightDefense","LightDefense","LightDefense","ChargeAndCover","FocusedStrikes","Gensokyo:UnlikelyAid","CleanUp","QuickSuppression","FleetFootsteps","CumulusWall","TimeForALittleTest","AsThePrescriptOrders","GuidanceOfTheGears","SilentMist","WillProduceFineSilk","QuickSuppression","SerpentSwordTechnique+1","LightAttack","UnavoidableGaze+1","infinitespire:Collect+1","GroundSmash","CrackOfDawn","FrontalAssault+1"],"relics":["PageOfLibrarian","AT_ATBox","testmod-TestBox","testmod-Nyarlathotep","aspiration:ArtOfWarUpgrade","Baka","LetterFromLob","BargainBundle","Tiny Chest","qcfpunch:Broken_Tusk","Regal Pillow","Pantograph","REME_LimitBreaker","dwlrmod:ProjectRecorder","The Courier","MagicBullet_r","REME_HandOfSuture","AT_ArchangelStaff","PageOfBlackSwan","Toxic Egg 2","energizedSpire:HugeHouse","SSSystem","Juzu Bracelet","dwlrmod:NightmareFuel","Turnip","PageOfUniverseFragment"],"acts_visited":["Exordium","Gensokyo:Gensokyoer"],"potions_floor_usage":[16,30,30],"damage_taken":[{"damage":1,"enemies":"Jaw Worm","floor":1,"turns":3},{"damage":0,"enemies":"Small Slimes","floor":2,"turns":1},{"damage":19,"enemies":"3 Sentries","floor":8,"turns":5},{"damage":5,"enemies":"Lagavulin","floor":10,"turns":5},{"damage":6,"enemies":"3 Sentries","floor":13,"turns":5},{"damage":0,"enemies":"2 Louse","floor":15,"turns":1},{"damage":8,"enemies":"The Guardian","floor":18,"turns":6},{"damage":0,"enemies":"Gensokyo:CosmicMonolith","floor":20,"turns":2},{"damage":0,"enemies":"Gensokyo:AngelMirror","floor":21,"turns":2},{"damage":2,"enemies":"Gensokyo:3_Gloops","floor":22,"turns":7},{"damage":20,"enemies":"Nightmare","floor":25,"turns":5},{"damage":0,"enemies":"Nightmare","floor":27,"turns":19},{"damage":5,"enemies":"Gensokyo:Wraith","floor":29,"turns":4},{"damage":12,"enemies":"Gensokyo:Wraith","floor":30,"turns":3}],"seed_played":"-1272873567326630785","potions_obtained":[{"floor":2,"key":"Ancient Potion"},{"floor":13,"key":"REME_GoldPotion"},{"floor":18,"key":"Weak Potion"},{"floor":21,"key":"LiquidBronze"},{"floor":27,"key":"BlessingOfTheForge"}],"is_trial":false,"path_per_floor":["M","M","?","$","PTL","PTL","?","E","?","E","T","M","E","R","M","$","R","B",null,"M","M","M","AVR","T","NM","?","E","T","M","E"],"character_chosen":"Librarian","items_purchased":["BargainBundle","FleetFootsteps","Tiny Chest","AT_ArchangelStaff"],"campfire_rested":0,"item_purchase_floors":[4,4,4,16],"current_hp_per_floor":[59,59,59,59,59,59,59,42,42,37,37,67,61,61,61,61,61,78,121,121,121,119,116,116,96,96,1,1,12,0,0],"gold":656,"neow_bonus":"RANDOM_COMMON_RELIC","is_daily":false,"chose_seed":false,"campfire_upgraded":0,"win_rate":0.0,"timestamp":1611597319,"path_taken":["M","M","?","$","PTL","PTL","?","E","?","E","T","?","E","R","M","$","R","BOSS","M","M","M","AVR","?","NM","?","E","T","M","E"],"items_purchased_type":["Relic","Card","Relic","Relic"],"build_version":"2020-12-22","purchased_purges":2,"victory":false,"max_hp_per_floor":[77,121,121,121,121,121,121,121,121,121,121,121,121,121,121,121,121,121,121,121,121,121,116,116,116,116,116,116,116,116,116],"relic_stats":{"Regal Pillow":0,"counters":[14,68],"Pantograph":25,"Tiny Chest":1,"Turnip":[0],"Juzu Bracelet":0,"obtain_stats":[{"Regal Pillow":8,"dwlrmod:ProjectRecorder":10,"AT_ATBox":0,"SSSystem":24,"DemoMod:GlassGuonStoneRelic":13,"Juzu Bracelet":25,"testmod-Nyarlathotep":0,"AT_ArchangelStaff":16,"Pantograph":9,"Tiny Chest":4,"aspiration:ArtOfWarUpgrade":17,"energizedSpire:HugeHouse":23,"Toxic Egg 2":23,"BargainBundle":4,"testmod-TestBox":0,"MagicBullet_r":12,"The Courier":11,"Baka":1,"REME_LimitBreaker":10,"PageOfLibrarian":0,"dwlrmod:NightmareFuel":27,"PageOfBlackSwan":19,"qcfpunch:Broken_Tusk":7,"REME_HandOfSuture":13,"Turnip":27,"Art of War":0,"LetterFromLob":1,"REME_ComplimentaryCards":0,"PageOfUniverseFragment":28},{"Regal Pillow":3,"dwlrmod:ProjectRecorder":4,"AT_ATBox":0,"SSSystem":10,"DemoMod:GlassGuonStoneRelic":5,"Juzu Bracelet":11,"testmod-Nyarlathotep":0,"AT_ArchangelStaff":6,"Pantograph":3,"Tiny Chest":2,"aspiration:ArtOfWarUpgrade":6,"energizedSpire:HugeHouse":10,"Toxic Egg 2":10,"BargainBundle":2,"testmod-TestBox":0,"MagicBullet_r":4,"The Courier":4,"Baka":1,"REME_LimitBreaker":4,"PageOfLibrarian":0,"dwlrmod:NightmareFuel":12,"PageOfBlackSwan":7,"qcfpunch:Broken_Tusk":2,"REME_HandOfSuture":5,"Turnip":12,"Art of War":0,"LetterFromLob":1,"REME_ComplimentaryCards":0,"PageOfUniverseFragment":12},{"Regal Pillow":9,"dwlrmod:ProjectRecorder":14,"AT_ATBox":0,"SSSystem":37,"DemoMod:GlassGuonStoneRelic":19,"Juzu Bracelet":42,"testmod-Nyarlathotep":0,"AT_ArchangelStaff":20,"Pantograph":9,"Tiny Chest":4,"aspiration:ArtOfWarUpgrade":20,"energizedSpire:HugeHouse":37,"Toxic Egg 2":37,"BargainBundle":4,"testmod-TestBox":0,"MagicBullet_r":14,"The Courier":14,"Baka":3,"REME_LimitBreaker":14,"PageOfLibrarian":0,"dwlrmod:NightmareFuel":61,"PageOfBlackSwan":26,"qcfpunch:Broken_Tusk":4,"REME_HandOfSuture":19,"Turnip":61,"Art of War":0,"LetterFromLob":3,"REME_ComplimentaryCards":0,"PageOfUniverseFragment":61}]},"card_choices":[{"not_picked":["QuickSuppression","EnergyCycle","RulesOfTheBackstreets","SerpentineBarrier","ICanCookAnything","DirtyBlow","LawAndOrder","Fence"],"picked":"CleanUp","floor":1},{"not_picked":["HandleRequest","TasteMyFlamingBat","AsThePrescriptOrders","Leap_lor","FierceCharge","SinglePointStab","VenomousFangs","Crush"],"picked":"QuickSuppression","floor":2},{"not_picked":["ElectricShock","RulesOfTheBackstreets","PreemptiveStrike","Track","LoosenUp","DefenseOrder","FlashingStrike","Eject"],"picked":"CumulusWall","floor":8},{"not_picked":["WillOfThePrescript","CircusKnives","Leap_lor","SturdyDefense","Observe","Standoff","StrikeDown","Decapitation"],"picked":"AsThePrescriptOrders","floor":10},{"not_picked":["StrikeDown","Rewind","HighKick","FierceCharge","GoinFirst","StructuralAnalysis","PinpointShot","SuppressingShot"],"picked":"GuidanceOfTheGears","floor":13},{"not_picked":["IngredientHunt","EnergyConversion","ForcefulGesture","Parry","DefenseOrder","StartinOutLightly","InnerArdor","Brawl"],"picked":"SilentMist","floor":15},{"not_picked":["LoosenUp+1","SinglePointStab","EndlessBattle+1","FieryWaltz","ConcentratedFire","BlowItUp","NightInTheBackstreets","QuickAttack"],"picked":"WillProduceFineSilk","floor":20},{"not_picked":["Thrust+1","AutonomousRush","YourShield","GaleKick","MirageStorm","ForcefulGesture","MultiHit","GatherIntel"],"picked":"QuickSuppression","floor":21},{"not_picked":["UnavoidableGaze","StructuralAnalysis","StrongStrike","TraceOfFumes+1","DefenseOrder+1","BoundaryOfDeath","PinpointShot","YoureTooSlow"],"picked":"SerpentSwordTechnique+1","floor":22},{"not_picked":["ReplayTheSpireMod:Echoes of Time","infinitespire:Punishment"],"picked":"infinitespire:Collect","floor":25},{"not_picked":["HardRehearsal","Unlock1","EnergyBeam","BlazingStrike","SturdyDefense+1","ShockRound","EnergyStrike","RushDown"],"picked":"GroundSmash","floor":25},{"not_picked":["ClassAndRespect+1","QuickSuppression","Wallop_lor","BizarreAttack+1","VioletBlade","UpbeatPerformance+1","SturdyDefense+1","Pound"],"picked":"CrackOfDawn","floor":27},{"not_picked":["FleetFootsteps+1","ToWhereThePrescriptPoints+1","SunsetBlade+1","AutomatedMovement+1","Reload+1","WillOfThePrescript+1","IngredientHunt","ShrineToMusic"],"picked":"FrontalAssault+1","floor":29}],"player_experience":83084,"relics_obtained":[{"floor":1,"key":"Baka"},{"floor":1,"key":"LetterFromLob"},{"floor":7,"key":"qcfpunch:Broken_Tusk"},{"floor":8,"key":"Regal Pillow"},{"floor":10,"key":"REME_LimitBreaker"},{"floor":10,"key":"dwlrmod:ProjectRecorder"},{"floor":11,"key":"The Courier"},{"floor":13,"key":"REME_HandOfSuture"},{"floor":24,"key":"SSSystem"},{"floor":25,"key":"Juzu Bracelet"},{"floor":27,"key":"dwlrmod:NightmareFuel"},{"floor":27,"key":"Turnip"},{"floor":28,"key":"PageOfUniverseFragment"}],"event_choices":[{"damage_healed":0,"gold_gain":58,"player_choice":"Gained Gold","damage_taken":0,"max_hp_gain":0,"max_hp_loss":0,"event_name":"Golden Wing","floor":3,"gold_loss":0},{"damage_healed":0,"gold_gain":30,"player_choice":"Searched \u00273\u0027 times","damage_taken":0,"relics_obtained":["Pantograph"],"max_hp_gain":0,"max_hp_loss":0,"event_name":"Dead Adventurer","floor":9,"gold_loss":0},{"damage_healed":0,"gold_gain":400,"player_choice":"Sell","damage_taken":0,"max_hp_gain":0,"max_hp_loss":0,"event_name":"¶÷ÂåË¹µÄÅÌ×Ó","floor":26,"relics_lost":["REME_ComplimentaryCards"],"gold_loss":0}],"is_beta":false,"boss_relics":[{"not_picked":["testmod-Prudence","ChewingGum"],"picked":"PageOfBlackSwan"}],"items_purged_floors":[4,23],"is_endless":true,"potions_floor_spawned":[2,13,18,21,27,29],"killed_by":"Gensokyo:Wraith","ascension_level":1}}