{"host":"xhd4yuu3rnu1c5xc","time":1611572129,"event":{"mods":["ATMod(阿瑾Mod)","Act Like it!","Aspiration","BaseMod","Better Altar","Better Note","Better Sensory Stone","Better Skull","Better Third Choice","Better Vampires","Better-Laid Plans","Conspire","Displayed Cursed Tome","Dota2Spire","Downfall","Emptier Cage","Energized Spire","Gensokyo","GungeonMod","Hubris","Lobotomy","Marisa（F雨　魔理沙）","Minty Spire (QoL Compilation)","Mirrors Mod","MostiFishMod","Pale of the Ancients","Potion Indicator Mod","Quick Restart","Relic Stats","Reorder Act Four","Replay The Spire","RumiaBox-露米娅的神秘盒子","SacredBarkPlus","StSLib","TestMod","The Jungle","Transform Curses","Uncapped","[IsaacMod]以撒尖塔","【功能Mod】混沌之环修复补丁","【遗物卡牌】REMEMod","篝火指南"],"gold_per_floor":[213,213,229,241,241,271,271,306,306,338,338,370,430,449,374,548,548,564,582,599,514,525,555,555,588,615,615,615,227,257,132,132,207,207,207],"floor_reached":34,"language":"ZHS","playtime":1152,"items_purged":["Strike_P","Strike_P","downfall:Bewildered","Defend_P+1"],"score":1156,"play_id":"72269300-f571-4c21-a018-d3ecaf8e0deb","local_time":"20210125185529","is_ascension_mode":true,"campfire_choices":[{"data":"Eruption","floor":7.0,"key":"SMITH"},{"data":"LessonLearned","floor":11.0,"key":"SMITH"},{"floor":24.0,"key":"RECALL"},{"floor":32.0,"key":"REST"}],"circlet_count":0,"master_deck":["AscendersBane","Strike_P","Strike_P+1","Defend_P+1","Defend_P+1","Defend_P+1","Eruption+1","Vigilance+1","FlurryOfBlows+1","EmptyMind+1","LessonLearned+1","BattleHymn+1","MentalFortress+1","WheelKick+1"],"relics":["PureWater","testmod-TestBox","HushsDoor","DaveBox","AT_ATBox","REME_ComplimentaryCards","AnarchistCookbook","RhineFirstAidKit","testmod-Laevatain","SynthV:TestCard","hubris:Icosahedron","hubris:CrystalStatue","AT_BladeRuinedKing","DemoMod:ClearGuonStone","Mummified Hand","testmod-SaigiyounoYou","hubris:SphereOfDissonance","testmod-Déjàvu","Regal Pillow","PreservedInsect","sneckomod:BabySnecko","aspiration:HummingbirdHeart","ReplayTheSpireMod:Lightbulb","SlaversCollar"],"acts_visited":["Exordium","TheCity","TheBeyond"],"potions_floor_usage":[],"damage_taken":[{"damage":0.0,"enemies":"Small Slimes","floor":1.0,"turns":1.0},{"damage":0.0,"enemies":"2 Louse","floor":3.0,"turns":3.0},{"damage":0.0,"enemies":"Jaw Worm","floor":4.0,"turns":4.0},{"damage":21.0,"enemies":"3 Sentries","floor":6.0,"turns":7.0},{"damage":16.0,"enemies":"conspire:2 RoseBushes","floor":8.0,"turns":4.0},{"damage":0.0,"enemies":"Lagavulin","floor":10.0,"turns":4.0},{"damage":6.0,"enemies":"Gremlin Nob","floor":12.0,"turns":3.0},{"damage":3.0,"enemies":"Looter","floor":14.0,"turns":3.0},{"damage":3.0,"enemies":"The Guardian","floor":16.0,"turns":6.0},{"damage":0.0,"enemies":"Spheric Guardian","floor":18.0,"turns":3.0},{"damage":0.0,"enemies":"Chosen","floor":19.0,"turns":3.0},{"damage":10.0,"enemies":"Snake Plant","floor":20.0,"turns":4.0},{"damage":0.0,"enemies":"Centurion and Healer","floor":22.0,"turns":4.0},{"damage":10.0,"enemies":"conspire:Head Lice","floor":23.0,"turns":4.0},{"damage":0.0,"enemies":"REME_1_Revenger","floor":25.0,"turns":3.0},{"damage":23.0,"enemies":"EliteMirrorEncounter","floor":30.0,"turns":5.0},{"damage":10,"enemies":"hubris:MusketHawk","floor":33,"turns":4}],"seed_played":"-4675924893011172402","potions_obtained":[{"floor":1.0,"key":"DemoMod:LeadSkinPotion"},{"floor":8.0,"key":"Fire Potion"},{"floor":16.0,"key":"testmod-SpacePotion"},{"floor":19.0,"key":"Elixir"},{"floor":25.0,"key":"Fruit Juice"},{"floor":30.0,"key":"Milkshake"}],"is_trial":false,"path_per_floor":["M","?","M","M","?","E","R","M","T","E","R","E","?","M","R","B",null,"M","M","M","?","M","E","R","E","T","?","?","R","E","$","R","B",null],"character_chosen":"WATCHER","items_purchased":["aspiration:HummingbirdHeart"],"campfire_rested":1,"item_purchase_floors":[29],"current_hp_per_floor":[61,61,61,61,61,40,40,68,68,68,68,62,62,59,59,56,61,63,63,61,61,63,63,63,68,68,68,68,68,51,51,68,67,68,68],"gold":207,"neow_bonus":"HUNDRED_GOLD","is_daily":false,"chose_seed":false,"campfire_upgraded":2,"win_rate":0.0,"timestamp":1611572129,"path_taken":["M","?","M","M","?","E","R","M","T","E","R","E","?","M","R","BOSS","M","M","M","?","M","E","R","E","T","?","?","R","E","$","R","BOSS"],"items_purchased_type":["Relic"],"build_version":"2020-12-22","purchased_purges":4,"victory":false,"max_hp_per_floor":[68,68,68,68,68,68,68,68,68,68,68,68,68,68,68,68,63,63,63,63,63,63,63,63,68,68,68,68,68,68,68,68,68,68,68],"relic_stats":{"Regal Pillow":0,"counters":[17,65],"Mummified Hand":[16],"PreservedInsect":43,"obtain_stats":[{"AnarchistCookbook":0,"Regal Pillow":25,"AT_ATBox":0,"hubris:CrystalStatue":6,"DaveBox":0,"DemoMod:GlassGuonStoneRelic":1,"RhineFirstAidKit":0,"hubris:Icosahedron":5,"testmod-Laevatain":0,"Mummified Hand":12,"testmod-Déjàvu":23,"DemoMod:ClearGuonStone":10,"KeepersGift":0,"testmod-TestBox":0,"hubris:SphereOfDissonance":21,"AT_BladeRuinedKing":9,"PreservedInsect":26,"aspiration:HummingbirdHeart":29,"testmod-SaigiyounoYou":17,"sneckomod:BabySnecko":27,"SlaversCollar":34,"SynthV:TestCard":1,"EGODaCapo":2,"PureWater":0,"HushsDoor":0,"ReplayTheSpireMod:Lightbulb":30,"REME_ComplimentaryCards":0},{"AnarchistCookbook":0,"Regal Pillow":15,"AT_ATBox":0,"hubris:CrystalStatue":4,"DaveBox":0,"DemoMod:GlassGuonStoneRelic":1,"RhineFirstAidKit":0,"hubris:Icosahedron":3,"testmod-Laevatain":0,"Mummified Hand":7,"testmod-Déjàvu":14,"DemoMod:ClearGuonStone":6,"KeepersGift":0,"testmod-TestBox":0,"hubris:SphereOfDissonance":12,"AT_BladeRuinedKing":5,"PreservedInsect":15,"aspiration:HummingbirdHeart":15,"testmod-SaigiyounoYou":9,"sneckomod:BabySnecko":15,"SlaversCollar":17,"SynthV:TestCard":1,"EGODaCapo":1,"PureWater":0,"HushsDoor":0,"ReplayTheSpireMod:Lightbulb":16,"REME_ComplimentaryCards":0},{"AnarchistCookbook":0,"Regal Pillow":56,"AT_ATBox":0,"hubris:CrystalStatue":15,"DaveBox":0,"DemoMod:GlassGuonStoneRelic":1,"RhineFirstAidKit":0,"hubris:Icosahedron":8,"testmod-Laevatain":0,"Mummified Hand":26,"testmod-Déjàvu":53,"DemoMod:ClearGuonStone":23,"KeepersGift":0,"testmod-TestBox":0,"hubris:SphereOfDissonance":45,"AT_BladeRuinedKing":19,"PreservedInsect":56,"aspiration:HummingbirdHeart":56,"testmod-SaigiyounoYou":35,"sneckomod:BabySnecko":56,"SlaversCollar":65,"SynthV:TestCard":1,"EGODaCapo":1,"PureWater":0,"HushsDoor":0,"ReplayTheSpireMod:Lightbulb":61,"REME_ComplimentaryCards":0}]},"card_choices":[{"not_picked":[],"picked":"ChaosCard","floor":0.0},{"not_picked":["Judgement","EmptyFist","AT_DivineConfetti"],"picked":"SKIP","floor":1.0},{"not_picked":["Prostrate","JustLucky","PathToVictory","EmptyBody","Halt"],"picked":"SKIP","floor":3.0},{"not_picked":["Replay:AtTheReady","JustLucky","EmptyFist","ThirdEye"],"picked":"FlurryOfBlows","floor":4.0},{"not_picked":["AT_DivineConfetti","Replay:AtTheReady","Perseverance","WindmillStrike"],"picked":"EmptyMind","floor":6.0},{"not_picked":["MostiFishMod:LegendTransform","Collect","ClearTheMind","FlyingSleeves"],"picked":"LessonLearned","floor":8.0},{"not_picked":["AT_RealFormLess","Replay:BluntJabs","Vengeance","EmptyFist"],"picked":"BattleHymn","floor":10.0},{"not_picked":["BowlingBash","AT_IrregularMenstruation","EmptyMind","FollowUp","AT_RealFormLess"],"picked":"SKIP","floor":12.0},{"not_picked":["PathToVictory","Prostrate","REME_Repentance","Evaluate","ClearTheMind"],"picked":"SKIP","floor":14.0},{"not_picked":["Protect+1","JustLucky","WaveOfTheHand","EmptyFist","BowlingBash"],"picked":"SKIP","floor":18.0},{"not_picked":["MostiFishMod:StarLaLaLa","Evaluate","Fasting2","EmptyBody","SashWhip"],"picked":"SKIP","floor":19.0},{"not_picked":["Replay:AllIn","CrushJoints","ClearTheMind","FlyingSleeves"],"picked":"MentalFortress","floor":20.0},{"not_picked":["REME_Repentance","BowlingBash","JustLucky","Halt","FlurryOfBlows"],"picked":"SKIP","floor":22.0},{"not_picked":["REME_Repentance","BowlingBash","JustLucky","Halt","FlurryOfBlows"],"picked":"SKIP","floor":22.0},{"not_picked":["ConjureBlade","MostiFishMod:Moonprays","Replay:Vibes","REME_Repentance","Collect"],"picked":"SKIP","floor":23.0},{"not_picked":["Protect","ConjureBlade","REME_Repentance","ThirdEye","LikeWater+1"],"picked":"SKIP","floor":25.0},{"not_picked":["WreathOfFlame","AT_OneInchPunch","Consecrate","MostiFishMod:Unraveling","Study+1"],"picked":"SKIP","floor":30.0}],"player_experience":1977261,"relics_obtained":[{"floor":1.0,"key":"SynthV:TestCard"},{"floor":6.0,"key":"hubris:CrystalStatue"},{"floor":9.0,"key":"AT_BladeRuinedKing"},{"floor":10.0,"key":"DemoMod:ClearGuonStone"},{"floor":12.0,"key":"Mummified Hand"},{"floor":23.0,"key":"testmod-Déjàvu"},{"floor":25.0,"key":"Regal Pillow"},{"floor":26.0,"key":"PreservedInsect"},{"floor":30.0,"key":"ReplayTheSpireMod:Lightbulb"}],"event_choices":[{"damage_healed":0.0,"max_hp_gain":0.0,"max_hp_loss":0.0,"gold_gain":0.0,"event_name":"给自己的盒子","player_choice":"Swap Relic","floor":2.0,"relics_lost":["EGODaCapo"],"gold_loss":0.0,"damage_taken":0.0,"relics_obtained":["EGODaCapo"]},{"damage_healed":0.0,"max_hp_gain":0.0,"max_hp_loss":0.0,"gold_gain":60.0,"event_name":"Golden Wing","player_choice":"Gained Gold","floor":13.0,"gold_loss":0.0,"damage_taken":0.0},{"damage_healed":0.0,"max_hp_gain":0.0,"max_hp_loss":0.0,"gold_gain":0.0,"event_name":"Addict","player_choice":"Obtained Relic","floor":21.0,"gold_loss":85.0,"damage_taken":0.0,"relics_obtained":["hubris:SphereOfDissonance"]}],"is_beta":false,"boss_relics":[{"not_picked":["hubris:VirtuousBlindfold","EE1DDrone"],"picked":"testmod-SaigiyounoYou"},{"not_picked":[]},{"not_picked":["Replay:Ancient Bell","Astrolabe"],"picked":"SlaversCollar"},{"not_picked":[]}],"items_purged_floors":[15,17,29,31],"is_endless":false,"potions_floor_spawned":[1,8,14,16,19,20,25,30],"ascension_level":20}}