{"host":"y9jgkjnf95sujozk","time":1611581267,"event":{"mods":["2.2 Compatiblity","AchievementEnabler","Act Like it!","BaseMod","BetterRewards","Block Reminder","Colored Map","Colored Powertips","Decade(王小明)","Downfall","Friendly Minions","Gensokyo","GifTheSpireLib","Hallownest","Hermit","Highlight Path","HololiveMod","Hubris","Infinite Spire","Jorbs\u0027s Wanderer Trilogy","Koishi","Marisa（霧雨　魔理沙）","Minty Spire (QoL Compilation)","Quick Restart","Random Character Button","Rare Cards Sparkle","Reimu（博??梦）","Remilia（蕾米莉?）","Replay The Spire","Shop Mod","StSLib","SuperFastMode","The Animator","The Bug Knight","The Cursed","The Disciple","The Hierophant","The Jungle","The Poker Player","The Runesmith","The Senshi","The Servant 0.9.4"],"gold_per_floor":[116,116,133,63,113,113,142,142,165,165,165],"floor_reached":10,"language":"ENG","playtime":271,"items_purged":[],"score":67,"play_id":"785385e4-8453-4fbe-adec-5a9dcbcfdcaf","local_time":"20210125142747","is_ascension_mode":true,"campfire_choices":[{"data":"TheCursedMod:CursedBoomerang","floor":6,"key":"SMITH"},{"floor":8,"key":"REST"}],"circlet_count":0,"master_deck":["TheCursedMod:Strike_TheCursed","TheCursedMod:Strike_TheCursed","TheCursedMod:Strike_TheCursed","TheCursedMod:Strike_TheCursed","TheCursedMod:Defend_TheCursed","TheCursedMod:Defend_TheCursed","TheCursedMod:Defend_TheCursed","TheCursedMod:Defend_TheCursed","TheCursedMod:CursedWand","TheCursedMod:CleanUpWorkshop","TheCursedMod:Dregs","TheCursedMod:CursedBoomerang","TheCursedMod:Evocation","TheCursedMod:Obscuration","TheCursedMod:CursedAmulet","TheCursedMod:RapidMovement","TheCursedMod:CursedBoomerang+1","TheCursedMod:TacticalStrike"],"relics":["TheCursedMod:BlackMagic101","Omamori","PreservedInsect","ScarletDevilRocket"],"acts_visited":["Exordium"],"potions_floor_usage":[7,7],"damage_taken":[{"damage":0,"enemies":"2 Louse","floor":1,"turns":2},{"damage":0,"enemies":"Cultist","floor":3,"turns":4},{"damage":11,"enemies":"Lagavulin","floor":7,"turns":9},{"damage":78,"enemies":"Slime Boss","floor":10,"turns":13}],"seed_played":"4015228026996222216","potions_obtained":[{"floor":1,"key":"Dexterity Potion"},{"floor":3,"key":"Dexterity Potion"}],"is_trial":false,"path_per_floor":["M","?","M","$","T","R","E","R","T","B"],"character_chosen":"THE_CURSED","items_purchased":["TheCursedMod:CursedBoomerang","TheCursedMod:Evocation","TheCursedMod:Obscuration","TheCursedMod:CursedBoomerang"],"campfire_rested":1,"item_purchase_floors":[0,0,0,4],"current_hp_per_floor":[75,75,75,75,75,75,64,75,75,0,0],"gold":165,"neow_bonus":"","is_daily":false,"chose_seed":false,"campfire_upgraded":1,"win_rate":0.0,"timestamp":1611581267,"path_taken":["M","?","?","$","?","R","E","R","T","BOSS"],"items_purchased_type":["Card","Card","Card","Card"],"build_version":"2020-12-22","purchased_purges":0,"victory":false,"max_hp_per_floor":[75,75,75,75,75,75,75,75,75,75,75],"card_choices":[{"not_picked":["TheCursedMod:CursedMace","TheCursedMod:SpitefulPlan"],"picked":"TheCursedMod:CursedAmulet","floor":1},{"not_picked":["TheCursedMod:SurpriseAttack","TheCursedMod:AntiAging"],"picked":"TheCursedMod:RapidMovement","floor":3},{"not_picked":["TheCursedMod:NeowsMight","TheCursedMod:SpreadPlague"],"picked":"TheCursedMod:TacticalStrike","floor":7}],"player_experience":165897,"relics_obtained":[{"floor":5,"key":"Omamori"},{"floor":7,"key":"PreservedInsect"},{"floor":9,"key":"ScarletDevilRocket"}],"event_choices":[{"damage_healed":0,"gold_gain":0,"player_choice":"Ignored","damage_taken":0,"max_hp_gain":0,"max_hp_loss":0,"event_name":"Fountain of Cleansing","floor":2,"gold_loss":0}],"is_beta":false,"boss_relics":[],"items_purged_floors":[],"is_endless":false,"potions_floor_spawned":[1,3],"killed_by":"Slime Boss","ascension_level":1}}