{"host":"zqowyf7xxb4s9ib0","time":1611545205,"event":{"mods":["BaseMod","Better Note","Colored Map","Colored Powertips","Downfall","Highlight Path","Minty Spire (QoL Compilation)","Permanent Neow","Quick Restart","StSLib"],"gold_per_floor":[99,118,137,154,164,192,216,116,131,131,141,158,168,168,182,182,182,182],"floor_reached":16,"language":"ENG","playtime":913,"items_purged":[],"score":133,"play_id":"11582e60-ac21-4179-b3d0-6f598f23588b","local_time":"20210124192645","is_ascension_mode":false,"campfire_choices":[{"floor":1,"key":"RECALL"},{"data":"bronze:Constructor","floor":8,"key":"SMITH"}],"circlet_count":0,"master_deck":["bronze:Strike","bronze:Strike","bronze:Strike","bronze:Strike","bronze:Defend","bronze:Defend","bronze:Defend","bronze:Defend","bronze:Replicate","bronze:Goto","bronze:Terminator","bronze:Constructor+1","bronze:Separator","bronze:FineTuning","bronze:Constructor","bronze:Shield"],"relics":["bronze:BronzeCore","MealTicket","Tiny Chest","bronze:ProtectiveGoggles","downfall:HeartBlessingRed","Pen Nib"],"acts_visited":["Exordium"],"potions_floor_usage":[13,16,16,16],"damage_taken":[{"damage":0,"enemies":"Small Slimes","floor":2,"turns":3},{"damage":3,"enemies":"Jaw Worm","floor":3,"turns":6},{"damage":0,"enemies":"Cultist","floor":4,"turns":5},{"damage":12,"enemies":"Large Slime","floor":5,"turns":7},{"damage":0,"enemies":"Lagavulin","floor":6,"turns":7},{"damage":7,"enemies":"Exordium Wildlife","floor":9,"turns":6},{"damage":14,"enemies":"Blue Slaver","floor":11,"turns":5},{"damage":7,"enemies":"Red Slaver","floor":12,"turns":6},{"damage":0,"enemies":"Lots of Slimes","floor":13,"turns":8},{"damage":8,"enemies":"3 Louse","floor":15,"turns":7},{"damage":19,"enemies":"WA_ARCHETYPE_RETAIN","floor":16,"turns":7}],"seed_played":"4634336724184145169","potions_obtained":[{"floor":3,"key":"Strength Potion"},{"floor":4,"key":"AttackPotion"},{"floor":6,"key":"LiquidMemories"},{"floor":15,"key":"hexamod:SoulburnPotion"}],"is_trial":false,"path_per_floor":["R","M","M","M","M","E","T","R","M","?","M","M","M","?","M","B"],"character_chosen":"THE_AUTOMATON","items_purchased":[],"campfire_rested":0,"item_purchase_floors":[],"current_hp_per_floor":[70,70,67,67,55,55,55,55,48,48,34,27,27,20,12,0,0,0],"gold":182,"neow_bonus":"RANDOM_COMMON_RELIC","is_daily":false,"chose_seed":false,"campfire_upgraded":1,"win_rate":0.0,"timestamp":1611545205,"path_taken":["R","M","M","M","M","E","T","R","M","?","M","M","M","?","M","BOSS"],"items_purchased_type":[],"build_version":"2020-12-22","purchased_purges":0,"victory":false,"max_hp_per_floor":[70,70,70,70,70,70,70,70,70,70,70,70,70,70,70,70,70,70],"card_choices":[{"not_picked":["bronze:Shield","bronze:CutThrough"],"picked":"bronze:Terminator","floor":2},{"not_picked":["bronze:Terminator","bronze:WhirlingStrike"],"picked":"bronze:Constructor","floor":3},{"not_picked":["bronze:Constructor","bronze:BronzeOrb"],"picked":"bronze:Separator","floor":4},{"not_picked":["bronze:Backtrace","bronze:Frontload"],"picked":"bronze:FineTuning","floor":5},{"not_picked":["bronze:GetLatest","bronze:Flail","bronze:BuggyMess"],"picked":"SKIP","floor":6},{"not_picked":["bronze:ItsAFeature","bronze:Shell","bronze:WildBeam"],"picked":"SKIP","floor":9},{"not_picked":["bronze:ChildClass","bronze:Iterate"],"picked":"bronze:Constructor","floor":11},{"not_picked":["bronze:Frontload","bronze:MaxOutput"],"picked":"bronze:Shield","floor":12},{"not_picked":["bronze:ForceShield","bronze:BronzeOrb","bronze:Frontload"],"picked":"SKIP","floor":13},{"not_picked":["bronze:DelayedGuard","bronze:CutThrough","bronze:BronzeOrb"],"picked":"SKIP","floor":15}],"player_experience":506490,"relics_obtained":[{"floor":6,"key":"Tiny Chest"},{"floor":7,"key":"bronze:ProtectiveGoggles"}],"event_choices":[{"damage_healed":0,"gold_gain":0,"player_choice":"Success","damage_taken":7,"relics_obtained":["Pen Nib"],"max_hp_gain":0,"max_hp_loss":0,"event_name":"Scrap Ooze","floor":14,"gold_loss":0}],"is_beta":false,"boss_relics":[],"items_purged_floors":[],"is_endless":false,"potions_floor_spawned":[3,4,6,12,15],"killed_by":"WA_ARCHETYPE_RETAIN","ascension_level":0}}