{"host":"xo3bvwoo3g0exv0i","time":1611553748,"event":{"mods":["BaseMod","Marisa????????","Minty Spire (QoL Compilation)"],"gold_per_floor":[117,117,134,145,164,164,196,146,171,197,197,218,248,275,275,389,389,417,444,444,466,490,490,510,534,534,562,596,695,695,732,732,841,841,861,889,467,487,487,518,546,546,546,575,634,634,668,689,689,689],"floor_reached":51,"language":"ENG","playtime":5381,"items_purged":["BlazeAway"],"score":790,"play_id":"3a117dcf-46c6-4b77-9d20-8264e40132f7","local_time":"20210125004908","daily_mods":["Draft"],"is_ascension_mode":false,"campfire_choices":[{"data":"FairyDestructionRay","floor":6,"key":"SMITH"},{"data":"LuminesStrike","floor":11,"key":"SMITH"},{"data":"MagicChant","floor":15,"key":"SMITH"},{"data":"TreasureHunter","floor":23,"key":"SMITH"},{"data":"Acceleration","floor":30,"key":"SMITH"},{"data":"Orbital","floor":32,"key":"SMITH"},{"data":"MillisecondPulsars","floor":46,"key":"SMITH"},{"data":"6A","floor":49,"key":"SMITH"}],"circlet_count":0,"master_deck":["Orbital","WitchLeyline","MilkyWay","IllusionStar","FairyDestructionRay+1","LuminesStrike","SuperPerseids","ChargingUp","Acceleration+1","MilkyWay","6A+1","FairyDestructionRay","ShootTheMoon","Acceleration","ManaConvection","DoubleSpark","LuminesStrike+1","ShootingEcho","MagicChant+1","TreasureHunter+1","WitchLeyline","DoubleSpark+1","GrandCross+1","NonDirectionalLaser+1","Orbital+1","SporeBomb+1","Orbital","GrandCross+1","AlicesGift+1","MillisecondPulsars+1","ShootingEcho","LuminesStrike+1","EnergyFlow+1","GalacticHalo+1","MagicAbsorber+1","IllusionStar+1","GrandCross+1"],"relics":["MiniHakkero","Bag of Marbles","CeramicFish","MealTicket","SlaversCollar","PreservedInsect","Kunai","Mercury Hourglass","Coffee Dripper","Nunchaku","Toolbox","Blood Vial","Pantograph","Torii","Bottled Flame"],"acts_visited":["Exordium","TheCity","TheBeyond"],"potions_floor_usage":[5,7,13,13,16,24,25,33,33,41,45,47,50],"damage_taken":[{"damage":0,"enemies":"Jaw Worm","floor":1,"turns":2},{"damage":0,"enemies":"2 Louse","floor":3,"turns":1},{"damage":0,"enemies":"Cultist","floor":4,"turns":2},{"damage":2,"enemies":"3 Louse","floor":5,"turns":2},{"damage":6,"enemies":"3 Sentries","floor":7,"turns":2},{"damage":0,"enemies":"Blue Slaver","floor":10,"turns":1},{"damage":0,"enemies":"2 Fungi Beasts","floor":12,"turns":1},{"damage":0,"enemies":"Gremlin Nob","floor":13,"turns":2},{"damage":0,"enemies":"Looter","floor":14,"turns":1},{"damage":16,"enemies":"Slime Boss","floor":16,"turns":6},{"damage":0,"enemies":"Spheric Guardian","floor":18,"turns":2},{"damage":2,"enemies":"Chosen","floor":19,"turns":3},{"damage":0,"enemies":"Snecko","floor":21,"turns":2},{"damage":16,"enemies":"Snake Plant","floor":22,"turns":2},{"damage":2,"enemies":"Shelled Parasite and Fungi","floor":24,"turns":2},{"damage":0,"enemies":"Snecko","floor":25,"turns":1},{"damage":0,"enemies":"Snake Plant","floor":27,"turns":1},{"damage":7,"enemies":"Book of Stabbing","floor":28,"turns":2},{"damage":7,"enemies":"Slavers","floor":31,"turns":2},{"damage":25,"enemies":"Collector","floor":33,"turns":4},{"damage":0,"enemies":"3 Darklings","floor":35,"turns":2},{"damage":19,"enemies":"Orb Walker","floor":36,"turns":2},{"damage":7,"enemies":"Spire Growth","floor":38,"turns":2},{"damage":44,"enemies":"Nemesis","floor":40,"turns":3},{"damage":9,"enemies":"Maw","floor":41,"turns":5},{"damage":0,"enemies":"3 Darklings","floor":44,"turns":2},{"damage":42,"enemies":"Mind Bloom Boss Battle","floor":45,"turns":4},{"damage":13,"enemies":"Giant Head","floor":47,"turns":3},{"damage":9,"enemies":"Spire Growth","floor":48,"turns":2},{"damage":43,"enemies":"Awakened One","floor":50,"turns":7}],"seed_played":"-2849671393596193938","potions_obtained":[{"floor":1,"key":"AttackPotion"},{"floor":4,"key":"ColorlessPotion"},{"floor":5,"key":"AttackPotion"},{"floor":12,"key":"ColorlessPotion"},{"floor":13,"key":"PowerPotion"},{"floor":16,"key":"Fruit Juice"},{"floor":19,"key":"BottledSpark"},{"floor":22,"key":"Block Potion"},{"floor":24,"key":"EssenceOfSteel"},{"floor":35,"key":"LiquidBronze"},{"floor":41,"key":"Ancient Potion"},{"floor":44,"key":"ShroomBrew"},{"floor":48,"key":"SteroidPotion"}],"is_trial":true,"path_per_floor":["M","$","M","M","M","R","E","?","T","M","R","M","E","M","R","B",null,"M","M","?","M","M","R","M","M","T","M","E","?","R","E","R","B",null,"M","M","$","M","?","E","M","?","T","M","?","R","E","M","R","B",null],"character_chosen":"MARISA","items_purchased":["Nunchaku","Toolbox","Swift Potion"],"campfire_rested":0,"item_purchase_floors":[37,37,37],"current_hp_per_floor":[75,75,75,75,73,73,67,67,67,67,67,67,67,67,67,51,75,75,73,73,73,57,57,55,60,60,60,53,53,53,46,46,21,80,80,61,76,69,69,25,18,70,70,70,28,28,17,10,10,70],"gold":689,"neow_bonus":"","is_daily":false,"chose_seed":false,"campfire_upgraded":8,"win_rate":0.0,"timestamp":1611553748,"path_taken":["M","$","M","M","M","R","E","?","T","M","R","M","E","M","R","BOSS","M","M","?","M","?","R","M","M","T","M","E","?","R","E","R","BOSS","M","M","$","M","?","E","M","?","T","M","?","R","E","M","R","BOSS"],"items_purchased_type":["Relic","Relic","Potion"],"build_version":"2020-12-22","purchased_purges":1,"victory":true,"max_hp_per_floor":[75,75,75,75,75,75,75,75,75,75,75,75,75,75,75,75,75,75,75,75,75,75,75,75,80,80,80,80,80,80,80,80,80,80,80,80,80,80,80,80,80,70,70,70,70,70,70,70,70,70],"card_choices":[{"not_picked":["OortCloud","AsteroidBelt"],"picked":"Orbital","floor":0},{"not_picked":["OortCloud","Robbery"],"picked":"WitchLeyline","floor":0},{"not_picked":["EnergyRecoil","PowerUp"],"picked":"EarthLightRay","floor":0},{"not_picked":["SporeBomb","GravityBeat"],"picked":"MilkyWay","floor":0},{"not_picked":["UnstableBomb","DC"],"picked":"IllusionStar","floor":0},{"not_picked":["UnstableBomb","MysteriousBeam"],"picked":"FairyDestructionRay","floor":0},{"not_picked":["DoubleSpark","AlicesGift"],"picked":"LuminesStrike","floor":0},{"not_picked":["AsteroidBelt","MeteoricShower"],"picked":"SuperPerseids","floor":0},{"not_picked":["SporeBomb","SprinkleStarSeal"],"picked":"ChargingUp","floor":0},{"not_picked":["NonDirectionalLaser","MysteriousBeam"],"picked":"Acceleration","floor":0},{"not_picked":["OpenUniverse","Acceleration"],"picked":"BlazeAway","floor":0},{"not_picked":["SporeBomb","GravityBeat"],"picked":"MilkyWay","floor":0},{"not_picked":["DC","IllusionStar"],"picked":"6A","floor":0},{"not_picked":["MilkyWay","DeepEcoloBomb"],"picked":"FairyDestructionRay","floor":0},{"not_picked":["PowerUp","GalacticHalo"],"picked":"ShootTheMoon","floor":0},{"not_picked":["ChargingUp","6A"],"picked":"Acceleration","floor":1},{"not_picked":["UnstableBomb","Acceleration","DeepEcoloBomb"],"picked":"SKIP","floor":3},{"not_picked":["DC","NonDirectionalLaser","AsteroidBelt"],"picked":"SKIP","floor":4},{"not_picked":["WitchLeyline","IllusionStar"],"picked":"ManaConvection","floor":5},{"not_picked":["EnergyRecoil","WitchOfGreed"],"picked":"DoubleSpark","floor":7},{"not_picked":["AsteroidBelt","RefractionSpark"],"picked":"LuminesStrike","floor":10},{"not_picked":["AbsoluteMagnitude","UnstableBomb"],"picked":"ShootingEcho","floor":12},{"not_picked":["DarkMatter","UnstableBomb","GravityBeat"],"picked":"SKIP","floor":13},{"not_picked":["MilkyWay","GravityBeat"],"picked":"MagicChant","floor":14},{"not_picked":["FinalSpark","AbsoluteMagnitude"],"picked":"TreasureHunter","floor":16},{"not_picked":["ShootingEcho","AlicesGift"],"picked":"WitchLeyline","floor":18},{"not_picked":["GalacticHalo+1","CasketOfStar"],"picked":"DoubleSpark+1","floor":19},{"not_picked":["GalacticHalo+1","MysteriousBeam"],"picked":"GrandCross+1","floor":21},{"not_picked":["WitchOfGreed","EnergyRecoil"],"picked":"NonDirectionalLaser+1","floor":22},{"not_picked":["DeepEcoloBomb","StarBarrage"],"picked":"Orbital","floor":24},{"not_picked":["PowerUp+1","DarkMatter"],"picked":"SporeBomb+1","floor":25},{"not_picked":["BlazingStar","DeepEcoloBomb+1"],"picked":"Orbital","floor":27},{"not_picked":["RefractionSpark","OneTimeOff"],"picked":"GrandCross+1","floor":28},{"not_picked":["GravityBeat","MysteriousBeam"],"picked":"AlicesGift+1","floor":31},{"not_picked":["BinaryStars","AbsoluteMagnitude"],"picked":"MillisecondPulsars","floor":33},{"not_picked":["DragonMeteor","DC","PropBag+1"],"picked":"SKIP","floor":35},{"not_picked":["SporeBomb+1","Singularity"],"picked":"ShootingEcho","floor":36},{"not_picked":["MysteriousBeam","GravityBeat+1"],"picked":"LuminesStrike+1","floor":38},{"not_picked":["WitchOfGreed+1","DoubleSpark","FairyDestructionRay"],"picked":"SKIP","floor":40},{"not_picked":["Occultation","MysteriousBeam"],"picked":"EnergyFlow+1","floor":41},{"not_picked":["ChargingUp","OrrerysSun"],"picked":"GalacticHalo+1","floor":44},{"not_picked":["RefractionSpark","SporeBomb"],"picked":"MagicAbsorber+1","floor":45},{"not_picked":["AsteroidBelt","MilkyWay"],"picked":"IllusionStar+1","floor":47},{"not_picked":["IllusionStar+1","DoubleSpark"],"picked":"GrandCross+1","floor":48}],"player_experience":50217,"relics_obtained":[{"floor":7,"key":"Bag of Marbles"},{"floor":9,"key":"CeramicFish"},{"floor":13,"key":"MealTicket"},{"floor":26,"key":"PreservedInsect"},{"floor":28,"key":"Kunai"},{"floor":31,"key":"Mercury Hourglass"},{"floor":40,"key":"Blood Vial"},{"floor":43,"key":"Pantograph"},{"floor":45,"key":"Torii"},{"floor":47,"key":"Bottled Flame"}],"event_choices":[{"cards_removed":["EarthLightRay"],"damage_healed":0,"gold_gain":0,"player_choice":"Card Removal","damage_taken":0,"max_hp_gain":0,"max_hp_loss":0,"event_name":"The Cleric","floor":8,"gold_loss":50},{"damage_healed":0,"gold_gain":0,"player_choice":"0 cards matched","damage_taken":0,"max_hp_gain":0,"max_hp_loss":0,"event_name":"Match and Keep!","floor":20,"gold_loss":0,"cards_obtained":[]},{"damage_healed":0,"gold_gain":99,"player_choice":"Stole From Cult","damage_taken":0,"max_hp_gain":0,"max_hp_loss":0,"event_name":"Nest","floor":29,"gold_loss":0},{"damage_healed":0,"gold_gain":0,"player_choice":"Memory 1","damage_taken":0,"max_hp_gain":0,"max_hp_loss":0,"event_name":"SensoryStone","floor":39,"gold_loss":0},{"damage_healed":70,"gold_gain":0,"player_choice":"Heal","damage_taken":0,"max_hp_gain":0,"max_hp_loss":10,"event_name":"The Moai Head","floor":42,"gold_loss":0},{"damage_healed":0,"gold_gain":0,"player_choice":"Fight","damage_taken":0,"max_hp_gain":0,"max_hp_loss":0,"event_name":"MindBloom","floor":45,"gold_loss":0}],"is_beta":false,"boss_relics":[{"not_picked":["Fusion Hammer","Busted Crown"],"picked":"SlaversCollar"},{"not_picked":["Calling Bell","Black Star"],"picked":"Coffee Dripper"}],"items_purged_floors":[37],"is_endless":false,"potions_floor_spawned":[1,4,5,12,13,16,19,22,24,35,41,44,48],"ascension_level":0}}