{"host":"a1eatafr7pisesky","time":1611569351,"event":{"mods":["AchievementEnabler","BaseMod","Colored Map","Keyboard Shortcuts","Minty Spire (QoL Compilation)","Say the Spire","StSLib","SuperFastMode","everything is the same but u backflip on backflip"],"gold_per_floor":[14,30,47,65,13,38,38,64,145,145,145,175,175,207,207,306,306,322,347,23,42,59,59,59],"floor_reached":23,"language":"KOR","playtime":1159,"items_purged":["Defend_P"],"score":390,"play_id":"c051345d-5cbd-465f-903f-777cb10142fa","local_time":"20210125190911","is_ascension_mode":true,"campfire_choices":[{"floor":7.0,"key":"REST"},{"floor":13.0,"key":"REST"},{"floor":15.0,"key":"REST"}],"circlet_count":0,"master_deck":["Strike_P","Strike_P","Strike_P","Defend_P","Eruption+1","Vigilance","Worship","FearNoEvil","EmptyFist+1","MasterReality","Blasphemy","Study","SpiritShield"],"relics":["PureWater","Pocketwatch","WingedGreaves","Question Card","Oddly Smooth Stone","Lantern","Empty Cage","Regal Pillow","Sundial"],"acts_visited":["Exordium","TheCity"],"potions_floor_usage":[22],"damage_taken":[{"damage":12.0,"enemies":"Small Slimes","floor":1.0,"turns":2.0},{"damage":8.0,"enemies":"Jaw Worm","floor":2.0,"turns":3.0},{"damage":7.0,"enemies":"Cultist","floor":3.0,"turns":3.0},{"damage":16.0,"enemies":"Blue Slaver","floor":4.0,"turns":5.0},{"damage":17.0,"enemies":"3 Sentries","floor":6.0,"turns":6.0},{"damage":12.0,"enemies":"Lagavulin","floor":8.0,"turns":4.0},{"damage":8.0,"enemies":"Gremlin Nob","floor":12.0,"turns":3.0},{"damage":11.0,"enemies":"Lagavulin","floor":14.0,"turns":5.0},{"damage":0.0,"enemies":"Slime Boss","floor":16.0,"turns":5.0},{"damage":20.0,"enemies":"3 Byrds","floor":18.0,"turns":5.0},{"damage":11.0,"enemies":"Shell Parasite","floor":21.0,"turns":4.0},{"damage":17,"enemies":"Centurion and Healer","floor":22,"turns":3},{"damage":23,"enemies":"Slavers","floor":23,"turns":1}],"seed_played":"-8611730188262393354","potions_obtained":[{"floor":1.0,"key":"Ambrosia"},{"floor":2.0,"key":"SkillPotion"},{"floor":12.0,"key":"Regen Potion"},{"floor":14.0,"key":"DistilledChaos"},{"floor":18.0,"key":"Fire Potion"}],"is_trial":false,"path_per_floor":["M","M","M","M","$","E","R","E","T","?","?","E","R","E","R","B",null,"M","T","$","M","M","E"],"character_chosen":"WATCHER","items_purchased":["PowerPotion","Sundial"],"campfire_rested":3,"item_purchase_floors":[5,20],"current_hp_per_floor":[53,45,38,22,22,5,26,14,14,14,14,6,27,30,51,51,67,47,47,47,36,19,0,0],"gold":59,"neow_bonus":"TRANSFORM_TWO_CARDS","is_daily":false,"chose_seed":false,"campfire_upgraded":0,"win_rate":0.0,"timestamp":1611569351,"path_taken":["M","M","M","M","$","E","R","E","T","?","?","E","R","E","R","BOSS","M","?","$","M","M","E"],"items_purchased_type":["Potion","Relic"],"build_version":"2020-12-22","purchased_purges":1,"victory":false,"max_hp_per_floor":[72,72,72,72,72,72,72,72,72,72,72,72,72,72,72,72,72,72,72,72,72,72,72,72],"card_choices":[{"not_picked":["Nirvana","BowlingBash"],"picked":"Consecrate","floor":1.0},{"not_picked":["BattleHymn","Collect","ReachHeaven"],"picked":"SKIP","floor":2.0},{"not_picked":["Consecrate","WheelKick"],"picked":"EmptyFist","floor":3.0},{"not_picked":["Crescendo","ReachHeaven","Collect"],"picked":"SKIP","floor":4.0},{"not_picked":["PathToVictory","WindmillStrike","CutThroughFate"],"picked":"SKIP","floor":6.0},{"not_picked":["ThirdEye","ClearTheMind"],"picked":"MasterReality","floor":8.0},{"not_picked":["EmptyFist","Collect","SandsOfTime","CrushJoints"],"picked":"SKIP","floor":12.0},{"not_picked":["WaveOfTheHand","JustLucky","Prostrate","Wireheading"],"picked":"SKIP","floor":14.0},{"not_picked":["Omniscience","Wish","DevaForm"],"picked":"Blasphemy","floor":16.0},{"not_picked":["CutThroughFate+1","JustLucky","SignatureMove","Prostrate"],"picked":"SKIP","floor":18.0},{"not_picked":["Prostrate+1","ClearTheMind","WindmillStrike"],"picked":"Study","floor":21.0},{"not_picked":["Crescendo","FlyingSleeves","Tantrum"],"picked":"SpiritShield","floor":22}],"player_experience":348566,"relics_obtained":[{"floor":6.0,"key":"Pocketwatch"},{"floor":8.0,"key":"WingedGreaves"},{"floor":9.0,"key":"Question Card"},{"floor":12.0,"key":"Oddly Smooth Stone"},{"floor":14.0,"key":"Lantern"},{"floor":19.0,"key":"Regal Pillow"}],"event_choices":[{"damage_healed":0.0,"max_hp_gain":0.0,"max_hp_loss":0.0,"gold_gain":0.0,"event_name":"Living Wall","player_choice":"Grow","floor":10.0,"gold_loss":0.0,"damage_taken":0.0,"cards_upgraded":["Eruption"]},{"damage_healed":0.0,"max_hp_gain":0.0,"max_hp_loss":0.0,"gold_gain":0.0,"event_name":"Upgrade Shrine","player_choice":"Upgraded","floor":11.0,"gold_loss":0.0,"damage_taken":0.0,"cards_upgraded":["EmptyFist"]}],"is_beta":false,"boss_relics":[{"not_picked":["Runic Pyramid","HolyWater"],"picked":"Empty Cage"}],"items_purged_floors":[20],"is_endless":false,"potions_floor_spawned":[1,2,12,14,18],"killed_by":"Slavers","ascension_level":9}}