{"host":"p62uqwu04pp7leh9","time":1611564364,"event":{"mods":["BaseMod","Block Reminder","Colored Map","Colored Powertips","Minty Spire (QoL Compilation)","Relic Stats"],"gold_per_floor":[117,40,57,57,69,69,98,98,98,59,76,76,102,125,137,252,264,291,303,326,338,368,415,427,439,451,67,78,78,78,78],"floor_reached":30,"language":"ENG","playtime":1782,"items_purged":["Bite"],"score":309,"play_id":"8cad058e-173e-4e50-a85c-17be22fb9800","local_time":"20210125024604","is_ascension_mode":true,"campfire_choices":[{"data":"Metallicize","floor":6,"key":"SMITH"},{"floor":12,"key":"REST"},{"data":"Rupture","floor":15,"key":"SMITH"},{"data":"Barricade","floor":29,"key":"SMITH"}],"circlet_count":0,"master_deck":["Defend_R","Defend_R","Defend_R","Defend_R","Bash","Dark Embrace+1","Metallicize+1","Corruption+1","Inflame","Flex","Rupture+1","Bloodletting","Thunderclap","Barricade+1","Brutality+1","Whirlwind+1","Power Through+1","Pommel Strike","Feed","Heavy Blade+1","Metallicize+1","Bite","Bite","Bite","Bite","Mayhem","Exhume","Combust+1"],"relics":["Burning Blood","Charon\u0027s Ashes","Mango","Blue Candle","MawBank","Astrolabe","Boot","Kunai","Ornamental Fan"],"acts_visited":["Exordium","TheCity"],"potions_floor_usage":[16,20,23,28,28],"damage_taken":[{"damage":0,"enemies":"Small Slimes","floor":1,"turns":3},{"damage":2,"enemies":"Jaw Worm","floor":3,"turns":6},{"damage":7,"enemies":"Cultist","floor":5,"turns":5},{"damage":28,"enemies":"3 Sentries","floor":7,"turns":7},{"damage":11,"enemies":"Large Slime","floor":11,"turns":7},{"damage":15,"enemies":"Lagavulin","floor":13,"turns":6},{"damage":9,"enemies":"Looter","floor":14,"turns":3},{"damage":48,"enemies":"Slime Boss","floor":16,"turns":9},{"damage":25,"enemies":"Spheric Guardian","floor":18,"turns":5},{"damage":13,"enemies":"Chosen","floor":20,"turns":4},{"damage":29,"enemies":"Shelled Parasite and Fungi","floor":22,"turns":5},{"damage":40,"enemies":"Gremlin Leader","floor":23,"turns":8},{"damage":24,"enemies":"Chosen and Byrds","floor":28,"turns":6},{"damage":32,"enemies":"Book of Stabbing","floor":30,"turns":4}],"seed_played":"6617415186766038175","potions_obtained":[{"floor":11,"key":"BloodPotion"},{"floor":13,"key":"Explosive Potion"},{"floor":14,"key":"Swift Potion"},{"floor":18,"key":"Explosive Potion"},{"floor":22,"key":"AttackPotion"}],"is_trial":false,"path_per_floor":["M","$","M","?","M","R","E","?","T","$","M","R","E","M","R","B",null,"M","?","M","$","M","E","?","T","T","$","M","R","E"],"character_chosen":"IRONCLAD","items_purchased":["Metallicize","Rupture","Mayhem","Exhume"],"campfire_rested":1,"item_purchase_floors":[2,10,27,27],"current_hp_per_floor":[88,88,88,70,69,69,47,49,49,49,44,74,65,62,62,20,102,83,83,76,76,56,22,22,22,22,22,24,24,0,0],"gold":78,"neow_bonus":"TEN_PERCENT_HP_BONUS","is_daily":false,"chose_seed":false,"campfire_upgraded":3,"win_rate":0.0,"timestamp":1611564364,"path_taken":["M","$","M","?","M","R","E","?","T","$","M","R","E","M","R","BOSS","M","?","M","?","M","E","?","?","T","$","M","R","E"],"items_purchased_type":["Card","Card","Card","Card"],"build_version":"2020-12-22","purchased_purges":1,"victory":false,"max_hp_per_floor":[88,88,88,88,88,88,88,102,102,102,102,102,102,102,102,102,102,102,102,102,102,105,105,73,73,73,73,76,76,76,76],"relic_stats":{"counters":[14,78],"Ornamental Fan":[4],"Blue Candle":[0],"Astrolabe":["Brutality","Whirlwind","Power Through"],"Charon\u0027s Ashes":[195],"Kunai":[1],"MawBank":168,"Boot":[3],"obtain_stats":[{"Ornamental Fan":26,"Blue Candle":9,"Astrolabe":17,"Mango":8,"Charon\u0027s Ashes":7,"Kunai":25,"MawBank":13,"Boot":23,"Burning Blood":0},{"Ornamental Fan":12,"Blue Candle":4,"Astrolabe":8,"Mango":4,"Charon\u0027s Ashes":4,"Kunai":12,"MawBank":6,"Boot":12,"Burning Blood":0},{"Ornamental Fan":68,"Blue Candle":21,"Astrolabe":46,"Mango":21,"Charon\u0027s Ashes":21,"Kunai":68,"MawBank":34,"Boot":68,"Burning Blood":0}],"Burning Blood":68},"card_choices":[{"not_picked":["Clash","Sword Boomerang"],"picked":"Dark Embrace","floor":1},{"not_picked":["Armaments","True Grit"],"picked":"Corruption","floor":3},{"not_picked":["Perfected Strike","Sentinel"],"picked":"Inflame","floor":5},{"not_picked":["Twin Strike","Body Slam"],"picked":"Flex","floor":7},{"not_picked":["Body Slam","Twin Strike"],"picked":"Bloodletting","floor":11},{"not_picked":["Pommel Strike","Second Wind","Clothesline"],"picked":"SKIP","floor":13},{"not_picked":["Burning Pact","Wild Strike"],"picked":"Thunderclap","floor":14},{"not_picked":["Impervious","Offering"],"picked":"Barricade","floor":16},{"not_picked":["Anger","Warcry","Twin Strike"],"picked":"SKIP","floor":18},{"not_picked":["Body Slam","Twin Strike+1"],"picked":"Heavy Blade+1","floor":20},{"not_picked":["Headbutt","Berserk"],"picked":"Metallicize+1","floor":22},{"not_picked":["Whirlwind","Clash+1","Rampage"],"picked":"SKIP","floor":23},{"not_picked":["Clothesline","Warcry"],"picked":"Combust+1","floor":28}],"player_experience":322312,"relics_obtained":[{"floor":7,"key":"Charon\u0027s Ashes"},{"floor":9,"key":"Blue Candle"},{"floor":13,"key":"MawBank"},{"floor":23,"key":"Boot"},{"floor":25,"key":"Kunai"},{"floor":26,"key":"Ornamental Fan"}],"event_choices":[{"damage_healed":0,"gold_gain":0,"player_choice":"Entered Light","damage_taken":18,"max_hp_gain":0,"max_hp_loss":0,"event_name":"Shining Light","floor":4,"gold_loss":0,"cards_upgraded":["Corruption","Dark Embrace"]},{"damage_healed":0,"gold_gain":0,"player_choice":"Success","damage_taken":12,"relics_obtained":["Mango"],"max_hp_gain":0,"max_hp_loss":0,"event_name":"Scrap Ooze","floor":8,"gold_loss":0},{"damage_healed":0,"gold_gain":0,"player_choice":"2 cards matched","damage_taken":0,"max_hp_gain":0,"max_hp_loss":0,"event_name":"Match and Keep!","floor":19,"gold_loss":0,"cards_obtained":["Pommel Strike","Feed"]},{"damage_healed":0,"gold_gain":0,"player_choice":"Became a vampire","damage_taken":0,"max_hp_gain":0,"max_hp_loss":32,"event_name":"Vampires","floor":24,"gold_loss":0,"cards_obtained":["Bite","Bite","Bite","Bite","Bite"]}],"is_beta":false,"boss_relics":[{"not_picked":["Busted Crown","Empty Cage"],"picked":"Astrolabe"}],"items_purged_floors":[27],"is_endless":false,"potions_floor_spawned":[11,13,14,18,22],"killed_by":"Book of Stabbing","ascension_level":2}}