{"host":"pi8b3ffzwvxqztac","time":1611549693,"event":{"mods":["BaseMod","Colored Map","Downfall","Minty Spire (QoL Compilation)","StSLib"],"gold_per_floor":[12,12,26,36,56,83,83,98,98,115,130,149,149,204,204,299,299,316,316,105,105,118,118,137,137,210,210,210,210,13,33,33,136,136,154,154,172,186,204,204,235,235,235,269,109,124,124,141,141,141],"floor_reached":51,"language":"ENG","playtime":2645,"items_purged":["downfall:Bewildered"],"score":819,"play_id":"fa60e692-9c12-4e16-a861-992191450933","local_time":"20210125174133","is_ascension_mode":true,"campfire_choices":[{"data":"Perfected Strike","floor":7,"key":"SMITH"},{"data":"Perfected Strike","floor":13,"key":"SMITH"},{"data":"Seeing Red","floor":15,"key":"SMITH"},{"data":"Perfected Strike","floor":23,"key":"SMITH"},{"data":"Shockwave","floor":25,"key":"SMITH"},{"data":"Juggernaut","floor":28,"key":"SMITH"},{"data":"Metallicize","floor":32,"key":"SMITH"},{"data":"Perfected Strike","floor":40,"key":"SMITH"},{"data":"Pommel Strike","floor":42,"key":"SMITH"},{"data":"Reaper","floor":47,"key":"SMITH"},{"floor":49,"key":"REST"}],"circlet_count":0,"master_deck":["Strike_R","Strike_R","Strike_R","Defend_R","Defend_R","Defend_R","Bash","Perfected Strike+1","Shockwave+1","Iron Wave","Clothesline","Perfected Strike+1","Cleave","Twin Strike","Seeing Red+1","Battle Trance+1","Shrug It Off+1","Metallicize+1","Juggernaut+1","Armaments+1","Armaments+1","Deep Breath+1","Perfected Strike+1","Ghostly Armor+1","Twin Strike","Twin Strike","Berserk+1","Perfected Strike+1","Perfected Strike+1","Iron Wave+1","Pommel Strike+1","Seeing Red+1","Reaper+1","Twin Strike","Parasite","Uppercut+1"],"relics":["Burning Blood","Gambling Chip","Toxic Egg 2","Regal Pillow","sneckomod:SneckoTalon","sneckomod:BabySnecko","Self Forming Clay","Frozen Egg 2","Vajra","Cursed Key","Potion Belt","Gremlin Horn"],"acts_visited":["Exordium","TheCity","TheBeyond"],"potions_floor_usage":[14,16,24,41,50],"damage_taken":[{"damage":3,"enemies":"Jaw Worm","floor":1,"turns":4},{"damage":1,"enemies":"Cultist","floor":3,"turns":4},{"damage":5,"enemies":"Small Slimes","floor":4,"turns":4},{"damage":5,"enemies":"2 Fungi Beasts","floor":5,"turns":4},{"damage":36,"enemies":"Gremlin Nob","floor":6,"turns":5},{"damage":6,"enemies":"Large Slime","floor":8,"turns":6},{"damage":1,"enemies":"Lots of Slimes","floor":10,"turns":3},{"damage":6,"enemies":"Red Slaver","floor":11,"turns":3},{"damage":0,"enemies":"2 Fungi Beasts","floor":12,"turns":2},{"damage":7,"enemies":"3 Sentries","floor":14,"turns":6},{"damage":22,"enemies":"Slime Boss","floor":16,"turns":14},{"damage":0,"enemies":"3 Byrds","floor":18,"turns":6},{"damage":2,"enemies":"Shell Parasite","floor":22,"turns":5},{"damage":1,"enemies":"Snecko","floor":24,"turns":4},{"damage":2,"enemies":"Cultist and Chosen","floor":31,"turns":4},{"damage":42,"enemies":"Collector","floor":33,"turns":8},{"damage":5,"enemies":"3 Shapes","floor":35,"turns":2},{"damage":2,"enemies":"3 Darklings","floor":37,"turns":3},{"damage":22,"enemies":"Sphere and 2 Shapes","floor":38,"turns":4},{"damage":5,"enemies":"Jaw Worm Horde","floor":39,"turns":3},{"damage":4,"enemies":"Reptomancer","floor":41,"turns":4},{"damage":15,"enemies":"Giant Head","floor":44,"turns":7},{"damage":7,"enemies":"Spire Growth","floor":46,"turns":3},{"damage":6,"enemies":"Writhing Mass","floor":48,"turns":3},{"damage":60,"enemies":"Awakened One","floor":50,"turns":10}],"seed_played":"1968274657440519882","potions_obtained":[{"floor":1,"key":"SkillPotion"},{"floor":6,"key":"Energy Potion"},{"floor":8,"key":"SpeedPotion"},{"floor":11,"key":"SteroidPotion"},{"floor":12,"key":"ColorlessPotion"},{"floor":24,"key":"FairyPotion"},{"floor":33,"key":"Energy Potion"},{"floor":41,"key":"FearPotion"},{"floor":46,"key":"DistilledChaos"}],"is_trial":false,"path_per_floor":["M","?","M","M","M","E","R","M","T","M","M","M","R","?","R","B",null,"M","?","$","?","M","R","M","R","T","$","R","?","$","M","R","B",null,"M","T","M","M","M","R","E","R","T","E","$","M","R","M","R","B",null],"character_chosen":"IRONCLAD","items_purchased":["Armaments+1","Deep Breath+1","Vajra","Twin Strike","Reaper"],"campfire_rested":1,"item_purchase_floors":[20,20,30,30,45],"current_hp_per_floor":[80,80,80,80,80,50,50,50,50,55,55,61,61,60,60,44,80,80,80,80,80,80,80,80,80,80,80,80,80,80,80,80,44,80,80,80,80,64,65,65,67,67,67,58,58,66,66,66,80,35],"gold":141,"neow_bonus":"REMOVE_TWO","is_daily":false,"chose_seed":false,"campfire_upgraded":10,"win_rate":0.0,"timestamp":1611549693,"path_taken":["M","?","M","M","M","E","R","M","T","?","M","M","R","?","R","BOSS","M","?","$","?","?","R","M","R","T","$","R","?","$","?","R","BOSS","M","?","M","M","M","R","E","R","T","E","$","M","R","M","R","BOSS"],"items_purchased_type":["Card","Card","Relic","Card","Card"],"build_version":"2020-12-22","purchased_purges":1,"victory":true,"max_hp_per_floor":[80,80,80,80,80,80,80,80,80,80,80,80,80,80,80,80,80,80,80,80,80,80,80,80,80,80,80,80,80,80,80,80,80,80,80,80,80,80,80,80,80,80,80,80,80,80,80,80,80,80],"card_choices":[{"not_picked":["Bloodletting","Warcry"],"picked":"Perfected Strike","floor":1},{"not_picked":["Heavy Blade","True Grit"],"picked":"Clothesline","floor":3},{"not_picked":["Warcry","Anger"],"picked":"Perfected Strike","floor":4},{"not_picked":["Bloodletting","Fire Breathing"],"picked":"Cleave","floor":5},{"not_picked":["Berserk","Burning Pact"],"picked":"Twin Strike","floor":6},{"not_picked":["Clash","Warcry"],"picked":"Seeing Red","floor":8},{"not_picked":["Rampage","Cleave"],"picked":"Battle Trance+1","floor":10},{"not_picked":["Headbutt","Flex+1"],"picked":"Shrug It Off+1","floor":11},{"not_picked":["Entrench+1","Shockwave+1"],"picked":"Intimidate+1","floor":12},{"not_picked":["Clothesline","Combust"],"picked":"Metallicize","floor":14},{"not_picked":["Brutality","Barricade"],"picked":"Juggernaut","floor":16},{"not_picked":["Carnage","Body Slam"],"picked":"Armaments+1","floor":18},{"not_picked":["Metallicize","Clash"],"picked":"Perfected Strike","floor":22},{"not_picked":["Clash","Clothesline"],"picked":"Ghostly Armor+1","floor":24},{"not_picked":["Second Wind+1","Combust+1"],"picked":"Twin Strike","floor":31},{"not_picked":["Fiend Fire","Brutality+1"],"picked":"Berserk+1","floor":33},{"not_picked":["Reckless Charge+1","Warcry+1"],"picked":"Perfected Strike","floor":35},{"not_picked":["Infernal Blade+1","Intimidate+1"],"picked":"Perfected Strike+1","floor":37},{"not_picked":["Sword Boomerang","Anger","Cleave"],"picked":"SKIP","floor":38},{"not_picked":["Rupture+1","Anger"],"picked":"Iron Wave+1","floor":39},{"not_picked":["Cleave+1","Dark Embrace+1"],"picked":"Pommel Strike","floor":41},{"not_picked":["Anger","Rampage+1"],"picked":"Seeing Red+1","floor":44},{"not_picked":["Demon Form+1","Entrench+1"],"picked":"Twin Strike","floor":46},{"not_picked":["Rupture+1","Cleave+1"],"picked":"Uppercut+1","floor":48}],"player_experience":608762,"relics_obtained":[{"floor":6,"key":"Gambling Chip"},{"floor":9,"key":"Toxic Egg 2"},{"floor":14,"key":"Regal Pillow"},{"floor":26,"key":"Self Forming Clay"},{"floor":41,"key":"Potion Belt"},{"floor":44,"key":"Gremlin Horn"}],"event_choices":[{"damage_healed":0,"gold_gain":0,"player_choice":"2 cards matched","damage_taken":0,"max_hp_gain":0,"max_hp_loss":0,"event_name":"Match and Keep!","floor":2,"gold_loss":0,"cards_obtained":["Shockwave","Iron Wave"]},{"damage_healed":0,"gold_gain":0,"player_choice":"2 cards matched","damage_taken":0,"max_hp_gain":0,"max_hp_loss":0,"event_name":"Match and Keep!","floor":2,"gold_loss":0,"cards_obtained":["Shockwave","Iron Wave"]},{"damage_healed":0,"gold_gain":0,"player_choice":"Searched \u00271\u0027 times","damage_taken":0,"max_hp_gain":0,"max_hp_loss":0,"event_name":"Dead Adventurer","floor":14,"gold_loss":0},{"cards_removed":["Defend_R"],"damage_healed":0,"gold_gain":0,"player_choice":"Offered Basic","damage_taken":0,"max_hp_gain":0,"max_hp_loss":0,"event_name":"Bonfire Elementals","floor":21,"gold_loss":0},{"cards_removed":["Intimidate"],"damage_healed":0,"gold_gain":0,"player_choice":"Gave Card","damage_taken":0,"relics_obtained":["Frozen Egg 2"],"max_hp_gain":0,"max_hp_loss":0,"event_name":"WeMeetAgain","floor":29,"gold_loss":0}],"is_beta":false,"boss_relics":[{"not_picked":["Black Blood","Ectoplasm"],"picked":"sneckomod:SneckoTalon"},{"not_picked":["Empty Cage","Philosopher\u0027s Stone"],"picked":"Cursed Key"}],"items_purged_floors":[20],"is_endless":false,"potions_floor_spawned":[1,6,8,11,12,24,33,38,41,46],"ascension_level":1}}