{"host":"1c17lcvl7acx821p","time":1611609383,"event":{"mods":["AchievementEnabler","BaseMod","Colored Map","Minty Spire (QoL Compilation)","Quick Restart","Relic Sorter","StSLib"],"gold_per_floor":[118,128,138,138,138,138,150,150,150,150,150,150,178,196,196,196,295,295,311,321,64,78,78,95,95,126,126,146,146,165,185,185,40,57,57,57],"floor_reached":35,"language":"ENG","playtime":1552,"items_purged":["Strike_B"],"score":436,"play_id":"e1419bc8-eb27-462e-86b4-55291c18f6dd","local_time":"20210125231623","is_ascension_mode":true,"campfire_choices":[{"data":"Zap","floor":6.0,"key":"SMITH"},{"data":"Barrage","floor":8.0,"key":"SMITH"},{"floor":16,"key":"REST"},{"data":"Fission","floor":25,"key":"SMITH"},{"floor":27,"key":"REST"}],"circlet_count":0,"master_deck":["AscendersBane","Strike_B+1","Defend_B+1","Defend_B","Defend_B","Defend_B","Zap+1","Dualcast","CurseOfTheBell","Hologram+1","Barrage+1","Conserve Battery","FTL","Darkness","Conserve Battery","Fission+1","Glacier","Ball Lightning+1"],"relics":["Calling Bell","Blood Vial","InkBottle","Torii","Incense Burner","Unceasing Top","Pen Nib","MealTicket","Busted Crown","TheAbacus","NlothsMask","StrikeDummy","OrangePellets"],"acts_visited":["Exordium","TheCity"],"potions_floor_usage":[14,26,35],"damage_taken":[{"damage":3.0,"enemies":"Cultist","floor":1.0,"turns":5.0},{"damage":14.0,"enemies":"Jaw Worm","floor":2.0,"turns":6.0},{"damage":10.0,"enemies":"Small Slimes","floor":3.0,"turns":4.0},{"damage":1.0,"enemies":"2 Fungi Beasts","floor":7.0,"turns":4.0},{"damage":19.0,"enemies":"Gremlin Nob","floor":13.0,"turns":5.0},{"damage":1,"enemies":"Gremlin Gang","floor":14,"turns":6},{"damage":16,"enemies":"Hexaghost","floor":17,"turns":9},{"damage":13,"enemies":"Shell Parasite","floor":19,"turns":9},{"damage":20,"enemies":"Spheric Guardian","floor":20,"turns":14},{"damage":2,"enemies":"Centurion and Healer","floor":22,"turns":6},{"damage":4,"enemies":"Cultist and Chosen","floor":24,"turns":10},{"damage":19,"enemies":"Slavers","floor":26,"turns":7},{"damage":19,"enemies":"Chosen and Byrds","floor":28,"turns":8},{"damage":0,"enemies":"Snecko","floor":30,"turns":4},{"damage":9,"enemies":"Snake Plant","floor":31,"turns":4},{"damage":13,"enemies":"Cultist and Chosen","floor":34,"turns":8},{"damage":78,"enemies":"Gremlin Leader","floor":35,"turns":10}],"seed_played":"5389767097678676121","potions_obtained":[{"floor":13.0,"key":"DistilledChaos"},{"floor":17,"key":"SmokeBomb"},{"floor":22,"key":"LiquidBronze"},{"floor":30,"key":"LiquidMemories"}],"is_trial":false,"path_per_floor":["M","M","M","?","?","R","M","R","T","T","?","?","E","M","?","R","B",null,"M","M","$","M","?","M","R","E","R","M","T","M","M","?","$","M","E"],"character_chosen":"DEFECT","items_purchased":["TheAbacus","Glacier","OrangePellets"],"campfire_rested":2,"item_purchase_floors":[21,21,33],"current_hp_per_floor":[67,55,47,47,40,40,41,41,41,41,34,19,2,3,3,25,11,59,48,30,45,45,45,43,43,26,48,31,31,33,26,51,66,55,0,0],"gold":57,"neow_bonus":"BOSS_RELIC","is_daily":false,"chose_seed":false,"campfire_upgraded":3,"win_rate":0.0,"timestamp":1611609383,"path_taken":["M","M","M","?","?","R","M","R","T","T","?","?","E","M","?","R","BOSS","M","?","$","?","?","M","R","E","R","M","T","?","M","?","$","M","E"],"items_purchased_type":["Relic","Card","Relic"],"build_version":"2020-12-22","purchased_purges":1,"victory":false,"max_hp_per_floor":[75,75,75,75,75,75,75,75,75,75,75,75,75,75,75,75,75,75,75,75,75,75,75,75,75,75,75,75,75,75,75,75,75,75,75,75],"card_choices":[{"not_picked":["Turbo","Double Energy"],"picked":"Hologram","floor":1.0},{"not_picked":["Stack","Redo"],"picked":"Barrage","floor":2.0},{"not_picked":["Scrape","Lockon"],"picked":"Conserve Battery","floor":3.0},{"not_picked":["Beam Cell","Streamline"],"picked":"FTL","floor":7.0},{"not_picked":["Amplify","Melter"],"picked":"Darkness","floor":13.0},{"not_picked":["Steam","Go for the Eyes"],"picked":"Conserve Battery","floor":14},{"not_picked":["Reboot","Meteor Strike"],"picked":"Fission","floor":17},{"not_picked":["Lockon+1"],"picked":"SKIP","floor":19},{"not_picked":["Steam"],"picked":"SKIP","floor":20},{"not_picked":["Beam Cell"],"picked":"SKIP","floor":22},{"not_picked":["Lockon+1"],"picked":"SKIP","floor":24},{"not_picked":["Beam Cell"],"picked":"SKIP","floor":26},{"not_picked":["Steam Power"],"picked":"SKIP","floor":28},{"not_picked":["Streamline"],"picked":"SKIP","floor":30},{"not_picked":["Redo"],"picked":"SKIP","floor":31},{"not_picked":[],"picked":"Ball Lightning+1","floor":34}],"player_experience":204776,"relics_obtained":[{"floor":0.0,"key":"Blood Vial"},{"floor":0.0,"key":"InkBottle"},{"floor":0.0,"key":"Torii"},{"floor":9.0,"key":"Unceasing Top"},{"floor":10.0,"key":"Pen Nib"},{"floor":13.0,"key":"MealTicket"},{"floor":26,"key":"StrikeDummy"}],"event_choices":[{"damage_healed":0.0,"max_hp_gain":0.0,"max_hp_loss":0.0,"gold_gain":0.0,"event_name":"Living Wall","player_choice":"Grow","floor":4.0,"gold_loss":0.0,"damage_taken":0.0,"cards_upgraded":["Hologram"]},{"damage_healed":0.0,"max_hp_gain":0.0,"max_hp_loss":0.0,"gold_gain":0.0,"event_name":"Scrap Ooze","player_choice":"Success","floor":5.0,"gold_loss":0.0,"damage_taken":7.0,"relics_obtained":["Incense Burner"]},{"cards_removed":["Strike_B"],"damage_healed":0.0,"max_hp_gain":0.0,"max_hp_loss":0.0,"gold_gain":0.0,"event_name":"Golden Wing","player_choice":"Card Removal","floor":11.0,"gold_loss":0.0,"damage_taken":7.0},{"damage_healed":0.0,"max_hp_gain":0.0,"max_hp_loss":0.0,"gold_gain":0.0,"event_name":"Shining Light","player_choice":"Entered Light","floor":12.0,"gold_loss":0.0,"damage_taken":15.0,"cards_upgraded":["Defend_B","Strike_B"]},{"cards_removed":["Strike_B"],"damage_healed":0,"gold_gain":0,"player_choice":"Offered Basic","damage_taken":0,"max_hp_gain":0,"max_hp_loss":0,"event_name":"Bonfire Elementals","floor":15,"gold_loss":0},{"damage_healed":0,"gold_gain":0,"player_choice":"Trade","damage_taken":0,"relics_obtained":["NlothsMask"],"max_hp_gain":0,"max_hp_loss":0,"event_name":"FaceTrader","floor":23,"gold_loss":0},{"damage_healed":25,"gold_gain":0,"player_choice":"Heal","damage_taken":0,"max_hp_gain":0,"max_hp_loss":0,"event_name":"The Library","floor":32,"gold_loss":0}],"is_beta":false,"boss_relics":[{"not_picked":["SlaversCollar","Runic Dome"],"picked":"Busted Crown"}],"items_purged_floors":[21],"is_endless":false,"potions_floor_spawned":[13,17,22,24,30,31],"killed_by":"Gremlin Leader","ascension_level":11}}