{"host":"njb27ds59h4j3ikk","time":1611590900,"event":{"mods":["AchievementEnabler","BaseMod","Better Altar","Better Match","Better Note","Better Sensory Stone","Better Skull","Better Third Choice","BetterRewards","Downfall","Hermit","Hubris","Minty Spire (QoL Compilation)","Permanent Neow","Quarter Circle Forward PUNCH!","Quick Restart","Rare Cards Sparkle","Shop Mod","StSLib","Trackpad","Transform Curses"],"gold_per_floor":[99,113,113,113,133,167,167,167,186,197,97,132,132,148,177,177,177],"floor_reached":16,"language":"ENG","playtime":735,"items_purged":[],"score":103,"play_id":"db58267f-a49c-4fe8-b15f-b706236fc09b","local_time":"20210125110820","is_ascension_mode":false,"campfire_choices":[{"data":"hermit:Snapshot","floor":1,"key":"SMITH"},{"floor":8,"key":"REST"},{"data":"hermit:DeadOrAlive","floor":11,"key":"SMITH"},{"data":"hermit:SprayPray","floor":13,"key":"SMITH"}],"circlet_count":0,"master_deck":["hermit:Strike_Hermit","hermit:Strike_Hermit","hermit:Strike_Hermit","hermit:Strike_Hermit","hermit:Defend_Hermit","hermit:Defend_Hermit","hermit:Defend_Hermit","hermit:Defend_Hermit","hermit:Snapshot+1","hermit:Covet","hermit:Misfire","hermit:GoldenBullet","hermit:Feint","hermit:LowProfile","hermit:DeadOrAlive+1","hermit:SprayPray+1","hermit:Cheat","hermit:HeroicBravado"],"relics":["hermit:Momento","Du-Vu Doll","Nunchaku","Spirit Poop","Pear","trackpad:DisasterInABottle","downfall:HeartBlessingGreen"],"acts_visited":["Exordium"],"potions_floor_usage":[16,16,16],"damage_taken":[{"damage":6,"enemies":"Jaw Worm","floor":2,"turns":3},{"damage":5,"enemies":"Small Slimes","floor":5,"turns":2},{"damage":36,"enemies":"Gremlin Nob","floor":6,"turns":5},{"damage":0,"enemies":"Cultist","floor":9,"turns":2},{"damage":0,"enemies":"2 Fungi Beasts","floor":10,"turns":3},{"damage":0,"enemies":"Large Slime","floor":12,"turns":2},{"damage":0,"enemies":"3 Louse","floor":14,"turns":1},{"damage":13,"enemies":"Red Slaver","floor":15,"turns":3},{"damage":50,"enemies":"WA_ARCHETYPE_RETAIN","floor":16,"turns":9}],"seed_played":"1249960047000311947","potions_obtained":[{"floor":6,"key":"Explosive Potion"},{"floor":9,"key":"Swift Potion"},{"floor":15,"key":"Weak Potion"}],"is_trial":false,"path_per_floor":["R","M","?","?","M","E","T","R","M","M","R","M","R","M","M","B"],"character_chosen":"HERMIT","items_purchased":[],"campfire_rested":1,"item_purchase_floors":[],"current_hp_per_floor":[75,69,69,69,64,38,38,63,63,63,63,63,63,63,50,0,0],"gold":177,"neow_bonus":"ONE_RARE_RELIC","is_daily":false,"chose_seed":false,"campfire_upgraded":3,"win_rate":0.0,"timestamp":1611590900,"path_taken":["R","M","?","?","M","E","T","R","M","?","R","M","R","M","M","BOSS"],"items_purchased_type":[],"build_version":"2020-12-22","purchased_purges":0,"victory":false,"max_hp_per_floor":[75,75,75,75,75,85,85,85,85,85,85,85,85,85,85,85,85],"card_choices":[{"not_picked":["hermit:Snipe","hermit:LuckOfTheDraw"],"picked":"hermit:Misfire","floor":2},{"not_picked":["hermit:LowProfile","hermit:Feint"],"picked":"hermit:GoldenBullet","floor":5},{"not_picked":["hermit:Coalescence","hermit:NoHoldsBarred"],"picked":"hermit:Feint","floor":6},{"not_picked":["hermit:FullyLoaded","hermit:HoleUp"],"picked":"hermit:LowProfile","floor":9},{"not_picked":["hermit:Dive","hermit:ShadowCloak"],"picked":"hermit:DeadOrAlive","floor":10},{"not_picked":["hermit:Desperado","hermit:Horror"],"picked":"hermit:SprayPray","floor":12},{"not_picked":["hermit:BigShot","hermit:LuckOfTheDraw"],"picked":"hermit:Cheat","floor":14},{"not_picked":["hermit:BodyArmor","hermit:Malice"],"picked":"hermit:HeroicBravado","floor":15}],"player_experience":1310435,"relics_obtained":[{"floor":6,"key":"Pear"},{"floor":7,"key":"trackpad:DisasterInABottle"}],"event_choices":[{"cards_removed":["hubris:Sloth"],"damage_healed":0,"gold_gain":0,"player_choice":"Offered Curse","damage_taken":0,"relics_obtained":["Spirit Poop"],"max_hp_gain":0,"max_hp_loss":0,"event_name":"Bonfire Elementals","floor":4,"gold_loss":0}],"is_beta":false,"boss_relics":[],"items_purged_floors":[],"is_endless":false,"potions_floor_spawned":[6,9,15],"killed_by":"WA_ARCHETYPE_RETAIN","ascension_level":0}}