{"host":"bf9sa99gaumonoeu","time":1611539877,"event":{"mods":["AchievementEnabler","Act Like it!","Aspiration","BaseMod","Bestiary","Block Reminder","Colored Map","Colored Powertips","Downfall","Friendly Minions","Gensokyo","GifTheSpireLib","Hallownest","Hermit","Highlight Path","Jorbs\u0027s Wanderer Trilogy","KinomotoSakuraMod(????)","Koishi","Marisa????????","Minty Spire (QoL Compilation)","Rare Cards Sparkle","Relic Filter Mod","Relic Stats","Reliquary","Spire Arcade","StSLib","The Administrix","ojb\u0027s Info Mod"],"gold_per_floor":[99,111,121,139,10,43,90,100,128,139,151,165,65,65,85,184,184,184,184],"floor_reached":17,"language":"ENG","playtime":1502,"items_purged":["sneckomod:Strike"],"score":171,"play_id":"7ee16e1e-9ce4-473b-babe-66decc8b73d1","local_time":"20210124235757","is_ascension_mode":false,"campfire_choices":[{"floor":13.0,"key":"REST"}],"circlet_count":0,"master_deck":["sneckomod:Strike","sneckomod:Strike","sneckomod:Defend","sneckomod:Defend","sneckomod:Defend","sneckomod:TailWhip","sneckomod:SnekBite","sneckomod:Unknown","ClowCardTheJump","sneckomod:WideSting","sneckomod:QuickBite","sneckomod:UnknownDraw","sneckomod:ImprovisedGuard","sneckomod:SnakeSap","sneckomod:UnknownUncommonAttack","sneckomod:UnknownUncommonSkill","sneckomod:DiceBoulder","sneckomod:UnknownVulnerable","sneckomod:UnknownRareAttack","sneckomod:SoulDraw","sneckomod:UnknownRarePower"],"relics":["sneckomod:SneckoSoul","TungstenRod","Omamori","PreservedInsect","aspiration:HatOfInfinitePower","downfall:HeartBlessingGreen","Fusion Hammer"],"acts_visited":["Exordium","TheCity"],"potions_floor_usage":[16,16],"damage_taken":[{"damage":0.0,"enemies":"Cultist","floor":2.0,"turns":4.0},{"damage":9.0,"enemies":"Jaw Worm","floor":3.0,"turns":3.0},{"damage":0.0,"enemies":"Small Slimes","floor":4.0,"turns":4.0},{"damage":0.0,"enemies":"downfall:FleeingMerchant","floor":5.0,"turns":4.0},{"damage":12.0,"enemies":"3 Sentries","floor":6.0,"turns":5.0},{"damage":4.0,"enemies":"Gremlin Gang","floor":8.0,"turns":3.0},{"damage":17.0,"enemies":"Lagavulin","floor":9.0,"turns":4.0},{"damage":0.0,"enemies":"Red Slaver","floor":10.0,"turns":2.0},{"damage":6.0,"enemies":"Blue Slaver","floor":11.0,"turns":2.0},{"damage":10.0,"enemies":"Exordium Thugs","floor":12.0,"turns":3.0},{"damage":0,"enemies":"Large Slime","floor":15,"turns":3},{"damage":88,"enemies":"SI_SHIV_ARCHETYPE","floor":16,"turns":14}],"seed_played":"-5813696294235599200","potions_obtained":[{"floor":4.0,"key":"DistilledChaos"},{"floor":9.0,"key":"Strength Potion"},{"floor":10.0,"key":"FearPotion"},{"floor":12.0,"key":"Block Potion"},{"floor":16,"key":"DistilledChaos"}],"is_trial":false,"path_per_floor":["R","M","M","M","$","E","T","M","E","M","M","M","R","?","M","B",null],"character_chosen":"THE_SNECKO","items_purchased":["sneckomod:SnakeSap"],"campfire_rested":1,"item_purchase_floors":[5],"current_hp_per_floor":[81,81,72,72,72,60,60,61,44,44,38,28,52,72,72,13,81,81,81],"gold":184,"neow_bonus":"ONE_RARE_RELIC","is_daily":false,"chose_seed":false,"campfire_upgraded":0,"win_rate":0.0,"timestamp":1611539877,"path_taken":["R","M","M","M","$","E","T","M","E","M","M","?","R","?","M","BOSS"],"items_purchased_type":["Card"],"build_version":"2020-12-22","purchased_purges":1,"victory":false,"max_hp_per_floor":[81,81,81,81,81,81,81,81,81,81,81,81,81,81,81,81,81,81,81],"relic_stats":{"counters":[12,51],"PreservedInsect":28,"obtain_stats":[{"downfall:HeartBlessingGreen":13,"PreservedInsect":7,"Fusion Hammer":17,"Omamori":6,"sneckomod:SneckoSoul":0,"aspiration:HatOfInfinitePower":9,"TungstenRod":0},{"downfall:HeartBlessingGreen":10,"PreservedInsect":5,"Fusion Hammer":12,"Omamori":5,"sneckomod:SneckoSoul":0,"aspiration:HatOfInfinitePower":7,"TungstenRod":0},{"downfall:HeartBlessingGreen":34,"PreservedInsect":20,"Fusion Hammer":51,"Omamori":20,"sneckomod:SneckoSoul":0,"aspiration:HatOfInfinitePower":27,"TungstenRod":0}],"TungstenRod":26},"card_choices":[{"not_picked":["sneckomod:UnknownCommonAttack","sneckomod:Rotation"],"picked":"sneckomod:WideSting","floor":2.0},{"not_picked":["sneckomod:QuickMove","sneckomod:SnakeSap"],"picked":"sneckomod:QuickBite","floor":3.0},{"not_picked":["sneckomod:Unknown0Cost","sneckomod:IronFang"],"picked":"sneckomod:UnknownDraw","floor":4.0},{"not_picked":["sneckomod:UnknownCommonSkill","sneckomod:RainOfDice"],"picked":"sneckomod:ImprovisedGuard","floor":5.0},{"not_picked":["sneckomod:UnknownCommonSkill","sneckomod:Unknown1Cost"],"picked":"sneckomod:UnknownUncommonAttack","floor":6.0},{"not_picked":["sneckomod:MasterEye","sneckomod:SnekBeam"],"picked":"sneckomod:UnknownUncommonSkill","floor":8.0},{"not_picked":["sneckomod:DiceBlock","sneckomod:SlitherStrike"],"picked":"sneckomod:DiceBoulder","floor":9.0},{"not_picked":["sneckomod:SnekBeam","sneckomod:Rotation"],"picked":"sneckomod:UnknownVulnerable","floor":10.0},{"not_picked":["sneckomod:QuickBite","sneckomod:DiceCrush","sneckomod:SnekBeam"],"picked":"SKIP","floor":11.0},{"not_picked":["sneckomod:CheapStock","sneckomod:Unknown1Cost"],"picked":"sneckomod:UnknownRareAttack","floor":12.0},{"not_picked":["sneckomod:UnknownBlock","sneckomod:DiceCrush"],"picked":"sneckomod:SoulDraw","floor":15},{"not_picked":["sneckomod:SerpentMind","sneckomod:SoulExchange"],"picked":"sneckomod:UnknownRarePower","floor":16}],"player_experience":950853,"relics_obtained":[{"floor":6.0,"key":"Omamori"},{"floor":7.0,"key":"PreservedInsect"},{"floor":9.0,"key":"aspiration:HatOfInfinitePower"}],"event_choices":[{"damage_healed":20,"gold_gain":0,"player_choice":"Healed and dodged fight","damage_taken":0,"max_hp_gain":0,"max_hp_loss":0,"event_name":"Mushrooms","floor":14,"gold_loss":0,"cards_obtained":["Parasite"]}],"is_beta":false,"boss_relics":[{"not_picked":["Black Star","Astrolabe"],"picked":"Fusion Hammer"}],"items_purged_floors":[5],"is_endless":false,"potions_floor_spawned":[4,9,10,12,16],"ascension_level":0}}