{"host":"p62uqwu04pp7leh9","time":1611556265,"event":{"mods":["BaseMod","Block Reminder","Colored Map","Colored Powertips","Minty Spire (QoL Compilation)","Relic Stats"],"gold_per_floor":[110,110,130,149,3,36,36,68,114,114,114,141,167,178,178,274,274,292,306,306,306,323,323,137,137,137],"floor_reached":25,"language":"ENG","playtime":1586,"items_purged":["Strike_R","Strike_R"],"score":241,"play_id":"b96905e4-df0f-4c86-9e00-0382438539b7","local_time":"20210125003105","is_ascension_mode":true,"campfire_choices":[{"data":"Dropkick","floor":7,"key":"SMITH"},{"floor":11,"key":"REST"},{"data":"Offering","floor":15,"key":"SMITH"},{"data":"Dual Wield","floor":23,"key":"SMITH"}],"circlet_count":0,"master_deck":["Strike_R","Defend_R","Defend_R","Defend_R","Defend_R","Bash","Thunderclap","Dropkick+1","Havoc","Offering+1","CurseOfTheBell","Dual Wield+1","Exhume","Berserk","Decay","Sever Soul","Finesse"],"relics":["Runic Pyramid","Eternal Feather","Happy Flower","Regal Pillow","Gambling Chip","Red Skull","Odd Mushroom","Calling Bell","Oddly Smooth Stone","Meat on the Bone","FossilizedHelix"],"acts_visited":["Exordium","TheCity"],"potions_floor_usage":[8,16,16,19],"damage_taken":[{"damage":12,"enemies":"Small Slimes","floor":1,"turns":4},{"damage":3,"enemies":"Jaw Worm","floor":3,"turns":4},{"damage":1,"enemies":"Cultist","floor":4,"turns":3},{"damage":44,"enemies":"Lagavulin","floor":6,"turns":6},{"damage":23,"enemies":"3 Sentries","floor":8,"turns":7},{"damage":22,"enemies":"Gremlin Nob","floor":12,"turns":3},{"damage":6,"enemies":"The Mushroom Lair","floor":13,"turns":2},{"damage":6,"enemies":"Red Slaver","floor":14,"turns":1},{"damage":22,"enemies":"Hexaghost","floor":16,"turns":5},{"damage":27,"enemies":"2 Thieves","floor":18,"turns":3},{"damage":12,"enemies":"3 Byrds","floor":19,"turns":3},{"damage":24,"enemies":"Centurion and Healer","floor":22,"turns":2},{"damage":59,"enemies":"Slavers","floor":25,"turns":3}],"seed_played":"1877438425721149378","potions_obtained":[{"floor":1,"key":"Swift Potion"},{"floor":3,"key":"SkillPotion"},{"floor":12,"key":"DuplicationPotion"},{"floor":16,"key":"FearPotion"},{"floor":22,"key":"SteroidPotion"}],"is_trial":false,"path_per_floor":["M","?","M","M","$","E","R","E","T","T","R","E","?","M","R","B",null,"M","M","?","?","M","R","$","E"],"character_chosen":"IRONCLAD","items_purchased":["Dropkick","Finesse"],"campfire_rested":1,"item_purchase_floors":[5,24],"current_hp_per_floor":[68,73,70,69,69,25,31,8,8,8,54,32,26,20,26,4,85,58,46,46,46,34,43,43,0,0],"gold":137,"neow_bonus":"BOSS_RELIC","is_daily":false,"chose_seed":false,"campfire_upgraded":3,"win_rate":0.0,"timestamp":1611556265,"path_taken":["M","?","M","M","$","E","R","E","T","?","R","E","?","M","R","BOSS","M","M","?","?","?","R","$","E"],"items_purchased_type":["Card","Card"],"build_version":"2020-12-22","purchased_purges":2,"victory":false,"max_hp_per_floor":[80,85,85,85,85,85,85,85,85,85,85,85,85,85,85,85,85,85,85,85,85,85,85,85,85,85],"relic_stats":{"Regal Pillow":15,"Happy Flower":[7],"counters":[13,46],"Gambling Chip":[31],"Eternal Feather":27,"obtain_stats":[{"Calling Bell":17,"Regal Pillow":9,"Happy Flower":8,"Gambling Chip":10,"Oddly Smooth Stone":17,"Eternal Feather":6,"Odd Mushroom":13,"Burning Blood":0,"Red Skull":12,"FossilizedHelix":17,"Runic Pyramid":0,"Meat on the Bone":17},{"Calling Bell":9,"Regal Pillow":5,"Happy Flower":5,"Gambling Chip":5,"Oddly Smooth Stone":9,"Eternal Feather":4,"Odd Mushroom":7,"Burning Blood":0,"Red Skull":6,"FossilizedHelix":9,"Runic Pyramid":0,"Meat on the Bone":9},{"Calling Bell":35,"Regal Pillow":24,"Happy Flower":24,"Gambling Chip":24,"Oddly Smooth Stone":35,"Eternal Feather":17,"Odd Mushroom":29,"Burning Blood":0,"Red Skull":27,"FossilizedHelix":35,"Runic Pyramid":0,"Meat on the Bone":35}],"Meat on the Bone":12},"card_choices":[{"not_picked":["Battle Trance","Body Slam","Whirlwind"],"picked":"SKIP","floor":1},{"not_picked":["Anger","Armaments","Blood for Blood"],"picked":"SKIP","floor":3},{"not_picked":["Disarm","Rage"],"picked":"Thunderclap","floor":4},{"not_picked":["Power Through","Uppercut"],"picked":"Havoc","floor":6},{"not_picked":["Perfected Strike","Twin Strike"],"picked":"Offering","floor":8},{"not_picked":["Metallicize","Sword Boomerang","Searing Blow"],"picked":"SKIP","floor":12},{"not_picked":["Twin Strike","Entrench","Rupture"],"picked":"SKIP","floor":14},{"not_picked":["Shockwave","Flame Barrier"],"picked":"Dual Wield","floor":18},{"not_picked":["True Grit","Searing Blow","Entrench+1"],"picked":"SKIP","floor":19},{"not_picked":["Thunderclap+1","Twin Strike"],"picked":"Sever Soul","floor":22}],"player_experience":314486,"relics_obtained":[{"floor":6,"key":"Eternal Feather"},{"floor":8,"key":"Happy Flower"},{"floor":9,"key":"Regal Pillow"},{"floor":10,"key":"Gambling Chip"},{"floor":12,"key":"Red Skull"},{"floor":13,"key":"Odd Mushroom"},{"floor":17,"key":"Oddly Smooth Stone"},{"floor":17,"key":"Meat on the Bone"},{"floor":17,"key":"FossilizedHelix"}],"event_choices":[{"damage_healed":0,"gold_gain":0,"player_choice":"Donut","damage_taken":0,"max_hp_gain":5,"max_hp_loss":0,"event_name":"Big Fish","floor":2,"gold_loss":0},{"damage_healed":0,"gold_gain":0,"player_choice":"Fought Mushrooms","damage_taken":0,"max_hp_gain":0,"max_hp_loss":0,"event_name":"Mushrooms","floor":13,"gold_loss":0},{"damage_healed":0,"gold_gain":0,"cards_transformed":["Strike_R","Strike_R"],"player_choice":"Became Test Subject","damage_taken":0,"max_hp_gain":0,"max_hp_loss":0,"event_name":"Drug Dealer","floor":20,"gold_loss":0,"cards_obtained":["Exhume","Berserk"]},{"damage_healed":0,"gold_gain":0,"player_choice":"Cursed","damage_taken":0,"max_hp_gain":0,"max_hp_loss":0,"event_name":"Wheel of Change","floor":21,"gold_loss":0,"cards_obtained":["Decay"]}],"is_beta":false,"boss_relics":[{"not_picked":["Cursed Key","SacredBark"],"picked":"Calling Bell"}],"items_purged_floors":[5,24],"is_endless":false,"potions_floor_spawned":[1,3,12,16,22],"killed_by":"Slavers","ascension_level":2}}