{"host":"ocll6kdfqxraqtza","time":1611600466,"event":{"mods":["2.2 Compatiblity","Act Like it!","Aspiration","BaseMod","Better Third Choice","Gensokyo","Hallownest","Hermit","Hubris","Jorbs\u0027s Wanderer Trilogy","Luminous","Marisa（霧雨　魔理沙）","Minty Spire (QoL Compilation)","Reimu（博??梦）","Replay The Spire","Shade Mod","StSLib","The Alterego","The Bug Knight","The Cursed","The Hierophant","The Marked","The Runesmith","TheBandit","Wandering Minibosses"],"gold_per_floor":[113,13,13,13,13,41,57,57,84,113,133,133,133,133,133,235,235,246,257,257,277,277,277,312,332,332,362,374,374,374,374,374,472,472,492,1491,1211,1223,1235,1235,1246,1246,1246,1261,897,949,949,949,949,949,949,949,463,494,494,494],"floor_reached":55,"language":"ENG","playtime":2305,"items_purged":["Normality","Normality","Bane"],"score":641,"play_id":"18095a76-7523-4387-b1bf-20e3becbff2c","local_time":"20210126024746","is_ascension_mode":false,"campfire_choices":[{"data":"Distraction","floor":13,"key":"SMITH"},{"data":"theMarked:Strike","floor":15,"key":"PURGE"},{"data":"theMarked:EmpowerWeapon","floor":23,"key":"SMITH"},{"data":"theMarked:ComboAttacks","floor":30,"key":"SMITH"},{"floor":32,"key":"REST"},{"floor":40,"key":"RECALL"},{"data":"Magnetism","floor":47,"key":"SMITH"},{"floor":49,"key":"REST"},{"data":"theMarked:ComboAttacks","floor":52,"key":"SMITH"}],"circlet_count":0,"master_deck":["theMarked:SoldierOfQuellstein+1","theMarked:ChainLightning","theMarked:TakeOffHeels","theMarked:BanishingStrike","Slice","Distraction+1","theMarked:OneWithTheBlade","theMarked:FavorableWinds+1","theMarked:WardOff","theMarked:EmpowerWeapon+1","theMarked:ChainLightning+1","theMarked:Parkour+1","theMarked:TwofoldDefense+1","theMarked:ComboAttacks+1","theMarked:ParalyzingBlade","Master of Strategy","Deep Breath","Bandage Up","theMarked:EternalStudent","theMarked:Aftermath+1","hubris:EnhanceAbility+1","theMarked:Memento+1","theMarked:RogueSparks+1","theMarked:TheMission+1","theMarked:ComboAttacks+1","Magnetism+1","theMarked:ShockingTouch+1","ReplayTheSpireMod:Private Reserves","ReplayTheSpireMod:Brewmster","theMarked:PowerFlow+1","theMarked:StartUp"],"relics":["theMarked:ArtifactOfAir","NeowsBlessing","Kunai","Pen Nib","PreservedInsect","hubris:GlazedTorus","Gensokyo:LunaticRedEyes","Replay:Drink Me","Juzu Bracelet","TungstenRod","hubris:CrystalStatue","ReplayTheSpireMod:ShopPack","Red Mask","Runic Dome","Membership Card","hubris:BundleOfHerbs","Boot","Guide Book","Mastiff:ReiMu","MealTicket","Bag of Preparation","OrangePellets","RuthlessExorcism:ReiMu","Replay:Rubber Ducky","hubris:AstralHammer"],"acts_visited":["Gensokyo:Gensokyo","Hallownest:CityofTears","TheBeyond","TheEnding"],"potions_floor_usage":[18,24,24,24,24,25,25,33,33,41,46,50,50,50,50,50,54,55,55,55,55,55,55],"damage_taken":[{"damage":0,"enemies":"Gensokyo:2_Kodama","floor":1,"turns":1},{"damage":1,"enemies":"Gensokyo:Cirno","floor":6,"turns":2},{"damage":0,"enemies":"Gensokyo:Gryphon","floor":7,"turns":1},{"damage":18,"enemies":"Gensokyo:Mamizou","floor":10,"turns":5},{"damage":0,"enemies":"Gensokyo:3_Fairies","floor":11,"turns":3},{"damage":15,"enemies":"Gensokyo:Kokoro","floor":16,"turns":7},{"damage":0,"enemies":"Hallownest:3_Youths","floor":18,"turns":7},{"damage":0,"enemies":"Hallownest:2_Mistakes","floor":19,"turns":5},{"damage":0,"enemies":"Hallownest:2_Husk_Sentries","floor":21,"turns":4},{"damage":9,"enemies":"Hallownest:eliteWatcherKnight","floor":24,"turns":8},{"damage":0,"enemies":"Hallownest:2_Flukemon","floor":25,"turns":4},{"damage":6,"enemies":"Hallownest:Nosk","floor":27,"turns":7},{"damage":0,"enemies":"Hallownest:monsterShrumalOgre","floor":28,"turns":3},{"damage":9,"enemies":"Hallownest:BossMantisLord","floor":33,"turns":4},{"damage":0,"enemies":"3 Darklings","floor":35,"turns":2},{"damage":0,"enemies":"3 Shapes","floor":38,"turns":3},{"damage":6,"enemies":"Sphere and 2 Shapes","floor":39,"turns":4},{"damage":16,"enemies":"4 Shapes","floor":41,"turns":5},{"damage":43,"enemies":"Spire Growth","floor":44,"turns":4},{"damage":8,"enemies":"Nemesis","floor":46,"turns":5},{"damage":54,"enemies":"Replay:Hell Engine","floor":50,"turns":6},{"damage":0,"enemies":"Shield and Spear","floor":54,"turns":4},{"damage":64,"enemies":"The Heart","floor":55,"turns":9}],"seed_played":"-7207921496428294798","potions_obtained":[{"floor":7,"key":"FearPotion"},{"floor":16,"key":"SkillPotion"},{"floor":21,"key":"Reflective Coating"},{"floor":25,"key":"ZuzhouPotion:ReiMu"},{"floor":28,"key":"AttackPotion"},{"floor":33,"key":"Fruit Juice"},{"floor":39,"key":"Regen Potion"},{"floor":41,"key":"SkillPotion"},{"floor":44,"key":"ColorlessPotion"}],"is_trial":false,"path_per_floor":["M","?","$","?","COS","E","M","?","T","E","M","?","R","?","R","B",null,"M","M","?","M","?","R","E","M","T","E","M","$","R","?","R","B",null,"M","?","$","M","M","R","M","T","T","M","$","E","R","?","R","B",null,"R","$","E","B"],"character_chosen":"THE_DEFAULT","items_purchased":["hubris:CrystalStatue","ReplayTheSpireMod:ShopPack","Membership Card","hubris:EnhanceAbility","Guide Book","Mastiff:ReiMu","MealTicket","Magnetism","OrangePellets","RuthlessExorcism:ReiMu","Replay:Rubber Ducky","ReplayTheSpireMod:Private Reserves","ReplayTheSpireMod:Brewmster","theMarked:PowerFlow+1","Adrenaline Potion","Adrenaline Potion"],"campfire_rested":2,"item_purchase_floors":[29,29,37,37,45,45,45,45,53,53,53,53,53,53,53,53],"current_hp_per_floor":[70,70,70,70,70,69,69,69,69,51,51,51,51,23,23,8,53,53,53,53,53,53,53,44,44,44,38,38,14,14,14,29,29,58,58,58,58,58,56,56,50,50,50,11,11,7,7,7,24,24,58,58,58,58,0,0],"gold":494,"neow_bonus":"THREE_ENEMY_KILL","is_daily":false,"chose_seed":false,"campfire_upgraded":5,"win_rate":0.0,"timestamp":1611600466,"path_taken":["M","?","$","?","COS","E","M","?","T","E","?","?","R","?","R","BOSS","M","?","?","M","?","R","E","M","T","E","M","?","R","?","R","BOSS","M","?","$","M","M","R","M","?","T","M","$","E","R","?","R","BOSS","R","$","E","BOSS"],"items_purchased_type":["Relic","Relic","Relic","Card","Relic","Relic","Relic","Card","Relic","Relic","Relic","Card","Card","Card","Potion","Potion"],"build_version":"2020-12-22","purchased_purges":3,"victory":false,"max_hp_per_floor":[70,70,70,70,70,70,70,70,70,70,70,70,70,70,70,70,53,53,53,53,53,53,53,53,53,53,53,53,53,53,53,53,58,58,58,58,58,58,58,58,58,58,58,58,58,58,58,58,58,58,58,58,58,58,58,58],"card_choices":[{"not_picked":["theMarked:TakeCover","theMarked:ElectricStrings"],"picked":"theMarked:ChainLightning","floor":1},{"not_picked":["theMarked:HeightenedSenses","theMarked:ShockingTouch"],"picked":"theMarked:TakeOffHeels","floor":6},{"not_picked":["theMarked:Improvise","theMarked:ResourceFulStrike"],"picked":"theMarked:BanishingStrike","floor":7},{"not_picked":["theMarked:EmpowerWeapon","theMarked:TakeCover"],"picked":"theMarked:OneWithTheBlade","floor":10},{"not_picked":["theMarked:MysticalArsenal","theMarked:ParalyzingBlade"],"picked":"theMarked:Abjuration","floor":11},{"not_picked":["theMarked:UnarmedFury","theMarked:Levitate"],"picked":"theMarked:FavorableWinds","floor":16},{"not_picked":["theMarked:WastefulAttack","theMarked:Parry"],"picked":"theMarked:WardOff","floor":18},{"not_picked":["theMarked:Improvise","theMarked:ChainLightning"],"picked":"theMarked:EmpowerWeapon","floor":19},{"not_picked":["theMarked:SwordAndMagic","theMarked:WastefulAttack"],"picked":"theMarked:ChainLightning+1","floor":21},{"not_picked":["theMarked:BanishingStrike","theMarked:ChainLightning"],"picked":"theMarked:Parkour+1","floor":24},{"not_picked":["theMarked:ElectricStrings","theMarked:SwordAndMagic+1"],"picked":"theMarked:TwofoldDefense+1","floor":25},{"not_picked":["theMarked:Levitate","theMarked:WastefulAttack+1"],"picked":"theMarked:ComboAttacks","floor":27},{"not_picked":["theMarked:EmpowerWeapon","theMarked:SwordAndMagic"],"picked":"theMarked:ParalyzingBlade","floor":28},{"not_picked":["The Bomb","ReplayTheSpireMod:Necrogeddon"],"picked":"Master of Strategy","floor":29},{"not_picked":["Trip","hubris:Insight"],"picked":"Deep Breath","floor":29},{"not_picked":["Discovery","ReplayTheSpireMod:Uncanny Aura"],"picked":"Bandage Up","floor":29},{"not_picked":["theMarked:MagusForm","theMarked:Defy"],"picked":"theMarked:EternalStudent","floor":33},{"not_picked":["theMarked:ChainLightning+1","theMarked:Overthink"],"picked":"theMarked:Aftermath+1","floor":35},{"not_picked":["theMarked:Seal+1","theMarked:Static"],"picked":"theMarked:Memento+1","floor":38},{"not_picked":["theMarked:TakeCover+1","theMarked:Parkour"],"picked":"theMarked:RogueSparks+1","floor":39},{"not_picked":["theMarked:Static","theMarked:TwofoldDefense"],"picked":"theMarked:TheMission+1","floor":41},{"not_picked":["theMarked:AttractMetal","theMarked:Determination"],"picked":"theMarked:ComboAttacks","floor":44},{"not_picked":["theMarked:Improvise","theMarked:ThrowWeapon"],"picked":"theMarked:ShockingTouch+1","floor":46},{"not_picked":["theMarked:Electrify","theMarked:WastefulAttack+1"],"picked":"theMarked:StartUp","floor":54}],"player_experience":469270,"relics_obtained":[{"floor":6,"key":"Pen Nib"},{"floor":9,"key":"PreservedInsect"},{"floor":10,"key":"hubris:GlazedTorus"},{"floor":24,"key":"Juzu Bracelet"},{"floor":27,"key":"TungstenRod"},{"floor":42,"key":"hubris:BundleOfHerbs"},{"floor":43,"key":"Boot"},{"floor":46,"key":"Bag of Preparation"},{"floor":54,"key":"hubris:AstralHammer"}],"event_choices":[{"damage_healed":0,"gold_gain":999,"player_choice":"Gold","damage_taken":0,"max_hp_gain":0,"max_hp_loss":0,"event_name":"MindBloom","floor":36,"gold_loss":0,"cards_obtained":["Normality","Normality"]},{"cards_removed":["theMarked:Abjuration"],"damage_healed":0,"gold_gain":0,"player_choice":"Removed Attack","damage_taken":0,"max_hp_gain":0,"max_hp_loss":0,"event_name":"Falling","floor":48,"gold_loss":0}],"is_beta":false,"boss_relics":[{"not_picked":["hubris:HollowSoul","Runic Pyramid"],"picked":"Replay:Drink Me"},{"not_picked":["aspiration:IroncladSkillbook","theMarked:Eyepatch"],"picked":"Runic Dome"}],"items_purged_floors":[37,45,53],"is_endless":false,"potions_floor_spawned":[7,16,21,25,28,33,39,41,44],"killed_by":"The Heart","ascension_level":0}}