{"host":"g01l53quoe6lrer0","time":1611541365,"event":{"mods":["2.2 Compatiblity","AchievementEnabler","BaseMod","Colored Map","Highlight Path","Keyboard Shortcuts","Minty Spire (QoL Compilation)","Permanent Neow","StSLib","SuperFastMode","everything is the same but u backflip on backflip"],"gold_per_floor":[115,125,49,60,235,235,235,235],"floor_reached":7,"language":"KOR","playtime":192,"items_purged":[],"score":70,"play_id":"16dd9473-3ee4-434c-969f-e9b436b4a4b1","local_time":"20210125112245","is_ascension_mode":true,"campfire_choices":[{"data":"Setup","floor":6.0,"key":"SMITH"}],"circlet_count":0,"master_deck":["AscendersBane","Strike_G","Strike_G","Strike_G","Strike_G","Strike_G","Defend_G","Defend_G","Defend_G","Defend_G","Defend_G","Survivor","Neutralize","Sadistic Nature","Dagger Throw","Poisoned Stab","Footwork","Setup+1","Doubt"],"relics":["Ring of the Snake"],"acts_visited":["Exordium"],"potions_floor_usage":[],"damage_taken":[{"damage":3.0,"enemies":"Small Slimes","floor":1.0,"turns":5.0},{"damage":0.0,"enemies":"2 Louse","floor":2.0,"turns":3.0},{"damage":0.0,"enemies":"Cultist","floor":4.0,"turns":3.0},{"damage":0,"enemies":"3 Sentries","floor":7,"turns":1}],"seed_played":"2757053348746584761","potions_obtained":[],"is_trial":false,"path_per_floor":["M","M","$","M","?","R","E"],"character_chosen":"THE_SILENT","items_purchased":["Footwork"],"campfire_rested":0,"item_purchase_floors":[3],"current_hp_per_floor":[56,56,56,56,56,56,56,56],"gold":235,"neow_bonus":"RANDOM_COLORLESS_2","is_daily":false,"chose_seed":false,"campfire_upgraded":1,"win_rate":0.0,"timestamp":1611541365,"path_taken":["M","M","$","M","?","R","E"],"items_purchased_type":["Card"],"build_version":"2020-12-22","purchased_purges":0,"victory":false,"max_hp_per_floor":[60,60,60,60,60,60,60,60],"card_choices":[{"not_picked":["Transmutation","Mayhem"],"picked":"Sadistic Nature","floor":0.0},{"not_picked":["Deflect","Underhanded Strike"],"picked":"Dagger Throw","floor":1.0},{"not_picked":["Outmaneuver","Flechettes"],"picked":"Poisoned Stab","floor":2.0},{"not_picked":["Setup","Dagger Throw","Poisoned Stab"],"picked":"SKIP","floor":4.0},{"not_picked":["Setup","Dagger Throw","Poisoned Stab"],"picked":"SKIP","floor":4.0},{"not_picked":["Dagger Throw","Poisoned Stab"],"picked":"Setup","floor":4.0}],"player_experience":293957,"relics_obtained":[],"event_choices":[{"damage_healed":0.0,"max_hp_gain":0.0,"max_hp_loss":0.0,"gold_gain":175.0,"event_name":"Liars Game","player_choice":"AGREE","floor":5.0,"gold_loss":0.0,"damage_taken":0.0,"cards_obtained":["Doubt"]}],"is_beta":false,"boss_relics":[],"items_purged_floors":[],"is_endless":false,"potions_floor_spawned":[],"killed_by":"3 Sentries","ascension_level":14}}