{"host":"z42sc0n2dozsmk72","time":1611545765,"event":{"mods":["AchievementEnabler","BaseMod","Better Third Choice","Colored Map","Curses Come First","Highlight Path","Minty Spire (QoL Compilation)","Permanent Neow","Quick Restart","Relic Stats","Shop Mod","StSLib","egg","slay the spire mod where everything is the same but ironclad has a cowboy hat"],"gold_per_floor":[114,133,133,152,8,8,25,60,83,83,108,122,122,138,138,239,239,254,265,299,14,26,26,56,67,67,67,67,95,95,130,130,235,235,251,263,188,188,204,204,204,233,259,273,300,315,331,431,431,431,431,431,34,64,64,64],"floor_reached":55,"language":"ENG","playtime":4959,"items_purged":["Armaments+1"],"score":986,"play_id":"b1ca5505-d50d-4263-8d81-d4b18a35112e","local_time":"20210125163604","is_ascension_mode":true,"campfire_choices":[{"data":"Armaments","floor":6.0,"key":"SMITH"},{"data":"True Grit","floor":10.0,"key":"SMITH"},{"data":"Limit Break","floor":13.0,"key":"SMITH"},{"data":"Feel No Pain","floor":15.0,"key":"SMITH"},{"floor":23.0,"key":"REST"},{"data":"Reaper","floor":28.0,"key":"SMITH"},{"data":"Heavy Blade","floor":32.0,"key":"SMITH"},{"data":"Berserk","floor":40.0,"key":"SMITH"},{"floor":49.0,"key":"RECALL"},{"data":"Double Tap","floor":52.0,"key":"SMITH"}],"circlet_count":0,"master_deck":["Spot Weakness+1","Pommel Strike","Clothesline","Limit Break+1","Heavy Blade+1","Double Tap+1","Shrug It Off","Disarm+1","Uppercut+1","True Grit+1","Battle Trance","Feel No Pain+1","Reckless Charge","Berserk+1","Sever Soul+1","Searing Blow+2","Reaper+1","Iron Wave+1","Disarm+1","Inflame+1","Reaper","Warcry+1","Inflame+1","True Grit+1","Iron Wave+1","Shrug It Off"],"relics":["Pandora\u0027s Box","Sling","War Paint","PreservedInsect","Juzu Bracelet","Astrolabe","Red Mask","Toy Ornithopter","Anchor","White Beast Statue","Whetstone","Oddly Smooth Stone","Mark of Pain","Charon\u0027s Ashes","Vajra","Boot","Thread and Needle","Akabeko"],"acts_visited":["Exordium","TheCity","TheBeyond","TheEnding"],"potions_floor_usage":[55,55,55],"damage_taken":[{"damage":2.0,"enemies":"Small Slimes","floor":1.0,"turns":2.0},{"damage":0.0,"enemies":"Cultist","floor":2.0,"turns":3.0},{"damage":10.0,"enemies":"Jaw Worm","floor":4.0,"turns":3.0},{"damage":0.0,"enemies":"Exordium Wildlife","floor":7.0,"turns":2.0},{"damage":21.0,"enemies":"Lagavulin","floor":8.0,"turns":6.0},{"damage":5.0,"enemies":"3 Sentries","floor":11.0,"turns":4.0},{"damage":6.0,"enemies":"Blue Slaver","floor":12.0,"turns":2.0},{"damage":13.0,"enemies":"Lots of Slimes","floor":14.0,"turns":4.0},{"damage":0.0,"enemies":"The Guardian","floor":16.0,"turns":9.0},{"damage":26.0,"enemies":"2 Thieves","floor":18.0,"turns":4.0},{"damage":16.0,"enemies":"Shell Parasite","floor":19.0,"turns":3.0},{"damage":20.0,"enemies":"Masked Bandits","floor":20.0,"turns":5.0},{"damage":21.0,"enemies":"Chosen and Byrds","floor":22.0,"turns":8.0},{"damage":5.0,"enemies":"Book of Stabbing","floor":24.0,"turns":5.0},{"damage":12.0,"enemies":"Cultist and Chosen","floor":25.0,"turns":6.0},{"damage":21.0,"enemies":"Gremlin Leader","floor":29.0,"turns":7.0},{"damage":35.0,"enemies":"Slavers","floor":31.0,"turns":6.0},{"damage":23.0,"enemies":"Champ","floor":33.0,"turns":9.0},{"damage":10.0,"enemies":"3 Darklings","floor":35.0,"turns":9.0},{"damage":0.0,"enemies":"Orb Walker","floor":36.0,"turns":3.0},{"damage":7.0,"enemies":"Maw","floor":39.0,"turns":6.0},{"damage":42.0,"enemies":"Giant Head","floor":42.0,"turns":6.0},{"damage":25.0,"enemies":"Writhing Mass","floor":44.0,"turns":6.0},{"damage":21.0,"enemies":"Nemesis","floor":45.0,"turns":5.0},{"damage":21.0,"enemies":"4 Shapes","floor":46.0,"turns":5.0},{"damage":19.0,"enemies":"3 Darklings","floor":47.0,"turns":6.0},{"damage":58.0,"enemies":"Donu and Deca","floor":50.0,"turns":6.0},{"damage":33.0,"enemies":"Shield and Spear","floor":54.0,"turns":4.0},{"damage":88,"enemies":"The Heart","floor":55,"turns":6}],"seed_played":"4403349592212478414","potions_obtained":[{"floor":2.0,"key":"BlessingOfTheForge"},{"floor":8.0,"key":"Ancient Potion"},{"floor":11.0,"key":"Block Potion"},{"floor":14.0,"key":"SkillPotion"},{"floor":20.0,"key":"SpeedPotion"},{"floor":25.0,"key":"BloodPotion"},{"floor":29.0,"key":"Weak Potion"},{"floor":33.0,"key":"Energy Potion"},{"floor":35.0,"key":"ColorlessPotion"},{"floor":36.0,"key":"HeartOfIron"},{"floor":39.0,"key":"LiquidMemories"},{"floor":45.0,"key":"DuplicationPotion"}],"is_trial":false,"path_per_floor":["M","M","?","M","$","R","M","E","T","R","E","M","R","M","R","B",null,"M","M","?","$","M","R","E","M","T","?","R","E","T","E","R","B",null,"M","M","$","?","M","R","?","E","T","M","E","M","M","?","R","B",null,"R","$","E","B"],"character_chosen":"IRONCLAD","items_purchased":["Sling","Reaper","Toy Ornithopter","Thread and Needle","Dexterity Potion","Shrug It Off"],"campfire_rested":1,"item_purchase_floors":[5,21,21,53,53,53],"current_hp_per_floor":[78,78,78,68,68,68,68,47,47,47,42,36,36,23,23,23,80,54,38,18,18,10,34,29,33,33,18,18,29,29,18,18,17,85,85,85,85,85,85,85,81,81,81,81,81,72,53,53,53,42,81,81,81,81,0,0],"gold":64,"neow_bonus":"BOSS_RELIC","is_daily":false,"chose_seed":false,"campfire_upgraded":8,"win_rate":0.0,"timestamp":1611545764,"path_taken":["M","M","?","M","?","R","?","E","T","R","E","M","R","M","R","BOSS","M","M","?","$","M","R","E","M","T","?","R","E","?","E","R","BOSS","M","M","?","?","M","R","?","E","T","M","E","M","M","?","R","BOSS","R","$","E","BOSS"],"items_purchased_type":["Relic","Card","Relic","Relic","Potion","Card"],"build_version":"2020-12-22","purchased_purges":1,"victory":false,"max_hp_per_floor":[80,80,80,80,80,80,80,80,80,80,80,80,80,80,80,80,80,80,80,80,80,80,80,80,80,80,85,85,85,85,85,85,85,85,85,85,85,85,85,85,81,81,81,81,81,81,81,81,81,81,81,81,81,81,81,81],"relic_stats":{"counters":[29,150],"Astrolabe":["Impervious","Sever Soul","Searing Blow"],"Pandora\u0027s Box":["Spot Weakness","Pommel Strike","Infernal Blade","Clothesline","Anger","Limit Break","Heavy Blade","Fire Breathing","Double Tap"],"PreservedInsect":398,"Charon\u0027s Ashes":[181],"Juzu Bracelet":1,"Whetstone":["Uppercut","Searing Blow"],"War Paint":["Spot Weakness","Disarm"],"Boot":[1],"obtain_stats":[{"Astrolabe":17,"Oddly Smooth Stone":31,"Vajra":43,"Thread and Needle":53,"PreservedInsect":9,"Charon\u0027s Ashes":42,"Juzu Bracelet":11,"Whetstone":30,"War Paint":8,"Sling":5,"Boot":45,"Burning Blood":0,"White Beast Statue":29,"Akabeko":54,"Anchor":24,"Pandora\u0027s Box":0,"Mark of Pain":34,"Red Mask":20,"Toy Ornithopter":21},{"Astrolabe":9,"Oddly Smooth Stone":17,"Vajra":22,"Thread and Needle":27,"PreservedInsect":5,"Charon\u0027s Ashes":22,"Juzu Bracelet":6,"Whetstone":16,"War Paint":5,"Sling":3,"Boot":24,"Burning Blood":0,"White Beast Statue":16,"Akabeko":28,"Anchor":14,"Pandora\u0027s Box":0,"Mark of Pain":18,"Red Mask":12,"Toy Ornithopter":12},{"Astrolabe":35,"Oddly Smooth Stone":79,"Vajra":112,"Thread and Needle":140,"PreservedInsect":16,"Charon\u0027s Ashes":112,"Juzu Bracelet":20,"Whetstone":73,"War Paint":16,"Sling":8,"Boot":123,"Burning Blood":0,"White Beast Statue":73,"Akabeko":144,"Anchor":60,"Pandora\u0027s Box":0,"Mark of Pain":88,"Red Mask":47,"Toy Ornithopter":47}],"Toy Ornithopter":23},"card_choices":[{"not_picked":["Flex","Iron Wave"],"picked":"Shrug It Off","floor":1.0},{"not_picked":["Infernal Blade","Flex"],"picked":"Armaments","floor":2.0},{"not_picked":["Headbutt","Body Slam"],"picked":"Uppercut","floor":4.0},{"not_picked":["Wild Strike","Infernal Blade"],"picked":"True Grit","floor":7.0},{"not_picked":["Bloodletting","Havoc"],"picked":"Battle Trance","floor":8.0},{"not_picked":["Brutality","Armaments"],"picked":"Feel No Pain","floor":11.0},{"not_picked":["Clash","Perfected Strike","Wild Strike"],"picked":"SKIP","floor":12.0},{"not_picked":["Flex","Shrug It Off"],"picked":"Reckless Charge","floor":14.0},{"not_picked":["Brutality","Offering"],"picked":"Berserk","floor":16.0},{"not_picked":["Armaments","Pummel","Sword Boomerang+1"],"picked":"SKIP","floor":18.0},{"not_picked":["Thunderclap","Wild Strike","Blood for Blood+1"],"picked":"SKIP","floor":19.0},{"not_picked":["Shrug It Off+1","Seeing Red"],"picked":"Iron Wave+1","floor":22.0},{"not_picked":["Thunderclap+1","Anger+1"],"picked":"Disarm+1","floor":24.0},{"not_picked":["Disarm","Twin Strike"],"picked":"Inflame+1","floor":25.0},{"not_picked":["Pummel","Bludgeon","Pommel Strike"],"picked":"SKIP","floor":29.0},{"not_picked":["Headbutt+1","Thunderclap+1","Dual Wield"],"picked":"SKIP","floor":31.0},{"not_picked":["Fiend Fire","Double Tap"],"picked":"Reaper","floor":33.0},{"not_picked":["Body Slam","Havoc"],"picked":"Warcry+1","floor":35.0},{"not_picked":["Thunderclap","Clothesline+1"],"picked":"Inflame+1","floor":36.0},{"not_picked":["Havoc+1","Clash+1","Perfected Strike+1"],"picked":"SKIP","floor":39.0},{"not_picked":["Body Slam","Shockwave"],"picked":"True Grit+1","floor":42.0},{"not_picked":["Twin Strike","Pummel","Second Wind+1"],"picked":"SKIP","floor":44.0},{"not_picked":["Fiend Fire","Wild Strike+1","Fire Breathing+1"],"picked":"SKIP","floor":45.0},{"not_picked":["Clash","Armaments+1","Havoc"],"picked":"SKIP","floor":46.0},{"not_picked":["Shrug It Off","Flex+1"],"picked":"Iron Wave+1","floor":47.0},{"not_picked":["Battle Trance+1","Double Tap","Second Wind+1"],"picked":"SKIP","floor":54.0}],"player_experience":883080,"relics_obtained":[{"floor":8.0,"key":"War Paint"},{"floor":9.0,"key":"PreservedInsect"},{"floor":11.0,"key":"Juzu Bracelet"},{"floor":20.0,"key":"Red Mask"},{"floor":24.0,"key":"Anchor"},{"floor":29.0,"key":"White Beast Statue"},{"floor":30.0,"key":"Whetstone"},{"floor":31.0,"key":"Oddly Smooth Stone"},{"floor":42.0,"key":"Charon\u0027s Ashes"},{"floor":43.0,"key":"Vajra"},{"floor":45.0,"key":"Boot"},{"floor":54.0,"key":"Akabeko"}],"event_choices":[{"damage_healed":0.0,"max_hp_gain":0.0,"max_hp_loss":0.0,"gold_gain":0.0,"cards_transformed":["Infernal Blade"],"event_name":"Transmorgrifier","player_choice":"Transformed","floor":3.0,"gold_loss":0.0,"damage_taken":0.0,"cards_obtained":["Disarm"]},{"damage_healed":0.0,"max_hp_gain":0.0,"max_hp_loss":0.0,"gold_gain":0.0,"event_name":"Masked Bandits","player_choice":"Fought Bandits","floor":20.0,"gold_loss":0.0,"damage_taken":0.0},{"damage_healed":0.0,"max_hp_gain":5.0,"max_hp_loss":0.0,"gold_gain":0.0,"event_name":"Forgotten Altar","player_choice":"Shed Blood","floor":27.0,"gold_loss":0.0,"damage_taken":20.0},{"cards_removed":["Impervious"],"damage_healed":0.0,"max_hp_gain":0.0,"max_hp_loss":0.0,"gold_gain":0.0,"event_name":"Falling","player_choice":"Removed Skill","floor":38.0,"gold_loss":0.0,"damage_taken":0.0},{"damage_healed":0.0,"max_hp_gain":0.0,"max_hp_loss":4.0,"gold_gain":0.0,"event_name":"Winding Halls","player_choice":"Max HP","floor":41.0,"gold_loss":0.0,"damage_taken":0.0},{"damage_healed":0.0,"max_hp_gain":0.0,"max_hp_loss":0.0,"gold_gain":100.0,"event_name":"Golden Shrine","player_choice":"Pray","floor":48.0,"gold_loss":0.0,"damage_taken":0.0}],"is_beta":false,"boss_relics":[{"not_picked":["Runic Cube","Empty Cage"],"picked":"Astrolabe"},{"not_picked":["Sozu","Tiny House"],"picked":"Mark of Pain"}],"items_purged_floors":[37],"is_endless":false,"potions_floor_spawned":[2,8,11,14,16,20,25,29,31,33,35,36,39,42,44,45,46,47,54],"killed_by":"The Heart","ascension_level":4}}