{"host":"3vhe2wr81aw5r9bm","time":1611534784,"event":{"mods":["AchievementEnabler","BaseMod","Colored Powertips","Hermit","Lobotomy","Minty Spire (QoL Compilation)","Quick Restart","Replay The Spire","StSLib"],"gold_per_floor":[116,128,143,154,154,189,200,200,226,226,237,257,257,287,287,287,287],"floor_reached":16,"language":"ENG","playtime":1845,"items_purged":[],"score":120,"play_id":"f1ec40d0-ca2a-44a0-b123-0a47b60ce2d3","local_time":"20210124193304","is_ascension_mode":true,"campfire_choices":[{"floor":8,"key":"REST"},{"data":"hermit:LoneWolf","floor":13,"key":"SMITH"},{"floor":15,"key":"REST"}],"circlet_count":0,"master_deck":["hermit:Strike_Hermit+1","hermit:Strike_Hermit","hermit:Strike_Hermit","hermit:Defend_Hermit","hermit:Defend_Hermit","hermit:Defend_Hermit","hermit:Defend_Hermit","hermit:Snapshot","hermit:Covet","hermit:DeadMansHand+1","VoidDream","hermit:LuckOfTheDraw","SnowQueen","hermit:LoneWolf+1","hermit:FlashPowder","Wellcheers","hermit:Showdown","UniverseFragment","hermit:GhostlyPresence","hermit:Roulette","Laetitia","hermit:NoHoldsBarred","Porccubus","hermit:Vantage","RedShoes","Pot Of Greed","Pot Of Greed","Pot Of Greed","hermit:Quickdraw"],"relics":["hermit:Momento","CogitoBucket","Vajra","ResearcherNote","PreservedInsect","Grinning Jar"],"acts_visited":["Exordium"],"potions_floor_usage":[6,16],"damage_taken":[{"damage":1,"enemies":"Jaw Worm","floor":1,"turns":4},{"damage":0,"enemies":"2 Louse","floor":2,"turns":2},{"damage":6,"enemies":"Small Slimes","floor":3,"turns":3},{"damage":4,"enemies":"3 Louse","floor":4,"turns":4},{"damage":17,"enemies":"3 Sentries","floor":6,"turns":8},{"damage":8,"enemies":"Large Slime","floor":7,"turns":5},{"damage":7,"enemies":"Lots of Slimes","floor":11,"turns":4},{"damage":15,"enemies":"Red Slaver","floor":12,"turns":4},{"damage":14,"enemies":"Lagavulin","floor":14,"turns":4},{"damage":49,"enemies":"The Guardian","floor":16,"turns":4}],"seed_played":"-3857602470952221490","potions_obtained":[{"floor":3,"key":"PowerPotion"},{"floor":4,"key":"FearPotion"},{"floor":7,"key":"FearPotion"}],"is_trial":false,"path_per_floor":["M","M","M","M","?","E","M","R","T","?","M","M","R","E","R","B"],"character_chosen":"HERMIT","items_purchased":[],"campfire_rested":2,"item_purchase_floors":[],"current_hp_per_floor":[74,74,68,64,49,32,24,46,46,46,45,33,33,19,41,0,0],"gold":287,"neow_bonus":"","is_daily":false,"chose_seed":false,"campfire_upgraded":1,"win_rate":0.0,"timestamp":1611534784,"path_taken":["M","M","M","M","?","E","M","R","T","?","M","M","R","E","R","BOSS"],"items_purchased_type":[],"build_version":"2020-12-22","purchased_purges":0,"victory":false,"max_hp_per_floor":[75,75,75,75,75,75,75,75,75,75,75,75,75,75,75,75,75],"card_choices":[{"not_picked":["SpiderBud","GalaxyChild"],"picked":"CherryBlossoms","floor":1},{"not_picked":["hermit:TrackingShot","hermit:Misfire"],"picked":"hermit:DeadMansHand","floor":1},{"not_picked":["Bloodbath","Murderer"],"picked":"VoidDream","floor":2},{"not_picked":["hermit:BodyArmor","hermit:LowProfile"],"picked":"hermit:LuckOfTheDraw","floor":2},{"not_picked":["Porccubus","Funeral"],"picked":"SnowQueen","floor":3},{"not_picked":["hermit:LowProfile","hermit:Desperado"],"picked":"hermit:LoneWolf","floor":3},{"not_picked":["MeatLantern","Murderer"],"picked":"GalaxyChild","floor":4},{"not_picked":["hermit:HoleUp","hermit:Coalescence"],"picked":"hermit:FlashPowder","floor":4},{"not_picked":["Bloodbath","MHz"],"picked":"Wellcheers","floor":6},{"not_picked":["hermit:CalledShot","hermit:LuckOfTheDraw"],"picked":"hermit:Showdown","floor":6},{"not_picked":["QueenOfHatred","WallGazer"],"picked":"UniverseFragment","floor":7},{"not_picked":["hermit:Misfire","hermit:Manifest"],"picked":"hermit:GhostlyPresence","floor":7},{"not_picked":["WhitesApple","SpiderBud"],"picked":"Laetitia","floor":11},{"not_picked":["hermit:Snipe","hermit:Ricochet"],"picked":"hermit:NoHoldsBarred","floor":11},{"not_picked":["NakedNest","PunishingBird"],"picked":"Porccubus","floor":12},{"not_picked":["hermit:LowProfile","hermit:BodyArmor"],"picked":"hermit:Vantage","floor":12},{"not_picked":["Murderer","PunishingBird"],"picked":"RedShoes","floor":14},{"not_picked":["hermit:Vantage","hermit:LowProfile"],"picked":"hermit:Quickdraw","floor":14}],"player_experience":325053,"relics_obtained":[{"floor":6,"key":"Vajra"},{"floor":9,"key":"PreservedInsect"},{"floor":14,"key":"Grinning Jar"}],"event_choices":[{"damage_healed":0,"gold_gain":0,"player_choice":"Entered Light","damage_taken":15,"max_hp_gain":0,"max_hp_loss":0,"event_name":"Shining Light","floor":5,"gold_loss":0,"cards_upgraded":["hermit:DeadMansHand","hermit:Strike_Hermit"]},{"damage_healed":0,"gold_gain":0,"cards_transformed":["CherryBlossoms"],"player_choice":"Change","damage_taken":0,"max_hp_gain":0,"max_hp_loss":0,"event_name":"Living Wall","floor":10,"gold_loss":0,"cards_obtained":["hermit:Roulette"]}],"is_beta":false,"boss_relics":[],"items_purged_floors":[],"is_endless":false,"potions_floor_spawned":[3,4,7],"killed_by":"The Guardian","ascension_level":1}}