{"host":"dzc8cchcquikqbpv","time":1611598835,"event":{"mods":["BaseMod","BetterRewards","Block Reminder","Colored Map","Colored Powertips","Dark Map","Downfall","Fox Events","Good Game Mod","Highlight Path","Infinite Spire","Minty Spire (QoL Compilation)","Permanent Neow","Quick Restart","Rare Cards Sparkle","Replay The Spire","Shop Mod","Spire Arcade","StSLib"],"gold_per_floor":[114,126,126,186,236,236,264,264,264,35,47,77,77,87,87,189,189,206,274,324,374,18,49,49,84,111,174,224,224,324,393,393,491,491,503,553,563,563,629,629],"floor_reached":39,"language":"ENG","playtime":2735,"items_purged":["Writhe","downfall:Icky"],"score":525,"play_id":"02c1e8b4-3766-439e-9413-af1c2966fb38","local_time":"20210125182035","is_ascension_mode":true,"campfire_choices":[{"floor":6.0,"key":"REST"},{"floor":8.0,"key":"REST"},{"data":"Chill","floor":13.0,"key":"SMITH"},{"data":"Specialist","floor":15.0,"key":"SMITH"},{"floor":24.0,"key":"REST"},{"floor":29.0,"key":"REST"},{"data":"Barrage","floor":32.0,"key":"SMITH"}],"circlet_count":0,"master_deck":["Strike_B+1","Strike_B+1","Defend_B","Defend_B","Zap","Dualcast","Multi-Cast","Enlightenment","Tempest","Conserve Battery","Coolheaded","Melter","ReplayRNGCard","Crystallizer","Chill+1","ReplaySolidLightProjector","Creative AI","Hologram","Mayhem","Amplify","Cold Snap","infinitespire:Collect","BootSequence","Barrage+1","Consume","Ball Lightning+1","ReplayTheSpireMod:Book of Names"],"relics":["Cracked Core","REME:ComplimentaryCards","Ice Cream","infinitespire:CheckeredPen","Carrot","SsserpentHead","Whetstone","Divine Protection","Lee\u0027s Waffle","Bronze Scales","Strange Spoon","MerchantsRug","Darkstone Periapt","Regal Pillow","Dream Catcher","Replay:Wax Seal","Empty Cage","Replay:Bandana"],"acts_visited":["Exordium","TheCity","TheBeyond"],"potions_floor_usage":[39],"damage_taken":[{"damage":7.0,"enemies":"Small Slimes","floor":1.0,"turns":3.0},{"damage":0.0,"enemies":"Cultist","floor":2.0,"turns":2.0},{"damage":2.0,"enemies":"2 Louse","floor":4.0,"turns":2.0},{"damage":13.0,"enemies":"Lagavulin","floor":7.0,"turns":4.0},{"damage":0.0,"enemies":"Gremlin Gang","floor":11.0,"turns":3.0},{"damage":0.0,"enemies":"Gremlin Nob","floor":12.0,"turns":3.0},{"damage":0.0,"enemies":"2 Fungi Beasts","floor":14.0,"turns":2.0},{"damage":15.0,"enemies":"Slime Boss","floor":16.0,"turns":7.0},{"damage":0.0,"enemies":"Chosen","floor":18.0,"turns":3.0},{"damage":0.0,"enemies":"Shell Parasite","floor":19.0,"turns":5.0},{"damage":16.0,"enemies":"Replay:Snechameleon","floor":23.0,"turns":5.0},{"damage":21.0,"enemies":"Book of Stabbing","floor":25.0,"turns":5.0},{"damage":8.0,"enemies":"Chosen and Byrds","floor":27.0,"turns":6.0},{"damage":0.0,"enemies":"Cultist and Chosen","floor":31.0,"turns":5.0},{"damage":88.0,"enemies":"Collector","floor":33.0,"turns":9.0},{"damage":18,"enemies":"3 Darklings","floor":35,"turns":7},{"damage":0,"enemies":"Orb Walker","floor":37,"turns":3},{"damage":31,"enemies":"infinitespire:Three Voidlings","floor":39,"turns":5},{"damage":110,"enemies":"Nightmare_Alpha","floor":39,"turns":9}],"seed_played":"-8671771188648380760","potions_obtained":[{"floor":4.0,"key":"Dexterity Potion"},{"floor":7.0,"key":"Ancient Potion"},{"floor":11.0,"key":"DuplicationPotion"},{"floor":16.0,"key":"Toxic Potion"},{"floor":23.0,"key":"SkillPotion"},{"floor":27.0,"key":"Milkshake"},{"floor":37,"key":"FearPotion"}],"is_trial":false,"path_per_floor":["M","M","?","M","?","R","E","R","T","$","M","E","R","M","R","B",null,"M","M","?","?","$","E","R","E","T","M","?","R","T","M","R","B",null,"M","?","M","AVR","?"],"character_chosen":"DEFECT","items_purchased":["Enlightenment","Carrot","Tempest","Lee\u0027s Waffle","Crystallizer","Strange Spoon","MerchantsRug","Mayhem"],"campfire_rested":4,"item_purchase_floors":[0,0,0,10,10,22,22,22],"current_hp_per_floor":[25,25,25,23,23,45,32,54,54,82,82,82,82,82,82,67,82,82,82,82,82,82,66,82,61,61,53,65,94,94,94,94,6,94,76,76,76,76,0,0],"gold":629,"neow_bonus":"","is_daily":false,"chose_seed":false,"campfire_upgraded":3,"win_rate":0.0,"timestamp":1611598835,"path_taken":["M","M","?","?","?","R","E","R","T","$","M","E","R","M","R","BOSS","M","?","?","?","?","E","R","E","T","?","?","R","?","?","R","BOSS","M","?","M","AVR","?"],"items_purchased_type":["Card","Relic","Card","Relic","Card","Relic","Relic","Card"],"build_version":"2020-12-22","purchased_purges":2,"victory":false,"max_hp_per_floor":[75,75,75,75,75,75,75,75,75,82,82,82,82,82,82,82,82,82,82,82,82,82,82,82,82,82,82,94,94,94,94,94,94,94,94,94,94,94,94,94],"card_choices":[{"not_picked":["Stack","Rip and Tear"],"picked":"Conserve Battery","floor":1.0},{"not_picked":["Gash","ReplaySort"],"picked":"Coolheaded","floor":2.0},{"not_picked":["Gash","ReplayTheSpireMod:Reroute Power","Steam"],"picked":"SKIP","floor":4.0},{"not_picked":["Go for the Eyes","Gash"],"picked":"ReplayRNGCard","floor":7.0},{"not_picked":["Panic Button","Stack"],"picked":"Chill","floor":11.0},{"not_picked":["Recycle","Streamline"],"picked":"ReplaySolidLightProjector","floor":12.0},{"not_picked":["Coolheaded","ReplayTheSpireMod:Repulse","Time Bomb"],"picked":"SKIP","floor":14.0},{"not_picked":["ReplayTheSpireMod:Omega Cannon","All For One"],"picked":"Creative AI","floor":16.0},{"not_picked":["Sweeping Beam","Rebound"],"picked":"Hologram","floor":18.0},{"not_picked":["Hologram","Rebound","Steam+1"],"picked":"SKIP","floor":19.0},{"not_picked":["Sweeping Beam","Conserve Battery"],"picked":"Amplify","floor":23.0},{"not_picked":["Undo+1","Hologram"],"picked":"Cold Snap","floor":25.0},{"not_picked":["Sweeping Beam","Gash","Stack"],"picked":"SKIP","floor":27.0},{"not_picked":["Replay:Fractal Strike","ReplayTheSpireMod:Haul"],"picked":"infinitespire:Collect","floor":28.0},{"not_picked":["Recycle","Barrage"],"picked":"BootSequence","floor":29.0},{"not_picked":["Panic Button","Compile Driver"],"picked":"Barrage","floor":31.0},{"not_picked":["Compile Driver+1","Storm+1"],"picked":"Consume","floor":35},{"not_picked":["Streamline+1","Sweeping Beam"],"picked":"Ball Lightning+1","floor":37}],"player_experience":48084,"relics_obtained":[{"floor":7.0,"key":"Whetstone"},{"floor":9.0,"key":"Divine Protection"},{"floor":12.0,"key":"Bronze Scales"},{"floor":23.0,"key":"Darkstone Periapt"},{"floor":25.0,"key":"Regal Pillow"},{"floor":26.0,"key":"Dream Catcher"},{"floor":30.0,"key":"Replay:Wax Seal"}],"event_choices":[{"damage_healed":0.0,"max_hp_gain":0.0,"max_hp_loss":0.0,"gold_gain":0.0,"event_name":"FaceTrader","player_choice":"Trade","floor":3.0,"gold_loss":0.0,"damage_taken":0.0,"relics_obtained":["SsserpentHead"]},{"damage_healed":0.0,"max_hp_gain":0.0,"max_hp_loss":0.0,"gold_gain":0.0,"event_name":"Match and Keep!","player_choice":"2 cards matched","floor":5.0,"gold_loss":0.0,"damage_taken":0.0,"cards_obtained":["Melter","Specialist"]},{"damage_healed":0.0,"max_hp_gain":0.0,"max_hp_loss":0.0,"gold_gain":0.0,"event_name":"Ghosts","player_choice":"Ignored","floor":20.0,"gold_loss":0.0,"damage_taken":0.0},{"damage_healed":0,"gold_gain":0,"player_choice":"Ignored","damage_taken":0,"max_hp_gain":0,"max_hp_loss":0,"event_name":"Tomb of Lord Red Mask","floor":36,"gold_loss":0}],"is_beta":false,"boss_relics":[{"not_picked":["Philosopher\u0027s Stone","Coffee Dripper"],"picked":"Kintsugi"},{"not_picked":["Runic Dome","SacredBark"],"picked":"Empty Cage"}],"items_purged_floors":[22,38],"is_endless":false,"potions_floor_spawned":[4,7,11,16,23,27,31,37],"killed_by":"Nightmare_Alpha","ascension_level":1}}