{"host":"jhywql2x2v3ppvhm","time":1611593761,"event":{"mods":["BaseMod","Colored Map","Colored Powertips","Downfall","Googly Eyes","Hermit","Marisa????????","Minty Spire (QoL Compilation)","Rare Cards Sparkle","Shop Mod","Slay the Relics Exporter","StSLib","The Animator","The Bug Knight","The Cursed","The Disciple","The Necromancer","The Runesmith","The Servant 0.9.4","slay the spire mod where everything is the same but ironclad has a cowboy hat"],"gold_per_floor":[99,116,216,233,158,1,27,27,41,26,39,57,7,7,26,129,129,79,92,192,50,61,79,79,129,149,178,241,291,41,138,157,262,262,212,228,246,9,59,69,69,80,111,461,525,475,487,537,556,556,556,556],"floor_reached":50,"language":"ENG","playtime":4970,"items_purged":["Slimebound:Defend_Slimebound","Slimebound:Strike_Slimebound"],"score":613,"play_id":"f4184552-1d72-4c3a-b20c-fdf24f5edcc9","local_time":"20210125115601","is_ascension_mode":false,"campfire_choices":[{"floor":1.0,"key":"RECALL"},{"data":"Slimebound:Schlurp","floor":8.0,"key":"SMITH"},{"data":"Slimebound:TongueLash","floor":13,"key":"SMITH"},{"data":"Slimebound:TongueLash","floor":18,"key":"SMITH"},{"data":"Slimebound:RainOfGoop","floor":30,"key":"SMITH"},{"data":"Slimebound:TongueLash","floor":35,"key":"SMITH"},{"data":"Slimebound:MegaLick","floor":46,"key":"SMITH"}],"circlet_count":0,"master_deck":["Slimebound:Strike_Slimebound","Slimebound:Strike_Slimebound","Slimebound:Defend_Slimebound","Slimebound:Defend_Slimebound","Slimebound:Defend_Slimebound","Slimebound:Split","Slimebound:CorrosiveSpit","Slimebound:Schlurp+1","Slimebound:PressTheAttack","Slimebound:ItLooksTasty","Slimebound:HauntingLick","Slimebound:MegaLick+1","Slimebound:TongueLash+1","Slimebound:SamplingLick","Slimebound:TongueLash+1","Slimebound:TongueLash+1","Slimebound:RallyTheTroops","Slimebound:LeechLife","Slimebound:RainOfGoop+1","Slimebound:Schlurp+1","Slimebound:SamplingLick","Slimebound:RejuvenatingLick","Slimebound:Schlurp+1","Slimebound:Gluttony","Slimebound:OozeBath","CurseOfTheBell","Slimebound:LeechingTouch","Slimebound:Gluttony+1","Parasite","Slimebound:MassFeed","Slimebound:Equalize+1"],"relics":["Slimebound:AbsorbEndCombat","Slimebound:GreedOozeRelic","Happy Flower","Black Star","downfall:CloakOfManyFaces","CultistMask","FaceOfCleric","GremlinMask","SsserpentHead","DollysMirror","Nloth\u0027s Gift","Pantograph","Bronze Scales","downfall:HeartBlessingRed","downfall:HeartBlessingGreen","Runesmith:AutoHammer","Calling Bell","HollowMod:PaleOreRelic","The Courier","Calipers","Strange Spoon","Lantern","HornCleat","Blood Vial","Boot"],"acts_visited":["Exordium","TheCity","TheBeyond"],"potions_floor_usage":[12,16,20,23,23,31,31,33,43,49,49,50],"damage_taken":[{"damage":2.0,"enemies":"Small Slimes","floor":2.0,"turns":5.0},{"damage":0.0,"enemies":"2 Louse","floor":4.0,"turns":2.0},{"damage":5.0,"enemies":"downfall:FleeingMerchant","floor":6.0,"turns":4.0},{"damage":1,"enemies":"Jaw Worm","floor":9,"turns":2},{"damage":5,"enemies":"downfall:FleeingMerchant","floor":10,"turns":4},{"damage":0,"enemies":"Lots of Slimes","floor":11,"turns":3},{"damage":0,"enemies":"Large Slime","floor":12,"turns":2},{"damage":2,"enemies":"Red Slaver","floor":15,"turns":2},{"damage":21,"enemies":"IC_STATUS_ARCHETYPE","floor":16,"turns":5},{"damage":9,"enemies":"3 Byrds","floor":19,"turns":4},{"damage":20,"enemies":"downfall:FaceTrader","floor":20,"turns":6},{"damage":14,"enemies":"downfall:FleeingMerchant","floor":21,"turns":4},{"damage":4,"enemies":"Spheric Guardian","floor":22,"turns":3},{"damage":13,"enemies":"Centurion and Healer","floor":23,"turns":3},{"damage":26,"enemies":"Snecko","floor":26,"turns":4},{"damage":16,"enemies":"HollowMod:Nosk","floor":27,"turns":5},{"damage":2,"enemies":"Chosen and Byrds","floor":28,"turns":4},{"damage":0,"enemies":"downfall:FleeingMerchant","floor":31,"turns":2},{"damage":2,"enemies":"Centurion and Healer","floor":32,"turns":3},{"damage":75,"enemies":"DF_ARCHETYPE_CLAW","floor":33,"turns":6},{"damage":18,"enemies":"3 Darklings","floor":36,"turns":4},{"damage":6,"enemies":"Orb Walker","floor":37,"turns":3},{"damage":18,"enemies":"Writhing Mass","floor":40,"turns":5},{"damage":9,"enemies":"Sphere and 2 Shapes","floor":42,"turns":4},{"damage":54,"enemies":"Giant Head","floor":43,"turns":7},{"damage":0,"enemies":"Spire Growth","floor":45,"turns":3},{"damage":23,"enemies":"4 Shapes","floor":47,"turns":3},{"damage":0,"enemies":"Maw","floor":49,"turns":5},{"damage":129,"enemies":"SI_POISON_ARCHETYPE","floor":50,"turns":6}],"seed_played":"5559435212544176613","potions_obtained":[{"floor":2.0,"key":"Dexterity Potion"},{"floor":9,"key":"Slimebound:SpawnSlimePotion"},{"floor":11,"key":"Slimebound:ThreeZeroPotion"},{"floor":19,"key":"hexamod:SoulburnPotion"},{"floor":22,"key":"Fire Potion"},{"floor":23,"key":"EntropicBrew"},{"floor":28,"key":"FearPotion"},{"floor":37,"key":"GamblersBrew"},{"floor":42,"key":"hexamod:SoulburnPotion"},{"floor":47,"key":"FearPotion"},{"floor":49,"key":"Block Potion"}],"is_trial":false,"path_per_floor":["R","M","?","M","?","$","T","R","M","$","M","M","R","?","M","B",null,"R","M","?","$","M","M","T","?","M","E","M","?","R","$","M","B",null,"R","M","M","$","?","M","T","M","E","?","M","R","M","?","M","B"],"character_chosen":"SLIMEBOUND","items_purchased":["Slimebound:MegaLick","DollysMirror","Slimebound:SamplingLick","Runesmith:AutoHammer","Strange Spoon","Lantern"],"campfire_rested":0,"item_purchase_floors":[6,21,21,31,38,38],"current_hp_per_floor":[65,65,65,65,65,65,65,65,65,64,65,65,65,65,63,46,65,65,62,49,56,67,57,57,57,40,33,52,52,52,57,73,16,74,74,61,62,62,62,53,53,78,25,25,45,45,39,39,62,0,0,0],"gold":556,"neow_bonus":"THREE_CARDS","is_daily":false,"chose_seed":false,"campfire_upgraded":6,"win_rate":0.0,"timestamp":1611593761,"path_taken":["R","M","?","M","?","?","T","R","M","$","M","?","R","?","M","BOSS","R","M","?","?","M","M","T","?","M","E","?","?","R","$","M","BOSS","R","M","M","$","?","M","T","M","E","?","?","R","M","?","M","BOSS"],"items_purchased_type":["Card","Relic","Card","Relic","Relic","Relic"],"build_version":"2020-12-22","purchased_purges":2,"victory":false,"max_hp_per_floor":[65,65,65,65,65,65,65,65,65,65,65,65,65,65,65,65,65,65,65,65,66,67,68,68,68,69,70,71,71,71,72,73,74,74,74,75,76,76,76,77,77,78,79,79,80,80,87,87,88,88,88,88],"card_choices":[{"not_picked":["Slimebound:ForwardTackle","Slimebound:LeechEnergy"],"picked":"Slimebound:Schlurp","floor":0.0},{"not_picked":["Slimebound:Schlurp","Slimebound:LeechEnergy"],"picked":"Slimebound:PressTheAttack","floor":2.0},{"not_picked":["Slimebound:LeechEnergy","Slimebound:LeadByExample"],"picked":"Slimebound:ItLooksTasty","floor":4.0},{"not_picked":["Slimebound:GoopSpray","Slimebound:Gluttony"],"picked":"Slimebound:HauntingLick","floor":6.0},{"not_picked":["Slimebound:Replication","Slimebound:Gluttony"],"picked":"Slimebound:TongueLash","floor":9},{"not_picked":["Slimebound:FormOfPuddle","Slimebound:SplitBruiser"],"picked":"Slimebound:SamplingLick","floor":10},{"not_picked":["Slimebound:Repurpose","Slimebound:BestDefense"],"picked":"Slimebound:TongueLash","floor":11},{"not_picked":["Slimebound:SlimeBrawl","Slimebound:PrepareCrush"],"picked":"Slimebound:TongueLash","floor":12},{"not_picked":["Slimebound:BestDefense","Slimebound:FinishingTackle","Slimebound:SplitLeeching"],"picked":"SKIP","floor":15},{"not_picked":["Slimebound:Teamwork","Slimebound:OneTwoCombo"],"picked":"Slimebound:RallyTheTroops","floor":16},{"not_picked":["Slimebound:Prepare","Slimebound:LeechEnergy","Slimebound:LivingWall"],"picked":"SKIP","floor":19},{"not_picked":["Slimebound:LeechingTouch","Slimebound:SplitLeeching"],"picked":"Slimebound:LeechLife","floor":20},{"not_picked":["Slimebound:DisruptingSlam","Slimebound:Repurpose"],"picked":"Slimebound:RainOfGoop","floor":21},{"not_picked":["Slimebound:LevelUp","Slimebound:Nibble"],"picked":"Slimebound:RejuvenatingLick","floor":22},{"not_picked":["Slimebound:RollThrough","Slimebound:LivingWall","Slimebound:SplitAcid"],"picked":"SKIP","floor":23},{"not_picked":["Slimebound:GoopSpray","Slimebound:SpikyOuterGoop"],"picked":"Slimebound:Schlurp+1","floor":26},{"not_picked":["Slimebound:MinionMaster","Slimebound:RollThrough+1","Slimebound:LivingWall"],"picked":"SKIP","floor":27},{"not_picked":["Slimebound:RollThrough","Slimebound:ComboTackle"],"picked":"Slimebound:Gluttony","floor":28},{"not_picked":["Slimebound:Schlurp","Slimebound:ItLooksTasty","Slimebound:LivingWall"],"picked":"SKIP","floor":31},{"not_picked":["Slimebound:SplitLeeching","Slimebound:RollThrough","Slimebound:LeechEnergy"],"picked":"SKIP","floor":32},{"not_picked":["Slimebound:PrepareCrush","Slimebound:OneTwoCombo"],"picked":"Slimebound:OozeBath","floor":33},{"not_picked":["Slimebound:BestDefense+1","Slimebound:SplitAcid+1"],"picked":"Slimebound:LeechingTouch","floor":36},{"not_picked":["Slimebound:GrowthPunch+1","Slimebound:ComboTackle+1"],"picked":"Slimebound:Gluttony+1","floor":37},{"not_picked":["Slimebound:SlimeTap","Slimebound:LivingWall+1","Slimebound:ViciousTackle+1"],"picked":"SKIP","floor":40},{"not_picked":["Slimebound:LivingWall+1","Slimebound:ViciousTackle"],"picked":"Slimebound:MassFeed","floor":42},{"not_picked":["Slimebound:SplitAcid+1","Slimebound:GrowthPunch","Slimebound:SplitBruiser+1"],"picked":"SKIP","floor":43},{"not_picked":["Slimebound:LeechEnergy","Slimebound:SplitMire","Slimebound:FinishingTackle"],"picked":"SKIP","floor":45},{"not_picked":["Slimebound:Schlurp+1","Slimebound:Replication"],"picked":"Slimebound:Equalize+1","floor":47},{"not_picked":["Slimebound:SlimeTap+1","Slimebound:SpikyOuterGoop","Slimebound:LevelUp"],"picked":"SKIP","floor":49}],"player_experience":158535,"relics_obtained":[{"floor":7.0,"key":"Happy Flower"},{"floor":20,"key":"downfall:CloakOfManyFaces"},{"floor":27,"key":"Pantograph"},{"floor":27,"key":"Bronze Scales"},{"floor":34,"key":"HollowMod:PaleOreRelic"},{"floor":34,"key":"The Courier"},{"floor":34,"key":"Calipers"},{"floor":41,"key":"HornCleat"},{"floor":43,"key":"Blood Vial"},{"floor":43,"key":"Boot"}],"event_choices":[{"cards_removed":["Slimebound:Tackle"],"damage_healed":0,"gold_gain":0,"player_choice":"Offered Basic","damage_taken":0,"max_hp_gain":0,"max_hp_loss":0,"event_name":"Bonfire Elementals","floor":14,"gold_loss":0},{"damage_healed":0,"gold_gain":0,"player_choice":"Ignored","damage_taken":0,"max_hp_gain":0,"max_hp_loss":0,"event_name":"Ghosts","floor":29,"gold_loss":0},{"damage_healed":0,"gold_gain":300,"player_choice":"Gold","damage_taken":0,"max_hp_gain":0,"max_hp_loss":0,"event_name":"Wheel of Change","floor":44,"gold_loss":0}],"is_beta":false,"boss_relics":[{"not_picked":["Tiny House","Philosopher\u0027s Stone"],"picked":"Black Star"},{"not_picked":["Empty Cage","Runic Pyramid"],"picked":"Calling Bell"}],"items_purged_floors":[6,31],"is_endless":false,"potions_floor_spawned":[2,9,11,19,22,23,28,37,42,47,49],"killed_by":"SI_POISON_ARCHETYPE","ascension_level":0}}