{"host":"tkinv8gv6hgcc58b","time":1611598917,"event":{"mods":["AchievementEnabler","BaseMod","BetterRewards","Colored Map","Downfall","Googly Eyes","Hermit","Minty Spire (QoL Compilation)","READ ME - Guardian Mod","Rare Cards Sparkle","Relic Filter","Shop Mod","StSLib","The Cursed","The Disciple"],"gold_per_floor":[99,115,115,129,40,40,40,55,71,71,56,56,56,68,83,83,83,83],"floor_reached":16,"language":"ENG","playtime":912,"items_purged":[],"score":106,"play_id":"6a729889-bcf8-490c-abd2-3ac366e3a984","local_time":"20210125132157","is_ascension_mode":true,"campfire_choices":[{"data":"bronze:Goto","floor":1,"key":"SMITH"},{"data":"bronze:Refactor","floor":6,"key":"SMITH"},{"floor":10,"key":"REST"},{"floor":13,"key":"REST"}],"circlet_count":0,"master_deck":["bronze:Strike","bronze:Strike","bronze:Strike","bronze:Strike","bronze:Defend","bronze:Defend","bronze:Defend","bronze:Replicate","bronze:Goto+1","bronze:Shell","bronze:BronzeOrb","bronze:FineTuning","bronze:Refactor+1","bronze:Deprecate","bronze:Invalidate","bronze:Refactor","bronze:Boost","bronze:BronzeOrb","bronze:FineTuning"],"relics":["bronze:MakeshiftBattery","Darkstone Periapt","Thread and Needle"],"acts_visited":["Exordium"],"potions_floor_usage":[16,16,16,16],"damage_taken":[{"damage":2,"enemies":"Small Slimes","floor":2,"turns":4},{"damage":1,"enemies":"Cultist","floor":4,"turns":4},{"damage":14,"enemies":"downfall:FleeingMerchant","floor":5,"turns":4},{"damage":3,"enemies":"Jaw Worm","floor":8,"turns":3},{"damage":39,"enemies":"Exordium Thugs","floor":9,"turns":11},{"damage":0,"enemies":"downfall:FleeingMerchant","floor":11,"turns":4},{"damage":0,"enemies":"Blue Slaver","floor":14,"turns":4},{"damage":0,"enemies":"Exordium Wildlife","floor":15,"turns":4},{"damage":50,"enemies":"IC_STATUS_ARCHETYPE","floor":16,"turns":13}],"seed_played":"-5480669859196200440","potions_obtained":[{"floor":8,"key":"Ancient Potion"},{"floor":9,"key":"LiquidBronze"},{"floor":14,"key":"EntropicBrew"}],"is_trial":false,"path_per_floor":["R","M","?","M","$","R","T","M","M","R","$","?","R","M","M","B"],"character_chosen":"THE_AUTOMATON","items_purchased":["bronze:Deprecate","bronze:Invalidate"],"campfire_rested":2,"item_purchase_floors":[5,5],"current_hp_per_floor":[70,68,68,67,53,53,53,50,11,32,32,20,41,41,41,0,0,0],"gold":83,"neow_bonus":"BOSS_RELIC","is_daily":false,"chose_seed":false,"campfire_upgraded":2,"win_rate":0.0,"timestamp":1611598917,"path_taken":["R","M","?","?","$","R","T","M","M","R","$","?","R","M","M","BOSS"],"items_purchased_type":["Card","Card"],"build_version":"2020-12-22","purchased_purges":0,"victory":false,"max_hp_per_floor":[70,70,70,70,70,70,70,70,70,70,70,70,70,70,70,70,70,70],"card_choices":[{"not_picked":["bronze:BuggyMess","bronze:Iterate"],"picked":"bronze:Shell","floor":2},{"not_picked":["bronze:Overheat","bronze:CloningBeam"],"picked":"bronze:FineTuning","floor":4},{"not_picked":["bronze:BuggyMess","bronze:Repair"],"picked":"bronze:Refactor","floor":5},{"not_picked":["bronze:BronzeArmor","bronze:ForLoop"],"picked":"bronze:Refactor","floor":8},{"not_picked":["bronze:CloningBeam","bronze:Iterate"],"picked":"bronze:Boost","floor":9},{"not_picked":["bronze:NullPointer","bronze:WildBeam"],"picked":"bronze:BronzeOrb","floor":11},{"not_picked":["bronze:Invalidate","bronze:BuggyMess"],"picked":"bronze:FineTuning","floor":14},{"not_picked":["bronze:Shield","bronze:Frontload","bronze:Iterate"],"picked":"SKIP","floor":15}],"player_experience":1066023,"relics_obtained":[{"floor":7,"key":"Darkstone Periapt"}],"event_choices":[{"damage_healed":0,"gold_gain":0,"player_choice":"Success","damage_taken":12,"relics_obtained":["Thread and Needle"],"max_hp_gain":0,"max_hp_loss":0,"event_name":"Scrap Ooze","floor":12,"gold_loss":0}],"is_beta":false,"boss_relics":[],"items_purged_floors":[],"is_endless":false,"potions_floor_spawned":[8,9,14],"killed_by":"IC_STATUS_ARCHETYPE","ascension_level":3}}