{"host":"uv5ws9rdk87e8i5k","time":1611548235,"event":{"mods":["AchievementEnabler","BaseMod","Colored Map","Minty Spire (QoL Compilation)","StSLib","SuperFastMode","The Necromancer"],"gold_per_floor":[114,132,132,145,159,159,186,201,201,201,201,201,201,201,201,201,201],"floor_reached":16,"language":"ENG","playtime":337,"items_purged":[],"score":122,"play_id":"77bac8a0-31d9-425a-9af8-fbf24312dcde","local_time":"20210124221715","is_ascension_mode":true,"campfire_choices":[{"data":"Summon_Vampire_Lady","floor":6.0,"key":"SMITH"},{"floor":11,"key":"REST"},{"floor":13,"key":"REST"},{"floor":15,"key":"REST"}],"circlet_count":0,"master_deck":["Strike_W","Strike_W","Strike_W","Strike_W","Defend_W","Defend_W","Defend_W+1","Defend_W","Negative_Energy_Arrows","Bone_Wall+1","Death_March_Dance+1","Summon_Vampire_Lady+1","Toxic_Smoke_Screen"],"relics":["Vampire_Amulet","War Paint","Ginger"],"acts_visited":["Exordium"],"potions_floor_usage":[12],"damage_taken":[{"damage":3.0,"enemies":"Small Slimes","floor":1.0,"turns":4.0},{"damage":9.0,"enemies":"2 Louse","floor":2.0,"turns":3.0},{"damage":5.0,"enemies":"Jaw Worm","floor":4.0,"turns":2.0},{"damage":4.0,"enemies":"Gremlin Gang","floor":5.0,"turns":6.0},{"damage":51,"enemies":"Lagavulin","floor":7,"turns":11},{"damage":12,"enemies":"Blue Slaver","floor":8,"turns":5},{"damage":0,"enemies":"3 Louse","floor":12,"turns":1},{"damage":0,"enemies":"Slime Boss","floor":16,"turns":1}],"seed_played":"-2750884639261027662","potions_obtained":[{"floor":1.0,"key":"AttackPotion"},{"floor":4.0,"key":"Energy Potion"},{"floor":8,"key":"SmokeBomb"}],"is_trial":false,"path_per_floor":["M","M","?","M","M","R","E","M","T","$","R","M","R","?","R","B"],"character_chosen":"NECROMANCER","items_purchased":[],"campfire_rested":3,"item_purchase_floors":[],"current_hp_per_floor":[81,76,76,73,77,77,54,56,56,56,80,80,82,82,82,82,82],"gold":201,"neow_bonus":"TEN_PERCENT_HP_BONUS","is_daily":false,"chose_seed":false,"campfire_upgraded":1,"win_rate":0.0,"timestamp":1611548235,"path_taken":["M","M","?","M","M","R","E","M","T","$","R","M","R","?","R","BOSS"],"items_purchased_type":[],"build_version":"2020-12-22","purchased_purges":0,"victory":false,"max_hp_per_floor":[82,82,82,82,82,82,82,82,82,82,82,82,82,82,82,82,82],"card_choices":[{"not_picked":["Shade_Step","Pandemic"],"picked":"Death_March_Dance","floor":1.0},{"not_picked":["Slay_Living","Bone_Armor","Flesh_Made_Foul"],"picked":"SKIP","floor":2.0},{"not_picked":["Blood_Is_Power","Flesh_Made_Foul","Slay_Living"],"picked":"SKIP","floor":4.0},{"not_picked":["Blood_Whip","Spectral_Walk"],"picked":"Summon_Vampire_Lady","floor":5.0},{"not_picked":["Whirlwind_of_Bones","Necromantic_Selection","Plague_Bolt"],"picked":"SKIP","floor":7},{"not_picked":["Bone_Shift","Bone_Bullets"],"picked":"Toxic_Smoke_Screen","floor":8}],"player_experience":256090,"relics_obtained":[{"floor":7,"key":"War Paint"},{"floor":9,"key":"Ginger"}],"event_choices":[{"damage_healed":0.0,"max_hp_gain":0.0,"max_hp_loss":0.0,"gold_gain":0.0,"event_name":"Living Wall","player_choice":"Grow","floor":3.0,"gold_loss":0.0,"damage_taken":0.0,"cards_upgraded":["Death_March_Dance"]},{"damage_healed":0,"gold_gain":0,"player_choice":"Searched \u00270\u0027 times","damage_taken":0,"max_hp_gain":0,"max_hp_loss":0,"event_name":"Dead Adventurer","floor":14,"gold_loss":0}],"is_beta":false,"boss_relics":[],"items_purged_floors":[],"is_endless":false,"potions_floor_spawned":[1,4,8],"killed_by":"Slime Boss","ascension_level":4}}