{"host":"uv5ws9rdk87e8i5k","time":1611547031,"event":{"mods":["AchievementEnabler","BaseMod","Colored Map","Minty Spire (QoL Compilation)","StSLib","SuperFastMode","The Necromancer"],"gold_per_floor":[114,132,132,145,157,157,182,193,216,246,246,246,266,281,281,386,386,406,419,432,432],"floor_reached":20,"language":"ENG","playtime":508,"items_purged":[],"score":228,"play_id":"2387c85e-0881-46b8-bb20-e2d13408eb58","local_time":"20210124215711","is_ascension_mode":true,"campfire_choices":[{"data":"Finger_Of_Death","floor":6.0,"key":"SMITH"},{"data":"Bone_Prison","floor":12.0,"key":"SMITH"},{"data":"Summon_Undead_Army","floor":15.0,"key":"SMITH"}],"circlet_count":0,"master_deck":["Strike_W","Strike_W","Strike_W","Defend_W+1","Defend_W","Defend_W+1","Defend_W","Negative_Energy_Arrows","Bone_Wall","Finger_Of_Death+1","Negative_Energy_Sphere","Plague_Bolt","Bone_Prison+1","Stop_Heart","Spectral_Armor","Summon_Undead_Army+1","Cloudkill","Spectral_Walk","Blood_Whip+1","Negative_Energy_Javelin"],"relics":["Vampire_Amulet","War Paint","Omamori","Orichalcum","Juzu Bracelet","Regal Pillow","SlaversCollar"],"acts_visited":["Exordium","TheCity"],"potions_floor_usage":[19],"damage_taken":[{"damage":2.0,"enemies":"2 Louse","floor":1.0,"turns":3.0},{"damage":0.0,"enemies":"Cultist","floor":2.0,"turns":4.0},{"damage":7.0,"enemies":"Small Slimes","floor":4.0,"turns":4.0},{"damage":4.0,"enemies":"Looter","floor":5.0,"turns":3.0},{"damage":4.0,"enemies":"3 Sentries","floor":7.0,"turns":7.0},{"damage":1.0,"enemies":"Red Slaver","floor":8.0,"turns":4.0},{"damage":18.0,"enemies":"Lagavulin","floor":10.0,"turns":7.0},{"damage":2.0,"enemies":"Exordium Wildlife","floor":13.0,"turns":4.0},{"damage":3.0,"enemies":"Exordium Thugs","floor":14.0,"turns":5.0},{"damage":18,"enemies":"Hexaghost","floor":16,"turns":9},{"damage":7,"enemies":"Spheric Guardian","floor":18,"turns":4},{"damage":5,"enemies":"Shell Parasite","floor":19,"turns":5},{"damage":10,"enemies":"Chosen and Byrds","floor":20,"turns":5}],"seed_played":"-6024527617126985239","potions_obtained":[{"floor":1.0,"key":"DistilledChaos"},{"floor":4.0,"key":"Swift Potion"},{"floor":14.0,"key":"Dexterity Potion"},{"floor":16,"key":"FearPotion"},{"floor":20,"key":"Dexterity Potion"}],"is_trial":false,"path_per_floor":["M","M","?","M","M","R","E","M","T","E","?","R","M","M","R","B",null,"M","M","M"],"character_chosen":"NECROMANCER","items_purchased":[],"campfire_rested":0,"item_purchase_floors":[],"current_hp_per_floor":[75,75,75,70,68,68,70,71,71,55,55,55,57,58,58,42,75,70,67,61,61],"gold":432,"neow_bonus":"RANDOM_COMMON_RELIC","is_daily":false,"chose_seed":false,"campfire_upgraded":3,"win_rate":0.0,"timestamp":1611547031,"path_taken":["M","M","?","M","M","R","E","M","T","E","?","R","M","M","R","BOSS","M","M","M"],"items_purchased_type":[],"build_version":"2020-12-22","purchased_purges":0,"victory":false,"max_hp_per_floor":[75,75,75,75,75,75,75,75,75,75,75,75,75,75,75,75,75,75,75,75,75],"card_choices":[{"not_picked":["Shade_Step","Death_Coil"],"picked":"Finger_Of_Death","floor":1.0},{"not_picked":["Bone_Armor","Death_Coil","Vampiric_Strike"],"picked":"SKIP","floor":2.0},{"not_picked":["Blood_Is_Power","Chill_Blood"],"picked":"Negative_Energy_Sphere","floor":4.0},{"not_picked":["Bone_Bullets","Chill_Blood"],"picked":"Plague_Bolt","floor":5.0},{"not_picked":["Reap_The_Weak","Vampiric_Strike"],"picked":"Bone_Prison","floor":7.0},{"not_picked":["Deaths_Shadow","Chill_Blood","Bones_to_Steel"],"picked":"SKIP","floor":8.0},{"not_picked":["Life_Drain","Bone_Bullets"],"picked":"Stop_Heart","floor":10.0},{"not_picked":["Blood_Magic","Stop_Heart"],"picked":"Spectral_Armor","floor":13.0},{"not_picked":["Blood_for_Blood","Blood_Whip"],"picked":"Summon_Undead_Army","floor":14.0},{"not_picked":["Blood_Magic","Detonate_Bones"],"picked":"Cloudkill","floor":16},{"not_picked":["Negative_Energy_Sphere+1","Bone_Armor+1"],"picked":"Spectral_Walk","floor":18},{"not_picked":["Slay_Living","Bone_Bullets+1"],"picked":"Blood_Whip+1","floor":19},{"not_picked":["Scare","Blood_for_Blood"],"picked":"Negative_Energy_Javelin","floor":20}],"player_experience":254899,"relics_obtained":[{"floor":7.0,"key":"Omamori"},{"floor":9.0,"key":"Orichalcum"},{"floor":10.0,"key":"Juzu Bracelet"}],"event_choices":[{"cards_removed":["Strike_W"],"damage_healed":0.0,"max_hp_gain":0.0,"max_hp_loss":0.0,"gold_gain":0.0,"event_name":"Purifier","player_choice":"Purged","floor":3.0,"gold_loss":0.0,"damage_taken":0.0},{"damage_healed":0.0,"max_hp_gain":0.0,"max_hp_loss":0.0,"gold_gain":0.0,"event_name":"WeMeetAgain","player_choice":"Gave Potion","floor":11.0,"gold_loss":0.0,"damage_taken":0.0,"relics_obtained":["Regal Pillow"]}],"is_beta":false,"boss_relics":[{"not_picked":["Busted Crown","Cursed Key"],"picked":"SlaversCollar"}],"items_purged_floors":[],"is_endless":false,"potions_floor_spawned":[1,4,14,16,20],"killed_by":"Chosen and Byrds","ascension_level":4}}