{"host":"v3mpq6flurzldi5g","time":1611607471,"event":{"mods":["AchievementEnabler","BaseMod","Colored Powertips","Highlight Path","Minty Spire (QoL Compilation)","StSLib"],"gold_per_floor":[116,116,129,149,160,160,175,190,190,203,203,170,170,189,189,290,340,360,360,270,270],"floor_reached":20,"language":"ENG","playtime":1400,"items_purged":[],"score":269,"play_id":"3b4e87ff-1472-483e-9f42-8741430c2547","local_time":"20210125154431","is_ascension_mode":true,"campfire_choices":[{"floor":6.0,"key":"REST"},{"floor":11.0,"key":"REST"},{"floor":13.0,"key":"REST"},{"floor":15.0,"key":"REST"}],"circlet_count":0,"master_deck":["AscendersBane","Strike_G","Strike_G","Strike_G","Strike_G","Defend_G","Defend_G","Defend_G","Defend_G","Defend_G","Survivor","Neutralize","Burst","Calculated Gamble","Deadly Poison","Well Laid Plans+1","Footwork","Adrenaline","Cloak And Dagger","Catalyst"],"relics":["Ring of the Snake","Art of War","Tiny House"],"acts_visited":["Exordium","TheCity"],"potions_floor_usage":[18,20],"damage_taken":[{"damage":0.0,"enemies":"Small Slimes","floor":1.0,"turns":6.0},{"damage":8.0,"enemies":"Cultist","floor":3.0,"turns":6.0},{"damage":8.0,"enemies":"2 Louse","floor":4.0,"turns":4.0},{"damage":13.0,"enemies":"Gremlin Gang","floor":5.0,"turns":8.0},{"damage":2.0,"enemies":"Exordium Wildlife","floor":7.0,"turns":6.0},{"damage":29.0,"enemies":"Lots of Slimes","floor":8.0,"turns":7.0},{"damage":19.0,"enemies":"Large Slime","floor":10.0,"turns":9.0},{"damage":9.0,"enemies":"2 Fungi Beasts","floor":14.0,"turns":5.0},{"damage":23.0,"enemies":"The Guardian","floor":16.0,"turns":17.0},{"damage":26,"enemies":"Shell Parasite","floor":18,"turns":8},{"damage":42,"enemies":"2 Thieves","floor":20,"turns":3}],"seed_played":"-8943313034610293069","potions_obtained":[{"floor":3.0,"key":"AttackPotion"},{"floor":5.0,"key":"Swift Potion"},{"floor":8.0,"key":"CultistPotion"},{"floor":16.0,"key":"Swift Potion"},{"floor":17.0,"key":"CultistPotion"},{"floor":18,"key":"SteroidPotion"}],"is_trial":false,"path_per_floor":["M","?","M","M","M","R","M","M","T","M","R","?","R","M","R","B",null,"M","?","M"],"character_chosen":"THE_SILENT","items_purchased":[],"campfire_rested":4,"item_purchase_floors":[],"current_hp_per_floor":[63,63,55,47,34,52,50,21,21,2,20,20,38,29,47,24,58,32,32,0,0],"gold":270,"neow_bonus":"THREE_RARE_CARDS","is_daily":false,"chose_seed":false,"campfire_upgraded":0,"win_rate":0.0,"timestamp":1611607471,"path_taken":["M","?","M","M","M","R","?","M","T","M","R","?","R","M","R","BOSS","M","?","?"],"items_purchased_type":[],"build_version":"2020-12-22","purchased_purges":0,"victory":false,"max_hp_per_floor":[63,63,63,63,63,63,63,63,63,63,63,63,63,63,63,63,68,68,68,68,68],"card_choices":[{"not_picked":["Phantasmal Killer","A Thousand Cuts"],"picked":"Burst","floor":0.0},{"not_picked":["Outmaneuver","Bane"],"picked":"Calculated Gamble","floor":1.0},{"not_picked":["Quick Slash","Flying Knee"],"picked":"Deadly Poison","floor":3.0},{"not_picked":["Skewer","Slice","PiercingWail"],"picked":"SKIP","floor":4.0},{"not_picked":["Setup","A Thousand Cuts"],"picked":"Well Laid Plans","floor":5.0},{"not_picked":["Caltrops","Dagger Throw"],"picked":"Footwork","floor":7.0},{"not_picked":["Bane","Flying Knee","Slice"],"picked":"SKIP","floor":8.0},{"not_picked":["Underhanded Strike","Masterful Stab","Outmaneuver"],"picked":"SKIP","floor":10.0},{"not_picked":["Eviscerate","Acrobatics","Calculated Gamble"],"picked":"SKIP","floor":14.0},{"not_picked":["Wraith Form v2","Night Terror"],"picked":"Adrenaline","floor":16.0},{"not_picked":["Poisoned Stab","Slice"],"picked":"Cloak And Dagger","floor":17.0},{"not_picked":["Finisher","Setup"],"picked":"Catalyst","floor":18}],"player_experience":1057794,"relics_obtained":[{"floor":9.0,"key":"Art of War"}],"event_choices":[{"damage_healed":0.0,"max_hp_gain":0.0,"max_hp_loss":0.0,"gold_gain":0.0,"event_name":"Match and Keep!","player_choice":"0 cards matched","floor":2.0,"gold_loss":0.0,"damage_taken":0.0,"cards_obtained":[]},{"damage_healed":0.0,"max_hp_gain":0.0,"max_hp_loss":0.0,"gold_gain":0.0,"event_name":"World of Goop","player_choice":"Left Gold","floor":12.0,"gold_loss":33.0,"damage_taken":0.0},{"cards_removed":["Strike_G"],"damage_healed":0,"gold_gain":0,"player_choice":"Purged","damage_taken":0,"max_hp_gain":0,"max_hp_loss":0,"event_name":"Purifier","floor":19,"gold_loss":0}],"is_beta":false,"boss_relics":[{"not_picked":["Pandora\u0027s Box","Busted Crown"],"picked":"Tiny House"}],"items_purged_floors":[],"is_endless":false,"potions_floor_spawned":[3,5,8,16,18],"killed_by":"2 Thieves","ascension_level":12}}