{"host":"ju58ncaxwefs1zmn","time":1611591027,"event":{"mods":["100% Spire Juice","2.2 Compatiblity","Act Like it!","Aspiration","BaseMod","CapriCore","ChefMod","Colored Map","Gensokyo","Hermit","Highlight Path","HololiveMod","Hubris","Infinite Spire","Koishi","Marisa????????","Minty Spire (QoL Compilation)","Permanent Neow","Quick Restart","Random Character Button","Reliquary","Robot Space Explorer","StSLib","The Animator","The Cursed","The Hierophant","The Immortal","The Marked","The Servant 0.9.4","The Showman","TheBandit","Wandering Minibosses","Yakumo Yukari mod"],"gold_per_floor":[215,215,215,230,244,264,264,276,276,308,308,337,337,32,32,131,131,148,166,177,177,177,177,203,219,219,236,252,280,298,1,1,102,102,119,132,151,151,0,0,0,0,0,19,0,0,0],"floor_reached":45,"language":"ENG","playtime":3490,"items_purged":["MokouMod:ProfanedFlare+1"],"score":567,"play_id":"57d059b3-42a0-4cbc-9340-dd8e652ac635","local_time":"20210125081027","is_ascension_mode":false,"campfire_choices":[{"data":"MokouMod:BurningDraft","floor":7,"key":"SMITH"},{"data":"MokouMod:ProfanedFlare","floor":13,"key":"SMITH"},{"data":"MokouMod:Burn","floor":15,"key":"SMITH"},{"data":"MokouMod:Fireball","floor":23,"key":"SMITH"},{"data":"MokouMod:Refresh","floor":32,"key":"SMITH"},{"data":"MokouMod:Wildfire","floor":40,"key":"SMITH"},{"data":"MokouMod:PhoenixForm","floor":42,"key":"SMITH"}],"circlet_count":0,"master_deck":["MokouMod:Strike+1","MokouMod:Strike+1","MokouMod:Strike+1","MokouMod:Strike+1","MokouMod:Strike+1","MokouMod:Defend+1","MokouMod:Defend+1","MokouMod:Defend+1","MokouMod:HeatSpark","MokouMod:BurningDraft+1","MokouMod:Fireball+1","MokouMod:TemporalFireSeal","MokouMod:GuidingSmoke","MokouMod:GuidingSmoke","MokouMod:RadiantBlade","MokouMod:Burn+1","MokouMod:HouraiForge","MokouMod:Overheat","MokouMod:FlareStarter+1","MokouMod:BurningDraft","MokouMod:Ember+1","MokouMod:WarmUp","MokouMod:Refresh+1","MokouMod:Wildfire+1","MokouMod:InfernalWave+1","MokouMod:Overheat","MokouMod:PhoenixForm+1","MokouMod:BurningDraft+1","MokouMod:FlickeringFlame+1"],"relics":["MokouMod:PhoenixFeather","hubris:Icosahedron","hubris:GlazedTorus","Torii","infinitespire:Cupcake","Happy Flower","aspiration:SeaSaltIceCream","Question Card","Orrery","reliquary:RedPaperclip","Red Mask","hubris:Towel","reliquary:BoilingFlask"],"acts_visited":["Exordium","TheCity","TheBeyond"],"potions_floor_usage":[29,29,29,33,45],"damage_taken":[{"damage":0,"enemies":"2 Louse","floor":1,"turns":3},{"damage":5,"enemies":"Small Slimes","floor":4,"turns":3},{"damage":0,"enemies":"Cultist","floor":5,"turns":3},{"damage":0,"enemies":"3 Louse","floor":6,"turns":1},{"damage":0,"enemies":"Exordium Thugs","floor":8,"turns":2},{"damage":29,"enemies":"Lagavulin","floor":10,"turns":4},{"damage":0,"enemies":"Gremlin Nob","floor":12,"turns":2},{"damage":0,"enemies":"Slime Boss","floor":16,"turns":6},{"damage":0,"enemies":"Chosen","floor":18,"turns":3},{"damage":0,"enemies":"Spheric Guardian","floor":19,"turns":2},{"damage":15,"enemies":"Snake Plant","floor":20,"turns":6},{"damage":21,"enemies":"Slavers","floor":24,"turns":3},{"damage":0,"enemies":"Snecko","floor":25,"turns":4},{"damage":0,"enemies":"Chosen and Byrds","floor":27,"turns":5},{"damage":0,"enemies":"Cultist and Chosen","floor":28,"turns":3},{"damage":15,"enemies":"Book of Stabbing","floor":29,"turns":4},{"damage":0,"enemies":"Shelled Parasite and Fungi","floor":30,"turns":4},{"damage":24,"enemies":"Champ","floor":33,"turns":8},{"damage":17,"enemies":"3 Shapes","floor":35,"turns":3},{"damage":21,"enemies":"3 Darklings","floor":36,"turns":8},{"damage":9,"enemies":"4 Shapes","floor":37,"turns":5},{"damage":0,"enemies":"Sphere and 2 Shapes","floor":44,"turns":3},{"damage":8152080,"enemies":"Sphere and 2 Shapes","floor":45,"turns":7}],"seed_played":"-3850462404564825955","potions_obtained":[{"floor":4,"key":"Regen Potion"},{"floor":8,"key":"Swift Potion"},{"floor":10,"key":"PanachePotion"},{"floor":29,"key":"PowerPotion"},{"floor":35,"key":"SpeedPotion"},{"floor":37,"key":"EssenceOfSteel"}],"is_trial":false,"path_per_floor":["M","?","?","M","M","M","R","M","T","E","?","E","R","$","R","B",null,"M","M","M","?","?","R","E","M","T","M","M","E","M","$","R","B",null,"M","M","M","?","?","R","?","R","T","M","?"],"character_chosen":"MKU","items_purchased":["Torii","Orrery","LiquidMemories"],"campfire_rested":0,"item_purchase_floors":[14,31,31],"current_hp_per_floor":[75,75,75,70,70,70,70,70,70,41,46,46,46,46,46,46,80,80,80,65,65,50,50,29,29,29,29,29,26,26,26,26,2,85,68,47,38,38,38,38,38,38,38,38,0,0,0],"gold":0,"neow_bonus":"HUNDRED_GOLD","is_daily":false,"chose_seed":false,"campfire_upgraded":7,"win_rate":0.0,"timestamp":1611591027,"path_taken":["M","?","?","M","M","M","R","M","T","E","?","E","R","$","R","BOSS","M","M","M","?","?","R","E","M","T","M","M","E","M","$","R","BOSS","M","M","M","?","?","R","?","R","T","M","?"],"items_purchased_type":["Relic","Relic","Potion"],"build_version":"2020-12-22","purchased_purges":1,"victory":false,"max_hp_per_floor":[75,75,75,75,75,75,75,75,75,75,80,80,80,80,80,80,80,80,80,80,80,85,85,85,85,85,85,85,85,85,85,85,85,85,85,85,85,85,85,85,85,85,85,85,85,85,85],"card_choices":[{"not_picked":["MokouMod:Refresh","MokouMod:Afterburner"],"picked":"MokouMod:BurningDraft","floor":1},{"not_picked":["MokouMod:Singe","MokouMod:Stoke"],"picked":"MokouMod:TemporalFireSeal","floor":4},{"not_picked":["MokouMod:ResonanceReactor","MokouMod:FujiyamaVolcano"],"picked":"MokouMod:GuidingSmoke","floor":5},{"not_picked":["MokouMod:Stoke","MokouMod:PhoenixFeathers"],"picked":"MokouMod:GuidingSmoke","floor":6},{"not_picked":["MokouMod:RoaringFlare","MokouMod:Sear"],"picked":"MokouMod:RadiantBlade","floor":8},{"not_picked":["MokouMod:FujiyamaVolcano","MokouMod:ScorchingColumn"],"picked":"MokouMod:ProfanedFlare","floor":10},{"not_picked":["MokouMod:ShiftIgnition","MokouMod:Cataclysm"],"picked":"MokouMod:Burn","floor":12},{"not_picked":["MokouMod:Extinguish","MokouMod:Rebirth"],"picked":"MokouMod:HouraiForge","floor":16},{"not_picked":["MokouMod:HeatFactory+1","MokouMod:SubterraneanCore"],"picked":"MokouMod:Overheat","floor":18},{"not_picked":["MokouMod:Stoke","MokouMod:RoaringFlare+1","MokouMod:EternalBurstReactor"],"picked":"SKIP","floor":19},{"not_picked":["MokouMod:SearingShot","MokouMod:RetainTemperature+1","MokouMod:AdaptivePyromancy"],"picked":"SKIP","floor":20},{"not_picked":["MokouMod:Sear","MokouMod:EternalBurstReactor"],"picked":"MokouMod:FlareStarter+1","floor":24},{"not_picked":["MokouMod:SearingBlow","MokouMod:Sear"],"picked":"MokouMod:BurningDraft","floor":25},{"not_picked":["MokouMod:Meltdown+1","MokouMod:ThermalPressure"],"picked":"MokouMod:Ember+1","floor":27},{"not_picked":["MokouMod:IndiscriminateIgnition","MokouMod:HeatFactory"],"picked":"MokouMod:WarmUp","floor":28},{"not_picked":["MokouMod:Wildfire","MokouMod:SacredFire"],"picked":"MokouMod:Refresh","floor":29},{"not_picked":["MokouMod:BlazingComet","MokouMod:SearingShot+1","MokouMod:HeartofFire","MokouMod:Ember"],"picked":"SKIP","floor":30},{"not_picked":["MokouMod:RoaringFlare+1","MokouMod:Singe+1","MokouMod:Ember+1"],"picked":"MokouMod:Wildfire","floor":31},{"not_picked":["MokouMod:EternalBurstReactor","MokouMod:TemporalFireSeal","MokouMod:FujiyamaVolcano"],"picked":"MokouMod:InfernalWave+1","floor":31},{"not_picked":["MokouMod:FlickeringFlame","MokouMod:EternalBurstReactor+1","MokouMod:Singe"],"picked":"MokouMod:Overheat","floor":31},{"not_picked":["MokouMod:Rekindle","MokouMod:HouraiForge","MokouMod:Extinguish"],"picked":"MokouMod:PhoenixForm","floor":33},{"not_picked":["MokouMod:Meltdown+1","MokouMod:FujiyamaVolcano","MokouMod:ScorchedEarth"],"picked":"MokouMod:BurningDraft+1","floor":35},{"not_picked":["MokouMod:IgnitionBarrier","MokouMod:Burn+1","MokouMod:AdaptivePyromancy","MokouMod:Ember"],"picked":"SKIP","floor":36},{"not_picked":["MokouMod:ResoluteFlare+1","MokouMod:HeatTransfer+1","MokouMod:AdaptivePyromancy"],"picked":"MokouMod:FlickeringFlame+1","floor":37},{"not_picked":["MokouMod:HeatFactory+1","MokouMod:AdaptivePyromancy+1","MokouMod:EternalBurstReactor+1","MokouMod:RoaringFlare"],"picked":"SKIP","floor":44}],"player_experience":1160660,"relics_obtained":[{"floor":10,"key":"Hololive_LightStick"},{"floor":12,"key":"hubris:GlazedTorus"},{"floor":24,"key":"Happy Flower"},{"floor":26,"key":"Anchor"},{"floor":29,"key":"aspiration:SeaSaltIceCream"},{"floor":43,"key":"reliquary:BoilingFlask"}],"event_choices":[{"damage_healed":0,"gold_gain":0,"player_choice":"Donut","damage_taken":0,"max_hp_gain":5,"max_hp_loss":0,"event_name":"Big Fish","floor":11,"gold_loss":0},{"damage_healed":0,"gold_gain":0,"player_choice":"Simplicity","damage_taken":0,"max_hp_gain":0,"max_hp_loss":0,"event_name":"Back to Basics","floor":21,"gold_loss":0,"cards_upgraded":["MokouMod:Strike","MokouMod:Strike","MokouMod:Strike","MokouMod:Strike","MokouMod:Strike","MokouMod:Defend","MokouMod:Defend","MokouMod:Defend","MokouMod:Defend"]},{"damage_healed":0,"gold_gain":0,"player_choice":"Shed Blood","damage_taken":20,"max_hp_gain":5,"max_hp_loss":0,"event_name":"Forgotten Altar","floor":22,"gold_loss":0},{"cards_removed":["MokouMod:Defend"],"damage_healed":0,"gold_gain":0,"player_choice":"Removed Skill","damage_taken":0,"max_hp_gain":0,"max_hp_loss":0,"event_name":"Falling","floor":38,"gold_loss":0},{"damage_healed":0,"gold_gain":0,"player_choice":"Paid","damage_taken":0,"relics_obtained":["Red Mask"],"max_hp_gain":0,"max_hp_loss":0,"event_name":"Tomb of Lord Red Mask","floor":39,"gold_loss":151}],"is_beta":false,"boss_relics":[{"not_picked":["hubris:GrandSneckoEye","Black Star"],"picked":"infinitespire:Cupcake"},{"not_picked":["hubris:BlackHole","aspiration:PoetsPen_weak"],"picked":"reliquary:RedPaperclip"}],"items_purged_floors":[31],"is_endless":false,"potions_floor_spawned":[4,8,10,18,20,25,28,29,35,37],"killed_by":"Sphere and 2 Shapes","ascension_level":0}}