{"host":"0fmi5fguj5lvt8pf","time":1611553615,"event":{"mods":["BaseMod","Colored Map","Curses Come First","Downfall","Minty Spire (QoL Compilation)","Permanent Neow","StSLib"],"gold_per_floor":[99,117,136,46,46,496,496,496,516,516,26,42,42,57,75,75,75,75],"floor_reached":16,"language":"ENG","playtime":782,"items_purged":["Shame"],"score":92,"play_id":"c04613af-b34a-4207-a3a6-b8a6bc70908d","local_time":"20210124214655","is_ascension_mode":false,"campfire_choices":[{"data":"bronze:Replicate","floor":1,"key":"SMITH"}],"circlet_count":0,"master_deck":["bronze:Strike","bronze:Strike+1","bronze:Strike","bronze:Strike","bronze:Defend","bronze:Defend+1","bronze:Defend+1","bronze:Defend","bronze:Replicate+1","bronze:Goto","Panache","bronze:InfiniteBeams","bronze:BuggyMess","bronze:DelayedSlice","bronze:DazingPulse","bronze:DelayedSlice","Injury","bronze:Repair","bronze:DelayedSlice","bronze:TinkerersToolbox","bronze:InfiniteBeams","downfall:Malfunctioning","bronze:DelayedGuard","bronze:ForceShield"],"relics":["bronze:BronzeCore","Incense Burner","downfall:BrokenWingStatue","Singing Bowl"],"acts_visited":["Exordium"],"potions_floor_usage":[11,11,16],"damage_taken":[{"damage":3,"enemies":"2 Louse","floor":2,"turns":4},{"damage":3,"enemies":"Cultist","floor":3,"turns":3},{"damage":5,"enemies":"downfall:FleeingMerchant","floor":4,"turns":4},{"damage":0,"enemies":"downfall:FleeingMerchant","floor":5,"turns":2},{"damage":3,"enemies":"Small Slimes","floor":9,"turns":2},{"damage":1,"enemies":"downfall:FleeingMerchant","floor":11,"turns":4},{"damage":7,"enemies":"Blue Slaver","floor":12,"turns":2},{"damage":10,"enemies":"2 Fungi Beasts","floor":14,"turns":4},{"damage":0,"enemies":"Large Slime","floor":15,"turns":4},{"damage":56,"enemies":"SI_SHIV_ARCHETYPE","floor":16,"turns":7}],"seed_played":"6551841719398737004","potions_obtained":[{"floor":2,"key":"bronze:CleanCodePotion"},{"floor":5,"key":"AttackPotion"},{"floor":9,"key":"bronze:BurnAndBuffPotion"},{"floor":14,"key":"Block Potion"},{"floor":15,"key":"bronze:FreeFunctionsPotion"}],"is_trial":false,"path_per_floor":["R","M","M","$","?","?","T","?","M","?","$","M","?","M","M","B"],"character_chosen":"THE_AUTOMATON","items_purchased":["Singing Bowl","bronze:TinkerersToolbox","bronze:InfiniteBeams"],"campfire_rested":0,"item_purchase_floors":[11,11,11],"current_hp_per_floor":[70,67,64,59,59,59,59,59,56,56,62,57,57,47,54,5,5,5],"gold":75,"neow_bonus":"RANDOM_COLORLESS_2","is_daily":false,"chose_seed":false,"campfire_upgraded":1,"win_rate":0.0,"timestamp":1611553615,"path_taken":["R","M","M","$","?","?","T","?","?","?","$","M","?","M","M","BOSS"],"items_purchased_type":["Relic","Card","Card"],"build_version":"2020-12-22","purchased_purges":1,"victory":false,"max_hp_per_floor":[70,70,70,70,70,70,70,70,70,70,70,72,72,72,72,72,72,72],"card_choices":[{"not_picked":["Metamorphosis","Thinking Ahead"],"picked":"Panache","floor":0},{"not_picked":["bronze:Overheat","bronze:BronzeOrb"],"picked":"bronze:InfiniteBeams","floor":2},{"not_picked":["bronze:Branch","bronze:Deprecate"],"picked":"bronze:BuggyMess","floor":3},{"not_picked":["bronze:DigitalCarnage","bronze:Deprecate"],"picked":"bronze:DelayedSlice","floor":4},{"not_picked":[],"picked":"bronze:DazingPulse","floor":5},{"not_picked":["bronze:MaxOutput","bronze:ForceShield"],"picked":"bronze:DelayedSlice","floor":5},{"not_picked":["bronze:Fortify","bronze:Invalidate"],"picked":"bronze:Repair","floor":9},{"not_picked":["bronze:Fortify","bronze:BitShift"],"picked":"bronze:DelayedSlice","floor":11},{"not_picked":["bronze:Philosophize","bronze:DelayedSlice","bronze:Overload"],"picked":"Singing Bowl","floor":12},{"not_picked":["bronze:Safeguard","bronze:BitShift"],"picked":"bronze:DelayedGuard","floor":14},{"not_picked":["bronze:Philosophize","bronze:Branch"],"picked":"bronze:ForceShield","floor":15}],"player_experience":1397473,"relics_obtained":[{"floor":7,"key":"Incense Burner"}],"event_choices":[],"is_beta":false,"boss_relics":[],"items_purged_floors":[4],"is_endless":false,"potions_floor_spawned":[2,5,9,14,15],"killed_by":"SI_SHIV_ARCHETYPE","ascension_level":0}}