{"host":"6yti76gw1x84gcsv","time":1611567563,"event":{"mods":["100% Spire Juice","2.2 Compatiblity","AchievementEnabler","Act Like it!","Aspiration","BaseMod","Beaked The Cultist","Better Altar","Better Sensory Stone","Better Silent Start","Better-Laid Plans","BetterRewards","Block Reminder","CapriCore","Colored Map","Colored Powertips","Conspire","Curses Come First","Displayed Cursed Tome","Downfall","Faster Ascension Climbing","Fox Events","Friendly Minions","GifTheSpireLib","Good Game Mod","Googly Eyes","GungeonMod","Hermit","HololiveMod","Hubris","Jess\u0027s Bottle","Lobotomy","Marked Mod","Minty Spire (QoL Compilation)","MostiFishMod","Pale of the Ancients","Permanent Neow","Potionbrewer","Prisma Mod","Reimu??????","Relic Filter Mod","Relic Stats","Reliquary","Replay The Spire","Shade Mod","Shop Mod","Spire Arcade","StS++","StSLib","Synergy Search","The Construct","The Hierophant","The Immortal","The Jungle","The Mystic","The Runesmith","The Senshi","Uncapped","WarShipGirlsR/????R mod","Wide Potions"],"gold_per_floor":[99,116,126,0,275,304,304,304,304,304],"floor_reached":8,"language":"ENG","playtime":795,"items_purged":[],"score":59,"play_id":"1737aa11-fef7-4c35-a4a7-4419e6c26af0","local_time":"20210125043923","is_ascension_mode":true,"campfire_choices":[{"floor":1,"key":"RECALL"}],"circlet_count":0,"master_deck":["hexamod:Strike","hexamod:Strike","hexamod:Strike","hexamod:Strike","hexamod:Defend","hexamod:Defend","hexamod:Defend+1","hexamod:Defend","hexamod:Sear","hexamod:Float+1","Slimebound:MassFeed+1","hexamod:GhostflameInferno","hexamod:EmpoweredFlame","hexamod:Rewind","hexamod:BurningTouch+1","hexamod:RainOfEmbers","hexamod:SpectralAdrenaline","Regret","hexamod:Hexaguard"],"relics":["hexamod:SpiritBrand","DaveBox","REME:ComplimentaryCards","DSteel32","Peace Pipe","hubris:CuriousFeather"],"acts_visited":["Exordium"],"potions_floor_usage":[6,8],"damage_taken":[{"damage":0,"enemies":"Cultist","floor":2,"turns":3},{"damage":0,"enemies":"Jaw Worm","floor":3,"turns":3},{"damage":10,"enemies":"downfall:FleeingMerchant","floor":4,"turns":4},{"damage":26,"enemies":"Lagavulin","floor":6,"turns":4},{"damage":18,"enemies":"Replay:BlueRogue","floor":8,"turns":2}],"seed_played":"-6973572854464119430","potions_obtained":[{"floor":3,"key":"potionbrewer:FreezingPotion"},{"floor":6,"key":"PowerPotion"}],"is_trial":false,"path_per_floor":["R","M","M","$","?","E","T","E"],"character_chosen":"THE_SPIRIT","items_purchased":["hexamod:RainOfEmbers","hexamod:SpectralAdrenaline"],"campfire_rested":0,"item_purchase_floors":[4,4],"current_hp_per_floor":[49,49,49,39,39,13,13,0,0,0],"gold":304,"neow_bonus":"THREE_RARE_CARDS","is_daily":false,"chose_seed":false,"campfire_upgraded":0,"win_rate":0.0,"timestamp":1611567563,"path_taken":["R","M","M","?","?","E","T","E"],"items_purchased_type":["Card","Card"],"build_version":"2020-12-22","purchased_purges":0,"victory":false,"max_hp_per_floor":[70,70,70,70,70,70,70,70,70,70],"relic_stats":{"Peace Pipe":0,"counters":[5,16],"obtain_stats":[{"DSteel32":0,"Peace Pipe":6,"REME:ComplimentaryCards":0,"DaveBox":0,"hubris:CuriousFeather":7,"hexamod:SpiritBrand":0},{"DSteel32":0,"Peace Pipe":4,"REME:ComplimentaryCards":0,"DaveBox":0,"hubris:CuriousFeather":4,"hexamod:SpiritBrand":0},{"DSteel32":0,"Peace Pipe":14,"REME:ComplimentaryCards":0,"DaveBox":0,"hubris:CuriousFeather":14,"hexamod:SpiritBrand":0}]},"card_choices":[{"not_picked":["hexamod:UnleashSpirits","hexamod:HexaLevel"],"picked":"hexamod:GhostflameInferno","floor":0},{"not_picked":["hexamod:NightmareGuise","hexamod:HauntingEcho"],"picked":"hexamod:EmpoweredFlame","floor":2},{"not_picked":["hexamod:FastForward","hexamod:Hexaguard"],"picked":"hexamod:Rewind","floor":3},{"not_picked":["hexamod:PhantomFireball","hexamod:NightmareGuise"],"picked":"hexamod:BurningTouch","floor":4},{"not_picked":["hexamod:SpectralAdrenaline","hexamod:Firestarter"],"picked":"hexamod:Hexaguard","floor":6}],"player_experience":166135,"relics_obtained":[{"floor":6,"key":"Peace Pipe"},{"floor":7,"key":"hubris:CuriousFeather"}],"event_choices":[],"is_beta":false,"boss_relics":[],"items_purged_floors":[],"is_endless":false,"potions_floor_spawned":[3,6],"killed_by":"Replay:BlueRogue","ascension_level":2}}