{"host":"0p0n41frih4f9rxw","time":1611557452,"event":{"mods":["Act Like it!","BaseMod","Downfall","Minty Spire (QoL Compilation)","Replay The Spire","StSLib","The Servant 0.9.4"],"gold_per_floor":[122,146,177,189,221,264,238,238,238],"floor_reached":8,"language":"ENG","playtime":1565,"items_purged":[],"score":58,"play_id":"fc01b008-ba41-4910-b3cd-d31ea97bb136","local_time":"20210125065052","is_ascension_mode":false,"campfire_choices":[],"circlet_count":0,"master_deck":["Strike_S","Strike_S","Strike_S","Strike_S","Defend_S","Defend_S","Defend_S","Defend_S","KidneyShot","Exchange","Advance","Dramatic Entrance+1","Luminosity","SilverBlades","Luminosity"],"relics":["Uniform","MawBank","Smiling Mask"],"acts_visited":["Exordium"],"potions_floor_usage":[8,8],"damage_taken":[{"damage":0,"enemies":"Cultist","floor":1,"turns":4},{"damage":7,"enemies":"Jaw Worm","floor":2,"turns":7},{"damage":2,"enemies":"Small Slimes","floor":3,"turns":5},{"damage":6,"enemies":"Blue Slaver","floor":5,"turns":4},{"damage":24,"enemies":"3 Sentries","floor":6,"turns":9},{"damage":43,"enemies":"Gremlin Nob","floor":8,"turns":5}],"seed_played":"-4439228569972191893","potions_obtained":[{"floor":1,"key":"sneckomod:MuddlingPotion"},{"floor":3,"key":"ColorlessPotion"},{"floor":5,"key":"Dexterity Potion"}],"is_trial":false,"path_per_floor":["M","M","M","?","M","E","$","E"],"character_chosen":"THE_SERVANT","items_purchased":["Luminosity"],"campfire_rested":0,"item_purchase_floors":[7],"current_hp_per_floor":[65,58,56,56,50,26,26,0,0],"gold":238,"neow_bonus":"RANDOM_COMMON_RELIC","is_daily":false,"chose_seed":false,"campfire_upgraded":0,"win_rate":0.0,"timestamp":1611557452,"path_taken":["M","M","?","?","?","E","$","E"],"items_purchased_type":["Card"],"build_version":"2020-12-22","purchased_purges":0,"victory":false,"max_hp_per_floor":[65,65,65,65,65,65,65,65,65],"card_choices":[{"not_picked":["StarChef","FanOfKnives"],"picked":"Advance","floor":1},{"not_picked":["Replace","Defy"],"picked":"BestPractice","floor":2},{"not_picked":["Alleviate","FanOfKnives","RealityMarble"],"picked":"SKIP","floor":3},{"not_picked":["Rewind","Gouge"],"picked":"Luminosity","floor":5},{"not_picked":["BottledTime","InstantArmor"],"picked":"SilverBlades","floor":6}],"player_experience":120985,"relics_obtained":[{"floor":6,"key":"Smiling Mask"}],"event_choices":[{"cards_removed":["BestPractice"],"damage_healed":0,"gold_gain":0,"player_choice":"Took Card","damage_taken":0,"max_hp_gain":0,"max_hp_loss":0,"event_name":"NoteForYourself","floor":4,"gold_loss":0,"cards_obtained":["Dramatic Entrance"]}],"is_beta":false,"boss_relics":[],"items_purged_floors":[],"is_endless":false,"potions_floor_spawned":[1,3,5],"killed_by":"Gremlin Nob","ascension_level":0}}