{"host":"Mute","time":1611574698,"event":{"mods":["BaseMod","Colored Map","Downfall","Minty Spire (QoL Compilation)","StSLib"],"gold_per_floor":[99,99,99,99,99,129,129,155,155,173,173,210,210,232,252,252,252,252],"floor_reached":16,"language":"ENG","playtime":950,"items_purged":[],"score":158,"play_id":"c1e40911-d910-4353-a4e3-0947f3873ce8","local_time":"20210125063818","is_ascension_mode":false,"campfire_choices":[{"data":"hexamod:Float","floor":1,"key":"SMITH"},{"data":"hexamod:GhostOfSpireFuture","floor":13,"key":"SMITH"}],"circlet_count":0,"master_deck":["hexamod:Strike","hexamod:Strike+1","hexamod:Strike+1","hexamod:Strike","hexamod:Defend","hexamod:Defend","hexamod:Defend+1","hexamod:Defend","hexamod:Sear","hexamod:Float+1","hexamod:GhostOfSpireFuture+1","downfall:Malfunctioning","hexamod:SecondSeal","hexamod:FourthSeal","hexamod:GhostLash","hexamod:Float+1","hexamod:BacktrackSmack","hexamod:SoulSteal"],"relics":["hexamod:SpiritBrand","downfall:HeartsMalice","Anchor","Pear","Ginger"],"acts_visited":["Exordium"],"potions_floor_usage":[15],"damage_taken":[{"damage":0,"enemies":"2 Louse","floor":2,"turns":1},{"damage":0,"enemies":"Small Slimes","floor":5,"turns":1},{"damage":0,"enemies":"3 Sentries","floor":6,"turns":1},{"damage":4,"enemies":"Cultist","floor":8,"turns":4},{"damage":19,"enemies":"Exordium Thugs","floor":10,"turns":5},{"damage":29,"enemies":"Lagavulin","floor":12,"turns":6},{"damage":4,"enemies":"2 Fungi Beasts","floor":14,"turns":4},{"damage":0,"enemies":"Large Slime","floor":15,"turns":5},{"damage":34,"enemies":"SI_SHIV_ARCHETYPE","floor":16,"turns":8}],"seed_played":"4450457942160877412","potions_obtained":[{"floor":8,"key":"Swift Potion"},{"floor":10,"key":"SkillPotion"},{"floor":12,"key":"Fruit Juice"},{"floor":15,"key":"BlessingOfTheForge"}],"is_trial":false,"path_per_floor":["R","M","?","?","M","E","T","M","?","M","?","E","R","M","M","B"],"character_chosen":"THE_SPIRIT","items_purchased":[],"campfire_rested":0,"item_purchase_floors":[],"current_hp_per_floor":[70,70,70,70,70,70,80,76,81,62,62,33,33,29,34,0,0,0],"gold":252,"neow_bonus":"THREE_ENEMY_KILL","is_daily":false,"chose_seed":false,"campfire_upgraded":2,"win_rate":0.0,"timestamp":1611574698,"path_taken":["R","M","?","?","M","E","T","M","?","M","?","E","R","M","M","BOSS"],"items_purchased_type":[],"build_version":"2020-12-18","purchased_purges":0,"victory":false,"max_hp_per_floor":[70,70,70,70,70,70,80,80,85,85,85,85,85,85,90,90,90,90],"card_choices":[{"not_picked":["hexamod:ThermalTransfer","hexamod:SwordOfDarkness"],"picked":"hexamod:GhostOfSpireFuture","floor":2},{"not_picked":["hexamod:Incineration","hexamod:BurningTouch","hexamod:ShieldOfDarkness"],"picked":"SKIP","floor":5},{"not_picked":["hexamod:ChargedBarrage","hexamod:DynamicBlow"],"picked":"hexamod:SecondSeal","floor":6},{"not_picked":["hexamod:SpectersWail","hexamod:SoulSteal"],"picked":"hexamod:FourthSeal","floor":8},{"not_picked":["hexamod:SpectralAdrenaline","hexamod:RainOfEmbers"],"picked":"hexamod:GhostLash","floor":10},{"not_picked":["hexamod:Incineration","hexamod:GhostflameBarrier","hexamod:SwordOfDarkness"],"picked":"SKIP","floor":12},{"not_picked":["hexamod:NightmareGuise","hexamod:NightmareStrike"],"picked":"hexamod:BacktrackSmack","floor":14},{"not_picked":["hexamod:BurningTouch","hexamod:HeatMetal"],"picked":"hexamod:SoulSteal","floor":15}],"player_experience":436098,"relics_obtained":[{"floor":6,"key":"Anchor"},{"floor":7,"key":"Pear"},{"floor":12,"key":"Ginger"}],"event_choices":[{"damage_healed":0,"gold_gain":0,"player_choice":"Donut","damage_taken":0,"max_hp_gain":5,"max_hp_loss":0,"event_name":"Big Fish","floor":9,"gold_loss":0}],"is_beta":true,"boss_relics":[],"items_purged_floors":[],"is_endless":false,"potions_floor_spawned":[8,12,14,15],"killed_by":"SI_SHIV_ARCHETYPE","ascension_level":0}}