{"host":"8is2j71l4wmybkoi","time":1611573195,"event":{"mods":["AchievementEnabler","BaseMod","Colored Map","Minty Spire (QoL Compilation)","Rare Cards Sparkle","StSLib","SuperFastMode"],"gold_per_floor":[116,129,147,147,147,147,72,72,72,72,90,90,117,131,131,208,208,225,6,22,38,57,57,92,35,35,35,63,86,86,86],"floor_reached":30,"language":"KOR","playtime":1266,"items_purged":["Defend_B"],"score":574,"play_id":"beefa9c8-179d-42b4-947e-bf1cbe987aea","local_time":"20210125201315","is_ascension_mode":true,"campfire_choices":[{"data":"Chaos","floor":6.0,"key":"SMITH"},{"data":"Dualcast","floor":8.0,"key":"SMITH"},{"floor":10.0,"key":"REST"},{"data":"Coolheaded","floor":12.0,"key":"SMITH"},{"data":"Hologram","floor":15.0,"key":"SMITH"},{"data":"Multi-Cast","floor":23.0,"key":"SMITH"},{"floor":27.0,"key":"REST"}],"circlet_count":0,"master_deck":["AscendersBane","Strike_B","Strike_B","Defend_B","Defend_B","Zap+1","Dualcast+1","Chaos+1","Lockon+1","Glacier","Coolheaded+1","Compile Driver","Hologram+1","Multi-Cast+1","Blizzard","Turbo","Chill","Capacitor","Darkness","Undo+1","Buffer"],"relics":["Cracked Core","Blue Candle","Eternal Feather","SlaversCollar","DataDisk","CeramicFish","Mummified Hand"],"acts_visited":["Exordium","TheCity"],"potions_floor_usage":[30],"damage_taken":[{"damage":1.0,"enemies":"Cultist","floor":1.0,"turns":3.0},{"damage":2.0,"enemies":"Small Slimes","floor":2.0,"turns":3.0},{"damage":7.0,"enemies":"Jaw Worm","floor":3.0,"turns":2.0},{"damage":7.0,"enemies":"Gremlin Gang","floor":11.0,"turns":4.0},{"damage":23.0,"enemies":"3 Sentries","floor":13.0,"turns":10.0},{"damage":0.0,"enemies":"Red Slaver","floor":14.0,"turns":3.0},{"damage":0.0,"enemies":"The Guardian","floor":16.0,"turns":8.0},{"damage":4.0,"enemies":"3 Byrds","floor":18.0,"turns":4.0},{"damage":0.0,"enemies":"Spheric Guardian","floor":20.0,"turns":4.0},{"damage":0.0,"enemies":"Snecko","floor":21.0,"turns":8.0},{"damage":12.0,"enemies":"Centurion and Healer","floor":22.0,"turns":8.0},{"damage":42.0,"enemies":"Slavers","floor":24.0,"turns":6.0},{"damage":25.0,"enemies":"Cultist and Chosen","floor":28.0,"turns":8.0},{"damage":0.0,"enemies":"3 Cultists","floor":29.0,"turns":6.0},{"damage":13,"enemies":"Book of Stabbing","floor":30,"turns":7}],"seed_played":"1818955456997277844","potions_obtained":[{"floor":1.0,"key":"GamblersBrew"},{"floor":13.0,"key":"Energy Potion"},{"floor":18.0,"key":"Strength Potion"},{"floor":24.0,"key":"GamblersBrew"},{"floor":29.0,"key":"SpeedPotion"}],"is_trial":false,"path_per_floor":["M","M","M","?","?","R","$","R","T","R","M","R","E","M","R","B",null,"M","$","M","M","M","R","E","$","T","R","M","M","E"],"character_chosen":"DEFECT","items_purchased":["DataDisk","Turbo","Explosive Potion"],"campfire_rested":2,"item_purchase_floors":[19,19,25],"current_hp_per_floor":[63,61,54,47,28,28,28,28,28,47,40,40,17,17,23,23,54,50,50,50,50,38,47,5,5,5,33,8,8,0,0],"gold":86,"neow_bonus":"REMOVE_TWO","is_daily":false,"chose_seed":false,"campfire_upgraded":5,"win_rate":0.0,"timestamp":1611573195,"path_taken":["M","M","M","?","?","R","?","R","T","R","M","R","E","M","R","BOSS","M","$","M","M","?","R","E","?","T","R","M","?","E"],"items_purchased_type":["Relic","Card","Potion"],"build_version":"2020-12-22","purchased_purges":1,"victory":false,"max_hp_per_floor":[64,64,64,64,64,64,64,64,64,64,64,64,64,64,64,64,64,64,64,64,64,64,64,64,64,64,64,64,64,64,64],"card_choices":[{"not_picked":["Rebound","Leap"],"picked":"Chaos","floor":1.0},{"not_picked":["Redo","Hologram"],"picked":"Lockon","floor":2.0},{"not_picked":["Compile Driver","Ball Lightning"],"picked":"Glacier","floor":3.0},{"not_picked":["Stack","Go for the Eyes"],"picked":"Coolheaded","floor":11.0},{"not_picked":["Ball Lightning","Coolheaded"],"picked":"Compile Driver","floor":13.0},{"not_picked":["Stack","Loop"],"picked":"Hologram","floor":14.0},{"not_picked":["All For One","Machine Learning"],"picked":"Multi-Cast","floor":16.0},{"not_picked":["Sweeping Beam","Turbo"],"picked":"Blizzard","floor":18.0},{"not_picked":["Go for the Eyes","Undo","Stack"],"picked":"SKIP","floor":20.0},{"not_picked":["Auto Shields","Barrage"],"picked":"Chill","floor":21.0},{"not_picked":["Self Repair","Leap"],"picked":"Capacitor","floor":22.0},{"not_picked":["Hologram","Barrage"],"picked":"Darkness","floor":24.0},{"not_picked":["Go for the Eyes","Compile Driver"],"picked":"Undo+1","floor":28.0},{"not_picked":["Defragment","Recycle"],"picked":"Buffer","floor":29.0}],"player_experience":787434,"relics_obtained":[{"floor":9.0,"key":"Blue Candle"},{"floor":13.0,"key":"Eternal Feather"},{"floor":24.0,"key":"CeramicFish"},{"floor":26.0,"key":"Mummified Hand"}],"event_choices":[{"cards_removed":["Strike_B"],"damage_healed":0.0,"max_hp_gain":0.0,"max_hp_loss":0.0,"gold_gain":0.0,"event_name":"Golden Wing","player_choice":"Card Removal","floor":4.0,"gold_loss":0.0,"damage_taken":7.0},{"damage_healed":0.0,"max_hp_gain":0.0,"max_hp_loss":0.0,"gold_gain":0.0,"event_name":"Shining Light","player_choice":"Entered Light","floor":5.0,"gold_loss":0.0,"damage_taken":19.0,"cards_upgraded":["Lockon","Zap"]}],"is_beta":false,"boss_relics":[{"not_picked":["Velvet Choker","Tiny House"],"picked":"SlaversCollar"}],"items_purged_floors":[7],"is_endless":false,"potions_floor_spawned":[1,13,18,24,29],"killed_by":"Book of Stabbing","ascension_level":18}}