{"host":"1tl36azeqm6yhdgj","time":1611589978,"event":{"mods":["AchievementEnabler","BaseMod","Minty Spire (QoL Compilation)","StSLib","The IronCluck","everything is the same but u backflip on backflip"],"gold_per_floor":[359,23,0,0,11,40,54,54,54,88,99,99,179,194,194,270,270,280,280,280,12,23,23,49,49,72,99,118,118,118,129,129,129,129],"floor_reached":33,"language":"ENG","playtime":1585,"items_purged":[],"score":606,"play_id":"7b4f2a96-34f8-4236-9fb8-ce76a3c82254","local_time":"20210125105258","is_ascension_mode":true,"campfire_choices":[{"floor":8.0,"key":"REST"},{"floor":15.0,"key":"REST"},{"floor":23.0,"key":"REST"},{"floor":25.0,"key":"REST"},{"floor":29.0,"key":"REST"},{"floor":32.0,"key":"REST"}],"circlet_count":0,"master_deck":["AscendersBane","Strike_R+1","Strike_R+1","Strike_R+1","Strike_R+1","Defend_R+1","Defend_R+1","Defend_R+1","Defend_R+1","Bash","Thunderclap","Transmutation","Shockwave","Rampage","Immolate","Cleave","Disarm","Feed","True Grit+1","Warcry+1","Reaper","Infernal Blade+1","Armaments+1","Writhe","Disarm+1","Ghostly Armor+1","Flex+1","Dropkick"],"relics":["Burning Blood","Question Card","Toxic Egg 2","Self Forming Clay","Bottled Flame","SlaversCollar","Pen Nib","Toy Ornithopter","Ginger","Anchor","Centennial Puzzle"],"acts_visited":["Exordium","TheCity"],"potions_floor_usage":[33,33],"damage_taken":[{"damage":6.0,"enemies":"Cultist","floor":1.0,"turns":3.0},{"damage":1.0,"enemies":"Small Slimes","floor":5.0,"turns":3.0},{"damage":38.0,"enemies":"3 Sentries","floor":6.0,"turns":7.0},{"damage":13.0,"enemies":"Jaw Worm","floor":7.0,"turns":4.0},{"damage":27.0,"enemies":"Gremlin Nob","floor":10.0,"turns":4.0},{"damage":3.0,"enemies":"Looter","floor":11.0,"turns":3.0},{"damage":0.0,"enemies":"Lagavulin","floor":12.0,"turns":4.0},{"damage":5.0,"enemies":"Blue Slaver","floor":14.0,"turns":6.0},{"damage":49.0,"enemies":"Slime Boss","floor":16.0,"turns":12.0},{"damage":24.0,"enemies":"Chosen","floor":18.0,"turns":7.0},{"damage":14.0,"enemies":"Shell Parasite","floor":22.0,"turns":8.0},{"damage":75.0,"enemies":"Book of Stabbing","floor":24.0,"turns":9.0},{"damage":32.0,"enemies":"Gremlin Leader","floor":27.0,"turns":5.0},{"damage":23.0,"enemies":"Centurion and Healer","floor":28.0,"turns":8.0},{"damage":8.0,"enemies":"Snake Plant","floor":31.0,"turns":5.0},{"damage":120,"enemies":"Automaton","floor":33,"turns":10}],"seed_played":"2755746993576931568","potions_obtained":[{"floor":5.0,"key":"SmokeBomb"},{"floor":10.0,"key":"AttackPotion"},{"floor":16.0,"key":"Ancient Potion"},{"floor":24.0,"key":"PowerPotion"},{"floor":28.0,"key":"Block Potion"},{"floor":31.0,"key":"Fire Potion"}],"is_trial":false,"path_per_floor":["M","$","?","?","M","E","M","R","T","E","M","E","T","M","R","B",null,"M","?","?","$","M","R","E","R","T","E","M","R","?","M","R","B"],"character_chosen":"IRONCLAD","items_purchased":["Transmutation","Shockwave","Rampage","Toy Ornithopter","SkillPotion","PowerPotion"],"campfire_rested":6,"item_purchase_floors":[2,2,2,21,21,21],"current_hp_per_floor":[50,50,50,50,55,23,16,38,38,17,23,29,29,30,53,14,65,50,50,50,50,59,82,24,48,48,48,31,56,56,57,83,0,0],"gold":129,"neow_bonus":"TWO_FIFTY_GOLD","is_daily":false,"chose_seed":false,"campfire_upgraded":0,"win_rate":0.0,"timestamp":1611589978,"path_taken":["M","$","?","?","M","E","M","R","T","E","M","E","?","M","R","BOSS","M","?","?","$","M","R","E","R","T","E","M","R","?","M","R","BOSS"],"items_purchased_type":["Card","Card","Card","Relic","Potion","Potion"],"build_version":"2020-12-22","purchased_purges":0,"victory":false,"max_hp_per_floor":[75,75,75,75,75,75,75,75,75,75,78,78,78,78,78,82,82,82,82,82,82,82,82,82,82,82,85,85,85,85,88,88,88,88],"card_choices":[{"not_picked":["Cleave","Seeing Red"],"picked":"Thunderclap","floor":1.0},{"not_picked":["Heavy Blade","Havoc","Headbutt"],"picked":"SKIP","floor":5.0},{"not_picked":["Wild Strike","Iron Wave"],"picked":"Cleave","floor":6.0},{"not_picked":["Clothesline","Thunderclap","Sword Boomerang"],"picked":"Disarm","floor":7.0},{"not_picked":["Wild Strike","Blood for Blood","Feel No Pain"],"picked":"Feed","floor":10.0},{"not_picked":["Wild Strike","Body Slam","Clothesline"],"picked":"True Grit+1","floor":11.0},{"not_picked":["Pummel","Headbutt","Second Wind+1"],"picked":"Warcry+1","floor":14.0},{"not_picked":["Berserk","Bludgeon","Brutality"],"picked":"Reaper","floor":16.0},{"not_picked":["Metallicize","Rupture+1","Clash"],"picked":"Infernal Blade+1","floor":18.0},{"not_picked":["Twin Strike","Reckless Charge","Searing Blow","Armaments+1"],"picked":"SKIP","floor":22.0},{"not_picked":["Body Slam","Juggernaut","Armaments+1"],"picked":"Disarm+1","floor":24.0},{"not_picked":["Clash","Anger","Body Slam"],"picked":"Ghostly Armor+1","floor":27.0},{"not_picked":["Reckless Charge","Fiend Fire","Intimidate+1"],"picked":"Flex+1","floor":28.0},{"not_picked":["Cleave+1","Warcry+1","Clash"],"picked":"Dropkick","floor":31.0}],"player_experience":2043928,"relics_obtained":[{"floor":6.0,"key":"Question Card"},{"floor":9.0,"key":"Toxic Egg 2"},{"floor":10.0,"key":"Self Forming Clay"},{"floor":13.0,"key":"Bottled Flame"},{"floor":24.0,"key":"Ginger"},{"floor":26.0,"key":"Anchor"},{"floor":27.0,"key":"Centennial Puzzle"}],"event_choices":[{"damage_healed":0.0,"max_hp_gain":0.0,"max_hp_loss":0.0,"gold_gain":0.0,"event_name":"World of Goop","player_choice":"Left Gold","floor":3.0,"gold_loss":23.0,"damage_taken":0.0},{"damage_healed":0.0,"max_hp_gain":0.0,"max_hp_loss":0.0,"gold_gain":0.0,"cards_transformed":["Strike_R"],"event_name":"Living Wall","player_choice":"Change","floor":4.0,"gold_loss":0.0,"damage_taken":0.0,"cards_obtained":["Immolate"]},{"damage_healed":0.0,"max_hp_gain":0.0,"max_hp_loss":0.0,"gold_gain":0.0,"event_name":"The Library","player_choice":"Read","floor":19.0,"gold_loss":0.0,"damage_taken":0.0,"cards_obtained":["Armaments"]},{"damage_healed":0.0,"max_hp_gain":0.0,"max_hp_loss":0.0,"gold_gain":0.0,"event_name":"The Mausoleum","player_choice":"Opened","floor":20.0,"gold_loss":0.0,"damage_taken":0.0,"relics_obtained":["Pen Nib"],"cards_obtained":["Writhe"]},{"damage_healed":0.0,"max_hp_gain":0.0,"max_hp_loss":0.0,"gold_gain":0.0,"event_name":"Back to Basics","player_choice":"Simplicity","floor":30.0,"gold_loss":0.0,"damage_taken":0.0,"cards_upgraded":["Strike_R","Strike_R","Strike_R","Strike_R","Defend_R","Defend_R","Defend_R","Defend_R"]}],"is_beta":false,"boss_relics":[{"not_picked":["Fusion Hammer","Runic Dome"],"picked":"SlaversCollar"}],"items_purged_floors":[],"is_endless":false,"potions_floor_spawned":[5,10,12,16,24,28,31],"killed_by":"Automaton","ascension_level":20}}