{"host":"ft78nznc4009qqbv","time":1611579381,"event":{"mods":["BaseMod","Minty Spire (QoL Compilation)","Quick Restart","StSLib","SuperFastMode"],"gold_per_floor":[115,130,142,142,157,167,197,197,197,197],"floor_reached":9,"language":"ZHS","playtime":380,"items_purged":[],"score":75,"play_id":"480bbbbd-169b-46f5-a128-62d3dd15ad91","local_time":"20210125205621","is_ascension_mode":true,"campfire_choices":[{"floor":8,"key":"REST"}],"circlet_count":0,"master_deck":["Strike_G","Strike_G","Strike_G","Strike_G","Strike_G","Defend_G","Defend_G","Defend_G","Defend_G","Defend_G","Survivor","Neutralize","Poisoned Stab+1","Deflect","Deflect","Crippling Poison","Acrobatics"],"relics":["Ring of the Snake","Anchor"],"acts_visited":["Exordium"],"potions_floor_usage":[7],"damage_taken":[{"damage":5.0,"enemies":"Jaw Worm","floor":1.0,"turns":7.0},{"damage":0.0,"enemies":"Cultist","floor":2.0,"turns":4.0},{"damage":1.0,"enemies":"2 Louse","floor":3.0,"turns":3.0},{"damage":1.0,"enemies":"Gremlin Gang","floor":5.0,"turns":7.0},{"damage":0.0,"enemies":"Looter","floor":6.0,"turns":3.0},{"damage":43,"enemies":"Gremlin Nob","floor":7,"turns":5},{"damage":0,"enemies":"Lagavulin","floor":9,"turns":2}],"seed_played":"-6628348624322754438","potions_obtained":[{"floor":3.0,"key":"SteroidPotion"},{"floor":6.0,"key":"PowerPotion"},{"floor":7,"key":"Strength Potion"}],"is_trial":false,"path_per_floor":["M","M","M","?","M","M","E","R","E"],"character_chosen":"THE_SILENT","items_purchased":[],"campfire_rested":1,"item_purchase_floors":[],"current_hp_per_floor":[72,72,71,71,70,70,27,50,50,50],"gold":197,"neow_bonus":"TEN_PERCENT_HP_BONUS","is_daily":false,"chose_seed":false,"campfire_upgraded":0,"win_rate":0.0,"timestamp":1611579381,"path_taken":["M","M","M","?","M","?","E","R","E"],"items_purchased_type":[],"build_version":"2020-12-22","purchased_purges":0,"victory":false,"max_hp_per_floor":[77,77,77,77,77,77,77,77,77,77],"card_choices":[{"not_picked":["Underhanded Strike","Bane"],"picked":"Poisoned Stab","floor":1.0},{"not_picked":["Cloak And Dagger","Setup","Riddle With Holes"],"picked":"SKIP","floor":2.0},{"not_picked":["Slice","Distraction"],"picked":"Deflect","floor":3.0},{"not_picked":["Dagger Spray","Underhanded Strike"],"picked":"Deflect","floor":5.0},{"not_picked":["Grand Finale","Outmaneuver"],"picked":"Crippling Poison","floor":6.0},{"not_picked":["Outmaneuver","Deflect"],"picked":"Acrobatics","floor":7}],"player_experience":84703,"relics_obtained":[{"floor":7,"key":"Anchor"}],"event_choices":[{"damage_healed":0.0,"max_hp_gain":0.0,"max_hp_loss":0.0,"gold_gain":0.0,"event_name":"Accursed Blacksmith","player_choice":"Forge","floor":4.0,"gold_loss":0.0,"damage_taken":0.0,"cards_upgraded":["Poisoned Stab"]}],"is_beta":false,"boss_relics":[],"items_purged_floors":[],"is_endless":false,"potions_floor_spawned":[3,6,7],"killed_by":"Lagavulin","ascension_level":3}}