{"host":"hqxy2g3i5ker09hc","time":1611533527,"event":{"mods":["2.2 Compatiblity","AlwaysNeverKeys","Aspiration","BaseMod","Beaked The Cultist","Better Match","Better Note","Better Sensory Stone","Better Silent Start","Better Third Choice","Better-Laid Plans","CCEM","CatGirl Mod","Chen","Conspire","Downfall","Fireblade Mod","GifTheSpireLib","Gold Saver","Hubris","Ironclad Rager","KinomotoSakuraMod(????)","Minty Spire (QoL Compilation)","MostiFishMod","Permanent Neow","Prisma Mod","Quarter Circle Forward PUNCH!","Quick Restart","Replay The Spire","Shop Mod","Small Relic Pack","Spikes Relics","StSLib","Stuff the Spire","The Animator","The Bug Knight","The Forsaken","The Wild Card"],"gold_per_floor":[1488,1488,1115,1115,1115,1115,1135,1151,1151,1151,1167,899,911,922,922,1021,1021,1086,148,214,214,230,230,248,267,267,23,23,35,119,119,119,221,221,287,287,298,308,308,308,375,394,445,445,463,494,494,556,556,556,556,556,43,74,124],"floor_reached":56,"language":"ENG","playtime":5215,"items_purged":["ClowCardTheSword","ClowCardTheShield","ClowCardTheSong+1"],"score":1318,"play_id":"65ce54f3-9674-4551-8cab-a7fed9fcc3ac","local_time":"20210125011207","is_ascension_mode":false,"campfire_choices":[{"data":"Apotheosis","floor":6.0,"key":"SMITH"},{"data":"ClowCardTheFlower","floor":10.0,"key":"SMITH"},{"floor":15.0,"key":"REST"},{"data":"Enlightenment","floor":23.0,"key":"SMITH"},{"data":"Replay:Sssssssssshield","floor":28.0,"key":"SMITH"},{"data":"ClowCardTheFight","floor":32,"key":"SMITH"},{"data":"ClowCardTheSweet","floor":40,"key":"SMITH"},{"data":"ClowCardTheDream","floor":47,"key":"SMITH"},{"data":"ClowCardTheArrow","floor":52,"key":"SMITH"}],"circlet_count":0,"master_deck":["SakuraCardTheTwin+","SakuraCardTheFreeze+","ClowCardTheSword","ClowCardTheSword","ClowCardTheShield","ClowCardTheShield","SpellCardSeal","SpellCardRelease","Enlightenment+1","ClowCardTheSilent","Apotheosis+1","ClowCardTheFlower+1","ClowCardTheMaze","ClowCardTheSweet+1","ClowCardTheFreeze","ClowCardTheErase","ClowCardTheWatery","ClowCardTheWave","ClowCardTheFloat","ClowCardTheMist","ClowCardTheShot","Replay:Sssssssssshield+1","ClowCardTheSnow","ClowCardTheLight","ClowCardTheArrow+1","ClowCardTheFlower+1","ClowCardTheWood+1","ClowCardTheSleep","ClowCardTheFight+1","ClowCardTheSweet+1","ClowCardTheReturn+1","ClowCardTheDream+1","ClowCardTheDream+1","ClowCardTheFlower+1"],"relics":["KSMOD_SealedBook","KSMOD_SealedWand","DaveBox","SynthV:TestCard","relicPack:SpireResearchBook","RollingBoulder","StuffTheSpire:ForceGauntlet","relicPack:KazumaCape","BirthdayGift-Icosahedron","KSMOD_RollerSkates","HaiYi:Twilight","Blue Candle","MostiFishMod:AdaptiveDefenses","Orichalcum","JellyFishMachine","KSMOD_TaoistSuit","Anchor","hubris:FunFungus","Chemical X","Snack Pack","Blood Vial"],"acts_visited":["Exordium","TheCity","TheBeyond","TheEnding"],"potions_floor_usage":[],"damage_taken":[{"damage":11.0,"enemies":"Jaw Worm","floor":1.0,"turns":5.0},{"damage":0.0,"enemies":"2 Louse","floor":7.0,"turns":5.0},{"damage":0.0,"enemies":"Cultist","floor":8.0,"turns":3.0},{"damage":16.0,"enemies":"Exordium Thugs","floor":11.0,"turns":5.0},{"damage":11.0,"enemies":"2 Fungi Beasts","floor":13.0,"turns":5.0},{"damage":13.0,"enemies":"Exordium Wildlife","floor":14.0,"turns":6.0},{"damage":1.0,"enemies":"Fading Forest","floor":16.0,"turns":11.0},{"damage":10.0,"enemies":"Shell Parasite","floor":18.0,"turns":7.0},{"damage":3.0,"enemies":"3 Byrds","floor":20.0,"turns":1.0},{"damage":0.0,"enemies":"Shelled Parasite and Fungi","floor":22.0,"turns":3.0},{"damage":0.0,"enemies":"conspire:HollyBat","floor":24.0,"turns":8.0},{"damage":10.0,"enemies":"Sentry and Sphere","floor":25.0,"turns":4.0},{"damage":0.0,"enemies":"Snecko","floor":29.0,"turns":4.0},{"damage":0,"enemies":"conspire:Head Lice","floor":30,"turns":5},{"damage":0,"enemies":"conspire:MysteriousRune","floor":33,"turns":6},{"damage":0,"enemies":"3 Shapes","floor":35,"turns":2},{"damage":0,"enemies":"Orb Walker","floor":37,"turns":8},{"damage":0,"enemies":"Jaw Worm Horde","floor":38,"turns":3},{"damage":0,"enemies":"Maw","floor":41,"turns":4},{"damage":0,"enemies":"Transient","floor":42,"turns":5},{"damage":0,"enemies":"3 Darklings","floor":45,"turns":3},{"damage":0,"enemies":"Reptomancer","floor":46,"turns":5},{"damage":0,"enemies":"Spire Growth","floor":48,"turns":2},{"damage":0,"enemies":"Donu and Deca","floor":50,"turns":9},{"damage":0,"enemies":"Shield and Spear","floor":54,"turns":3},{"damage":3,"enemies":"The Heart","floor":55,"turns":7}],"seed_played":"-6553609851431837738","potions_obtained":[{"floor":1.0,"key":"Slimebound:ThreeZeroPotion"},{"floor":7.0,"key":"Milkshake"},{"floor":11.0,"key":"bronze:BurnAndBuffPotion"},{"floor":41,"key":"Elixir"}],"is_trial":false,"path_per_floor":["M","?","$","?","?","R","M","M","T","R","M","$","M","M","R","B",null,"M","$","M","?","M","R","M","M","T","$","R","M","E","$","R","B",null,"M","?","M","M","?","R","M","M","T","?","M","E","R","M","R","B",null,"R","$","E","B",null],"character_chosen":"KINOMOTOSAKURA","items_purchased":["relicPack:SpireResearchBook","RollingBoulder","ClowCardTheFlower","ClowCardTheMaze","ClowCardTheFloat","ClowCardTheMist","ClowCardTheShot","Replay:Sssssssssshield","BirthdayGift-Icosahedron","KSMOD_RollerSkates","MostiFishMod:AdaptiveDefenses","Chemical X","Snack Pack"],"campfire_rested":1,"item_purchase_floors":[3,3,3,3,12,12,12,12,19,19,27,53,53],"current_hp_per_floor":[59,59,59,59,59,59,64,69,69,69,58,58,47,39,60,64,70,65,65,63,63,70,70,70,70,70,70,70,70,70,70,70,70,70,70,70,70,70,70,70,70,70,70,70,70,70,70,70,70,70,70,70,70,70,70],"gold":124,"neow_bonus":"RANDOM_COLORLESS","is_daily":false,"chose_seed":false,"campfire_upgraded":8,"win_rate":0.0,"timestamp":1611533527,"path_taken":["M","?","$","?","?","R","M","?","T","R","M","$","M","M","R","BOSS","M","$","M","?","M","R","M","M","T","$","R","M","E","?","R","BOSS","M","?","?","M","?","R","M","M","T","?","M","E","R","?","R","BOSS","R","$","E","BOSS"],"items_purchased_type":["Relic","Relic","Card","Card","Card","Card","Card","Card","Relic","Relic","Relic","Relic","Relic"],"build_version":"2020-12-22","purchased_purges":3,"victory":true,"max_hp_per_floor":[70,70,70,70,70,70,70,70,70,70,70,70,70,70,70,70,70,70,70,70,70,70,70,70,70,70,70,70,70,70,70,70,70,70,70,70,70,70,70,70,70,70,70,70,70,70,70,70,70,70,70,70,70,70,70],"card_choices":[{"not_picked":["StuffTheSpire:PlasmaPulse","ReplayTheSpireMod:Trickstab"],"picked":"Enlightenment","floor":0.0},{"not_picked":["ClowCardTheShot","ClowCardTheMaze"],"picked":"ClowCardTheSilent","floor":1.0},{"not_picked":["Enlightenment","HandOfGreed","Specialist","Secret Weapon"],"picked":"Apotheosis","floor":2.0},{"not_picked":["ClowCardTheBig","ClowCardTheSweet","ClowCardTheShadow","ClowCardTheWatery"],"picked":"ClowCardTheErase","floor":7.0},{"not_picked":["ClowCardTheMist","ClowCardTheSand","ClowCardTheChange","ClowCardTheErase"],"picked":"ClowCardTheWatery","floor":8.0},{"not_picked":["ClowCardTheWood","ClowCardTheFirey","ClowCardTheJump","ClowCardTheDark"],"picked":"ClowCardTheWave","floor":11.0},{"not_picked":["ClowCardTheJump","ClowCardTheErase","ClowCardTheMist","ClowCardTheLittle"],"picked":"ClowCardTheSnow","floor":13.0},{"not_picked":["ClowCardTheSnow","ClowCardTheShadow","ClowCardTheStorm","ClowCardTheSilent","ClowCardThePower"],"picked":"SKIP","floor":14.0},{"not_picked":["ClowCardTheTime","ClowCardTheTwin","ClowCardTheThrough","ClowCardTheFight"],"picked":"ClowCardTheLight","floor":16.0},{"not_picked":["ClowCardTheMirror","ClowCardTheMaze","ClowCardTheRain","ClowCardTheSnow"],"picked":"ClowCardTheFreeze+1","floor":18.0},{"not_picked":["ClowCardTheFreeze","ClowCardTheErase","ClowCardTheSong","ClowCardThePower"],"picked":"ClowCardTheStorm+1","floor":20.0},{"not_picked":["ClowCardTheLibra+1","ClowCardTheIllusion","ClowCardTheSand","ClowCardTheChange"],"picked":"ClowCardTheArrow","floor":22.0},{"not_picked":["ClowCardTheLock","ClowCardTheGlow","ClowCardTheFreeze","ClowCardTheFly"],"picked":"ClowCardTheFlower+1","floor":24.0},{"not_picked":["ClowCardTheCloud","ClowCardTheRain","ClowCardTheReturn","ClowCardTheFloat"],"picked":"ClowCardTheWood+1","floor":25.0},{"not_picked":["ClowCardTheShadow","ClowCardThePower","ClowCardTheLibra+1","ClowCardTheLock"],"picked":"ClowCardTheSleep","floor":29.0},{"not_picked":["ClowCardTheFloat","ClowCardTheThunder","ClowCardTheSand","ClowCardTheMove"],"picked":"ClowCardTheFight","floor":30},{"not_picked":["ClowCardTheDark","ClowCardTheLight","ClowCardTheTwin","ClowCardTheReturn"],"picked":"ClowCardTheCreate","floor":33},{"not_picked":["ClowCardTheJump+1","ClowCardThePower","ClowCardTheEarthy+1","ClowCardTheFirey+1"],"picked":"ClowCardTheSong+1","floor":35},{"not_picked":["ClowCardTheCloud+1","ClowCardTheDream","ClowCardTheErase","ClowCardTheShot","ClowCardTheMist"],"picked":"SKIP","floor":37},{"not_picked":["ClowCardThePower","ClowCardTheArrow+1","ClowCardTheFirey","ClowCardTheLock"],"picked":"ClowCardTheSweet+1","floor":38},{"not_picked":["ClowCardTheWatery+1","ClowCardTheShot","ClowCardTheEarthy","ClowCardTheLibra","ClowCardTheMove+1"],"picked":"SKIP","floor":41},{"not_picked":["ClowCardTheSweet+1","ClowCardTheWindy","ClowCardTheMirror+1","ClowCardTheSnow+1","ClowCardTheRain+1"],"picked":"SKIP","floor":42},{"not_picked":["ClowCardTheLibra","ClowCardTheStorm+1","ClowCardTheFloat+1","ClowCardThePower+1","ClowCardTheMaze"],"picked":"SKIP","floor":45},{"not_picked":["ClowCardTheFreeze","ClowCardTheEarthy","ClowCardTheShot+1","ClowCardTheVoice"],"picked":"ClowCardTheDream","floor":46},{"not_picked":["ClowCardTheSleep+1","ClowCardTheLoop+1","ClowCardTheJump+1","ClowCardTheWave"],"picked":"ClowCardTheDream+1","floor":48},{"not_picked":["ClowCardTheFight","ClowCardTheSnow+1","ClowCardTheVoice+1","ClowCardTheSong+1"],"picked":"ClowCardTheFlower+1","floor":54}],"player_experience":729836,"relics_obtained":[{"floor":1.0,"key":"SynthV:TestCard"},{"floor":9.0,"key":"StuffTheSpire:ForceGauntlet"},{"floor":26.0,"key":"Blue Candle"},{"floor":30,"key":"Orichalcum"},{"floor":37,"key":"KSMOD_TaoistSuit"},{"floor":43,"key":"Anchor"},{"floor":46,"key":"hubris:FunFungus"},{"floor":54,"key":"Blood Vial"}],"event_choices":[{"damage_healed":0.0,"max_hp_gain":0.0,"max_hp_loss":0.0,"gold_gain":1.0,"event_name":"betterStone:BetterStone","player_choice":"1","floor":2.0,"gold_loss":0.0,"damage_taken":0.0},{"damage_healed":0.0,"max_hp_gain":0.0,"max_hp_loss":0.0,"gold_gain":0.0,"cards_transformed":["ClowCardTheSword"],"event_name":"Transmorgrifier","player_choice":"Transformed","floor":5.0,"gold_loss":0.0,"damage_taken":0.0,"cards_obtained":["ClowCardTheFreeze"]},{"damage_healed":0.0,"max_hp_gain":0.0,"max_hp_loss":0.0,"gold_gain":0.0,"event_name":"N\u0027loth","player_choice":"Ignored","floor":21.0,"gold_loss":0.0,"damage_taken":0.0},{"cards_removed":["ClowCardTheShield"],"damage_healed":0,"gold_gain":0,"player_choice":"Purged","damage_taken":0,"max_hp_gain":0,"max_hp_loss":0,"event_name":"Purifier","floor":36,"gold_loss":0},{"damage_healed":0,"gold_gain":0,"cards_transformed":["ClowCardTheStorm"],"player_choice":"Transformed","damage_taken":0,"max_hp_gain":0,"max_hp_loss":0,"event_name":"Transmorgrifier","floor":44,"gold_loss":0,"cards_obtained":["ClowCardTheReturn"]}],"is_beta":false,"boss_relics":[{"not_picked":["CosmicIsotope","qcfpunch:Crimson_Sash"],"picked":"relicPack:KazumaCape"},{"not_picked":["Velvet Choker","Tiny House"],"picked":"JellyFishMachine"}],"items_purged_floors":[19,27,53],"is_endless":false,"potions_floor_spawned":[1,7,11,14,18,22,24,38,41,42,45],"ascension_level":0}}