{"host":"1pwde2j81wdvsae3","time":1611584964,"event":{"mods":["BaseMod","Minty Spire (QoL Compilation)","Replay The Spire","Shop Mod","StSLib"],"gold_per_floor":[14,14,14,89,99,99,126,126,126,143,123,155,1,1,1,77,177,189,199,199,199],"floor_reached":20,"language":"ZHS","playtime":449,"items_purged":[],"score":333,"play_id":"31a75940-64bb-423d-afd6-4a8060a14b33","local_time":"20210125222924","is_ascension_mode":true,"campfire_choices":[{"floor":6.0,"key":"REST"},{"floor":8.0,"key":"REST"},{"floor":15.0,"key":"REST"}],"circlet_count":0,"master_deck":["AscendersBane","Strike_R","Strike_R","Strike_R","Strike_R","Strike_R","Defend_R","Defend_R+1","Defend_R","Defend_R","Bash","Offering","Cleave","Wild Strike","ReplayTheSpireMod:Muscle Training","Wild Strike","Dropkick","Barricade","Thunderclap+1","Warcry"],"relics":["Burning Blood","Tiny Chest","ReplayTheSpireMod:Ninjato","Pen Nib","ReplayTheSpireMod:TigerMarble","Replay:Wanted Poster"],"acts_visited":["Exordium","TheCity"],"potions_floor_usage":[],"damage_taken":[{"damage":14.0,"enemies":"Small Slimes","floor":1.0,"turns":3.0},{"damage":6.0,"enemies":"Jaw Worm","floor":5.0,"turns":4.0},{"damage":53.0,"enemies":"Lagavulin","floor":7.0,"turns":6.0},{"damage":7.0,"enemies":"Cultist","floor":10.0,"turns":2.0},{"damage":9.0,"enemies":"Gremlin Nob","floor":12.0,"turns":3.0},{"damage":0.0,"enemies":"3 Sentries","floor":14.0,"turns":1.0},{"damage":45.0,"enemies":"Slime Boss","floor":16.0,"turns":9.0},{"damage":28,"enemies":"Shell Parasite","floor":18,"turns":3},{"damage":19,"enemies":"Chosen","floor":19,"turns":5},{"damage":44,"enemies":"Centurion and Healer","floor":20,"turns":3}],"seed_played":"-7037265591691127598","potions_obtained":[{"floor":1.0,"key":"Explosive Potion"},{"floor":5.0,"key":"ElixirPotion"},{"floor":11.0,"key":"SmokeBomb"}],"is_trial":false,"path_per_floor":["M","?","?","?","M","R","E","R","T","M","?","E","$","E","R","B",null,"M","M","M"],"character_chosen":"IRONCLAD","items_purchased":["ReplayTheSpireMod:TigerMarble"],"campfire_rested":3,"item_purchase_floors":[13],"current_hp_per_floor":[60,60,60,49,49,71,24,46,46,45,45,42,42,48,70,31,64,42,32,0,0],"gold":199,"neow_bonus":"THREE_RARE_CARDS","is_daily":false,"chose_seed":false,"campfire_upgraded":0,"win_rate":0.0,"timestamp":1611584964,"path_taken":["M","?","?","?","?","R","E","R","T","M","?","E","?","E","R","BOSS","M","M","M"],"items_purchased_type":["Relic"],"build_version":"2020-12-22","purchased_purges":0,"victory":false,"max_hp_per_floor":[75,75,75,75,75,75,75,75,75,75,75,75,75,75,75,75,75,75,78,78,78],"card_choices":[{"not_picked":["Feed","Reaper"],"picked":"Offering","floor":0.0},{"not_picked":["ReplayReversal","Clash"],"picked":"Cleave","floor":1.0},{"not_picked":["Body Slam","Blood for Blood"],"picked":"Wild Strike","floor":5.0},{"not_picked":["Flex","Perfected Strike"],"picked":"ReplayTheSpireMod:Muscle Training","floor":7.0},{"not_picked":["Replay:Undeath\u0027s Touch","Ghostly Armor"],"picked":"Wild Strike","floor":10.0},{"not_picked":["Whirlwind","Infernal Blade"],"picked":"Dropkick","floor":12.0},{"not_picked":["Limit Break","Eclipse"],"picked":"Barricade","floor":16.0},{"not_picked":["Pommel Strike+1","Uppercut"],"picked":"Thunderclap+1","floor":18},{"not_picked":["Combust","Sword Boomerang"],"picked":"Warcry","floor":19}],"player_experience":235240,"relics_obtained":[{"floor":7.0,"key":"Tiny Chest"},{"floor":9.0,"key":"ReplayTheSpireMod:Ninjato"},{"floor":12.0,"key":"Pen Nib"}],"event_choices":[{"damage_healed":0.0,"max_hp_gain":0.0,"max_hp_loss":0.0,"gold_gain":75.0,"event_name":"World of Goop","player_choice":"Gather Gold","floor":4.0,"gold_loss":0.0,"damage_taken":11.0},{"damage_healed":0.0,"max_hp_gain":0.0,"max_hp_loss":0.0,"gold_gain":0.0,"event_name":"The Woman in Blue","player_choice":"Bought 1 Potion","floor":11.0,"gold_loss":0.0,"damage_taken":0.0}],"is_beta":false,"boss_relics":[{"not_picked":["Ectoplasm","Fusion Hammer"],"picked":"Replay:Wanted Poster"}],"items_purged_floors":[],"is_endless":false,"potions_floor_spawned":[1,5],"killed_by":"Centurion and Healer","ascension_level":15}}