{"host":"c5j8t0wyh2hvx9ju","time":1611582354,"event":{"mods":["Act Like it!","Astrologer","BaseMod","BetterRewards","Gensokyo","Minty Spire (QoL Compilation)","Prisma Mod","StSLib"],"gold_per_floor":[112,112,3,3,16,16,50,50,50,261,289,289,304,337,337,440,440,452,552,564,78,93,93,111,111,111],"floor_reached":25,"language":"JPN","playtime":1741,"items_purged":[],"score":457,"play_id":"7c7243a7-a35d-476d-9f1e-a76b0e7fa890","local_time":"20210125224554","is_ascension_mode":true,"campfire_choices":[{"data":"Poisoned Stab","floor":6,"key":"SMITH"},{"floor":8,"key":"REST"},{"floor":12,"key":"REST"},{"data":"Noxious Fumes","floor":15,"key":"SMITH"},{"floor":23,"key":"REST"}],"circlet_count":0,"master_deck":["Strike_G","Strike_G","Strike_G","Strike_G","Strike_G","Defend_G","Defend_G","Defend_G","Defend_G","Defend_G","Survivor","Neutralize","Deadly Poison","Sucker Punch","Clumsy","Deflect+1","Poisoned Stab+1","Bouncing Flask","Bullet Time","Noxious Fumes+1","Unload","All Out Attack","Night Terror","After Image","Backflip","Glass Knife","Prepared","Cloak And Dagger","Flying Knee+1","Gensokyo:SevenSchoolMysteries","Footwork"],"relics":["Ring of the Snake","Sundial","Matryoshka","Nunchaku","Gensokyo:NagashiBinaDoll","InkBottle","HornCleat","Question Card","StrikeDummy","Pantograph","Runic Pyramid","Ice Cream","Shovel","Medical Kit","Orrery"],"acts_visited":["Gensokyo:Gensokyo","Gensokyo:Gensokyoer"],"potions_floor_usage":[7,16],"damage_taken":[{"damage":2,"enemies":"Gensokyo:2_Kodama","floor":1,"turns":5},{"damage":11,"enemies":"Gensokyo:Gryphon","floor":5,"turns":5},{"damage":18,"enemies":"Gensokyo:Aya","floor":7,"turns":6},{"damage":9,"enemies":"Gensokyo:Python","floor":10,"turns":4},{"damage":20,"enemies":"Gensokyo:Mamizou","floor":11,"turns":6},{"damage":0,"enemies":"Gensokyo:LivingMonolith","floor":13,"turns":2},{"damage":0,"enemies":"Gensokyo:Aya","floor":14,"turns":4},{"damage":25,"enemies":"Gensokyo:Yukari","floor":16,"turns":8},{"damage":12,"enemies":"Gensokyo:3_Dogs","floor":18,"turns":7},{"damage":41,"enemies":"Gensokyo:3_Dogs","floor":19,"turns":9},{"damage":4,"enemies":"Gensokyo:Chomper","floor":20,"turns":5},{"damage":5,"enemies":"Gensokyo:Wraith","floor":22,"turns":5},{"damage":13,"enemies":"Gensokyo:Monolith_and_Dog","floor":24,"turns":6},{"damage":39,"enemies":"Gensokyo:3_Gloops","floor":25,"turns":4}],"seed_played":"1084783496669849624","potions_obtained":[{"floor":1,"key":"LiquidMemories"},{"floor":7,"key":"ColorlessPotion"},{"floor":11,"key":"Dexterity Potion"},{"floor":14,"key":"Regen Potion"},{"floor":16,"key":"Dexterity Potion"},{"floor":24,"key":"DuplicationPotion"}],"is_trial":false,"path_per_floor":["M","?","COS","?","M","R","E","R","T","M","E","R","M","E","R","B",null,"M","?","M","COS","M","R","M","M"],"character_chosen":"THE_SILENT","items_purchased":["Sundial","Matryoshka","Nunchaku","Deadly Poison"],"campfire_rested":3,"item_purchase_floors":[0,0,0,0],"current_hp_per_floor":[40,40,40,40,29,29,11,32,32,23,3,24,24,24,24,39,62,50,29,25,25,20,41,28,0,0],"gold":111,"neow_bonus":"","is_daily":false,"chose_seed":false,"campfire_upgraded":2,"win_rate":0.0,"timestamp":1611582354,"path_taken":["M","?","COS","?","M","R","E","R","T","M","E","R","M","E","R","BOSS","M","?","M","COS","M","R","?","M"],"items_purchased_type":["Relic","Relic","Relic","Card"],"build_version":"2020-12-22","purchased_purges":0,"victory":false,"max_hp_per_floor":[70,70,70,70,70,70,70,70,70,70,70,70,70,70,70,70,70,70,70,70,70,70,70,70,70,70],"card_choices":[{"not_picked":["Terror","Flying Knee"],"picked":"Sucker Punch","floor":1},{"not_picked":["Dagger Throw+1","Sucker Punch+1"],"picked":"Deflect+1","floor":5},{"not_picked":["Calculated Gamble","Blur"],"picked":"Poisoned Stab","floor":5},{"not_picked":["Sucker Punch","Tactician"],"picked":"Bouncing Flask","floor":7},{"not_picked":["Malaise","Burst","Venomology"],"picked":"Bullet Time","floor":10},{"not_picked":["Acrobatics","Dodge and Roll","Sucker Punch"],"picked":"Noxious Fumes","floor":10},{"not_picked":["Underhanded Strike","Deadly Poison","Dagger Throw"],"picked":"Unload","floor":11},{"not_picked":["Predator","Distraction","Acrobatics"],"picked":"All Out Attack","floor":13},{"not_picked":["Acrobatics","Deadly Poison","Expertise"],"picked":"Night Terror","floor":14},{"not_picked":["Grand Finale","Die Die Die","Envenom"],"picked":"After Image","floor":16},{"not_picked":["Outmaneuver","Escape Plan","Dagger Spray"],"picked":"Backflip","floor":18},{"not_picked":["Predator","Dagger Throw","Caltrops","Flechettes"],"picked":"SKIP","floor":20},{"not_picked":["Dodge and Roll","PiercingWail","Underhanded Strike+1"],"picked":"Glass Knife","floor":21},{"not_picked":["Caltrops","Predator","Dagger Throw"],"picked":"Prepared","floor":21},{"not_picked":["Riddle With Holes","Sucker Punch","Setup"],"picked":"Cloak And Dagger","floor":21},{"not_picked":["Choke+1","Backstab","Dodge and Roll+1"],"picked":"Flying Knee+1","floor":21},{"not_picked":["Poisoned Stab+1","Sucker Punch","Slice","Quick Slash"],"picked":"SKIP","floor":22},{"not_picked":["Outmaneuver","Choke+1","Catalyst"],"picked":"Footwork","floor":24}],"player_experience":859786,"relics_obtained":[{"floor":7,"key":"InkBottle"},{"floor":9,"key":"HornCleat"},{"floor":9,"key":"Question Card"},{"floor":11,"key":"StrikeDummy"},{"floor":14,"key":"Pantograph"},{"floor":19,"key":"Ice Cream"},{"floor":19,"key":"Shovel"}],"event_choices":[],"is_beta":false,"boss_relics":[{"not_picked":["Fusion Hammer","Velvet Choker"],"picked":"Runic Pyramid"}],"items_purged_floors":[],"is_endless":false,"potions_floor_spawned":[1,7,11,14,16,19,20,24],"killed_by":"Gensokyo:3_Gloops","ascension_level":7}}