{"host":"i0avyit1s6jb1siw","time":1611609494,"event":{"mods":["BaseMod","DeckTracker","Dota2Spire","Highlight Path","Minty Spire (QoL Compilation)","Quick Restart","StSLib","SuperFastMode"],"gold_per_floor":[112,112,187,112,37,68,68,106,133,156,177,177,213,234,234,330,330,348,361,361,377,397,397,397],"floor_reached":23,"language":"ENG","playtime":394,"items_purged":["Defend_P"],"score":522,"play_id":"a3436569-a087-4b69-aad4-0e1808fe22c9","local_time":"20210125221814","is_ascension_mode":true,"campfire_choices":[{"data":"ForeignInfluence","floor":12,"key":"SMITH"},{"floor":15,"key":"REST"}],"circlet_count":0,"master_deck":["AscendersBane","Strike_P","Defend_P","Defend_P","Eruption","Vigilance","Tantrum","WreathOfFlame","InnerPeace","ForeignInfluence+1","BowlingBash","CrushJoints","Scrawl+1","Consecrate+1","Conclude+1","Perseverance","DeceiveReality","Eruption","Brilliance","Protect","ClearTheMind"],"relics":["PureWater","NeowsBlessing","Golden Idol","StrikeDummy","CaptainsWheel","Dota2Spire:UrnOfShadows","Dota2Spire:MaskOfMadness","Astrolabe"],"acts_visited":["Exordium","TheCity"],"potions_floor_usage":[13,16,23],"damage_taken":[{"damage":0,"enemies":"Small Slimes","floor":1,"turns":2},{"damage":0,"enemies":"Gremlin Nob","floor":6,"turns":1},{"damage":0,"enemies":"Lagavulin","floor":8,"turns":1},{"damage":0,"enemies":"Jaw Worm","floor":10,"turns":2},{"damage":0,"enemies":"2 Louse","floor":11,"turns":3},{"damage":54,"enemies":"3 Sentries","floor":13,"turns":10},{"damage":0,"enemies":"2 Fungi Beasts","floor":14,"turns":1},{"damage":14,"enemies":"Hexaghost","floor":16,"turns":6},{"damage":17,"enemies":"2 Thieves","floor":18,"turns":2},{"damage":0,"enemies":"Spheric Guardian","floor":19,"turns":3},{"damage":0,"enemies":"Shelled Parasite and Fungi","floor":21,"turns":1},{"damage":1,"enemies":"Centurion and Healer","floor":22,"turns":4},{"damage":45,"enemies":"Slavers","floor":23,"turns":2}],"seed_played":"-5507166211039078527","potions_obtained":[{"floor":1,"key":"SneckoOil"},{"floor":10,"key":"Regen Potion"},{"floor":13,"key":"BlessingOfTheForge"},{"floor":18,"key":"Dota2Spire:Clarity"},{"floor":19,"key":"FearPotion"}],"is_trial":false,"path_per_floor":["M","?","?","$","?","E","?","E","T","M","M","R","E","M","R","B",null,"M","M","?","M","M","E"],"character_chosen":"WATCHER","items_purchased":[],"campfire_rested":1,"item_purchase_floors":[],"current_hp_per_floor":[61,61,50,50,50,50,55,55,55,55,55,55,7,7,27,13,54,37,37,37,37,36,0,0],"gold":397,"neow_bonus":"THREE_ENEMY_KILL","is_daily":false,"chose_seed":false,"campfire_upgraded":1,"win_rate":0.0,"timestamp":1611609494,"path_taken":["M","?","?","?","?","E","?","E","T","M","M","R","E","M","R","BOSS","M","M","?","M","?","E"],"items_purchased_type":[],"build_version":"2020-12-22","purchased_purges":1,"victory":false,"max_hp_per_floor":[68,62,62,62,62,62,67,67,67,67,67,67,67,67,67,67,67,67,67,67,67,67,67,67],"card_choices":[{"not_picked":["WheelKick","Crescendo"],"picked":"Tantrum","floor":1},{"not_picked":["Consecrate","PathToVictory"],"picked":"WreathOfFlame","floor":6},{"not_picked":["JustLucky","Nirvana","Worship"],"picked":"SKIP","floor":8},{"not_picked":["Halt","ThirdEye"],"picked":"InnerPeace","floor":10},{"not_picked":["JustLucky","ClearTheMind"],"picked":"ForeignInfluence","floor":11},{"not_picked":["ForeignInfluence","ConjureBlade"],"picked":"BowlingBash","floor":13},{"not_picked":["SashWhip","Vengeance"],"picked":"CrushJoints","floor":14},{"not_picked":["WaveOfTheHand","Pray"],"picked":"Perseverance","floor":18},{"not_picked":["ThirdEye","Conclude+1"],"picked":"DeceiveReality","floor":19},{"not_picked":["Crescendo","FlurryOfBlows"],"picked":"Protect","floor":21},{"not_picked":["WheelKick","PathToVictory"],"picked":"ClearTheMind","floor":22}],"player_experience":2340199,"relics_obtained":[{"floor":6,"key":"StrikeDummy"},{"floor":8,"key":"CaptainsWheel"},{"floor":9,"key":"Dota2Spire:UrnOfShadows"},{"floor":13,"key":"Dota2Spire:MaskOfMadness"}],"event_choices":[{"damage_healed":0,"gold_gain":0,"player_choice":"Lose Max HP","damage_taken":0,"relics_obtained":["Golden Idol"],"max_hp_gain":0,"max_hp_loss":6,"event_name":"Golden Idol","floor":2,"gold_loss":0},{"damage_healed":0,"gold_gain":75,"player_choice":"Gather Gold","damage_taken":11,"max_hp_gain":0,"max_hp_loss":0,"event_name":"World of Goop","floor":3,"gold_loss":0},{"cards_removed":["Strike_P"],"damage_healed":0,"gold_gain":0,"player_choice":"Card Removal","damage_taken":0,"max_hp_gain":0,"max_hp_loss":0,"event_name":"The Cleric","floor":5,"gold_loss":75},{"damage_healed":0,"gold_gain":0,"player_choice":"Donut","damage_taken":0,"max_hp_gain":5,"max_hp_loss":0,"event_name":"Big Fish","floor":7,"gold_loss":0},{"damage_healed":0,"gold_gain":0,"player_choice":"2 cards matched","damage_taken":0,"max_hp_gain":0,"max_hp_loss":0,"event_name":"Match and Keep!","floor":20,"gold_loss":0,"cards_obtained":["Eruption","Brilliance"]}],"is_beta":false,"boss_relics":[{"not_picked":["SlaversCollar","Sozu"],"picked":"Astrolabe"}],"items_purged_floors":[4],"is_endless":false,"potions_floor_spawned":[1,10,13,18,19],"killed_by":"Slavers","ascension_level":20}}