{"host":"bpkhhmvsfrvlto2l","time":1611597652,"event":{"mods":["2.2 Compatiblity","AchievementEnabler","Act Like it!","AlwaysNeverKeys","Aspiration","BaseMod","Better Silent Start","Challenge The Spire","Colored Map","Colored Powertips","Custom Start","Energized Spire","Friendly Minions","GifTheSpireLib","Halation","Hubris","Infinite Spire","Ironclad Rager","Mimic Mod","Minty Spire (QoL Compilation)","Permanent Neow","Quick Restart","Random Character Button","Relic Sorter","Replay The Spire","Spikes Relics","StSLib","Stuff the Spire","Swap Starting Deck Mod","Trackpad"],"gold_per_floor":[209,184,196,210,223,256,219,236,266,266,280,280,280,280,280],"floor_reached":14,"language":"ENG","playtime":302,"items_purged":[],"score":115,"play_id":"38e5bf4e-d4ed-49b2-bc98-704bc911c27a","local_time":"20210125130052","is_ascension_mode":true,"campfire_choices":[{"data":"Noxious Fumes","floor":10,"key":"SMITH"},{"floor":12,"key":"REST"}],"circlet_count":0,"master_deck":["Strike_G","Strike_G","Strike_G","Strike_G","Defend_G","Defend_G","Defend_G","Defend_G","Survivor","Neutralize","Dagger Spray","Deadly Poison","Noxious Fumes+1"],"relics":["Ring of the Snake","StuffTheSpire:Tea","trackpad:SappingStone","infinitespire:EmpoweringShard"],"acts_visited":["Exordium"],"potions_floor_usage":[6,6,14],"damage_taken":[{"damage":0,"enemies":"Small Slimes","floor":1,"turns":4},{"damage":0,"enemies":"Cultist","floor":3,"turns":4},{"damage":0,"enemies":"Jaw Worm","floor":4,"turns":4},{"damage":0,"enemies":"Exordium Wildlife","floor":5,"turns":3},{"damage":31,"enemies":"3 Sentries","floor":6,"turns":7},{"damage":1,"enemies":"Looter","floor":8,"turns":4},{"damage":8,"enemies":"Lots of Slimes","floor":9,"turns":6},{"damage":6,"enemies":"Lots of Slimes","floor":11,"turns":3},{"damage":50,"enemies":"Gremlin Nob","floor":14,"turns":4}],"seed_played":"4938318926231523238","potions_obtained":[{"floor":3,"key":"Explosive Potion"},{"floor":4,"key":"SteroidPotion"},{"floor":5,"key":"Milkshake"},{"floor":11,"key":"Weak Potion"}],"is_trial":false,"path_per_floor":["M","$","M","M","M","E","$","M","MIM","R","M","R","T","E"],"character_chosen":"THE_SILENT","items_purchased":["Dagger Spray","Noxious Fumes"],"campfire_rested":1,"item_purchase_floors":[2,7],"current_hp_per_floor":[70,70,70,70,70,39,39,38,30,30,24,45,45,0,0],"gold":280,"neow_bonus":"HUNDRED_GOLD","is_daily":false,"chose_seed":false,"campfire_upgraded":1,"win_rate":0.0,"timestamp":1611597652,"path_taken":["M","$","M","M","M","E","$","M","MIM","R","M","R","?","E"],"items_purchased_type":["Card","Card"],"build_version":"2020-12-22","purchased_purges":0,"victory":false,"max_hp_per_floor":[70,70,70,70,70,70,70,70,70,70,70,70,70,70,70],"card_choices":[{"not_picked":["Deflect","StuffTheSpire:Python","Quick Slash"],"picked":"SKIP","floor":1},{"not_picked":["Fluid Movement","Tactician"],"picked":"Deadly Poison","floor":5}],"player_experience":113701,"relics_obtained":[{"floor":6,"key":"StuffTheSpire:Tea"},{"floor":9,"key":"trackpad:SappingStone"},{"floor":13,"key":"infinitespire:EmpoweringShard"}],"event_choices":[],"is_beta":false,"boss_relics":[],"items_purged_floors":[],"is_endless":false,"potions_floor_spawned":[3,4,5,11],"killed_by":"Gremlin Nob","ascension_level":5}}