{"host":"xmrw7jl1ir2912vf","time":1611548625,"event":{"mods":["BaseMod","Minty Spire (QoL Compilation)","Relic Stats"],"gold_per_floor":[112,112,127,142,142,142,152,179,218,285,297,352,428,487,499,614,626,684,696,755,819,287,319,319,368,368,283,283,283,309,327,327,457,507,551,551,551,223,238,238,268,316,316,378,378,404,449,512,512,542,542,542,47,82,82],"floor_reached":56,"language":"ENG","playtime":3977,"items_purged":["Strike_P","Defend_P","Strike_P"],"score":1928,"play_id":"38a601a3-1733-4405-a446-080470926a63","local_time":"20210124232345","is_ascension_mode":true,"campfire_choices":[{"data":"SashWhip","floor":6,"key":"SMITH"},{"data":"MentalFortress","floor":15,"key":"SMITH"},{"data":"WheelKick","floor":24,"key":"SMITH"},{"data":"WheelKick","floor":28,"key":"SMITH"},{"data":"Brilliance","floor":32,"key":"SMITH"},{"data":"Wallop","floor":40,"key":"SMITH"},{"floor":45,"key":"RECALL"},{"data":"Tantrum","floor":49,"key":"SMITH"},{"data":"Meditate","floor":52,"key":"SMITH"}],"circlet_count":0,"master_deck":["Strike_P","Strike_P","Defend_P","Defend_P","Defend_P","Eruption","Vigilance","FearNoEvil+1","SashWhip+1","Wish+1","MentalFortress+1","Meditate+1","EmptyBody+1","Protect","Brilliance+1","WheelKick+1","WheelKick+1","Conclude+1","SandsOfTime+1","Swivel","DeusExMachina","Tantrum+1","Wallop+1","Conclude+1","MentalFortress+1","Blasphemy","DevaForm+1","CrushJoints+1","Swivel","Vault"],"relics":["Snecko Eye","MawBank","Pen Nib","Tiny Chest","Dead Branch","Coffee Dripper","Centennial Puzzle","Yang","ClockworkSouvenir","Gremlin Horn","Ornamental Fan","Incense Burner","Frozen Egg 2","Tiny House","Lee\u0027s Waffle","Happy Flower","Darkstone Periapt","Juzu Bracelet","Mercury Hourglass","Question Card","Whetstone"],"acts_visited":["Exordium","TheCity","TheBeyond","TheEnding"],"potions_floor_usage":[2,8,10,18,23,30,30,42,50,55,55,55],"damage_taken":[{"damage":2,"enemies":"2 Louse","floor":1,"turns":3},{"damage":0,"enemies":"Cultist","floor":3,"turns":3},{"damage":0,"enemies":"Small Slimes","floor":4,"turns":2},{"damage":1,"enemies":"Red Slaver","floor":7,"turns":2},{"damage":10,"enemies":"3 Sentries","floor":8,"turns":5},{"damage":12,"enemies":"Gremlin Nob","floor":10,"turns":3},{"damage":0,"enemies":"Blue Slaver","floor":12,"turns":1},{"damage":12,"enemies":"3 Sentries","floor":13,"turns":6},{"damage":2,"enemies":"Gremlin Gang","floor":14,"turns":6},{"damage":9,"enemies":"The Guardian","floor":16,"turns":10},{"damage":0,"enemies":"2 Thieves","floor":18,"turns":2},{"damage":0,"enemies":"Chosen","floor":20,"turns":4},{"damage":12,"enemies":"Slavers","floor":23,"turns":4},{"damage":9,"enemies":"Centurion and Healer","floor":25,"turns":4},{"damage":0,"enemies":"Book of Stabbing","floor":30,"turns":2},{"damage":0,"enemies":"Snecko","floor":31,"turns":2},{"damage":8,"enemies":"Champ","floor":33,"turns":6},{"damage":0,"enemies":"3 Darklings","floor":35,"turns":3},{"damage":12,"enemies":"3 Shapes","floor":39,"turns":2},{"damage":1,"enemies":"Giant Head","floor":41,"turns":5},{"damage":0,"enemies":"Sphere and 2 Shapes","floor":42,"turns":2},{"damage":0,"enemies":"Reptomancer","floor":44,"turns":3},{"damage":0,"enemies":"Giant Head","floor":46,"turns":2},{"damage":0,"enemies":"Jaw Worm Horde","floor":47,"turns":1},{"damage":0,"enemies":"Nemesis","floor":48,"turns":3},{"damage":26,"enemies":"Awakened One","floor":50,"turns":5},{"damage":40,"enemies":"Shield and Spear","floor":54,"turns":4},{"damage":30,"enemies":"The Heart","floor":55,"turns":7}],"seed_played":"8045411899690351422","potions_obtained":[{"floor":1,"key":"DuplicationPotion"},{"floor":2,"key":"Fruit Juice"},{"floor":2,"key":"SneckoOil"},{"floor":2,"key":"Swift Potion"},{"floor":8,"key":"Swift Potion"},{"floor":10,"key":"LiquidBronze"},{"floor":14,"key":"StancePotion"},{"floor":18,"key":"ColorlessPotion"},{"floor":23,"key":"PowerPotion"},{"floor":25,"key":"DuplicationPotion"},{"floor":34,"key":"StancePotion"},{"floor":39,"key":"Regen Potion"},{"floor":41,"key":"StancePotion"},{"floor":44,"key":"GamblersBrew"}],"is_trial":false,"path_per_floor":["M","?","M","M","?","R","M","E","T","E","?","M","E","M","R","B",null,"M","?","M","T","$","E","R","M","T","?","R","?","E","M","R","B",null,"M","?","T","$","M","R","E","M","T","E","R","E","M","E","R","B",null,"R","$","E","B",null],"character_chosen":"WATCHER","items_purchased":["WheelKick","Yang","ClockworkSouvenir","Wallop","Lee\u0027s Waffle","DevaForm+1","CrushJoints","CultistPotion","Swivel"],"campfire_rested":0,"item_purchase_floors":[22,22,22,38,38,53,53,53,53],"current_hp_per_floor":[63,68,68,68,73,73,72,62,62,50,50,50,38,36,36,27,68,68,68,68,68,68,56,56,47,47,47,47,31,31,31,31,23,76,76,76,76,99,87,87,86,86,86,86,86,86,86,86,86,60,89,89,89,49,34],"gold":82,"neow_bonus":"BOSS_RELIC","is_daily":false,"chose_seed":false,"campfire_upgraded":8,"win_rate":0.0,"timestamp":1611548625,"path_taken":["M","?","M","?","?","R","M","E","T","E","?","M","E","?","R","BOSS","M","?","M","?","$","E","R","M","T","?","R","?","E","M","R","BOSS","M","?","?","?","M","R","E","M","T","E","R","E","M","E","R","BOSS","R","$","E","BOSS"],"items_purchased_type":["Card","Relic","Relic","Card","Relic","Card","Card","Potion","Card"],"build_version":"2020-12-22","purchased_purges":3,"victory":true,"max_hp_per_floor":[72,77,77,77,82,82,82,82,82,82,82,82,82,82,82,82,82,82,82,82,82,82,82,82,82,82,82,82,87,87,87,87,87,92,92,92,92,99,99,99,99,99,99,99,99,99,99,99,99,99,99,99,99,99,99],"relic_stats":{"Darkstone Periapt":0,"Lee\u0027s Waffle":23,"Gremlin Horn":[12,12],"Happy Flower":[9],"counters":[28,102],"Dead Branch":[67],"Yang":[184],"Pen Nib":[25],"Juzu Bracelet":0,"Whetstone":["FearNoEvil","CrushJoints"],"MawBank":168,"Question Card":1,"Mercury Hourglass":[64],"Centennial Puzzle":[24],"Ornamental Fan":[156],"Snecko Eye":[211,191,194,200],"Tiny Chest":2,"obtain_stats":[{"Darkstone Periapt":43,"Lee\u0027s Waffle":38,"Tiny House":34,"Gremlin Horn":23,"Happy Flower":41,"Dead Branch":13,"Yang":22,"Pen Nib":9,"Incense Burner":27,"Juzu Bracelet":44,"Whetstone":54,"Frozen Egg 2":30,"MawBank":8,"Question Card":48,"ClockworkSouvenir":22,"Mercury Hourglass":46,"Centennial Puzzle":21,"Ornamental Fan":26,"Snecko Eye":0,"Tiny Chest":10,"Coffee Dripper":17,"PureWater":0},{"Darkstone Periapt":21,"Lee\u0027s Waffle":18,"Tiny House":17,"Gremlin Horn":13,"Happy Flower":20,"Dead Branch":8,"Yang":12,"Pen Nib":5,"Incense Burner":14,"Juzu Bracelet":22,"Whetstone":27,"Frozen Egg 2":15,"MawBank":5,"Question Card":25,"ClockworkSouvenir":12,"Mercury Hourglass":23,"Centennial Puzzle":12,"Ornamental Fan":14,"Snecko Eye":0,"Tiny Chest":6,"Coffee Dripper":10,"PureWater":0},{"Darkstone Periapt":77,"Lee\u0027s Waffle":68,"Tiny House":65,"Gremlin Horn":51,"Happy Flower":75,"Dead Branch":25,"Yang":47,"Pen Nib":15,"Incense Burner":55,"Juzu Bracelet":80,"Whetstone":95,"Frozen Egg 2":57,"MawBank":15,"Question Card":86,"ClockworkSouvenir":47,"Mercury Hourglass":82,"Centennial Puzzle":47,"Ornamental Fan":55,"Snecko Eye":0,"Tiny Chest":18,"Coffee Dripper":41,"PureWater":0}]},"card_choices":[{"not_picked":["SignatureMove","Collect"],"picked":"FearNoEvil","floor":1},{"not_picked":["JustLucky","Weave","FlyingSleeves"],"picked":"SKIP","floor":3},{"not_picked":["FlyingSleeves","FlurryOfBlows"],"picked":"SashWhip","floor":4},{"not_picked":["Blasphemy","CarveReality","Evaluate"],"picked":"SKIP","floor":7},{"not_picked":["Omniscience","Study"],"picked":"Wish","floor":8},{"not_picked":["EmptyFist","Weave"],"picked":"MentalFortress","floor":10},{"not_picked":["Study","PathToVictory"],"picked":"Meditate","floor":12},{"not_picked":["WindmillStrike","Halt"],"picked":"EmptyBody","floor":13},{"not_picked":["DeceiveReality","Halt"],"picked":"Protect","floor":14},{"not_picked":["Judgement","Devotion"],"picked":"Brilliance","floor":16},{"not_picked":["Prostrate+1","ClearTheMind","Protect"],"picked":"SKIP","floor":18},{"not_picked":["Sanctity","BattleHymn"],"picked":"WheelKick","floor":20},{"not_picked":["EmptyBody","Blasphemy"],"picked":"Conclude+1","floor":23},{"not_picked":["JustLucky","CutThroughFate"],"picked":"SandsOfTime+1","floor":25},{"not_picked":["CarveReality+1","ThirdEye"],"picked":"Swivel","floor":30},{"not_picked":["Meditate","Study+1","FlurryOfBlows"],"picked":"SKIP","floor":31},{"not_picked":["ConjureBlade","LessonLearned"],"picked":"DeusExMachina","floor":33},{"not_picked":["JustLucky","ThirdEye+1"],"picked":"Tantrum","floor":34},{"not_picked":["Prostrate+1","ReachHeaven","Pray+1"],"picked":"SKIP","floor":35},{"not_picked":["Conclude+1","Halt","FlyingSleeves+1"],"picked":"SKIP","floor":39},{"not_picked":["Halt","FlyingSleeves+1"],"picked":"Conclude+1","floor":39},{"not_picked":["FollowUp","Prostrate+1","MasterReality+1"],"picked":"SKIP","floor":41},{"not_picked":["SashWhip+1","Conclude"],"picked":"MentalFortress+1","floor":42},{"not_picked":["SashWhip+1","WindmillStrike+1","ForeignInfluence+1"],"picked":"SKIP","floor":44},{"not_picked":["FlurryOfBlows","Prostrate","Crescendo"],"picked":"SKIP","floor":46},{"not_picked":["FollowUp","JustLucky","ClearTheMind"],"picked":"SKIP","floor":47},{"not_picked":["ForeignInfluence+1","ClearTheMind+1"],"picked":"Blasphemy","floor":48},{"not_picked":["Wallop","Consecrate","PathToVictory"],"picked":"Vault","floor":54}],"player_experience":408878,"relics_obtained":[{"floor":8,"key":"MawBank"},{"floor":9,"key":"Pen Nib"},{"floor":10,"key":"Tiny Chest"},{"floor":13,"key":"Dead Branch"},{"floor":21,"key":"Centennial Puzzle"},{"floor":23,"key":"Gremlin Horn"},{"floor":26,"key":"Ornamental Fan"},{"floor":30,"key":"Frozen Egg 2"},{"floor":41,"key":"Happy Flower"},{"floor":43,"key":"Darkstone Periapt"},{"floor":44,"key":"Juzu Bracelet"},{"floor":46,"key":"Mercury Hourglass"},{"floor":48,"key":"Question Card"},{"floor":54,"key":"Whetstone"}],"event_choices":[{"damage_healed":0,"gold_gain":0,"player_choice":"Got Potions","damage_taken":0,"max_hp_gain":0,"max_hp_loss":0,"event_name":"Lab","floor":2,"gold_loss":0},{"damage_healed":0,"gold_gain":0,"player_choice":"Donut","damage_taken":0,"max_hp_gain":5,"max_hp_loss":0,"event_name":"Big Fish","floor":5,"gold_loss":0},{"damage_healed":0,"gold_gain":0,"player_choice":"Forge","damage_taken":0,"max_hp_gain":0,"max_hp_loss":0,"event_name":"Accursed Blacksmith","floor":11,"gold_loss":0,"cards_upgraded":["Wish"]},{"damage_healed":0,"gold_gain":0,"player_choice":"0 cards matched","damage_taken":0,"max_hp_gain":0,"max_hp_loss":0,"event_name":"Match and Keep!","floor":19,"gold_loss":0,"cards_obtained":[]},{"damage_healed":0,"gold_gain":0,"player_choice":"Obtained Relic","damage_taken":0,"relics_obtained":["Incense Burner"],"max_hp_gain":0,"max_hp_loss":0,"event_name":"Addict","floor":27,"gold_loss":85},{"damage_healed":0,"gold_gain":0,"player_choice":"Shed Blood","damage_taken":21,"max_hp_gain":5,"max_hp_loss":0,"event_name":"Forgotten Altar","floor":29,"gold_loss":0},{"damage_healed":0,"gold_gain":0,"player_choice":"Ignored","damage_taken":0,"max_hp_gain":0,"max_hp_loss":0,"event_name":"Tomb of Lord Red Mask","floor":36,"gold_loss":0}],"is_beta":false,"boss_relics":[{"not_picked":["Runic Pyramid","Busted Crown"],"picked":"Coffee Dripper"},{"not_picked":["Cursed Key","Fusion Hammer"],"picked":"Tiny House"}],"items_purged_floors":[22,38,53],"is_endless":false,"potions_floor_spawned":[1,8,10,13,14,18,23,25,39,41,44,54],"ascension_level":9}}