{"host":"igi9xpgoc000gxf5","time":1611609941,"event":{"mods":["BaseMod","Colored Powertips","Downfall","Googly Eyes","Minty Spire (QoL Compilation)","StSLib"],"gold_per_floor":[99,115,131,131,189,24,70,70,70,70,70,70,70],"floor_reached":11,"language":"ENG","playtime":983,"items_purged":[],"score":59,"play_id":"17cfa290-426d-4d1a-958f-5f4122857881","local_time":"20210125222541","is_ascension_mode":false,"campfire_choices":[{"floor":1,"key":"RECALL"},{"data":"bronze:Shell","floor":8,"key":"SMITH"}],"circlet_count":0,"master_deck":["bronze:Strike","bronze:Strike","bronze:Strike","bronze:Strike","bronze:Defend","bronze:Defend","bronze:Defend","bronze:Defend","bronze:Replicate","bronze:Goto","bronze:ForceShield","bronze:Shield","bronze:Separator","bronze:Constructor","bronze:Shell+1","bronze:Terminator"],"relics":["bronze:BronzeCore","Pen Nib","Blood Vial"],"acts_visited":["Exordium"],"potions_floor_usage":[],"damage_taken":[{"damage":6,"enemies":"Jaw Worm","floor":2,"turns":4},{"damage":0,"enemies":"2 Louse","floor":3,"turns":3},{"damage":33,"enemies":"Gremlin Nob","floor":5,"turns":5},{"damage":0,"enemies":"downfall:FleeingMerchant","floor":6,"turns":4},{"damage":0,"enemies":"Cultist","floor":10,"turns":1},{"damage":37,"enemies":"Lagavulin","floor":11,"turns":7}],"seed_played":"-4734174800288949753","potions_obtained":[],"is_trial":false,"path_per_floor":["R","M","M","?","?","$","T","R","?","M","E"],"character_chosen":"THE_AUTOMATON","items_purchased":["Blood Vial"],"campfire_rested":0,"item_purchase_floors":[6],"current_hp_per_floor":[70,64,64,64,31,31,31,31,31,33,0,0,0],"gold":70,"neow_bonus":"THREE_CARDS","is_daily":false,"chose_seed":false,"campfire_upgraded":1,"win_rate":0.0,"timestamp":1611609941,"path_taken":["R","M","M","?","?","$","T","R","?","?","E"],"items_purchased_type":["Relic"],"build_version":"2020-12-22","purchased_purges":0,"victory":false,"max_hp_per_floor":[70,70,70,70,70,70,70,70,70,70,70,70,70],"card_choices":[{"not_picked":["bronze:BitShift","bronze:DigitalCarnage"],"picked":"bronze:ForceShield","floor":0},{"not_picked":["bronze:BitShift","bronze:CutThrough"],"picked":"bronze:Shield","floor":2},{"not_picked":["bronze:Invalidate","bronze:Assembly"],"picked":"bronze:Separator","floor":3},{"not_picked":["bronze:Overheat","bronze:DelayedSlice"],"picked":"bronze:Constructor","floor":5},{"not_picked":["bronze:Shield","bronze:ClassDefault"],"picked":"bronze:Shell","floor":6},{"not_picked":["bronze:Turbo","bronze:FineTuning"],"picked":"bronze:Terminator","floor":10}],"player_experience":960505,"relics_obtained":[{"floor":5,"key":"Pen Nib"}],"event_choices":[],"is_beta":false,"boss_relics":[],"items_purged_floors":[],"is_endless":false,"potions_floor_spawned":[],"killed_by":"Lagavulin","ascension_level":0}}