{"host":"xmr2g8b7eju0288o","time":1611560701,"event":{"mods":["AchievementEnabler","BaseMod","Colored Map","Colored Powertips","Minty Spire (QoL Compilation)","Quick Restart","StSLib","SuperFastMode"],"gold_per_floor":[119,294,314,314,325,351,351,366,392,406,406,406,416,429,429,526,576,596,69,69,69,69,94,94,125,173,173,133,166,91,106,106,106,106],"floor_reached":33,"language":"KOR","playtime":617,"items_purged":["Strike_G"],"score":379,"play_id":"f8f08c64-cdd6-45b3-b743-c2277e7d3268","local_time":"20210125164501","is_ascension_mode":true,"campfire_choices":[{"data":"A Thousand Cuts","floor":7.0,"key":"SMITH"},{"data":"Blade Dance","floor":11.0,"key":"SMITH"},{"data":"Cloak And Dagger","floor":15.0,"key":"SMITH"},{"floor":32,"key":"REST"}],"circlet_count":0,"master_deck":["Strike_G","Strike_G+1","Defend_G","Defend_G+1","Defend_G+1","Defend_G","Defend_G","Survivor+1","Neutralize+1","Cloak And Dagger+1","Slice","A Thousand Cuts+1","Blade Dance+1","Cloak And Dagger+1","Quick Slash","Quick Slash+1","Dagger Spray+1"],"relics":["Ring of the Snake","NeowsBlessing","Lantern","Whetstone","War Paint","Tiny House","Shovel","Juzu Bracelet","PreservedInsect","Pocketwatch","Pen Nib","MutagenicStrength","Art of War"],"acts_visited":["Exordium","TheCity"],"potions_floor_usage":[29],"damage_taken":[{"damage":0.0,"enemies":"Cultist","floor":1.0,"turns":1.0},{"damage":0.0,"enemies":"2 Louse","floor":3.0,"turns":1.0},{"damage":0.0,"enemies":"Small Slimes","floor":5.0,"turns":1.0},{"damage":15.0,"enemies":"Gremlin Nob","floor":6.0,"turns":4.0},{"damage":11.0,"enemies":"Exordium Wildlife","floor":8.0,"turns":4.0},{"damage":10.0,"enemies":"2 Fungi Beasts","floor":10.0,"turns":3.0},{"damage":0.0,"enemies":"Gremlin Gang","floor":13.0,"turns":3.0},{"damage":4.0,"enemies":"Large Slime","floor":14.0,"turns":5.0},{"damage":2.0,"enemies":"Hexaghost","floor":16.0,"turns":8.0},{"damage":0.0,"enemies":"Chosen","floor":18.0,"turns":4.0},{"damage":10.0,"enemies":"Slavers","floor":23.0,"turns":4.0},{"damage":29.0,"enemies":"Book of Stabbing","floor":25.0,"turns":5.0},{"damage":23,"enemies":"Slavers","floor":29,"turns":3},{"damage":0,"enemies":"3 Byrds","floor":31,"turns":2},{"damage":44,"enemies":"Champ","floor":33,"turns":8}],"seed_played":"2168570892715517568","potions_obtained":[{"floor":3.0,"key":"CunningPotion"},{"floor":5.0,"key":"PowerPotion"},{"floor":6.0,"key":"Fruit Juice"},{"floor":10.0,"key":"Energy Potion"},{"floor":13.0,"key":"ColorlessPotion"},{"floor":17.0,"key":"Block Potion"},{"floor":18.0,"key":"DistilledChaos"},{"floor":22.0,"key":"ColorlessPotion"},{"floor":22.0,"key":"SteroidPotion"},{"floor":25.0,"key":"CultistPotion"}],"is_trial":false,"path_per_floor":["M","?","M","?","M","E","R","M","T","M","R","?","M","M","R","B",null,"M","$","?","$","?","E","?","E","T","?","?","E","?","M","R","B"],"character_chosen":"THE_SILENT","items_purchased":["Shovel","Juzu Bracelet"],"campfire_rested":1,"item_purchase_floors":[19,19],"current_hp_per_floor":[70,70,70,63,63,48,53,42,42,32,32,14,14,10,10,8,63,63,63,63,63,63,53,53,24,24,24,24,1,1,1,25,0,0],"gold":106,"neow_bonus":"THREE_ENEMY_KILL","is_daily":false,"chose_seed":false,"campfire_upgraded":3,"win_rate":0.0,"timestamp":1611560701,"path_taken":["M","?","M","?","M","E","R","M","T","M","R","?","M","M","R","BOSS","M","$","?","$","?","E","?","E","T","?","?","E","?","M","R","BOSS"],"items_purchased_type":["Relic","Relic"],"build_version":"2020-12-22","purchased_purges":1,"victory":false,"max_hp_per_floor":[70,70,70,70,70,70,75,75,75,75,75,75,75,75,75,75,80,80,80,80,80,80,80,80,80,80,80,80,80,80,80,80,80,80],"card_choices":[{"not_picked":["Dodge and Roll","Backstab"],"picked":"Cloak And Dagger","floor":1.0},{"not_picked":["Concentrate","Dash"],"picked":"Slice","floor":3.0},{"not_picked":["Prepared","Deflect","Blur"],"picked":"SKIP","floor":5.0},{"not_picked":["Night Terror","Tactician"],"picked":"A Thousand Cuts","floor":6.0},{"not_picked":["Flying Knee","Calculated Gamble","Terror"],"picked":"SKIP","floor":8.0},{"not_picked":["Dagger Spray","Heel Hook"],"picked":"Blade Dance","floor":10.0},{"not_picked":["Bouncing Flask","Flechettes","Well Laid Plans"],"picked":"SKIP","floor":13.0},{"not_picked":["Acrobatics","Terror"],"picked":"Cloak And Dagger","floor":14.0},{"not_picked":["Tactician","Flying Knee"],"picked":"Quick Slash","floor":17.0},{"not_picked":["Deadly Poison+1","Underhanded Strike"],"picked":"Quick Slash+1","floor":18.0},{"not_picked":["PiercingWail","Venomology"],"picked":"Dagger Spray+1","floor":23.0},{"not_picked":["Terror","Deadly Poison","Bane"],"picked":"SKIP","floor":25.0},{"not_picked":["Outmaneuver","Acrobatics+1","Sucker Punch"],"picked":"SKIP","floor":29},{"not_picked":["Bane","Predator+1","Prepared"],"picked":"SKIP","floor":31}],"player_experience":192257,"relics_obtained":[{"floor":6.0,"key":"Lantern"},{"floor":9.0,"key":"Whetstone"},{"floor":23.0,"key":"PreservedInsect"},{"floor":25.0,"key":"Pocketwatch"},{"floor":26.0,"key":"Pen Nib"},{"floor":29,"key":"Art of War"}],"event_choices":[{"damage_healed":0.0,"max_hp_gain":0.0,"max_hp_loss":0.0,"gold_gain":175.0,"event_name":"Liars Game","player_choice":"AGREE","floor":2.0,"gold_loss":0.0,"damage_taken":0.0,"cards_obtained":["Doubt"]},{"cards_removed":["Doubt"],"damage_healed":0.0,"max_hp_gain":0.0,"max_hp_loss":0.0,"gold_gain":0.0,"event_name":"Golden Wing","player_choice":"Card Removal","floor":4.0,"gold_loss":0.0,"damage_taken":7.0},{"damage_healed":0.0,"max_hp_gain":0.0,"max_hp_loss":0.0,"gold_gain":0.0,"event_name":"Scrap Ooze","player_choice":"Success","floor":12.0,"gold_loss":0.0,"damage_taken":18.0,"relics_obtained":["War Paint"]},{"cards_removed":["Strike_G"],"damage_healed":0.0,"max_hp_gain":0.0,"max_hp_loss":0.0,"gold_gain":0.0,"event_name":"Back to Basics","player_choice":"Elegance","floor":20.0,"gold_loss":0.0,"damage_taken":0.0},{"damage_healed":0.0,"max_hp_gain":0.0,"max_hp_loss":0.0,"gold_gain":0.0,"event_name":"Lab","player_choice":"Got Potions","floor":22.0,"gold_loss":0.0,"damage_taken":0.0},{"damage_healed":0.0,"max_hp_gain":0.0,"max_hp_loss":0.0,"gold_gain":0.0,"event_name":"Ghosts","player_choice":"Ignored","floor":24.0,"gold_loss":0.0,"damage_taken":0.0},{"damage_healed":0.0,"max_hp_gain":0.0,"max_hp_loss":0.0,"gold_gain":0.0,"event_name":"Drug Dealer","player_choice":"Inject Mutagens","floor":27.0,"gold_loss":0.0,"damage_taken":0.0,"relics_obtained":["MutagenicStrength"]},{"damage_healed":0.0,"max_hp_gain":0.0,"max_hp_loss":0.0,"gold_gain":0.0,"event_name":"Designer","player_choice":"Upgrade","floor":28.0,"gold_loss":40.0,"damage_taken":0.0,"cards_upgraded":["Cloak And Dagger"]},{"cards_removed":["Strike_G"],"damage_healed":0,"gold_gain":0,"player_choice":"Gave Gold","damage_taken":0,"max_hp_gain":0,"max_hp_loss":0,"event_name":"Beggar","floor":30,"gold_loss":75}],"is_beta":false,"boss_relics":[{"not_picked":["Runic Pyramid","Velvet Choker"],"picked":"Tiny House"}],"items_purged_floors":[19],"is_endless":false,"potions_floor_spawned":[3,5,6,10,13,18,25],"killed_by":"Champ","ascension_level":5}}