{"host":"z9grmtg2w0nmz8n1","time":1611592923,"event":{"mods":["Aspiration","BaseMod","Better Altar","Better Match","Better Note","Better Sensory Stone","Better Skull","Better Third Choice","BetterRewards","CCEM","Clawfect","Colored Map","Conspire","GifTheSpireLib","Halation","Highlight Path","Hubris","Hunter ??","Jedi Mod","Minty Spire (QoL Compilation)","Permanent Neow","Reliquary","Replay The Spire","Shop Mod","Spicy Shops","StSLib","Stuff the Spire","The Administrix","The Blackbeard","The Runesmith","The Servant 0.9.4"],"gold_per_floor":[119,130,145,158,158,190,190,190,190,218,518,548,561,139,157,171,171,171,171],"floor_reached":18,"language":"ENG","playtime":1308,"items_purged":["Strike_S","Strike_S"],"score":124,"play_id":"3e435dde-0650-41a8-be69-9e970d94976a","local_time":"20210125144203","is_ascension_mode":false,"campfire_choices":[{"floor":9,"key":"RECALL"},{"data":"Hightail","floor":17,"key":"SMITH"}],"circlet_count":0,"master_deck":["Strike_S","Strike_S","Defend_S","Defend_S","Defend_S","Defend_S","KidneyShot","Exchange","BottledTime","FastForward","TimeWarp","Hightail+1","Ricochet","Ricochet","FastForward","FastForward"],"relics":["Uniform","CCEMRelics:GrindingGear","halation:Toothbrush","Vajra","Old Coin","Question Card","CCEMRelics:SpiritsEdge"],"acts_visited":["Exordium"],"potions_floor_usage":[4,10,10],"damage_taken":[{"damage":2,"enemies":"2 Louse","floor":1,"turns":5},{"damage":1,"enemies":"Jaw Worm","floor":2,"turns":6},{"damage":0,"enemies":"Small Slimes","floor":3,"turns":4},{"damage":8,"enemies":"Gremlin Gang","floor":4,"turns":6},{"damage":6,"enemies":"Replay:BlueRogue","floor":6,"turns":13},{"damage":8,"enemies":"3 Sentries","floor":10,"turns":15},{"damage":0,"enemies":"2 Fungi Beasts","floor":13,"turns":4},{"damage":1,"enemies":"Exordium Wildlife","floor":15,"turns":3},{"damage":0,"enemies":"Large Slime","floor":16,"turns":4},{"damage":26,"enemies":"The Guardian","floor":18,"turns":16}],"seed_played":"-6640480434493684095","potions_obtained":[{"floor":2,"key":"Dexterity Potion"},{"floor":3,"key":"Reflective Coating"},{"floor":4,"key":"EssenceOfSteel"},{"floor":6,"key":"DistilledChaos"}],"is_trial":false,"path_per_floor":["M","M","M","M","?","E","PTL","PTL","R","E","T","?","M","$","M","M","R","B"],"character_chosen":"THE_SERVANT","items_purchased":["CCEMRelics:SpiritsEdge","Ricochet","FastForward"],"campfire_rested":0,"item_purchase_floors":[14,14,14],"current_hp_per_floor":[63,62,62,54,65,59,59,59,59,51,51,51,51,57,56,56,56,30,30],"gold":171,"neow_bonus":"RANDOM_COMMON_RELIC","is_daily":false,"chose_seed":false,"campfire_upgraded":1,"win_rate":0.0,"timestamp":1611592923,"path_taken":["M","M","M","M","?","E","PTL","PTL","R","E","T","?","M","$","?","M","R","BOSS"],"items_purchased_type":["Relic","Card","Card"],"build_version":"2020-12-22","purchased_purges":2,"victory":false,"max_hp_per_floor":[65,65,65,65,65,65,65,65,65,65,65,65,65,71,71,71,71,71,71],"card_choices":[{"not_picked":["WasteNot","Gouge"],"picked":"BottledTime","floor":1},{"not_picked":["Spin","Starlight"],"picked":"FastForward","floor":2},{"not_picked":["Rewind","Revamp"],"picked":"TimeWarp","floor":3},{"not_picked":["Potential","FanOfKnives"],"picked":"Hightail","floor":4},{"not_picked":["BottledTime","Potential","FlawlessForm"],"picked":"SKIP","floor":6},{"not_picked":["Alleviate","ShatteredReality","BottledTime"],"picked":"SKIP","floor":10},{"not_picked":["Alleviate","Potential","Comet"],"picked":"Ricochet","floor":13},{"not_picked":["WasteNot","Spin","Ricochet"],"picked":"FastForward","floor":15},{"not_picked":["DoubleEdge","FastForward","ShatteredReality","Defy"],"picked":"SKIP","floor":16}],"player_experience":843054,"relics_obtained":[{"floor":6,"key":"halation:Toothbrush"},{"floor":10,"key":"Vajra"},{"floor":11,"key":"Old Coin"}],"event_choices":[{"damage_healed":0,"gold_gain":30,"player_choice":"Searched \u00273\u0027 times","damage_taken":0,"relics_obtained":["Question Card"],"max_hp_gain":0,"max_hp_loss":0,"event_name":"Dead Adventurer","floor":12,"gold_loss":0}],"is_beta":false,"boss_relics":[],"items_purged_floors":[14,14],"is_endless":false,"potions_floor_spawned":[2,3,4,6],"killed_by":"The Guardian","ascension_level":0}}