{"host":"zwuytn9vh5b8tdl7","time":1611611546,"event":{"mods":["AchievementEnabler","BaseMod","Colored Powertips","GifTheSpireLib","Minty Spire (QoL Compilation)","Rare Cards Sparkle","StSLib","The Animator"],"gold_per_floor":[127,147,147,322,336,336,336],"floor_reached":6,"language":"ENG","playtime":350,"items_purged":[],"score":36,"play_id":"3058bbbb-b1b2-423f-9dbd-0c57e397cf36","local_time":"20210125165226","is_ascension_mode":false,"campfire_choices":[],"circlet_count":0,"master_deck":["animator:Strike_Konosuba","animator:Defend_Konosuba","animator:Strike","animator:Strike","animator:Strike","animator:Defend","animator:Defend","animator:Defend","animator:Kazuma","animator:Aqua+1","animator:RinTohsaka","animator:Alexander","Doubt","animator:ChlammyZell"],"relics":["animator:LivingPicture","animator:TheMissingPiece","Centennial Puzzle"],"acts_visited":["Exordium"],"potions_floor_usage":[6],"damage_taken":[{"damage":12.0,"enemies":"Cultist","floor":1.0,"turns":7.0},{"damage":0.0,"enemies":"2 Louse","floor":2.0,"turns":4.0},{"damage":3.0,"enemies":"Jaw Worm","floor":5.0,"turns":6.0},{"damage":60,"enemies":"Gremlin Nob","floor":6,"turns":6}],"seed_played":"3013993240589865314","potions_obtained":[{"floor":1.0,"key":"animator:GrowthPotion"}],"is_trial":false,"path_per_floor":["M","M","?","?","M","E"],"character_chosen":"THE_ANIMATOR","items_purchased":[],"campfire_rested":0,"item_purchase_floors":[],"current_hp_per_floor":[54,57,57,57,57,0,0],"gold":336,"neow_bonus":"RANDOM_COMMON_RELIC","is_daily":false,"chose_seed":false,"campfire_upgraded":0,"win_rate":0.0,"timestamp":1611611546,"path_taken":["M","M","?","?","?","E"],"items_purchased_type":[],"build_version":"2020-12-22","purchased_purges":0,"victory":false,"max_hp_per_floor":[66,67,67,67,67,67,67],"card_choices":[{"not_picked":["animator:Melzalgald","animator:ChlammyZell"],"picked":"animator:RinTohsaka","floor":1.0},{"not_picked":["animator:Chris","animator:Melzalgald"],"picked":"animator:Alexander","floor":2.0},{"not_picked":["animator:ElricAlphonse","animator:Gluttony"],"picked":"animator:ChlammyZell","floor":5.0}],"player_experience":332105,"relics_obtained":[],"event_choices":[{"damage_healed":0.0,"max_hp_gain":0.0,"max_hp_loss":0.0,"gold_gain":0.0,"event_name":"Living Wall","player_choice":"Grow","floor":3.0,"gold_loss":0.0,"damage_taken":0.0,"cards_upgraded":["animator:Aqua"]},{"damage_healed":0.0,"max_hp_gain":0.0,"max_hp_loss":0.0,"gold_gain":175.0,"event_name":"Liars Game","player_choice":"AGREE","floor":4.0,"gold_loss":0.0,"damage_taken":0.0,"cards_obtained":["Doubt"]}],"is_beta":false,"boss_relics":[],"items_purged_floors":[],"is_endless":false,"potions_floor_spawned":[1],"killed_by":"Gremlin Nob","ascension_level":0}}