{"host":"y7wrf01yacd588jx","time":1611619015,"event":{"mods":["AchievementEnabler","Act Like it!","Aspiration","BaseMod","Colored Map","Colored Powertips","Conspire","Downfall","Energized Spire","Friendly Minions","Gensokyo","GifTheSpireLib","Googly Eyes","Hubris","Infinite Spire","Minty Spire (QoL Compilation)","Permanent Neow","Relic Sorter","Reliquary","Replay The Spire","Shade Mod","StSLib","Stuff the Spire","The Death Knight"],"gold_per_floor":[199,216,216,316,328,345,369,394,408,308,103,103,88,103,121,121,121,121],"floor_reached":16,"language":"ENG","playtime":1456,"items_purged":[],"score":102,"play_id":"e60e912a-1143-4267-9db1-bd4be80bad06","local_time":"20210125185655","is_ascension_mode":false,"campfire_choices":[{"data":"hexamod:Sear","floor":1,"key":"SMITH"},{"data":"hexamod:GhostOfSpirePast","floor":10,"key":"SMITH"}],"circlet_count":0,"master_deck":["hexamod:Strike","hexamod:Strike","hexamod:Strike","hexamod:Strike","hexamod:Defend","hexamod:Defend","hexamod:Defend","hexamod:Defend","hexamod:Sear+1","hexamod:Float","hexamod:GhostOfSpirePast+1","hexamod:ShieldOfDarkness","hexamod:ExtraCrispy","hexamod:HeatCrush","hexamod:ThermalTransfer","ReplayTheSpireMod:Brewmster","hexamod:GhostOfSpireFuture","hexamod:SpectralAdrenaline","hexamod:HauntingEcho"],"relics":["hexamod:SpiritBrand","Dream Catcher","Replay:Bottled Steam","downfall:HeartBlessingGreen","conspire:Dentures"],"acts_visited":["Exordium"],"potions_floor_usage":[],"damage_taken":[{"damage":0,"enemies":"2 Louse","floor":2,"turns":3},{"damage":1,"enemies":"Jaw Worm","floor":5,"turns":3},{"damage":0,"enemies":"Cultist","floor":6,"turns":3},{"damage":28,"enemies":"Gremlin Nob","floor":8,"turns":6},{"damage":6,"enemies":"Red Slaver","floor":9,"turns":5},{"damage":0,"enemies":"downfall:FleeingMerchant","floor":11,"turns":4},{"damage":0,"enemies":"downfall:FleeingMerchant","floor":13,"turns":4},{"damage":16,"enemies":"Exordium Thugs","floor":14,"turns":6},{"damage":4,"enemies":"Lots of Slimes","floor":15,"turns":6},{"damage":19,"enemies":"DF_ARCHETYPE_STREAMLINE","floor":16,"turns":3}],"seed_played":"2263231999933621925","potions_obtained":[{"floor":8,"key":"Strength Potion"},{"floor":9,"key":"Dexterity Potion"},{"floor":14,"key":"Reflective Coating"}],"is_trial":false,"path_per_floor":["R","M","?","?","M","M","T","E","M","R","$","T","$","M","M","B"],"character_chosen":"THE_SPIRIT","items_purchased":["ReplayTheSpireMod:Brewmster"],"campfire_rested":0,"item_purchase_floors":[11],"current_hp_per_floor":[70,70,70,70,69,69,69,41,35,35,35,35,35,19,15,0,0,0],"gold":121,"neow_bonus":"HUNDRED_GOLD","is_daily":false,"chose_seed":false,"campfire_upgraded":2,"win_rate":0.0,"timestamp":1611619015,"path_taken":["R","M","?","?","M","M","T","E","?","R","?","?","$","?","M","BOSS"],"items_purchased_type":["Card"],"build_version":"2020-12-22","purchased_purges":0,"victory":false,"max_hp_per_floor":[70,70,70,70,70,70,70,70,70,70,70,70,70,70,70,70,70,70],"card_choices":[{"not_picked":["hexamod:Firestarter","hexamod:HeatMetal"],"picked":"hexamod:GhostOfSpirePast","floor":2},{"not_picked":["hexamod:NightmareStrike","hexamod:BacktrackSmack"],"picked":"hexamod:ShieldOfDarkness","floor":5},{"not_picked":["hexamod:Hexaguard","hexamod:EtherealExpedition"],"picked":"hexamod:ExtraCrispy","floor":6},{"not_picked":["hexamod:BurningTouch","hexamod:SecondSeal"],"picked":"hexamod:HeatCrush","floor":8},{"not_picked":["hexamod:FastForward","hexamod:NightmareGuise"],"picked":"hexamod:ThermalTransfer","floor":9},{"not_picked":["hexamod:SpectralAdrenaline","hexamod:ShieldOfDarkness","hexamod:GhostflameBarrier"],"picked":"SKIP","floor":11},{"not_picked":["hexamod:ThirdSeal","hexamod:PhantomCloak"],"picked":"hexamod:GhostOfSpireFuture","floor":13},{"not_picked":["hexamod:GhostShield","hexamod:ThermalTransfer"],"picked":"hexamod:SpectralAdrenaline","floor":14},{"not_picked":["hexamod:InspiringFlames","hexamod:GhostShield"],"picked":"hexamod:HauntingEcho","floor":15}],"player_experience":131725,"relics_obtained":[{"floor":7,"key":"Dream Catcher"},{"floor":8,"key":"Replay:Bottled Steam"},{"floor":12,"key":"conspire:Dentures"}],"event_choices":[],"is_beta":false,"boss_relics":[],"items_purged_floors":[],"is_endless":false,"potions_floor_spawned":[8,9,14,15],"killed_by":"DF_ARCHETYPE_STREAMLINE","ascension_level":0}}