{"host":"och2iitg9ibgz06n","time":1611605671,"event":{"mods":["Abigail Mod","AchievementEnabler","Aspiration","BaseMod","Colored Powertips","Dio Mod","Hubris","Hyrulean Relics","Infinite Spire","Minty Spire (QoL Compilation)","Replay The Spire","Small Relic Pack","StSLib","The Animator","The Bug Knight","The Hierophant","The Jungle","The Saiyan","TheHero","Wandering Minibosses","everything is the same but u backflip on backflip","slay the spire mod where everything is the same but ironclad has a cowboy hat"],"gold_per_floor":[109,172,191,205,222,222,252,252,252,105,120,136,148,148,148,243,243,254,11,30,30,30],"floor_reached":21,"language":"ENG","playtime":1038,"items_purged":[],"score":239,"play_id":"10e89726-31f4-42b7-90e1-1d97a7f63db9","local_time":"20210125141431","is_ascension_mode":true,"campfire_choices":[{"data":"Neutralize","floor":6,"key":"SMITH"},{"data":"Terror","floor":8,"key":"SMITH"},{"data":"ReplayTheSpireMod:Exploit Weakness","floor":15,"key":"SMITH"}],"circlet_count":0,"master_deck":["Strike_G","Strike_G","Strike_G","Strike_G","Strike_G","Defend_G","Defend_G","Defend_G","Defend_G","Defend_G","Survivor","Neutralize+1","Footwork","Heel Hook","Dagger Throw","Footwork","Terror+1","Underhanded Strike","ReplayTheSpireMod:Speed Training","Backstab","ReplayTheSpireMod:Exploit Weakness+1","infinitespire:Starlight","Phantasmal Killer","Deflect","Cloak And Dagger"],"relics":["Ring of the Snake","hubris:TenFootPole","Replay:Bottled Snecko","HollowMod:StagPassRelic","FossilizedHelix","Akabeko","Replay:Grab Bag","Replay:Fungal Core","Philosopher\u0027s Stone","Empty Cage","Letter Opener"],"acts_visited":["Exordium","TheCity"],"potions_floor_usage":[],"damage_taken":[{"damage":0,"enemies":"2 Louse","floor":1,"turns":4},{"damage":0,"enemies":"Small Slimes","floor":3,"turns":4},{"damage":0,"enemies":"Cultist","floor":4,"turns":4},{"damage":13,"enemies":"Exordium Wildlife","floor":5,"turns":8},{"damage":0,"enemies":"Lagavulin","floor":7,"turns":9},{"damage":7,"enemies":"3 Louse","floor":11,"turns":3},{"damage":0,"enemies":"Red Slaver","floor":12,"turns":4},{"damage":0,"enemies":"2 Fungi Beasts","floor":13,"turns":3},{"damage":50,"enemies":"The Guardian","floor":16,"turns":16},{"damage":26,"enemies":"Shell Parasite","floor":18,"turns":7},{"damage":17,"enemies":"3 Byrds","floor":20,"turns":7},{"damage":61,"enemies":"Centurion and Healer","floor":21,"turns":9}],"seed_played":"849181835433707996","potions_obtained":[{"floor":2,"key":"LiquidBronze"},{"floor":3,"key":"FearPotion"},{"floor":11,"key":"SpeedPotion"}],"is_trial":false,"path_per_floor":["M","?","M","M","M","R","E","R","T","$","M","M","M","?","R","B",null,"M","$","M","M"],"character_chosen":"THE_SILENT","items_purchased":["Akabeko","Letter Opener"],"campfire_rested":0,"item_purchase_floors":[10,19],"current_hp_per_floor":[70,62,62,62,49,49,49,49,49,49,42,42,42,42,42,2,70,50,50,43,0,0],"gold":30,"neow_bonus":"RANDOM_COMMON_RELIC","is_daily":false,"chose_seed":false,"campfire_upgraded":3,"win_rate":0.0,"timestamp":1611605671,"path_taken":["M","?","M","M","M","R","E","R","T","$","M","M","M","?","R","BOSS","M","$","M","M"],"items_purchased_type":["Relic","Relic"],"build_version":"2020-12-22","purchased_purges":0,"victory":false,"max_hp_per_floor":[70,70,70,70,70,70,70,70,70,70,70,70,70,70,70,70,70,70,70,70,70,70],"card_choices":[{"not_picked":["Calculated Gamble","Bane"],"picked":"Footwork","floor":1},{"not_picked":["Hidden Blade","Toxin Wave"],"picked":"Heel Hook","floor":2},{"not_picked":["Backflip","Hidden Blade"],"picked":"Dagger Throw","floor":3},{"not_picked":["hubris:SlightOfHand","ReplayTheSpireMod:The Works"],"picked":"Footwork","floor":4},{"not_picked":["Well Laid Plans","Slice"],"picked":"Terror","floor":5},{"not_picked":["Hidden Blade","Flechettes"],"picked":"Underhanded Strike","floor":7},{"not_picked":["ReplayTheSpireMod:The Works","Hidden Blade"],"picked":"ReplayTheSpireMod:Speed Training","floor":11},{"not_picked":["ReplayTheSpireMod:Tripwire","All Out Attack"],"picked":"Backstab","floor":12},{"not_picked":["hubris:TrickCloak","hubris:SlightOfHand"],"picked":"ReplayTheSpireMod:Exploit Weakness","floor":13},{"not_picked":["infinitespire:Fortify","ReplayTheSpireMod:Haul"],"picked":"infinitespire:Starlight","floor":14},{"not_picked":["Wraith Form v2","Atom Bomb"],"picked":"Phantasmal Killer","floor":16},{"not_picked":["Acrobatics","Dodge and Roll"],"picked":"Deflect","floor":18},{"not_picked":["Poisoned Stab+1","Toxin Wave"],"picked":"Cloak And Dagger","floor":20}],"player_experience":476874,"relics_obtained":[{"floor":2,"key":"Replay:Bottled Snecko"},{"floor":7,"key":"HollowMod:StagPassRelic"},{"floor":9,"key":"FossilizedHelix"}],"event_choices":[],"is_beta":false,"boss_relics":[{"not_picked":["aspiration:RitualDagger","hubris:BlackHole"],"picked":"Replay:Grab Bag"},{"not_picked":["Abe\u0027s Treasure","infinitespire:Cupcake"],"picked":"Replay:Fungal Core"},{"not_picked":["Ectoplasm","hubris:VirtuousBlindfold"],"picked":"Philosopher\u0027s Stone"},{"not_picked":["aspiration:PoetsPen_weak","Snecko Eye"],"picked":"Empty Cage"}],"items_purged_floors":[],"is_endless":false,"potions_floor_spawned":[3,11,16],"killed_by":"Centurion and Healer","ascension_level":3}}