{"host":"b7j598ve05halrwk","time":1611539861,"event":{"mods":["2.2 Compatiblity","BaseMod","Block Reminder","DeckTracker","Minty Spire (QoL Compilation)","Relic Stats","Slay the Relics Exporter","StSLib","ojb\u0027s Better Paths Mod","ojb\u0027s Info Mod"],"gold_per_floor":[114,124,124,199,199,230,259,271,335,378,390,431,460,472,484,570,582,607,619,217,234,67,67,95,95,95,124,135,160,187,205,205,276,276,291,291,110,123,29,29,39,72,119,135,135,160,160,188,188,188,188,188,188,22,52,52],"floor_reached":57,"language":"ENG","playtime":5254,"items_purged":["Strike_B","Strike_B"],"score":3428,"play_id":"392f1288-7715-4bb3-94a8-f8a7efd47e03","local_time":"20210124205741","is_ascension_mode":true,"campfire_choices":[{"data":"Lockon","floor":8.0,"key":"SMITH"},{"data":"Biased Cognition","floor":11.0,"key":"SMITH"},{"data":"Zap","floor":15.0,"key":"SMITH"},{"data":"Seek","floor":23.0,"key":"SMITH"},{"data":"Biased Cognition","floor":25.0,"key":"SMITH"},{"data":"Static Discharge","floor":32.0,"key":"SMITH"},{"data":"Capacitor","floor":40.0,"key":"SMITH"},{"data":"Consume","floor":47.0,"key":"SMITH"},{"floor":49,"key":"RECALL"},{"data":"Hologram","floor":53,"key":"SMITH"}],"circlet_count":0,"master_deck":["AscendersBane","Strike_B","Strike_B","Defend_B","Defend_B","Defend_B","Defend_B","Zap+1","Dualcast","FTL","Lockon+1","Biased Cognition+1","Leap","Ball Lightning","Biased Cognition+1","Auto Shields","Seek+1","Ghostly","Ghostly","Ghostly","Double Energy+1","Ghostly","Genetic Algorithm+1","Static Discharge+1","Self Repair","Cold Snap","Compile Driver+1","Hologram+1","Biased Cognition","Glacier","Capacitor+1","Coolheaded","Impatience","Capacitor","Ball Lightning","Consume+1","Double Energy","Redo+1"],"relics":["Cracked Core","Thread and Needle","Incense Burner","Eternal Feather","MawBank","Blood Vial","Bottled Flame","Bag of Preparation","SlaversCollar","ClockworkSouvenir","Orichalcum","DollysMirror","Oddly Smooth Stone","Meat on the Bone","Bottled Lightning","Red Mask","DataDisk","Runic Dome","Ornamental Fan","Letter Opener","Potion Belt","Runic Capacitor","Akabeko"],"acts_visited":["Exordium","TheCity","TheBeyond","TheEnding"],"potions_floor_usage":[56],"damage_taken":[{"damage":0.0,"enemies":"Cultist","floor":1.0,"turns":3.0},{"damage":3.0,"enemies":"Jaw Worm","floor":2.0,"turns":3.0},{"damage":7.0,"enemies":"Gremlin Nob","floor":6.0,"turns":3.0},{"damage":0.0,"enemies":"Small Slimes","floor":7.0,"turns":2.0},{"damage":14.0,"enemies":"Lagavulin","floor":10.0,"turns":6.0},{"damage":19.0,"enemies":"3 Sentries","floor":12.0,"turns":5.0},{"damage":0.0,"enemies":"2 Fungi Beasts","floor":13.0,"turns":3.0},{"damage":11.0,"enemies":"The Guardian","floor":16.0,"turns":8.0},{"damage":0.0,"enemies":"Spheric Guardian","floor":18.0,"turns":4.0},{"damage":0.0,"enemies":"Shell Parasite","floor":21.0,"turns":4.0},{"damage":0.0,"enemies":"Gremlin Leader","floor":24.0,"turns":5.0},{"damage":0.0,"enemies":"Slavers","floor":27.0,"turns":5.0},{"damage":0.0,"enemies":"Cultist and Chosen","floor":28.0,"turns":5.0},{"damage":2.0,"enemies":"Masked Bandits","floor":29.0,"turns":4.0},{"damage":0.0,"enemies":"Book of Stabbing","floor":30.0,"turns":3.0},{"damage":0.0,"enemies":"Sentry and Sphere","floor":31.0,"turns":7.0},{"damage":0.0,"enemies":"Collector","floor":33.0,"turns":6.0},{"damage":0.0,"enemies":"3 Darklings","floor":35.0,"turns":4.0},{"damage":0.0,"enemies":"Orb Walker","floor":38.0,"turns":4.0},{"damage":0.0,"enemies":"Jaw Worm Horde","floor":41.0,"turns":6.0},{"damage":24.0,"enemies":"Giant Head","floor":42.0,"turns":11.0},{"damage":0.0,"enemies":"Spire Growth","floor":44.0,"turns":5.0},{"damage":0.0,"enemies":"Nemesis","floor":46.0,"turns":7.0},{"damage":0.0,"enemies":"Giant Head","floor":48.0,"turns":7.0},{"damage":0,"enemies":"Awakened One","floor":50,"turns":23},{"damage":0,"enemies":"Time Eater","floor":51,"turns":28},{"damage":26,"enemies":"Shield and Spear","floor":55,"turns":9},{"damage":31,"enemies":"The Heart","floor":56,"turns":12}],"seed_played":"8411603461988494255","potions_obtained":[{"floor":1.0,"key":"FearPotion"},{"floor":7.0,"key":"Swift Potion"},{"floor":10.0,"key":"LiquidMemories"},{"floor":16.0,"key":"FairyPotion"},{"floor":27.0,"key":"PowerPotion"},{"floor":38.0,"key":"PowerPotion"},{"floor":41.0,"key":"BlessingOfTheForge"},{"floor":42.0,"key":"SpeedPotion"},{"floor":48.0,"key":"BlessingOfTheForge"}],"is_trial":false,"path_per_floor":["M","M","T","T","?","E","M","R","T","E","R","E","M","?","R","B",null,"M","?","$","M","$","R","E","R","T","E","M","?","E","M","R","B",null,"M","?","$","M","$","R","M","E","T","M","?","E","R","E","R","B","B",null,"R","$","E","B",null],"character_chosen":"DEFECT","items_purchased":["ClockworkSouvenir","Orichalcum","DollysMirror","Capacitor","Impatience","Runic Capacitor"],"campfire_rested":0,"item_purchase_floors":[20,20,22,37,39,54],"current_hp_per_floor":[46,43,43,43,43,36,36,45,45,33,42,25,27,32,41,32,65,67,38,38,38,38,38,38,38,38,38,38,38,38,38,38,38,38,38,38,38,38,38,38,38,36,36,38,36,36,36,36,36,36,36,36,36,36,29,22],"gold":52,"neow_bonus":"ONE_RARE_RELIC","is_daily":false,"chose_seed":false,"campfire_upgraded":9,"win_rate":0.0,"timestamp":1611539861,"path_taken":["M","?","?","?","?","E","M","R","T","E","R","E","M","?","R","BOSS","M","?","$","M","$","R","E","R","T","E","M","?","E","M","R","BOSS","M","?","$","M","$","R","M","E","T","M","?","E","R","E","R","BOSS","BOSS","R","$","E","BOSS"],"items_purchased_type":["Relic","Relic","Relic","Card","Card","Relic"],"build_version":"2020-12-22","purchased_purges":2,"victory":true,"max_hp_per_floor":[71,71,71,71,71,71,71,71,71,71,71,71,71,76,76,76,76,76,38,38,38,38,38,38,38,38,38,38,38,38,38,38,38,38,38,38,38,38,38,38,38,38,38,38,36,36,36,36,36,36,36,36,36,36,36,36],"relic_stats":{"Blood Vial":14,"counters":[28,192],"Ornamental Fan":[28],"Eternal Feather":27,"Bag of Preparation":[44],"Letter Opener":[125],"Orichalcum":[492],"MawBank":168,"obtain_stats":[{"Potion Belt":48,"Oddly Smooth Stone":24,"Thread and Needle":0,"Eternal Feather":4,"Incense Burner":3,"Bag of Preparation":12,"Runic Capacitor":54,"Letter Opener":46,"Orichalcum":20,"MawBank":6,"Akabeko":55,"ClockworkSouvenir":20,"Blood Vial":9,"SlaversCollar":17,"Runic Dome":34,"Bottled Flame":10,"DataDisk":30,"DollysMirror":22,"Ornamental Fan":42,"Red Mask":29,"Bottled Lightning":27,"Cracked Core":0,"Meat on the Bone":26},{"Potion Belt":24,"Oddly Smooth Stone":11,"Thread and Needle":0,"Eternal Feather":2,"Incense Burner":2,"Bag of Preparation":6,"Runic Capacitor":26,"Letter Opener":23,"Orichalcum":9,"MawBank":3,"Akabeko":27,"ClockworkSouvenir":9,"Blood Vial":4,"SlaversCollar":8,"Runic Dome":17,"Bottled Flame":5,"DataDisk":15,"DollysMirror":10,"Ornamental Fan":21,"Red Mask":14,"Bottled Lightning":12,"Cracked Core":0,"Meat on the Bone":11},{"Potion Belt":120,"Oddly Smooth Stone":46,"Thread and Needle":0,"Eternal Feather":6,"Incense Burner":6,"Bag of Preparation":22,"Runic Capacitor":171,"Letter Opener":113,"Orichalcum":37,"MawBank":9,"Akabeko":180,"ClockworkSouvenir":37,"Blood Vial":11,"SlaversCollar":33,"Runic Dome":76,"Bottled Flame":17,"DataDisk":63,"DollysMirror":41,"Ornamental Fan":101,"Red Mask":60,"Bottled Lightning":51,"Cracked Core":0,"Meat on the Bone":46}],"Meat on the Bone":36},"card_choices":[{"not_picked":["Turbo","Barrage"],"picked":"FTL","floor":1.0},{"not_picked":["Redo","Gash"],"picked":"Lockon","floor":2.0},{"not_picked":["Rebound","Hello World"],"picked":"Biased Cognition","floor":6.0},{"not_picked":["Barrage","Streamline"],"picked":"Leap","floor":7.0},{"not_picked":["Lockon","Stack"],"picked":"Ball Lightning","floor":10.0},{"not_picked":["Lockon","Chaos"],"picked":"Biased Cognition","floor":12.0},{"not_picked":["Aggregate","Hologram"],"picked":"Auto Shields","floor":13.0},{"not_picked":["Meteor Strike","Reboot"],"picked":"Seek","floor":16.0},{"not_picked":["Conserve Battery","Blizzard+1"],"picked":"Ball Lightning+1","floor":18.0},{"not_picked":["Gash","Turbo"],"picked":"Double Energy+1","floor":21.0},{"not_picked":["Turbo+1","Barrage+1"],"picked":"Genetic Algorithm+1","floor":24.0},{"not_picked":["Thunder Strike","Double Energy+1"],"picked":"Static Discharge","floor":27.0},{"not_picked":["Steam+1","Streamline"],"picked":"Self Repair","floor":28.0},{"not_picked":["Sunder","BootSequence"],"picked":"Cold Snap","floor":29.0},{"not_picked":["Turbo","Beam Cell"],"picked":"Compile Driver+1","floor":30.0},{"not_picked":["Force Field","Conserve Battery"],"picked":"Hologram","floor":31.0},{"not_picked":["Machine Learning","Fission"],"picked":"Biased Cognition","floor":33.0},{"not_picked":["Streamline","Beam Cell"],"picked":"Glacier","floor":35.0},{"not_picked":["Leap","Defragment"],"picked":"Coolheaded","floor":38.0},{"not_picked":["Streamline","Barrage","Go for the Eyes"],"picked":"SKIP","floor":41.0},{"not_picked":["Steam Power","Turbo+1"],"picked":"Capacitor","floor":42.0},{"not_picked":["Meteor Strike","Sweeping Beam"],"picked":"Ball Lightning","floor":44.0},{"not_picked":["Chill","White Noise"],"picked":"Consume","floor":46.0},{"not_picked":["BootSequence","Consume+1"],"picked":"Double Energy","floor":48.0},{"not_picked":["Go for the Eyes","Compile Driver"],"picked":"Redo+1","floor":55}],"player_experience":1038391,"relics_obtained":[{"floor":3.0,"key":"Incense Burner"},{"floor":4.0,"key":"Eternal Feather"},{"floor":6.0,"key":"MawBank"},{"floor":9.0,"key":"Blood Vial"},{"floor":10.0,"key":"Bottled Flame"},{"floor":12.0,"key":"Bag of Preparation"},{"floor":24.0,"key":"Oddly Smooth Stone"},{"floor":26.0,"key":"Meat on the Bone"},{"floor":27.0,"key":"Bottled Lightning"},{"floor":29.0,"key":"Red Mask"},{"floor":30.0,"key":"DataDisk"},{"floor":42.0,"key":"Ornamental Fan"},{"floor":46.0,"key":"Letter Opener"},{"floor":48.0,"key":"Potion Belt"},{"floor":55,"key":"Akabeko"}],"event_choices":[{"damage_healed":0.0,"max_hp_gain":0.0,"max_hp_loss":0.0,"gold_gain":0.0,"event_name":"Liars Game","player_choice":"Ignored","floor":5.0,"gold_loss":0.0,"damage_taken":0.0},{"damage_healed":0.0,"max_hp_gain":5.0,"max_hp_loss":0.0,"gold_gain":0.0,"event_name":"Big Fish","player_choice":"Donut","floor":14.0,"gold_loss":0.0,"damage_taken":0.0},{"damage_healed":0.0,"max_hp_gain":0.0,"max_hp_loss":38.0,"gold_gain":0.0,"event_name":"Ghosts","player_choice":"Became a Ghost","floor":19.0,"gold_loss":0.0,"damage_taken":0.0,"cards_obtained":["Ghostly","Ghostly","Ghostly"]},{"damage_healed":0.0,"max_hp_gain":0.0,"max_hp_loss":0.0,"gold_gain":0.0,"event_name":"Masked Bandits","player_choice":"Fought Bandits","floor":29.0,"gold_loss":0.0,"damage_taken":0.0},{"cards_removed":["Ball Lightning"],"damage_healed":0.0,"max_hp_gain":0.0,"max_hp_loss":0.0,"gold_gain":0.0,"event_name":"Falling","player_choice":"Removed Attack","floor":36.0,"gold_loss":0.0,"damage_taken":0.0},{"damage_healed":0.0,"max_hp_gain":0.0,"max_hp_loss":2.0,"gold_gain":0.0,"event_name":"Winding Halls","player_choice":"Max HP","floor":45.0,"gold_loss":0.0,"damage_taken":0.0}],"is_beta":false,"boss_relics":[{"not_picked":["Fusion Hammer","Inserter"],"picked":"SlaversCollar"},{"not_picked":["Empty Cage","Philosopher\u0027s Stone"],"picked":"Runic Dome"}],"items_purged_floors":[20,37],"is_endless":false,"potions_floor_spawned":[1,7,10,12,16,21,24,27,31,38,41,42,48],"ascension_level":20}}