{"host":"Á¤±Û¸µ","time":1611533583,"event":{"mods":["AchievementEnabler","BaseMod","Colored Map","DeckTracker","Highlight Path","Keyboard Shortcuts","Minty Spire (QoL Compilation)","Permanent Neow","Quick Restart","Rare Cards Sparkle","StSLib","SuperFastMode","everything is the same but u backflip on backflip"],"gold_per_floor":[114,114,114,39,63,63,103,53,53,53,72,97,133,156,156,276,276,297,297,321,67,80,80,80,80],"floor_reached":24,"language":"KOR","playtime":1157,"items_purged":["Strike_P","Defend_P"],"score":393,"play_id":"530e4217-3244-4c25-9856-35674e5d5d4b","local_time":"20210125091303","is_ascension_mode":true,"campfire_choices":[{"data":"Eruption","floor":6.0,"key":"SMITH"},{"data":"EmptyMind","floor":15.0,"key":"SMITH"},{"floor":23,"key":"REST"}],"circlet_count":0,"master_deck":["Strike_P","Strike_P","Defend_P","Defend_P","Eruption+1","Vigilance","EmptyFist","EmptyMind+1","ConjureBlade","Scrawl"],"relics":["PureWater","NeowsBlessing","Golden Idol","White Beast Statue","Yang","TeardropLocket","Black Star","Regal Pillow"],"acts_visited":["Exordium","TheCity"],"potions_floor_usage":[22,22,24],"damage_taken":[{"damage":0.0,"enemies":"2 Louse","floor":1.0,"turns":1.0},{"damage":0.0,"enemies":"Small Slimes","floor":5.0,"turns":1.0},{"damage":0.0,"enemies":"Gremlin Nob","floor":7.0,"turns":1.0},{"damage":4.0,"enemies":"Jaw Worm","floor":11.0,"turns":2.0},{"damage":10.0,"enemies":"Exordium Thugs","floor":12.0,"turns":4.0},{"damage":19.0,"enemies":"3 Sentries","floor":13.0,"turns":10.0},{"damage":0.0,"enemies":"2 Fungi Beasts","floor":14.0,"turns":3.0},{"damage":0.0,"enemies":"Hexaghost","floor":16.0,"turns":4.0},{"damage":20.0,"enemies":"Shell Parasite","floor":18.0,"turns":5.0},{"damage":17.0,"enemies":"2 Thieves","floor":20.0,"turns":4.0},{"damage":0,"enemies":"Shelled Parasite and Fungi","floor":22,"turns":2},{"damage":30,"enemies":"Slavers","floor":24,"turns":3}],"seed_played":"-8989633295624159253","potions_obtained":[{"floor":11.0,"key":"PowerPotion"},{"floor":12.0,"key":"Ancient Potion"},{"floor":13.0,"key":"PowerPotion"},{"floor":14.0,"key":"SteroidPotion"},{"floor":16.0,"key":"Explosive Potion"},{"floor":20.0,"key":"Ancient Potion"},{"floor":22,"key":"CultistPotion"}],"is_trial":false,"path_per_floor":["M","?","?","$","M","R","E","?","T","$","M","M","E","M","R","B",null,"M","?","M","$","M","R","E"],"character_chosen":"WATCHER","items_purchased":["Regal Pillow"],"campfire_rested":1,"item_purchase_floors":[21],"current_hp_per_floor":[65,58,40,40,40,40,40,40,40,40,36,26,7,7,7,7,56,36,36,19,19,19,55,25,25],"gold":80,"neow_bonus":"THREE_ENEMY_KILL","is_daily":false,"chose_seed":false,"campfire_upgraded":2,"win_rate":0.0,"timestamp":1611533583,"path_taken":["M","?","?","$","M","R","E","?","T","?","?","M","E","M","R","BOSS","M","?","M","$","M","R","E"],"items_purchased_type":["Relic"],"build_version":"2020-12-18","purchased_purges":2,"victory":false,"max_hp_per_floor":[72,72,72,72,72,72,72,72,72,72,72,72,72,72,72,72,72,72,72,72,72,72,72,72,72],"card_choices":[{"not_picked":["EmptyBody","SashWhip"],"picked":"EmptyFist","floor":1.0},{"not_picked":["Establishment","Crescendo","BowlingBash"],"picked":"SKIP","floor":5.0},{"not_picked":["PathToVictory","BowlingBash","EmptyBody"],"picked":"SKIP","floor":12.0},{"not_picked":["ReachHeaven","Evaluate"],"picked":"EmptyMind","floor":13.0},{"not_picked":["CutThroughFate","ClearTheMind"],"picked":"ConjureBlade","floor":14.0},{"not_picked":["ConjureBlade","Judgement"],"picked":"Scrawl","floor":16.0},{"not_picked":["WheelKick+1","ThirdEye","BowlingBash"],"picked":"SKIP","floor":18.0},{"not_picked":["FollowUp","Prostrate+1","SignatureMove"],"picked":"SKIP","floor":20.0},{"not_picked":["Protect","SashWhip","BowlingBash"],"picked":"SKIP","floor":22}],"player_experience":332975,"relics_obtained":[{"floor":7.0,"key":"White Beast Statue"},{"floor":9.0,"key":"Yang"},{"floor":13.0,"key":"TeardropLocket"}],"event_choices":[{"cards_removed":["Defend_P"],"damage_healed":0.0,"max_hp_gain":0.0,"max_hp_loss":0.0,"gold_gain":0.0,"event_name":"Golden Wing","player_choice":"Card Removal","floor":2.0,"gold_loss":0.0,"damage_taken":7.0},{"damage_healed":0.0,"max_hp_gain":0.0,"max_hp_loss":0.0,"gold_gain":0.0,"event_name":"Golden Idol","player_choice":"Take Damage","floor":3.0,"gold_loss":0.0,"damage_taken":18.0,"relics_obtained":["Golden Idol"]},{"cards_removed":["Strike_P"],"damage_healed":0.0,"max_hp_gain":0.0,"max_hp_loss":0.0,"gold_gain":0.0,"event_name":"The Cleric","player_choice":"Card Removal","floor":8.0,"gold_loss":50.0,"damage_taken":0.0},{"damage_healed":0.0,"max_hp_gain":0.0,"max_hp_loss":0.0,"gold_gain":0.0,"event_name":"Ghosts","player_choice":"Ignored","floor":19.0,"gold_loss":0.0,"damage_taken":0.0}],"is_beta":true,"boss_relics":[{"not_picked":["Pandora\u0027s Box","HolyWater"],"picked":"Black Star"}],"items_purged_floors":[4,21],"is_endless":false,"potions_floor_spawned":[11,12,13,14,16,18,20,22],"killed_by":"Slavers","ascension_level":8}}