{"host":"zxd7sxkt31l2m2hb","time":1611614194,"event":{"mods":["AchievementEnabler","BaseMod","BetterRewards","Colored Map","Colored Powertips","Highlight Path","Minty Spire (QoL Compilation)","Quick Restart","StSLib","SuperFastMode","The Jungle","slay the spire mod where everything is the same but ironclad has a cowboy hat"],"gold_per_floor":[135,149,74,74,93,112,145,145,170,182,214,226,238,265,277,390,402,434,275,150,160,10,10,10,10,37,37,54,71,71,21,21,119,119,136,136,184,209,159,159,175,194,194,211,211,211,225,175,175,277,277,287,287,80,80,92,92,112,145,168,179,196,214,228,244,244,349,349,359,369,369,294,35,35,35,35,64,64,64,81,31,31,31,130,130,149,166,178,194,208,208,208,228,257,257,257,257,257,257,257,356,356,372,291,301,168,188,168,168,168,196,196,253,253,253,158,167,271,271,287,287,237,237,246,246,246,246,272,272,591,243,243,168,168,268,268,268,268],"floor_reached":137,"language":"DEU","playtime":6404,"items_purged":["Jack Of All Trades","Noxious Fumes","Poisoned Stab","Bane+1","Dodge and Roll","Apotheosis+1","Dramatic Entrance+1","Prepared+1","Escape Plan+1","Backstab+1","Purity","Flying Knee","Deep Breath+1"],"score":4333,"play_id":"2d91d6c3-d697-4c7c-baaf-68dc010584a2","local_time":"20210125233634","daily_mods":["SealedDeck","Specialized","Vintage","Colorless Cards","Heirloom","Time Dilation","Flight"],"is_ascension_mode":true,"campfire_choices":[{"data":"Flechettes","floor":8,"key":"SMITH"},{"data":"Bane","floor":10,"key":"SMITH"},{"data":"Deadly Poison","floor":13,"key":"SMITH"},{"floor":15,"key":"REST"},{"data":"Apotheosis","floor":23,"key":"SMITH"},{"data":"Grand Finale","floor":24,"key":"SMITH"},{"data":"Prepared","floor":27,"key":"SMITH"},{"data":"Finesse","floor":30,"key":"SMITH"},{"data":"Dramatic Entrance","floor":32,"key":"SMITH"},{"data":"Escape Plan","floor":40,"key":"SMITH"},{"data":"Escape Plan","floor":45,"key":"SMITH"},{"data":"Escape Plan","floor":46,"key":"SMITH"},{"data":"Escape Plan","floor":49,"key":"SMITH"},{"floor":57,"key":"REST"},{"floor":66,"key":"REST"},{"floor":74,"key":"REST"},{"floor":75,"key":"REST"},{"floor":76,"key":"REST"},{"floor":78,"key":"REST"},{"floor":79,"key":"REST"},{"floor":83,"key":"REST"},{"floor":91,"key":"REST"},{"floor":92,"key":"REST"},{"floor":96,"key":"REST"},{"floor":100,"key":"REST"},{"floor":109,"key":"REST"},{"floor":112,"key":"REST"},{"floor":114,"key":"REST"},{"floor":115,"key":"REST"},{"floor":117,"key":"REST"},{"data":"Deep Breath","floor":125,"key":"SMITH"},{"floor":126,"key":"REST"},{"floor":127,"key":"REST"},{"floor":129,"key":"REST"},{"floor":134,"key":"REST"}],"circlet_count":0,"master_deck":["Escape Plan+1","Escape Plan+1","Escape Plan+1","Escape Plan+1","Grand Finale+1","Trip+1"],"relics":["Ring of the Snake","Torii","Centennial Puzzle","Anchor","Kunai","Ancient Tea Set","Sundial","MawBank","Pocketwatch","Matryoshka","HoveringKite","Regal Pillow","Lantern","StrikeDummy","Smiling Mask","Darkstone Periapt","Eternal Feather","Empty Cage","Blue Candle","Tough Bandages","Art of War","Toy Ornithopter","PreservedInsect","Juzu Bracelet","FossilizedHelix","Shuriken","Pen Nib","War Paint","Lee\u0027s Waffle","Paper Crane","Bag of Marbles","Akabeko","Omamori","Unceasing Top","Orichalcum","Bronze Scales","Dream Catcher","White Beast Statue","Potion Belt","Letter Opener","Nunchaku","Meat on the Bone","MealTicket","Happy Flower","Mercury Hourglass","Whetstone","Frozen Egg 2","CeramicFish","The Specimen","InkBottle","Old Coin","Ice Cream"],"acts_visited":["Exordium","TheCity","TheBeyond","Exordium","TheCity","TheBeyond","Exordium","TheCity","TheBeyond"],"potions_floor_usage":[71,101],"damage_taken":[{"damage":0,"enemies":"Cultist","floor":1,"turns":3},{"damage":0,"enemies":"Small Slimes","floor":2,"turns":2},{"damage":0,"enemies":"2 Louse","floor":5,"turns":1},{"damage":0,"enemies":"Blue Slaver","floor":6,"turns":2},{"damage":11,"enemies":"Gremlin Nob","floor":7,"turns":3},{"damage":0,"enemies":"Lots of Slimes","floor":11,"turns":2},{"damage":0,"enemies":"3 Louse","floor":14,"turns":1},{"damage":7,"enemies":"Hexaghost","floor":16,"turns":4},{"damage":0,"enemies":"3 Byrds","floor":18,"turns":3},{"damage":0,"enemies":"2 Thieves","floor":21,"turns":2},{"damage":0,"enemies":"Snecko","floor":28,"turns":3},{"damage":0,"enemies":"Centurion and Healer","floor":29,"turns":1},{"damage":0,"enemies":"Automaton","floor":33,"turns":3},{"damage":0,"enemies":"3 Shapes","floor":35,"turns":1},{"damage":0,"enemies":"2 Orb Walkers","floor":37,"turns":1},{"damage":0,"enemies":"Orb Walker","floor":41,"turns":1},{"damage":0,"enemies":"4 Shapes","floor":42,"turns":1},{"damage":0,"enemies":"Maw","floor":44,"turns":1},{"damage":0,"enemies":"Jaw Worm Horde","floor":47,"turns":1},{"damage":0,"enemies":"Awakened One","floor":50,"turns":3},{"damage":0,"enemies":"Jaw Worm","floor":52,"turns":1},{"damage":0,"enemies":"Small Slimes","floor":56,"turns":1},{"damage":0,"enemies":"Cultist","floor":58,"turns":1},{"damage":0,"enemies":"Gremlin Nob","floor":59,"turns":1},{"damage":0,"enemies":"Lots of Slimes","floor":61,"turns":1},{"damage":0,"enemies":"Gremlin Gang","floor":62,"turns":1},{"damage":0,"enemies":"3 Louse","floor":63,"turns":1},{"damage":0,"enemies":"Large Slime","floor":64,"turns":1},{"damage":0,"enemies":"Looter","floor":65,"turns":1},{"damage":0,"enemies":"The Guardian","floor":67,"turns":1},{"damage":0,"enemies":"Shell Parasite","floor":69,"turns":2},{"damage":0,"enemies":"2 Thieves","floor":70,"turns":2},{"damage":0,"enemies":"Snecko","floor":71,"turns":2},{"damage":0,"enemies":"Gremlin Leader","floor":77,"turns":2},{"damage":0,"enemies":"Chosen and Byrds","floor":80,"turns":2},{"damage":0,"enemies":"Collector","floor":84,"turns":3},{"damage":0,"enemies":"Orb Walker","floor":86,"turns":2},{"damage":0,"enemies":"3 Darklings","floor":87,"turns":2},{"damage":0,"enemies":"Sphere and 2 Shapes","floor":88,"turns":2},{"damage":0,"enemies":"4 Shapes","floor":89,"turns":2},{"damage":0,"enemies":"Maw","floor":90,"turns":3},{"damage":0,"enemies":"Spire Growth","floor":93,"turns":2},{"damage":0,"enemies":"Reptomancer","floor":94,"turns":2},{"damage":27,"enemies":"Donu and Deca","floor":101,"turns":3},{"damage":0,"enemies":"Small Slimes","floor":103,"turns":2},{"damage":0,"enemies":"Jaw Worm","floor":105,"turns":2},{"damage":0,"enemies":"2 Louse","floor":107,"turns":2},{"damage":0,"enemies":"Gremlin Nob","floor":111,"turns":2},{"damage":0,"enemies":"Slime Boss","floor":118,"turns":2},{"damage":0,"enemies":"2 Thieves","floor":120,"turns":2},{"damage":0,"enemies":"Gremlin Leader","floor":128,"turns":2},{"damage":0,"enemies":"3 Byrds","floor":130,"turns":2},{"damage":0,"enemies":"Automaton","floor":135,"turns":4},{"damage":30,"enemies":"3 Shapes","floor":137,"turns":2}],"seed_played":"-646132509611520623","potions_obtained":[{"floor":2,"key":"DuplicationPotion"},{"floor":5,"key":"SmokeBomb"},{"floor":7,"key":"LiquidMemories"},{"floor":77,"key":"Strength Potion"},{"floor":84,"key":"SteroidPotion"},{"floor":86,"key":"FearPotion"},{"floor":101,"key":"Strength Potion"}],"is_trial":true,"path_per_floor":["M","M","$","?","M","M","E","R","T","R","M","?","R","M","R","B",null,"M","$","$","M","$","R","R","?","T","R","M","M","R","$","R","B",null,"M","?","?","T","$","R","M","M","T","M","R","R","M","$","R","B",null,"M","?","$","?","M","R","M","E","T","M","M","M","M","M","R","B",null,"M","M","M","?","$","R","R","R","E","R","R","M","$","$","R","B",null,"M","M","M","M","M","R","R","M","E","$","R","$","?","$","R","B",null,"M","$","M","$","M","?","R","?","E","R","?","R","R","$","R","B",null,"M","?","$","$","?","R","R","R","E","R","M","$","?","?","R","B",null,"M"],"character_chosen":"THE_SILENT","items_purchased":["Grand Finale","Lee\u0027s Waffle","Letter Opener","Trip","Purity","Slice","Ice Cream"],"campfire_rested":22,"item_purchase_floors":[19,54,73,104,106,116,131],"current_hp_per_floor":[70,70,70,70,70,70,59,59,59,59,59,59,59,59,70,63,70,70,70,70,70,70,70,70,70,70,70,70,70,70,70,70,70,70,70,66,66,66,66,66,66,66,66,66,66,66,66,66,66,66,66,66,66,73,73,73,73,73,73,73,73,73,73,73,73,73,73,73,73,73,73,73,73,73,73,73,73,73,73,73,73,73,73,73,37,37,37,37,37,37,37,37,37,37,37,37,37,37,37,37,22,37,37,37,37,37,37,37,37,37,37,37,37,37,37,37,37,37,19,19,19,19,19,19,19,19,19,19,19,19,19,19,19,19,19,19,0,0],"gold":268,"neow_bonus":"","is_daily":false,"chose_seed":false,"campfire_upgraded":13,"win_rate":0.0,"timestamp":1611614194,"path_taken":["M","?","$","?","M","M","E","R","T","R","M","?","R","M","R","BOSS","M","$","$","M","$","R","R","?","T","R","M","M","R","?","R","BOSS","M","?","?","?","$","R","M","M","T","M","R","R","M","$","R","BOSS","M","?","$","?","M","R","M","E","T","M","M","M","M","M","R","BOSS","M","M","M","?","$","R","R","R","E","R","R","M","$","$","R","BOSS","M","M","M","M","M","R","R","M","E","$","R","$","?","$","R","BOSS","M","$","M","$","M","?","R","?","E","R","?","R","R","$","R","BOSS","M","?","$","$","?","R","R","R","E","R","M","$","?","?","R","BOSS","M"],"items_purchased_type":["Card","Relic","Relic","Card","Card","Card","Relic"],"build_version":"2020-12-22","purchased_purges":13,"victory":false,"max_hp_per_floor":[70,70,70,70,70,70,70,70,70,70,70,70,70,70,70,70,70,70,70,70,70,70,70,70,70,70,70,70,70,70,70,70,70,70,70,66,66,66,66,66,66,66,66,66,66,66,66,66,66,66,66,66,66,73,73,73,73,73,73,73,73,73,73,73,73,73,73,73,73,73,73,73,73,73,73,73,73,73,73,73,73,73,73,73,37,37,37,37,37,37,37,37,37,37,37,37,37,37,37,37,37,37,37,37,37,37,37,37,37,37,37,37,37,37,37,37,37,37,19,19,19,19,19,19,19,19,19,19,19,19,19,19,19,19,19,19,19,19],"card_choices":[{"not_picked":["Well Laid Plans","Sucker Punch"],"picked":"Poisoned Stab","floor":7},{"not_picked":["Phantasmal Killer","Burst"],"picked":"Apotheosis","floor":16},{"not_picked":["Infinite Blades","Footwork","Bouncing Flask"],"picked":"SKIP","floor":59},{"not_picked":["After Image","Purity","Acrobatics"],"picked":"SKIP","floor":77},{"not_picked":["Poisoned Stab+1","Bane+1"],"picked":"Backstab+1","floor":92},{"not_picked":["Reflex+1","Concentrate","Magnetism"],"picked":"SKIP","floor":94},{"not_picked":["Leg Sweep","Deflect","Masterful Stab"],"picked":"SKIP","floor":111},{"not_picked":["Prepared","Masterful Stab"],"picked":"Flying Knee","floor":117},{"not_picked":["Outmaneuver","Slice+1","Sucker Punch"],"picked":"SKIP","floor":128}],"player_experience":97522,"relics_obtained":[{"floor":1,"key":"Centennial Puzzle"},{"floor":2,"key":"Anchor"},{"floor":5,"key":"Kunai"},{"floor":6,"key":"Ancient Tea Set"},{"floor":7,"key":"Sundial"},{"floor":9,"key":"MawBank"},{"floor":11,"key":"Pocketwatch"},{"floor":14,"key":"Matryoshka"},{"floor":18,"key":"Regal Pillow"},{"floor":21,"key":"Lantern"},{"floor":26,"key":"StrikeDummy"},{"floor":26,"key":"Smiling Mask"},{"floor":28,"key":"Darkstone Periapt"},{"floor":29,"key":"Eternal Feather"},{"floor":35,"key":"Blue Candle"},{"floor":37,"key":"Tough Bandages"},{"floor":38,"key":"Art of War"},{"floor":38,"key":"Toy Ornithopter"},{"floor":41,"key":"PreservedInsect"},{"floor":42,"key":"Juzu Bracelet"},{"floor":43,"key":"FossilizedHelix"},{"floor":44,"key":"Shuriken"},{"floor":47,"key":"Pen Nib"},{"floor":52,"key":"War Paint"},{"floor":56,"key":"Paper Crane"},{"floor":58,"key":"Bag of Marbles"},{"floor":60,"key":"Akabeko"},{"floor":61,"key":"Omamori"},{"floor":62,"key":"Unceasing Top"},{"floor":63,"key":"Orichalcum"},{"floor":64,"key":"Bronze Scales"},{"floor":65,"key":"Dream Catcher"},{"floor":69,"key":"White Beast Statue"},{"floor":70,"key":"Potion Belt"},{"floor":80,"key":"Nunchaku"},{"floor":86,"key":"Meat on the Bone"},{"floor":88,"key":"MealTicket"},{"floor":89,"key":"Happy Flower"},{"floor":90,"key":"Mercury Hourglass"},{"floor":93,"key":"Whetstone"},{"floor":103,"key":"Frozen Egg 2"},{"floor":105,"key":"CeramicFish"},{"floor":107,"key":"The Specimen"},{"floor":120,"key":"InkBottle"},{"floor":130,"key":"Old Coin"}],"event_choices":[{"damage_healed":0,"gold_gain":0,"player_choice":"Ignored","damage_taken":0,"max_hp_gain":0,"max_hp_loss":0,"event_name":"Golden Wing","floor":4,"gold_loss":0},{"damage_healed":0,"gold_gain":0,"player_choice":"Ignored","damage_taken":0,"max_hp_gain":0,"max_hp_loss":0,"event_name":"Liars Game","floor":12,"gold_loss":0},{"cards_removed":["Footwork"],"damage_healed":0,"gold_gain":0,"player_choice":"Offered Uncommon","damage_taken":0,"max_hp_gain":0,"max_hp_loss":0,"event_name":"Bonfire Elementals","floor":25,"gold_loss":0},{"damage_healed":0,"gold_gain":0,"player_choice":"Max HP","damage_taken":0,"max_hp_gain":0,"max_hp_loss":4,"event_name":"Winding Halls","floor":36,"gold_loss":0},{"damage_healed":0,"gold_gain":0,"player_choice":"Fight","damage_taken":0,"max_hp_gain":0,"max_hp_loss":0,"event_name":"Mysterious Sphere","floor":37,"gold_loss":0},{"damage_healed":0,"gold_gain":0,"player_choice":"Ignored","damage_taken":0,"max_hp_gain":0,"max_hp_loss":0,"event_name":"Shining Light","floor":53,"gold_loss":0},{"damage_healed":0,"gold_gain":0,"player_choice":"Searched \u00270\u0027 times","damage_taken":0,"max_hp_gain":0,"max_hp_loss":0,"event_name":"Dead Adventurer","floor":55,"gold_loss":0},{"cards_removed":["Finesse"],"damage_healed":0,"gold_gain":0,"player_choice":"Gave Gold","damage_taken":0,"max_hp_gain":0,"max_hp_loss":0,"event_name":"Beggar","floor":72,"gold_loss":75},{"damage_healed":0,"gold_gain":0,"player_choice":"Ignored","damage_taken":0,"max_hp_gain":0,"max_hp_loss":0,"event_name":"Duplicator","floor":98,"gold_loss":0},{"damage_healed":0,"gold_gain":0,"player_choice":"Left Gold","damage_taken":0,"max_hp_gain":0,"max_hp_loss":0,"event_name":"World of Goop","floor":108,"gold_loss":20},{"damage_healed":0,"gold_gain":0,"player_choice":"Grow","damage_taken":0,"max_hp_gain":0,"max_hp_loss":0,"event_name":"Living Wall","floor":110,"gold_loss":0,"cards_upgraded":["Trip"]},{"damage_healed":0,"gold_gain":57,"player_choice":"Gained Gold","damage_taken":0,"max_hp_gain":0,"max_hp_loss":0,"event_name":"Golden Wing","floor":113,"gold_loss":0},{"damage_healed":0,"gold_gain":0,"player_choice":"Ignored","damage_taken":0,"max_hp_gain":0,"max_hp_loss":0,"event_name":"Vampires","floor":121,"gold_loss":0},{"damage_healed":0,"gold_gain":0,"player_choice":"Read","damage_taken":0,"max_hp_gain":0,"max_hp_loss":0,"event_name":"The Library","floor":124,"gold_loss":0,"cards_obtained":["Deep Breath"]},{"damage_healed":0,"gold_gain":0,"player_choice":"0 cards matched","damage_taken":0,"max_hp_gain":0,"max_hp_loss":0,"event_name":"Match and Keep!","floor":132,"gold_loss":0,"cards_obtained":[]},{"cards_removed":["Slice"],"damage_healed":0,"gold_gain":0,"player_choice":"Gave Gold","damage_taken":0,"max_hp_gain":0,"max_hp_loss":0,"event_name":"Beggar","floor":133,"gold_loss":75}],"is_beta":false,"boss_relics":[{"not_picked":["SlaversCollar","Runic Pyramid"],"picked":"HoveringKite"},{"not_picked":["Cursed Key","Ring of the Serpent"],"picked":"Empty Cage"},{"not_picked":["Velvet Choker","Runic Dome","Calling Bell"]},{"not_picked":["BlightedDurian"],"picked":"GraspOfShadows"},{"not_picked":["Accursed"],"picked":"BlightedDurian"},{"not_picked":["BlightedDurian"],"picked":"Scatterbrain"},{"not_picked":["Accursed"],"picked":"BlightedDurian"},{"not_picked":["BlightedDurian"],"picked":"Scatterbrain"}],"items_purged_floors":[3,19,20,22,31,39,48,54,81,106,116,122,131],"is_endless":true,"potions_floor_spawned":[2,5,7,11,16,21,33,35,41,42,56,59,62,63,64,69,70,71,77,80,84,86,87,88,89,90,93,94,101,103,105,107,111,118,120,128,130,135],"killed_by":"3 Shapes","ascension_level":4}}