{"host":"lrlw254gqe5layub","time":1611580810,"event":{"mods":["AchievementEnabler","BaseMod","Colored Map","Colored Powertips","Minty Spire (QoL Compilation)","Rare Cards Sparkle","SuperFastMode"],"gold_per_floor":[113,188,202,220,239,274,274,274,356,174,203,168,182,200,200,304,304,214,289,309,233,251,251,251,251,274,274,274],"floor_reached":27,"language":"KOR","playtime":1388,"items_purged":["Strike_B","Strike_B"],"score":449,"play_id":"07aad835-cf66-4de5-9d36-bc5b261e0b86","local_time":"20210125222010","is_ascension_mode":true,"campfire_choices":[{"floor":7.0,"key":"REST"},{"data":"Double Energy","floor":15.0,"key":"SMITH"},{"data":"Creative AI","floor":23.0,"key":"SMITH"},{"data":"Defragment","floor":25.0,"key":"SMITH"}],"circlet_count":0,"master_deck":["Defend_B","Defend_B","Defend_B","Defend_B","Dualcast","Auto Shields","Coolheaded","Gash","Compile Driver","Glacier","Self Repair","Double Energy+1","White Noise","Conserve Battery","Creative AI+1","Defragment+1","Gash","Redo","Chaos","Skim","Regret"],"relics":["Cracked Core","Incense Burner","Question Card","Smiling Mask","Cursed Key"],"acts_visited":["Exordium","TheCity"],"potions_floor_usage":[],"damage_taken":[{"damage":7.0,"enemies":"2 Louse","floor":1.0,"turns":2.0},{"damage":2.0,"enemies":"Small Slimes","floor":3.0,"turns":4.0},{"damage":4.0,"enemies":"Jaw Worm","floor":4.0,"turns":4.0},{"damage":18.0,"enemies":"Exordium Thugs","floor":5.0,"turns":6.0},{"damage":16.0,"enemies":"Gremlin Nob","floor":6.0,"turns":3.0},{"damage":18.0,"enemies":"Lagavulin","floor":11.0,"turns":10.0},{"damage":0.0,"enemies":"Lots of Slimes","floor":13.0,"turns":7.0},{"damage":0.0,"enemies":"Blue Slaver","floor":14.0,"turns":5.0},{"damage":17.0,"enemies":"The Guardian","floor":16.0,"turns":18.0},{"damage":19.0,"enemies":"2 Thieves","floor":18.0,"turns":5.0},{"damage":3.0,"enemies":"Spheric Guardian","floor":20.0,"turns":9.0},{"damage":14.0,"enemies":"Centurion and Healer","floor":22.0,"turns":6.0},{"damage":49,"enemies":"Slavers","floor":27,"turns":8}],"seed_played":"-2725715358385983192","potions_obtained":[{"floor":1.0,"key":"EntropicBrew"},{"floor":13.0,"key":"SteroidPotion"},{"floor":14.0,"key":"FocusPotion"},{"floor":16.0,"key":"Energy Potion"}],"is_trial":false,"path_per_floor":["M","?","M","M","M","E","R","?","T","$","E","?","M","M","R","B",null,"M","?","M","$","M","R","?","R","T","E"],"character_chosen":"DEFECT","items_purchased":["Self Repair","Double Energy","Gash"],"campfire_rested":1,"item_purchase_floors":[10,10,21],"current_hp_per_floor":[61,50,48,44,26,10,32,25,25,25,14,32,39,46,46,36,65,53,46,50,50,43,43,43,43,43,0,0],"gold":274,"neow_bonus":"THREE_CARDS","is_daily":false,"chose_seed":false,"campfire_upgraded":3,"win_rate":0.0,"timestamp":1611580810,"path_taken":["M","?","M","M","M","E","R","?","T","$","E","?","M","?","R","BOSS","M","?","M","$","?","R","?","R","T","E"],"items_purchased_type":["Card","Card","Card"],"build_version":"2020-12-22","purchased_purges":2,"victory":false,"max_hp_per_floor":[75,75,75,75,75,75,75,75,75,75,75,75,75,75,75,75,75,75,75,75,75,75,75,75,75,75,75,75],"card_choices":[{"not_picked":["White Noise","Cold Snap"],"picked":"Melter","floor":0.0},{"not_picked":["BootSequence","Steam"],"picked":"Auto Shields","floor":1.0},{"not_picked":["Sweeping Beam","Hologram"],"picked":"Coolheaded","floor":3.0},{"not_picked":["Go for the Eyes","Barrage"],"picked":"Gash","floor":4.0},{"not_picked":["Ball Lightning","Turbo"],"picked":"Compile Driver","floor":5.0},{"not_picked":["Genetic Algorithm","Reboot"],"picked":"Glacier","floor":6.0},{"not_picked":["Rebound","Sunder","Hologram","Lockon"],"picked":"SKIP","floor":11.0},{"not_picked":["Rebound","Lockon","Compile Driver"],"picked":"White Noise","floor":13.0},{"not_picked":["Static Discharge","Recycle","Hologram"],"picked":"Conserve Battery","floor":14.0},{"not_picked":["Thunder Strike","All For One","Amplify"],"picked":"Creative AI","floor":16.0},{"not_picked":["Glacier","Recycle+1","Gash"],"picked":"Defragment","floor":18.0},{"not_picked":["Beam Cell","Compile Driver","Skim","Steam"],"picked":"SKIP","floor":20.0},{"not_picked":["Beam Cell","Steam","Sweeping Beam"],"picked":"Redo","floor":22.0}],"player_experience":447429,"relics_obtained":[{"floor":6.0,"key":"Incense Burner"},{"floor":9.0,"key":"Question Card"},{"floor":11.0,"key":"Smiling Mask"}],"event_choices":[{"damage_healed":0.0,"max_hp_gain":0.0,"max_hp_loss":0.0,"gold_gain":75.0,"event_name":"World of Goop","player_choice":"Gather Gold","floor":2.0,"gold_loss":0.0,"damage_taken":11.0},{"cards_removed":["Strike_B"],"damage_healed":0.0,"max_hp_gain":0.0,"max_hp_loss":0.0,"gold_gain":0.0,"event_name":"Golden Wing","player_choice":"Card Removal","floor":8.0,"gold_loss":0.0,"damage_taken":7.0},{"damage_healed":18.0,"max_hp_gain":0.0,"max_hp_loss":0.0,"gold_gain":0.0,"event_name":"The Cleric","player_choice":"Healed","floor":12.0,"gold_loss":35.0,"damage_taken":0.0},{"damage_healed":0.0,"max_hp_gain":0.0,"max_hp_loss":0.0,"gold_gain":75.0,"event_name":"FaceTrader","player_choice":"Touch","floor":19.0,"gold_loss":0.0,"damage_taken":7.0},{"damage_healed":0.0,"max_hp_gain":0.0,"max_hp_loss":0.0,"gold_gain":0.0,"cards_transformed":["Strike_B","Zap"],"event_name":"Drug Dealer","player_choice":"Became Test Subject","floor":24.0,"gold_loss":0.0,"damage_taken":0.0,"cards_obtained":["Chaos","Skim"]}],"is_beta":false,"boss_relics":[{"not_picked":["Busted Crown","Snecko Eye"],"picked":"Cursed Key"}],"items_purged_floors":[10,21],"is_endless":false,"potions_floor_spawned":[1,13,14,16,20],"killed_by":"Slavers","ascension_level":8}}