{"host":"srk2drlvga69hbot","time":1611588302,"event":{"mods":["BaseMod","Bestiary","Block Reminder","Colored Map","Colored Powertips","Dark Map","DeckTracker","Highlight Path","Minty Spire (QoL Compilation)","Quick Restart","Rare Cards Sparkle","Relic Stats","SuperFastMode","Unceasing Turn Reminder"],"gold_per_floor":[359,359,359,371,387,417,417,448,448,448,448],"floor_reached":10,"language":"ZHS","playtime":633,"items_purged":[],"score":80,"play_id":"978f412f-a606-413f-a21b-429acc9a0090","local_time":"20210125232502","is_ascension_mode":true,"campfire_choices":[{"floor":7,"key":"REST"}],"circlet_count":0,"master_deck":["Strike_B","Strike_B","Strike_B","Defend_B","Defend_B","Defend_B","Defend_B","Zap","Dualcast","Beam Cell","Cold Snap","Chill"],"relics":["Cracked Core","Toy Ornithopter","Frozen Egg 2","Pen Nib","MealTicket"],"acts_visited":["Exordium"],"potions_floor_usage":[6],"damage_taken":[{"damage":0,"enemies":"Small Slimes","floor":1,"turns":2},{"damage":11,"enemies":"Jaw Worm","floor":4,"turns":2},{"damage":0,"enemies":"2 Louse","floor":5,"turns":1},{"damage":20,"enemies":"3 Sentries","floor":6,"turns":8},{"damage":26,"enemies":"Gremlin Nob","floor":8,"turns":4},{"damage":25,"enemies":"Lagavulin","floor":10,"turns":3}],"seed_played":"-7964260438836413358","potions_obtained":[{"floor":6,"key":"Fruit Juice"}],"is_trial":false,"path_per_floor":["M","?","?","M","M","E","R","E","T","E"],"character_chosen":"DEFECT","items_purchased":[],"campfire_rested":1,"item_purchase_floors":[],"current_hp_per_floor":[54,47,35,24,24,14,38,12,12,0,0],"gold":448,"neow_bonus":"TWO_FIFTY_GOLD","is_daily":false,"chose_seed":false,"campfire_upgraded":0,"win_rate":0.0,"timestamp":1611588302,"path_taken":["M","?","?","M","M","E","R","E","T","E"],"items_purchased_type":[],"build_version":"2020-12-22","purchased_purges":0,"victory":false,"max_hp_per_floor":[75,75,75,75,75,80,80,80,80,80,80],"relic_stats":{"counters":[6,20],"MealTicket":0,"Pen Nib":[0],"obtain_stats":[{"MealTicket":9,"Pen Nib":8,"Frozen Egg 2":6,"Cracked Core":0,"Toy Ornithopter":3},{"MealTicket":5,"Pen Nib":5,"Frozen Egg 2":4,"Cracked Core":0,"Toy Ornithopter":1},{"MealTicket":17,"Pen Nib":17,"Frozen Egg 2":13,"Cracked Core":0,"Toy Ornithopter":2}],"Toy Ornithopter":5},"card_choices":[{"not_picked":["Cold Snap","Coolheaded"],"picked":"Beam Cell","floor":1},{"not_picked":["Hologram","Conserve Battery","Stack"],"picked":"SKIP","floor":4},{"not_picked":["Compile Driver","Redo"],"picked":"Cold Snap","floor":5},{"not_picked":["Turbo","Self Repair+1"],"picked":"Chill","floor":6},{"not_picked":["Storm+1","Fusion","Heatsinks+1"],"picked":"SKIP","floor":8}],"player_experience":260337,"relics_obtained":[{"floor":6,"key":"Frozen Egg 2"},{"floor":8,"key":"Pen Nib"},{"floor":9,"key":"MealTicket"}],"event_choices":[{"cards_removed":["Strike_B"],"damage_healed":0,"gold_gain":0,"player_choice":"Card Removal","damage_taken":7,"max_hp_gain":0,"max_hp_loss":0,"event_name":"Golden Wing","floor":2,"gold_loss":0},{"damage_healed":0,"gold_gain":0,"player_choice":"Success","damage_taken":12,"relics_obtained":["Toy Ornithopter"],"max_hp_gain":0,"max_hp_loss":0,"event_name":"Scrap Ooze","floor":3,"gold_loss":0}],"is_beta":false,"boss_relics":[],"items_purged_floors":[],"is_endless":false,"potions_floor_spawned":[6],"killed_by":"Lagavulin","ascension_level":1}}