{"host":"36m5sc0apunggu91","time":1611551911,"event":{"mods":["BaseMod","Better Altar","Better Skull","Better Third Choice","Hermit","Minty Spire (QoL Compilation)","Relic Stats","StSLib"],"gold_per_floor":[113,128,303,15,27,58,58,78,78,78,78,122,138,153,153,276,276,289,67,67,80,106,138,149,183,183,183,215,215,229,239,239,335,335,347,286,302,313,329,364,364,392,392,407,407,66,94,12,12,12,12,12,12,46,46,46],"floor_reached":55,"language":"ENG","playtime":5829,"items_purged":["Doubt","Strike_G"],"score":1171,"play_id":"82b63830-ea6b-4e22-a8f8-6759167367c7","local_time":"20210125001831","is_ascension_mode":true,"campfire_choices":[{"data":"Noxious Fumes","floor":7,"key":"SMITH"},{"floor":10,"key":"DIG"},{"floor":15,"key":"REST"},{"floor":27,"key":"DIG"},{"floor":29,"key":"DIG"},{"floor":32,"key":"DIG"},{"floor":41,"key":"DIG"},{"floor":45,"key":"DIG"},{"floor":49,"key":"RECALL"},{"floor":52,"key":"DIG"}],"circlet_count":0,"master_deck":["Strike_G","Strike_G","Strike_G","Strike_G","Defend_G","Defend_G","Defend_G","Defend_G","Defend_G","Survivor","Neutralize+1","Noxious Fumes+1","Calculated Gamble","Blade Dance","Skewer+1","Glass Knife+1","Adrenaline","Bane+1","Prepared","Die Die Die+1","Slice+1","Dagger Spray+1","Cloak And Dagger","Acrobatics+1","Leg Sweep","Heel Hook+1","Night Terror","Infinite Blades+1","Adrenaline","Finisher+1","Backflip","Dash+1","PiercingWail","Backflip","Accuracy","Infinite Blades","Blade Dance+1","Noxious Fumes","Cloak And Dagger"],"relics":["Ring of the Snake","Molten Egg 2","Shovel","Torii","Lizard Tail","Bloody Idol","Lantern","Fusion Hammer","Red Mask","Ninja Scroll","Omamori","Darkstone Periapt","Snake Skull","Gremlin Horn","Pen Nib","SlaversCollar","Eternal Feather","Happy Flower","The Courier","Sundial","Meat on the Bone","Art of War","TwistedFunnel","Peace Pipe","Pear","CaptainsWheel"],"acts_visited":["Exordium","TheCity","TheBeyond","TheEnding"],"potions_floor_usage":[6,12,16,16,25,33,33,42,50,54,55,55],"damage_taken":[{"damage":1,"enemies":"Small Slimes","floor":1,"turns":4},{"damage":1,"enemies":"2 Louse","floor":2,"turns":3},{"damage":5,"enemies":"Cultist","floor":5,"turns":4},{"damage":24,"enemies":"3 Sentries","floor":6,"turns":5},{"damage":8,"enemies":"Looter","floor":8,"turns":2},{"damage":12,"enemies":"Gremlin Nob","floor":12,"turns":3},{"damage":6,"enemies":"Lots of Slimes","floor":13,"turns":3},{"damage":0,"enemies":"Exordium Wildlife","floor":14,"turns":2},{"damage":15,"enemies":"The Guardian","floor":16,"turns":8},{"damage":1,"enemies":"Chosen","floor":18,"turns":3},{"damage":0,"enemies":"3 Byrds","floor":21,"turns":2},{"damage":0,"enemies":"Masked Bandits","floor":22,"turns":2},{"damage":16,"enemies":"Gremlin Leader","floor":23,"turns":6},{"damage":2,"enemies":"Cultist and Chosen","floor":24,"turns":3},{"damage":1,"enemies":"Slavers","floor":25,"turns":2},{"damage":16,"enemies":"Gremlin Leader","floor":28,"turns":6},{"damage":1,"enemies":"Shelled Parasite and Fungi","floor":30,"turns":3},{"damage":0,"enemies":"Centurion and Healer","floor":31,"turns":2},{"damage":54,"enemies":"Automaton","floor":33,"turns":8},{"damage":7,"enemies":"Orb Walker","floor":35,"turns":2},{"damage":1,"enemies":"3 Shapes","floor":37,"turns":1},{"damage":19,"enemies":"Maw","floor":38,"turns":4},{"damage":0,"enemies":"Spire Growth","floor":39,"turns":2},{"damage":0,"enemies":"Reptomancer","floor":40,"turns":3},{"damage":0,"enemies":"Giant Head","floor":42,"turns":4},{"damage":19,"enemies":"3 Darklings","floor":44,"turns":4},{"damage":0,"enemies":"Reptomancer","floor":47,"turns":1},{"damage":17,"enemies":"Donu and Deca","floor":50,"turns":6},{"damage":0,"enemies":"Shield and Spear","floor":54,"turns":2},{"damage":125,"enemies":"The Heart","floor":55,"turns":6}],"seed_played":"-2241786833932599344","potions_obtained":[{"floor":1,"key":"SkillPotion"},{"floor":5,"key":"PowerPotion"},{"floor":14,"key":"SneckoOil"},{"floor":16,"key":"Weak Potion"},{"floor":22,"key":"AttackPotion"},{"floor":25,"key":"AttackPotion"},{"floor":30,"key":"Dexterity Potion"},{"floor":31,"key":"LiquidMemories"},{"floor":33,"key":"SteroidPotion"},{"floor":35,"key":"Strength Potion"},{"floor":39,"key":"LiquidMemories"},{"floor":42,"key":"GhostInAJar"},{"floor":54,"key":"FearPotion"}],"is_trial":false,"path_per_floor":["M","M","?","$","M","E","R","M","T","R","?","E","M","M","R","B",null,"M","$","?","M","?","E","M","E","T","R","E","R","M","M","R","B",null,"M","?","M","M","M","E","R","E","T","M","R","$","E","$","R","B",null,"R","$","E","B"],"character_chosen":"THE_SILENT","items_purchased":["Molten Egg 2","Explosive Potion","Dagger Spray+1","Cloak And Dagger","SkillPotion","TwistedFunnel","Backflip","Accuracy","Infinite Blades","Noxious Fumes","Cloak And Dagger"],"campfire_rested":1,"item_purchase_floors":[4,4,19,19,19,46,46,46,46,48,48],"current_hp_per_floor":[69,68,68,68,63,39,39,31,31,31,31,19,13,13,32,17,53,52,52,51,56,61,50,53,57,57,57,46,46,50,55,55,6,50,48,48,52,38,43,48,65,65,65,51,65,65,65,65,65,48,61,75,75,75,0,0],"gold":46,"neow_bonus":"UPGRADE_CARD","is_daily":false,"chose_seed":false,"campfire_upgraded":1,"win_rate":0.0,"timestamp":1611551911,"path_taken":["M","M","?","$","M","E","R","M","T","R","?","E","M","M","R","BOSS","M","$","?","M","?","E","M","E","T","R","E","R","M","M","R","BOSS","M","?","M","M","M","E","R","E","T","M","R","$","E","?","R","BOSS","R","$","E","BOSS"],"items_purchased_type":["Relic","Potion","Card","Card","Potion","Relic","Card","Card","Card","Card","Card"],"build_version":"2020-12-22","purchased_purges":2,"victory":false,"max_hp_per_floor":[70,70,70,70,70,70,70,70,70,70,65,65,65,65,65,65,65,65,65,65,65,65,65,65,65,65,65,65,65,65,65,65,65,65,65,65,65,65,65,65,65,65,65,65,65,65,65,65,65,65,65,75,75,75,75,75],"relic_stats":{"Darkstone Periapt":0,"Torii":89,"Gremlin Horn":[15,15],"Happy Flower":[7],"counters":[30,106],"Eternal Feather":35,"Snake Skull":[50],"Pen Nib":[22],"Peace Pipe":0,"Lizard Tail":37,"Shovel":7,"Sundial":[0],"Bloody Idol":75,"Art of War":[1],"obtain_stats":[{"Darkstone Periapt":27,"TwistedFunnel":46,"Lantern":12,"Torii":9,"Gremlin Horn":29,"Snake Skull":28,"Lizard Tail":10,"Shovel":6,"Ninja Scroll":23,"Sundial":42,"Fusion Hammer":17,"Red Mask":22,"Ring of the Snake":0,"Pear":52,"Happy Flower":40,"Golden Idol":11,"Eternal Feather":36,"Pen Nib":32,"The Courier":41,"Omamori":25,"Peace Pipe":47,"SlaversCollar":34,"CaptainsWheel":54,"Bloody Idol":20,"Molten Egg 2":4,"Art of War":45,"Meat on the Bone":43},{"Darkstone Periapt":15,"TwistedFunnel":26,"Lantern":6,"Torii":5,"Gremlin Horn":16,"Snake Skull":16,"Lizard Tail":5,"Shovel":4,"Ninja Scroll":13,"Sundial":25,"Fusion Hammer":9,"Red Mask":12,"Ring of the Snake":0,"Pear":28,"Happy Flower":24,"Golden Idol":5,"Eternal Feather":20,"Pen Nib":18,"The Courier":24,"Omamori":15,"Peace Pipe":27,"SlaversCollar":19,"CaptainsWheel":29,"Bloody Idol":10,"Molten Egg 2":2,"Art of War":26,"Meat on the Bone":25},{"Darkstone Periapt":52,"TwistedFunnel":91,"Lantern":21,"Torii":18,"Gremlin Horn":58,"Snake Skull":58,"Lizard Tail":18,"Shovel":16,"Ninja Scroll":47,"Sundial":87,"Fusion Hammer":34,"Red Mask":41,"Ring of the Snake":0,"Pear":98,"Happy Flower":83,"Golden Idol":18,"Eternal Feather":73,"Pen Nib":63,"The Courier":83,"Omamori":52,"Peace Pipe":92,"SlaversCollar":71,"CaptainsWheel":100,"Bloody Idol":37,"Molten Egg 2":7,"Art of War":91,"Meat on the Bone":87}],"Ring of the Snake":[60],"Meat on the Bone":0},"card_choices":[{"not_picked":["Tactician","Deadly Poison"],"picked":"Noxious Fumes","floor":1},{"not_picked":["Reflex","Setup"],"picked":"Calculated Gamble","floor":2},{"not_picked":["Backflip","Dodge and Roll"],"picked":"Blade Dance","floor":5},{"not_picked":["Blade Dance","Accuracy"],"picked":"Skewer+1","floor":6},{"not_picked":["PiercingWail","Dagger Throw+1"],"picked":"Glass Knife+1","floor":8},{"not_picked":["Distraction","Backflip"],"picked":"Adrenaline","floor":12},{"not_picked":["Underhanded Strike+1","Heel Hook+1"],"picked":"Bane+1","floor":13},{"not_picked":["PiercingWail","Blur"],"picked":"Prepared","floor":14},{"not_picked":["Adrenaline","Bullet Time"],"picked":"Die Die Die+1","floor":16},{"not_picked":["Blur","Terror"],"picked":"Slice+1","floor":18},{"not_picked":["Blur","Cloak And Dagger"],"picked":"Acrobatics+1","floor":21},{"not_picked":["PiercingWail","Backflip"],"picked":"Leg Sweep","floor":22},{"not_picked":["Expertise","Wraith Form v2"],"picked":"Heel Hook+1","floor":23},{"not_picked":["Flying Knee+1","Flechettes+1","Reflex"],"picked":"SKIP","floor":24},{"not_picked":["Accuracy","PiercingWail","Blade Dance"],"picked":"SKIP","floor":25},{"not_picked":["Eviscerate+1","Tools of the Trade","PiercingWail"],"picked":"SKIP","floor":28},{"not_picked":["Poisoned Stab+1","Prepared+1"],"picked":"Night Terror","floor":30},{"not_picked":["Flying Knee+1","Slice+1"],"picked":"Infinite Blades+1","floor":31},{"not_picked":["Doppelganger","Venomology"],"picked":"Adrenaline","floor":33},{"not_picked":["Predator+1","Setup+1"],"picked":"Finisher+1","floor":35},{"not_picked":["Dagger Spray+1","Slice+1","Dagger Throw+1"],"picked":"SKIP","floor":37},{"not_picked":["Finisher+1","Quick Slash+1"],"picked":"Backflip","floor":38},{"not_picked":["Outmaneuver+1","Quick Slash+1"],"picked":"Dash+1","floor":39},{"not_picked":["Flying Knee+1","Underhanded Strike+1","Glass Knife+1"],"picked":"SKIP","floor":40},{"not_picked":["Dagger Throw+1","Deadly Poison+1"],"picked":"PiercingWail","floor":42},{"not_picked":["Flying Knee+1","Quick Slash+1","Poisoned Stab+1"],"picked":"SKIP","floor":44},{"not_picked":["Glass Knife+1","Malaise"],"picked":"Blade Dance+1","floor":47},{"not_picked":["Backstab+1","Deflect","Riddle With Holes+1"],"picked":"SKIP","floor":54}],"player_experience":232103,"relics_obtained":[{"floor":6,"key":"Shovel"},{"floor":9,"key":"Torii"},{"floor":10,"key":"Lizard Tail"},{"floor":12,"key":"Lantern"},{"floor":22,"key":"Red Mask"},{"floor":23,"key":"Ninja Scroll"},{"floor":25,"key":"Omamori"},{"floor":27,"key":"Darkstone Periapt"},{"floor":28,"key":"Snake Skull"},{"floor":29,"key":"Gremlin Horn"},{"floor":32,"key":"Pen Nib"},{"floor":40,"key":"Happy Flower"},{"floor":41,"key":"The Courier"},{"floor":42,"key":"Sundial"},{"floor":43,"key":"Meat on the Bone"},{"floor":45,"key":"Art of War"},{"floor":47,"key":"Peace Pipe"},{"floor":52,"key":"Pear"},{"floor":54,"key":"CaptainsWheel"}],"event_choices":[{"damage_healed":0,"gold_gain":175,"player_choice":"AGREE","damage_taken":128,"max_hp_gain":0,"max_hp_loss":0,"event_name":"betterThird:BetterSerpent","floor":3,"gold_loss":0},{"damage_healed":0,"gold_gain":0,"player_choice":"Lose Max HP","damage_taken":0,"relics_obtained":["Golden Idol"],"max_hp_gain":0,"max_hp_loss":5,"event_name":"Golden Idol","floor":11,"gold_loss":0},{"damage_healed":0,"gold_gain":0,"player_choice":" GoldIdol ","damage_taken":1,"relics_obtained":["Bloody Idol"],"max_hp_gain":52,"max_hp_loss":51,"event_name":"betterAltar:BetterAltar","floor":20,"potions_obtained":[],"relics_lost":["Golden Idol"],"gold_loss":0},{"damage_healed":0,"gold_gain":0,"player_choice":"Fought Bandits","damage_taken":0,"max_hp_gain":0,"max_hp_loss":0,"event_name":"Masked Bandits","floor":22,"gold_loss":0},{"damage_healed":0,"gold_gain":0,"player_choice":"Paid Gold","damage_taken":0,"relics_obtained":["Eternal Feather"],"max_hp_gain":0,"max_hp_loss":0,"event_name":"WeMeetAgain","floor":36,"gold_loss":61}],"is_beta":false,"boss_relics":[{"not_picked":["Astrolabe","SacredBark"],"picked":"Fusion Hammer"},{"not_picked":["Tiny House","Busted Crown"],"picked":"SlaversCollar"}],"items_purged_floors":[19,46],"is_endless":false,"potions_floor_spawned":[1,5,14,16,22,25,30,31,33,35,39,42,44,54],"killed_by":"The Heart","ascension_level":5}}