{"host":"6drv1qzpbnls60z2","time":1611576556,"event":{"mods":["ATMod(°¢èªMod)","Act Like it!","Arknights The Spire","BaseMod","Hallownest","Minty Spire (QoL Compilation)","Reimu£¨²©ÀöÁéÃÎ£©","Replay The Spire","Shop Mod","Spicy Shops","StSLib","The Dragonkin","Uncapped","¡¾ÒÅÎï¿¨ÅÆ¡¿REMEMod","óô»ðÖ¸ÄÏ"],"gold_per_floor":[117,132,1,76,11,11,40,54,77,106,49,69,86,105,105,182,182,197,247,262,14,14,14,46,65,65,78,92,107,107,107],"floor_reached":30,"language":"ZHS","playtime":1629,"items_purged":[],"score":778,"play_id":"99c18dc2-f56e-4618-ba7e-3658e0d8b120","local_time":"20210125200916","daily_mods":["SealedDeck"],"is_ascension_mode":true,"campfire_choices":[{"data":"InherentArray:ReiMu","floor":6,"key":"SMITH"},{"data":"ats:Roar Of Ursus","floor":15,"key":"SMITH"},{"data":"AT_EmpoweredMortalDraw","floor":23,"key":"SMITH"}],"circlet_count":0,"master_deck":["AscendersBane","AT_OneInchPunch","ats:Roar Of Ursus+1","ats:Ignite","ats:Ignite","ats:Poison Spread","FoulBorder2:ReiMu","ats:Revitalization","ats:Shell Defense","ats:Song Of Battle","SubAcupoint:ReiMu","SubAcupoint:ReiMu","ats:Closed Bolt Burst Fire","ats:Hook Shot","ats:Revitalization","InherentArray:ReiMu+1","Meditation:ReiMu","ats:Sunburst","ats:Thorns","ats:Ignite","ats:Healing Drone","ats:Closed Bolt Burst Fire","ats:Magnetic Hammer","ats:Wolf Pack","ats:Rat Pack","AT_EmpoweredMortalDraw+1","ats:Poison Spread+1","ats:Apocalypse","ats:Song Of Battle","Decay","ats:Literary Storm","ats:Overload+1","ats:Very Hot Blade","RainPray2:ReiMu"],"relics":["ats:Sanity","AT_ATBox","REME_ComplimentaryCards","Strawberry","ats:Originium","Replay:Mystery Machine","REME_HandOfSuture","Tea:ReiMu","AT_MortalBlade","RuthlessExorcism:ReiMu","ReplayTheSpireMod:Shallot"],"acts_visited":["Exordium","TheCity"],"potions_floor_usage":[7,24,24,25,30],"damage_taken":[{"damage":7,"enemies":"2 Louse","floor":1,"turns":2},{"damage":0,"enemies":"Small Slimes","floor":2,"turns":1},{"damage":0,"enemies":"Gremlin Nob","floor":7,"turns":3},{"damage":0,"enemies":"Cultist","floor":8,"turns":2},{"damage":15,"enemies":"Lagavulin","floor":10,"turns":5},{"damage":9,"enemies":"2 Fungi Beasts","floor":12,"turns":2},{"damage":14,"enemies":"Exordium Wildlife","floor":13,"turns":3},{"damage":12,"enemies":"Lots of Slimes","floor":14,"turns":3},{"damage":27,"enemies":"Slime Boss","floor":16,"turns":12},{"damage":30,"enemies":"Chosen","floor":18,"turns":5},{"damage":9,"enemies":"3 Byrds","floor":20,"turns":3},{"damage":66,"enemies":"REME_1_Revenger","floor":24,"turns":4},{"damage":0,"enemies":"Sentry and Sphere","floor":25,"turns":2},{"damage":0,"enemies":"Snecko","floor":27,"turns":2},{"damage":9,"enemies":"Centurion and Healer","floor":28,"turns":3},{"damage":4,"enemies":"Cultist and Chosen","floor":29,"turns":3},{"damage":29,"enemies":"3 Cultists","floor":30,"turns":4}],"seed_played":"1106681931974010321","potions_obtained":[{"floor":1,"key":"SkillPotion"},{"floor":8,"key":"PowerPotion"},{"floor":10,"key":"AttackPotion"},{"floor":24,"key":"EssenceOfSteel"},{"floor":25,"key":"Death Potion"}],"is_trial":true,"path_per_floor":["M","M","$","?","?","R","E","M","T","E","$","M","M","M","R","B",null,"M","?","M","$","?","R","E","M","T","M","M","M","M"],"character_chosen":"DOCTOR_CLASS","items_purchased":["InherentArray:ReiMu","Meditation:ReiMu","ats:Healing Drone","ats:Song Of Battle"],"campfire_rested":0,"item_purchase_floors":[3,3,11,21],"current_hp_per_floor":[58,58,58,47,54,54,57,57,57,42,42,36,31,28,28,63,75,45,45,39,39,39,62,8,11,11,11,13,20,0,0],"gold":107,"neow_bonus":"","is_daily":false,"chose_seed":false,"campfire_upgraded":3,"win_rate":0.0,"timestamp":1611576556,"path_taken":["M","M","$","?","?","R","E","M","T","E","$","M","?","M","R","BOSS","M","?","M","$","?","R","E","M","T","?","M","?","M"],"items_purchased_type":["Card","Card","Card","Card"],"build_version":"2020-12-22","purchased_purges":0,"victory":false,"max_hp_per_floor":[72,72,72,72,79,79,79,79,79,79,79,79,79,79,79,79,79,79,79,79,79,79,79,79,79,79,79,79,79,79,79],"card_choices":[{"not_picked":["RainPray2:ReiMu","OctopathBindingBorder2:ReiMu"],"picked":"ats:Hook Shot","floor":1},{"not_picked":["Revelation:ReiMu","ats:Explosion Area Strengthen"],"picked":"ats:Revitalization","floor":2},{"not_picked":["ats:Leaping Hammer","Amulet:ReiMu"],"picked":"ats:Sunburst","floor":7},{"not_picked":["Dreaming2:ReiMu","ats:Consecutive Shot Auto"],"picked":"ats:Thorns","floor":8},{"not_picked":["LearningPray:ReiMu","EmergencyTakeOff:ReiMu"],"picked":"ats:Ignite","floor":10},{"not_picked":["ats:Shell Defense","ats:Beaten Up"],"picked":"ats:Closed Bolt Burst Fire","floor":12},{"not_picked":["ats:Song Of Battle","SubAcupoint:ReiMu"],"picked":"ats:Magnetic Hammer","floor":13},{"not_picked":["OrbThrow:ReiMu","RainPray2:ReiMu"],"picked":"ats:Wolf Pack","floor":14},{"not_picked":["KyokaiOfKami:ReiMu","ats:True Silver Slash"],"picked":"ats:Rat Pack","floor":16},{"not_picked":["WonderfulDomain:ReiMu","SpreadBorder2:ReiMu"],"picked":"ats:Poison Spread+1","floor":18},{"not_picked":["ats:Red Shift+1","ats:Absolute Focus"],"picked":"ats:Apocalypse","floor":20},{"not_picked":["EmergencyTakeOff:ReiMu","ats:Closed Bolt Burst Fire"],"picked":"ats:Literary Storm","floor":24},{"not_picked":["ats:Consecutive Shot Auto","ats:Hammer On"],"picked":"ats:Overload+1","floor":25},{"not_picked":["OrbThrow:ReiMu","PhosphorusFlame:ReiMu","ats:Song Of Battle"],"picked":"SKIP","floor":27},{"not_picked":["ats:Assault Order","ats:Explosion Area Strengthen+1"],"picked":"ats:Very Hot Blade","floor":28},{"not_picked":["BlastKick2:ReiMu","WonderfulDomain:ReiMu"],"picked":"RainPray2:ReiMu","floor":29}],"player_experience":129046,"relics_obtained":[{"floor":7,"key":"ats:Originium"},{"floor":7,"key":"Replay:Mystery Machine"},{"floor":9,"key":"REME_HandOfSuture"},{"floor":10,"key":"ats:Originium"},{"floor":10,"key":"Tea:ReiMu"},{"floor":24,"key":"ats:Originium"},{"floor":24,"key":"RuthlessExorcism:ReiMu"},{"floor":26,"key":"ReplayTheSpireMod:Shallot"}],"event_choices":[{"damage_healed":0,"gold_gain":75,"player_choice":"Gather Gold","damage_taken":11,"max_hp_gain":0,"max_hp_loss":0,"event_name":"World of Goop","floor":4,"gold_loss":0},{"damage_healed":0,"gold_gain":0,"player_choice":"Paid Gold","damage_taken":0,"relics_obtained":["Strawberry"],"max_hp_gain":0,"max_hp_loss":0,"event_name":"WeMeetAgain","floor":5,"gold_loss":65},{"damage_healed":0,"gold_gain":50,"player_choice":"Stole From Cult","damage_taken":0,"max_hp_gain":0,"max_hp_loss":0,"event_name":"Nest","floor":19,"gold_loss":0},{"damage_healed":0,"gold_gain":0,"player_choice":"Cursed","damage_taken":0,"max_hp_gain":0,"max_hp_loss":0,"event_name":"Wheel of Change","floor":22,"gold_loss":0,"cards_obtained":["Decay"]}],"is_beta":false,"boss_relics":[{"not_picked":["Honey Jar","Velvet Choker"],"picked":"AT_MortalBlade"}],"items_purged_floors":[],"is_endless":true,"potions_floor_spawned":[1,8,10,18,24,25],"killed_by":"3 Cultists","ascension_level":20}}