{"host":"fnk117zi8wf5078t","time":1611589905,"event":{"mods":["AchievementEnabler","BaseMod","Colored Map","Minty Spire (QoL Compilation)","Rare Cards Sparkle","SuperFastMode","everything is the same but u backflip on backflip"],"gold_per_floor":[10,25,36,36,36,36,70,70,70,70,145,95,95,120,120,250,250,271,196,216,216,181,181,200,200,200,213,233,233,233],"floor_reached":29,"language":"KOR","playtime":751,"items_purged":[],"score":346,"play_id":"31faaeab-74d0-45da-a90f-1595e3b9936a","local_time":"20210126005145","is_ascension_mode":true,"campfire_choices":[{"floor":6.0,"key":"REST"},{"floor":8.0,"key":"REST"},{"floor":15,"key":"REST"},{"floor":23,"key":"REST"},{"floor":25,"key":"REST"}],"circlet_count":0,"master_deck":["AscendersBane","Strike_B","Strike_B","Strike_B","Defend_B","Defend_B","Defend_B","Defend_B","Zap","Dualcast","Apotheosis+1","Doom and Gloom","Ball Lightning","Creative AI","Capacitor","Double Energy","Seek","Double Energy","White Noise","Fusion+1","Double Energy"],"relics":["Cracked Core","Ginger","Bottled Flame","Golden Idol","Inserter","MealTicket","InkBottle"],"acts_visited":["Exordium","TheCity"],"potions_floor_usage":[18,29,29],"damage_taken":[{"damage":4.0,"enemies":"Jaw Worm","floor":1.0,"turns":4.0},{"damage":8.0,"enemies":"2 Louse","floor":2.0,"turns":3.0},{"damage":0.0,"enemies":"Small Slimes","floor":3.0,"turns":3.0},{"damage":41.0,"enemies":"3 Sentries","floor":7.0,"turns":7.0},{"damage":0,"enemies":"3 Louse","floor":14,"turns":2},{"damage":42,"enemies":"The Guardian","floor":16,"turns":10},{"damage":17,"enemies":"Shell Parasite","floor":18,"turns":5},{"damage":9,"enemies":"Chosen","floor":20,"turns":6},{"damage":30,"enemies":"Snake Plant","floor":24,"turns":5},{"damage":20,"enemies":"Snecko","floor":27,"turns":5},{"damage":40,"enemies":"Shelled Parasite and Fungi","floor":28,"turns":5},{"damage":11,"enemies":"Snake Plant","floor":29,"turns":1}],"seed_played":"-6340134666084355279","potions_obtained":[{"floor":7.0,"key":"DistilledChaos"},{"floor":14,"key":"PotionOfCapacity"},{"floor":20,"key":"FocusPotion"}],"is_trial":false,"path_per_floor":["M","M","M","?","$","R","E","R","T","?","?","?","?","M","R","B",null,"M","?","M","?","$","R","M","R","T","M","M","M"],"character_chosen":"DEFECT","items_purchased":["White Noise"],"campfire_rested":5,"item_purchase_floors":[22],"current_hp_per_floor":[64,56,56,56,56,75,34,56,56,56,45,45,45,45,67,25,63,46,46,37,37,52,74,44,66,66,46,6,0,0],"gold":233,"neow_bonus":"RANDOM_COLORLESS_2","is_daily":false,"chose_seed":false,"campfire_upgraded":0,"win_rate":0.0,"timestamp":1611589905,"path_taken":["M","M","M","?","$","R","E","R","T","?","?","?","?","M","R","BOSS","M","?","M","?","$","R","M","R","T","M","?","M"],"items_purchased_type":["Card"],"build_version":"2020-12-22","purchased_purges":0,"victory":false,"max_hp_per_floor":[75,75,75,75,75,75,75,75,75,75,75,75,75,75,75,75,75,75,75,75,75,75,75,75,75,75,75,75,75,75],"card_choices":[{"not_picked":["Master of Strategy","Magnetism"],"picked":"Apotheosis","floor":0.0},{"not_picked":["Rip and Tear","Streamline"],"picked":"Doom and Gloom","floor":1.0},{"not_picked":["Streamline","Barrage"],"picked":"Ball Lightning","floor":2.0},{"not_picked":["Sweeping Beam","Barrage"],"picked":"Creative AI","floor":3.0},{"not_picked":["Cold Snap","Ball Lightning"],"picked":"Capacitor","floor":7.0},{"not_picked":["Ball Lightning","Barrage"],"picked":"Double Energy","floor":14},{"not_picked":["Meteor Strike","Core Surge"],"picked":"Seek","floor":16},{"not_picked":["Go for the Eyes","Rip and Tear","Streamline"],"picked":"SKIP","floor":18},{"not_picked":["Steam","Ball Lightning"],"picked":"Double Energy","floor":20},{"not_picked":["Streamline","Stack"],"picked":"Fusion+1","floor":24},{"not_picked":["Sweeping Beam","Genetic Algorithm","Cold Snap"],"picked":"SKIP","floor":27},{"not_picked":["Barrage+1","Redo+1"],"picked":"Double Energy","floor":28}],"player_experience":420155,"relics_obtained":[{"floor":7.0,"key":"Ginger"},{"floor":9.0,"key":"Bottled Flame"},{"floor":21,"key":"MealTicket"},{"floor":26,"key":"InkBottle"}],"event_choices":[{"damage_healed":0.0,"max_hp_gain":0.0,"max_hp_loss":0.0,"gold_gain":0.0,"event_name":"Living Wall","player_choice":"Grow","floor":4.0,"gold_loss":0.0,"damage_taken":0.0,"cards_upgraded":["Apotheosis"]},{"damage_healed":0,"gold_gain":0,"player_choice":"Searched \u00270\u0027 times","damage_taken":0,"max_hp_gain":0,"max_hp_loss":0,"event_name":"Dead Adventurer","floor":10,"gold_loss":0},{"damage_healed":0,"gold_gain":75,"player_choice":"Gather Gold","damage_taken":11,"max_hp_gain":0,"max_hp_loss":0,"event_name":"World of Goop","floor":11,"gold_loss":0},{"cards_removed":["Strike_B"],"damage_healed":0,"gold_gain":0,"player_choice":"Card Removal","damage_taken":0,"max_hp_gain":0,"max_hp_loss":0,"event_name":"The Cleric","floor":12,"gold_loss":50},{"damage_healed":0,"gold_gain":0,"player_choice":"Take Wound","damage_taken":0,"relics_obtained":["Golden Idol"],"max_hp_gain":0,"max_hp_loss":0,"event_name":"Golden Idol","floor":13,"gold_loss":0,"cards_obtained":["Injury"]},{"cards_removed":["Injury"],"damage_healed":0,"gold_gain":0,"player_choice":"Gave Gold","damage_taken":0,"max_hp_gain":0,"max_hp_loss":0,"event_name":"Beggar","floor":19,"gold_loss":75},{"damage_healed":0,"gold_gain":0,"player_choice":"Relic","damage_taken":0,"max_hp_gain":0,"max_hp_loss":0,"event_name":"Wheel of Change","floor":21,"gold_loss":0}],"is_beta":false,"boss_relics":[{"not_picked":["FrozenCore","Cursed Key"],"picked":"Inserter"}],"items_purged_floors":[],"is_endless":false,"potions_floor_spawned":[7,14,20,24],"killed_by":"Snake Plant","ascension_level":11}}