{"host":"4zpqi6gd0xcmibwu","time":1611590508,"event":{"mods":["100% Spire Juice","Arknights The Spire","BaseMod","Block Reminder","Colored Map","Colored Powertips","DeckTracker","Googly Eyes","Highlight Path","HololiveMod","Infinite Spire","Key Reminder","Minty Spire (QoL Compilation)","Permanent Neow","Quick Restart","Random Character Button","Relic Sorter","Relic Stats","Replay The Spire","Spire Birthday Party","StSLib","SuperFastMode","Uncapped","Unceasing Turn Reminder","Waifu the Spire","everything is the same but u backflip on backflip","slay the spire mod where everything is the same but ironclad has a cowboy hat"],"gold_per_floor":[360,360,310,310,18,51,0,0,27,45,77,93,121,121,121,121,121],"floor_reached":16,"language":"ENG","playtime":387,"items_purged":[],"score":122,"play_id":"90aa433c-3d77-4dd2-b880-5c8850e3f84d","local_time":"20210125170148","is_ascension_mode":true,"campfire_choices":[{"data":"Double Tap","floor":8.0,"key":"SMITH"},{"data":"Bash","floor":15,"key":"SMITH"}],"circlet_count":0,"master_deck":["Strike_R","Strike_R","Strike_R","Defend_R","Defend_R","Defend_R","Defend_R","Bash+1","Double Tap+1","Shrug It Off"],"relics":["Burning Blood","infinitespire:Joker Card","Dead Branch","ReplayTheSpireMod:Spearhead","Bag of Marbles","Replay:Bottled Steam","Snack Pack"],"acts_visited":["Exordium"],"potions_floor_usage":[13],"damage_taken":[{"damage":8.0,"enemies":"Jaw Worm","floor":1.0,"turns":3.0},{"damage":28.0,"enemies":"Gremlin Nob","floor":6.0,"turns":4.0},{"damage":2.0,"enemies":"Small Slimes","floor":10.0,"turns":2.0},{"damage":29.0,"enemies":"3 Sentries","floor":11.0,"turns":9.0},{"damage":1.0,"enemies":"Cultist","floor":12.0,"turns":3.0},{"damage":8,"enemies":"Lagavulin","floor":13,"turns":3},{"damage":28,"enemies":"Hexaghost","floor":16,"turns":8}],"seed_played":"-4968250864927687881","potions_obtained":[{"floor":6.0,"key":"ColorlessPotion"},{"floor":11.0,"key":"Milkshake"}],"is_trial":false,"path_per_floor":["M","?","?","?","$","E","$","R","T","M","E","M","E","?","R","B"],"character_chosen":"IRONCLAD","items_purchased":["Dead Branch","PowerPotion"],"campfire_rested":0,"item_purchase_floors":[5,7],"current_hp_per_floor":[70,70,70,70,70,48,48,48,48,52,29,34,32,25,25,0,0],"gold":121,"neow_bonus":"TWO_FIFTY_GOLD","is_daily":false,"chose_seed":false,"campfire_upgraded":2,"win_rate":0.0,"timestamp":1611590508,"path_taken":["M","?","?","?","$","E","$","R","T","M","E","?","E","?","R","BOSS"],"items_purchased_type":["Relic","Potion"],"build_version":"2020-12-22","purchased_purges":0,"victory":false,"max_hp_per_floor":[72,72,72,72,72,72,72,72,72,72,72,72,72,72,72,72,72],"relic_stats":{"counters":[7,32],"Dead Branch":[23],"obtain_stats":[{"ReplayTheSpireMod:Spearhead":6,"Dead Branch":5,"infinitespire:Joker Card":4,"Bag of Marbles":9,"Snack Pack":13,"Burning Blood":0,"Replay:Bottled Steam":11},{"ReplayTheSpireMod:Spearhead":2,"Dead Branch":1,"infinitespire:Joker Card":1,"Bag of Marbles":2,"Snack Pack":6,"Burning Blood":0,"Replay:Bottled Steam":4},{"ReplayTheSpireMod:Spearhead":7,"Dead Branch":3,"infinitespire:Joker Card":3,"Bag of Marbles":7,"Snack Pack":24,"Burning Blood":0,"Replay:Bottled Steam":18}],"Burning Blood":36},"card_choices":[{"not_picked":["Wild Strike","Seeing Red"],"picked":"Disarm","floor":1.0},{"not_picked":["Entrench","Disarm"],"picked":"Double Tap","floor":6.0},{"not_picked":["Clash","Replay:Undeath\u0027s Touch"],"picked":"Shrug It Off","floor":10.0},{"not_picked":["Entrench","Shrug It Off","Wild Strike"],"picked":"SKIP","floor":11.0},{"not_picked":["Clash","Flex","Replay:Undeath\u0027s Touch"],"picked":"SKIP","floor":12.0},{"not_picked":["Searing Blow","Flex","Exhume"],"picked":"SKIP","floor":13}],"player_experience":54989,"relics_obtained":[{"floor":6.0,"key":"ReplayTheSpireMod:Spearhead"},{"floor":9.0,"key":"Bag of Marbles"},{"floor":11.0,"key":"Replay:Bottled Steam"},{"floor":13,"key":"Snack Pack"}],"event_choices":[{"cards_removed":["Strike_R"],"damage_healed":0.0,"max_hp_gain":0.0,"max_hp_loss":0.0,"gold_gain":0.0,"event_name":"The Cleric","player_choice":"Card Removal","floor":3.0,"gold_loss":50.0,"damage_taken":0.0},{"cards_removed":["Disarm"],"damage_healed":0.0,"max_hp_gain":0.0,"max_hp_loss":0.0,"gold_gain":0.0,"event_name":"WeMeetAgain","player_choice":"Gave Card","floor":4.0,"gold_loss":0.0,"damage_taken":0.0,"relics_obtained":["infinitespire:Joker Card"]},{"cards_removed":["Strike_R"],"damage_healed":0,"gold_gain":0,"player_choice":"Card Removal","damage_taken":7,"max_hp_gain":0,"max_hp_loss":0,"event_name":"Golden Wing","floor":14,"gold_loss":0}],"is_beta":false,"boss_relics":[],"items_purged_floors":[],"is_endless":false,"potions_floor_spawned":[6,11],"killed_by":"Hexaghost","ascension_level":1}}