{"host":"zr590xw2unlz0wv7","time":1611580834,"event":{"mods":["BaseMod","Minty Spire (QoL Compilation)","READ ME - Guardian Mod","StSLib"],"gold_per_floor":[115,131,131,206,226,226,244,244,318,268,268,73,108,122,122,222,222,132,132],"floor_reached":18,"language":"ZHS","playtime":509,"items_purged":[],"score":200,"play_id":"062c033e-28fa-45c0-94e3-01df9662b87b","local_time":"20210125212034","is_ascension_mode":true,"campfire_choices":[{"data":"Zap","floor":6,"key":"SMITH"},{"data":"Dualcast","floor":8,"key":"SMITH"},{"floor":11,"key":"REST"},{"floor":15,"key":"REST"}],"circlet_count":0,"master_deck":["Strike_B","Strike_B","Strike_B","Defend_B","Defend_B","Defend_B","Defend_B","Zap+1","Dualcast+1","Ball Lightning","Amplify","Static Discharge","Heatsinks","Creative AI"],"relics":["FrozenCore","NeowsBlessing","Ancient Tea Set","Question Card","Membership Card","Shuriken"],"acts_visited":["Exordium","TheCity"],"potions_floor_usage":[13,13,14],"damage_taken":[{"damage":0,"enemies":"Cultist","floor":1,"turns":1},{"damage":0,"enemies":"2 Louse","floor":2,"turns":1},{"damage":0,"enemies":"Small Slimes","floor":5,"turns":1},{"damage":5,"enemies":"2 Fungi Beasts","floor":7,"turns":3},{"damage":33,"enemies":"3 Sentries","floor":13,"turns":7},{"damage":11,"enemies":"Looter","floor":14,"turns":3},{"damage":43,"enemies":"Hexaghost","floor":16,"turns":9},{"damage":60,"enemies":"2 Thieves","floor":18,"turns":3}],"seed_played":"-1178966258621610598","potions_obtained":[{"floor":2,"key":"Regen Potion"},{"floor":7,"key":"EssenceOfSteel"},{"floor":13,"key":"SkillPotion"}],"is_trial":false,"path_per_floor":["M","M","?","?","M","R","M","R","T","?","R","$","E","M","R","B",null,"M"],"character_chosen":"DEFECT","items_purchased":["Membership Card","Static Discharge"],"campfire_rested":2,"item_purchase_floors":[12,12],"current_hp_per_floor":[75,75,63,52,52,52,47,47,47,47,69,69,48,37,59,16,60,0,0],"gold":132,"neow_bonus":"THREE_ENEMY_KILL","is_daily":false,"chose_seed":false,"campfire_upgraded":2,"win_rate":0.0,"timestamp":1611580834,"path_taken":["M","?","?","?","M","R","M","R","T","?","R","$","E","M","R","BOSS","M"],"items_purchased_type":["Relic","Card"],"build_version":"2020-12-22","purchased_purges":0,"victory":false,"max_hp_per_floor":[75,75,75,75,75,75,75,75,75,75,75,75,75,75,75,75,75,75,75],"card_choices":[{"not_picked":["Leap","Cold Snap"],"picked":"Ball Lightning","floor":1},{"not_picked":["Sweeping Beam","Leap","Beam Cell"],"picked":"SKIP","floor":2},{"not_picked":["Consume","Hologram"],"picked":"Amplify","floor":5},{"not_picked":["Hologram","Ball Lightning","Redo"],"picked":"SKIP","floor":7},{"not_picked":["Leap","Gash","Hyperbeam"],"picked":"Heatsinks","floor":13},{"not_picked":["Barrage","Consume","Force Field","Gash"],"picked":"SKIP","floor":14},{"not_picked":["Thunder Strike","Biased Cognition","Hyperbeam"],"picked":"Creative AI","floor":16}],"player_experience":546363,"relics_obtained":[{"floor":9,"key":"Question Card"},{"floor":13,"key":"Shuriken"}],"event_choices":[{"damage_healed":0,"gold_gain":0,"player_choice":"Success","damage_taken":12,"relics_obtained":["Ancient Tea Set"],"max_hp_gain":0,"max_hp_loss":0,"event_name":"Scrap Ooze","floor":3,"gold_loss":0},{"damage_healed":0,"gold_gain":75,"player_choice":"Gather Gold","damage_taken":11,"max_hp_gain":0,"max_hp_loss":0,"event_name":"World of Goop","floor":4,"gold_loss":0},{"cards_removed":["Strike_B"],"damage_healed":0,"gold_gain":0,"player_choice":"Card Removal","damage_taken":0,"max_hp_gain":0,"max_hp_loss":0,"event_name":"The Cleric","floor":10,"gold_loss":50}],"is_beta":false,"boss_relics":[{"not_picked":["SlaversCollar","Astrolabe"],"picked":"FrozenCore"}],"items_purged_floors":[],"is_endless":false,"potions_floor_spawned":[2,7,13],"killed_by":"2 Thieves","ascension_level":5}}