{"host":"qgrlfjrqk9z96gfi","time":1611553557,"event":{"mods":["BaseMod","Block Reminder","Colored Map","Custom Start","DeckTracker","Minty Spire (QoL Compilation)"],"gold_per_floor":[119,132,151,76,94,94,94,94,94,94,104,104,133,155,167,253,265,297,309,371,17,48,48,75,75,128,174,174,174,19,31,31,31,31],"floor_reached":33,"language":"ENG","playtime":906,"items_purged":["Decay"],"score":506,"play_id":"10a8c8f6-8653-4023-a75d-6a4fa1e37106","local_time":"20210124194557","is_ascension_mode":true,"campfire_choices":[{"floor":6,"key":"DIG"},{"floor":8,"key":"DIG"},{"floor":10,"key":"DIG"},{"floor":12,"key":"DIG"},{"floor":15,"key":"DIG"},{"floor":23,"key":"DIG"},{"floor":25,"key":"REST"},{"floor":29,"key":"DIG"},{"floor":32,"key":"REST"}],"circlet_count":0,"master_deck":["AscendersBane","Strike_G","Strike_G","Strike_G","Strike_G","Defend_G","Defend_G","Defend_G+1","Defend_G","Defend_G+1","Survivor","Neutralize","Flying Knee","Dash+1","Terror","Dagger Spray","Dash","Acrobatics","Well Laid Plans","Corpse Explosion","Underhanded Strike","Die Die Die","Outmaneuver","Blur","Malaise","Prepared","Underhanded Strike","Prepared+1"],"relics":["Ring of the Snake","Shovel","Gambling Chip","War Paint","Sundial","Tough Bandages","MawBank","InkBottle","Sozu","Bag of Preparation","Red Mask","Ornamental Fan","White Beast Statue","Snake Skull","Regal Pillow","Boot"],"acts_visited":["Exordium","TheCity"],"potions_floor_usage":[16,22],"damage_taken":[{"damage":0,"enemies":"Jaw Worm","floor":1,"turns":6},{"damage":4,"enemies":"Small Slimes","floor":2,"turns":4},{"damage":0,"enemies":"2 Louse","floor":3,"turns":3},{"damage":7,"enemies":"2 Fungi Beasts","floor":5,"turns":5},{"damage":0,"enemies":"Looter","floor":11,"turns":3},{"damage":1,"enemies":"Exordium Wildlife","floor":13,"turns":3},{"damage":0,"enemies":"Exordium Thugs","floor":14,"turns":3},{"damage":27,"enemies":"Hexaghost","floor":16,"turns":10},{"damage":2,"enemies":"Chosen","floor":18,"turns":6},{"damage":0,"enemies":"Masked Bandits","floor":22,"turns":2},{"damage":37,"enemies":"Book of Stabbing","floor":24,"turns":7},{"damage":2,"enemies":"2 Thieves","floor":31,"turns":2},{"damage":61,"enemies":"Collector","floor":33,"turns":5}],"seed_played":"5546465875309205730","potions_obtained":[{"floor":1,"key":"Strength Potion"},{"floor":2,"key":"GamblersBrew"},{"floor":13,"key":"FearPotion"}],"is_trial":false,"path_per_floor":["M","M","M","?","M","R","?","R","T","R","M","R","M","M","R","B",null,"M","?","?","$","?","R","E","R","T","T","?","R","$","M","R","B"],"character_chosen":"THE_SILENT","items_purchased":["Die Die Die","Bag of Preparation","Outmaneuver","Prepared","Underhanded Strike"],"campfire_rested":2,"item_purchase_floors":[21,21,21,30,30],"current_hp_per_floor":[59,55,55,55,48,48,48,48,48,48,48,48,47,47,47,20,50,48,48,48,48,48,48,11,29,29,29,29,29,29,27,60,0,0],"gold":31,"neow_bonus":"ONE_RARE_RELIC","is_daily":false,"chose_seed":false,"campfire_upgraded":0,"win_rate":0.0,"timestamp":1611553557,"path_taken":["M","M","M","?","M","R","?","R","T","R","M","R","M","M","R","BOSS","M","?","?","$","?","R","E","R","T","?","?","R","$","M","R","BOSS"],"items_purchased_type":["Card","Relic","Card","Card","Card"],"build_version":"2020-12-22","purchased_purges":1,"victory":false,"max_hp_per_floor":[60,60,60,60,60,60,60,60,60,60,60,60,60,60,60,60,60,60,60,60,60,60,60,60,60,60,60,60,60,60,60,60,60,60],"card_choices":[{"not_picked":["Tactician","Footwork"],"picked":"Flying Knee","floor":1},{"not_picked":["Backflip","Acrobatics"],"picked":"Dash","floor":2},{"not_picked":["Cloak And Dagger","Slice"],"picked":"Terror","floor":3},{"not_picked":["Riddle With Holes","Finisher"],"picked":"Dagger Spray","floor":5},{"not_picked":["Bane","Dagger Spray"],"picked":"Dash","floor":11},{"not_picked":["Concentrate","Poisoned Stab"],"picked":"Acrobatics","floor":13},{"not_picked":["Flying Knee","Dodge and Roll"],"picked":"Well Laid Plans","floor":14},{"not_picked":["Grand Finale","A Thousand Cuts"],"picked":"Corpse Explosion","floor":16},{"not_picked":["Backflip","Deadly Poison"],"picked":"Underhanded Strike","floor":18},{"not_picked":["Dagger Throw+1","Flying Knee"],"picked":"Blur","floor":22},{"not_picked":["Acrobatics","Slice"],"picked":"Malaise","floor":24},{"not_picked":["Flechettes","Sucker Punch"],"picked":"Prepared+1","floor":31}],"player_experience":1063912,"relics_obtained":[{"floor":6,"key":"Gambling Chip"},{"floor":8,"key":"War Paint"},{"floor":9,"key":"Sundial"},{"floor":10,"key":"Tough Bandages"},{"floor":12,"key":"MawBank"},{"floor":15,"key":"InkBottle"},{"floor":22,"key":"Red Mask"},{"floor":23,"key":"Ornamental Fan"},{"floor":24,"key":"White Beast Statue"},{"floor":26,"key":"Snake Skull"},{"floor":27,"key":"Regal Pillow"},{"floor":29,"key":"Boot"}],"event_choices":[{"cards_removed":["Strike_G"],"damage_healed":0,"gold_gain":0,"player_choice":"Card Removal","damage_taken":0,"max_hp_gain":0,"max_hp_loss":0,"event_name":"The Cleric","floor":4,"gold_loss":75},{"damage_healed":0,"gold_gain":0,"player_choice":"Grow","damage_taken":0,"max_hp_gain":0,"max_hp_loss":0,"event_name":"Living Wall","floor":7,"gold_loss":0,"cards_upgraded":["Dash"]},{"damage_healed":0,"gold_gain":0,"player_choice":"Smashed Altar","damage_taken":0,"max_hp_gain":0,"max_hp_loss":0,"event_name":"Forgotten Altar","floor":19,"gold_loss":0,"cards_obtained":["Decay"]},{"damage_healed":0,"gold_gain":50,"player_choice":"Stole From Cult","damage_taken":0,"max_hp_gain":0,"max_hp_loss":0,"event_name":"Nest","floor":20,"gold_loss":0},{"damage_healed":0,"gold_gain":0,"player_choice":"Fought Bandits","damage_taken":0,"max_hp_gain":0,"max_hp_loss":0,"event_name":"Masked Bandits","floor":22,"gold_loss":0}],"is_beta":false,"boss_relics":[{"not_picked":["Pandora\u0027s Box","Busted Crown"],"picked":"Sozu"}],"items_purged_floors":[30],"is_endless":false,"potions_floor_spawned":[1,2,13,31],"killed_by":"Collector","ascension_level":20}}