{"host":"w97dq1whmpm6b2tc","time":1611585271,"event":{"mods":["BaseMod","Downfall","Minty Spire (QoL Compilation)","StSLib"],"gold_per_floor":[99,114,131,143,161,193,193,193,93,93,105,133,33,63,81,178,178,178,42,42,42,56,86,109,134,148,164,196,196,27,45,60,161,161,161,172,190,190,200,227,250,264,294,294,314,342,356,368,381,381],"floor_reached":51,"language":"ENG","playtime":6152,"items_purged":["bronze:Format"],"score":1105,"play_id":"c1bcaebc-0404-419d-8681-c144631eae86","local_time":"20210125163431","is_ascension_mode":true,"campfire_choices":[{"floor":1.0,"key":"RECALL"},{"data":"bronze:Invalidate","floor":9.0,"key":"SMITH"},{"data":"bronze:Overheat","floor":13.0,"key":"SMITH"},{"data":"bronze:HardenedForm","floor":18.0,"key":"SMITH"},{"data":"bronze:Library","floor":35.0,"key":"SMITH"}],"circlet_count":0,"master_deck":["bronze:Replicate","bronze:Goto","bronze:CleanCode","bronze:Philosophize","bronze:Overheat+1","bronze:Repair","bronze:Invalidate+1","bronze:Iterate","bronze:Separator","bronze:DigitalCarnage","bronze:TinkerersToolbox","bronze:HardenedForm+1","bronze:SpaghettiCode","bronze:Iterate","bronze:SpaghettiCode","bronze:InfiniteBeams","Ghostly","Ghostly","Ghostly","Ghostly","Ghostly","bronze:DelayedSlice","bronze:Terminator","bronze:Library+1","bronze:Invalidate","bronze:Backtrace+1","bronze:Flail+1","bronze:ThunderWave+1","bronze:MaxOutput+1","expansioncontent:YouAreMine","bronze:Deprecate+1","bronze:Repulsor","bronze:Philosophize","bronze:FindAndReplace","bronze:Repulsor+1","bronze:Flail+1"],"relics":["bronze:BronzeCore","Unceasing Top","downfall:HeartBlessingRed","Prayer Wheel","downfall:HeartBlessingBlue","Ornamental Fan","Pandora\u0027s Box","Dream Catcher","Nunchaku","Molten Egg 2","Orichalcum","hexamod:BolsterEngine","Coffee Dripper","Guardian:PocketSentry","Akabeko","Toy Ornithopter","champ:DeflectingBracers","Happy Flower"],"acts_visited":["Exordium","TheCity","TheBeyond"],"potions_floor_usage":[43,46],"damage_taken":[{"damage":7.0,"enemies":"2 Louse","floor":2.0,"turns":2.0},{"damage":10.0,"enemies":"Small Slimes","floor":3.0,"turns":3.0},{"damage":0.0,"enemies":"Cultist","floor":4.0,"turns":4.0},{"damage":0.0,"enemies":"2 Fungi Beasts","floor":5.0,"turns":3.0},{"damage":20.0,"enemies":"Gremlin Nob","floor":6.0,"turns":3.0},{"damage":4.0,"enemies":"Blue Slaver","floor":11.0,"turns":2.0},{"damage":15.0,"enemies":"Lagavulin","floor":12.0,"turns":6.0},{"damage":0.0,"enemies":"Gremlin Nob","floor":14.0,"turns":3.0},{"damage":12.0,"enemies":"Gremlin Gang","floor":15.0,"turns":3.0},{"damage":36.0,"enemies":"SI_SHIV_ARCHETYPE","floor":16.0,"turns":7.0},{"damage":0.0,"enemies":"downfall:FleeingMerchant","floor":19.0,"turns":4.0},{"damage":0.0,"enemies":"Spheric Guardian","floor":22.0,"turns":3.0},{"damage":3.0,"enemies":"Book of Stabbing","floor":23.0,"turns":5.0},{"damage":4.0,"enemies":"Slavers","floor":25.0,"turns":4.0},{"damage":3.0,"enemies":"Chosen","floor":26.0,"turns":6.0},{"damage":1.0,"enemies":"Snecko","floor":27.0,"turns":3.0},{"damage":17.0,"enemies":"Gremlin Leader","floor":28.0,"turns":6.0},{"damage":0.0,"enemies":"downfall:FleeingMerchant","floor":30.0,"turns":4.0},{"damage":0.0,"enemies":"Snake Plant","floor":31.0,"turns":2.0},{"damage":0.0,"enemies":"3 Cultists","floor":32.0,"turns":4.0},{"damage":0.0,"enemies":"DF_ARCHETYPE_CLAW","floor":33.0,"turns":6.0},{"damage":17.0,"enemies":"3 Darklings","floor":36.0,"turns":5.0},{"damage":0,"enemies":"downfall:FleeingMerchant","floor":37,"turns":4},{"damage":0,"enemies":"Orb Walker","floor":39,"turns":2},{"damage":17,"enemies":"Nemesis","floor":40,"turns":5},{"damage":4,"enemies":"Sphere and 2 Shapes","floor":42,"turns":3},{"damage":5,"enemies":"Giant Head","floor":43,"turns":7},{"damage":0,"enemies":"Transient","floor":45,"turns":5},{"damage":32,"enemies":"Reptomancer","floor":46,"turns":5},{"damage":0,"enemies":"Jaw Worm Horde","floor":47,"turns":4},{"damage":0,"enemies":"Sphere and 2 Shapes","floor":48,"turns":3},{"damage":0,"enemies":"4 Shapes","floor":49,"turns":1},{"damage":0,"enemies":"IC_BLOCK_ARCHETYPE","floor":50,"turns":8}],"seed_played":"-5685341127504502777","potions_obtained":[{"floor":2.0,"key":"DistilledChaos"},{"floor":4.0,"key":"Block Potion"},{"floor":6.0,"key":"bronze:FreeFunctionsPotion"},{"floor":11.0,"key":"ColorlessPotion"},{"floor":12.0,"key":"SkillPotion"},{"floor":16.0,"key":"AttackPotion"},{"floor":23.0,"key":"bronze:CleanCodePotion"},{"floor":27.0,"key":"GamblersBrew"},{"floor":31.0,"key":"BlessingOfTheForge"},{"floor":32.0,"key":"champ:CounterPotion"},{"floor":42,"key":"Ancient Potion"},{"floor":43,"key":"SkillPotion"},{"floor":47,"key":"Weak Potion"},{"floor":49,"key":"AttackPotion"}],"is_trial":false,"path_per_floor":["R","M","M","M","M","E","T","?","R","?","M","E","R","E","M","B",null,"R","$","?","?","M","E","T","E","M","M","E","?","$","M","M","B",null,"R","M","$","?","M","E","T","M","E","?","M","E","M","M","M","B",null],"character_chosen":"THE_AUTOMATON","items_purchased":["bronze:Turbo","hexamod:BolsterEngine","bronze:Mutator","Guardian:PocketSentry","expansioncontent:YouAreMine"],"campfire_rested":0,"item_purchase_floors":[19,30,37,37,37],"current_hp_per_floor":[63,56,46,46,53,40,40,45,45,45,48,40,50,50,45,16,78,78,78,39,39,39,38,38,34,38,38,27,27,27,27,34,39,39,39,32,32,49,49,39,39,35,42,42,42,17,24,24,24,24],"gold":381,"neow_bonus":"TRANSFORM_TWO_CARDS","is_daily":false,"chose_seed":false,"campfire_upgraded":4,"win_rate":0.0,"timestamp":1611585271,"path_taken":["R","M","M","M","M","E","T","?","R","?","M","E","R","E","M","BOSS","R","$","?","?","M","E","T","E","M","M","E","?","$","?","M","BOSS","R","M","$","?","M","E","T","M","E","?","M","E","?","M","M","BOSS"],"items_purchased_type":["Card","Relic","Card","Relic","Card"],"build_version":"2020-12-22","purchased_purges":1,"victory":true,"max_hp_per_floor":[63,63,63,63,63,63,63,68,68,68,68,68,78,78,78,78,78,78,78,39,39,39,39,39,39,39,39,39,39,39,39,39,39,39,39,39,39,49,49,49,49,49,49,49,49,49,49,49,49,49],"card_choices":[{"not_picked":["bronze:DarkDash","bronze:GetLatest"],"picked":"bronze:Overheat","floor":2.0},{"not_picked":["bronze:Frontload","bronze:DelayedGuard"],"picked":"bronze:Repair","floor":3.0},{"not_picked":["bronze:BugBarrage","bronze:Shield","bronze:Repair"],"picked":"SKIP","floor":4.0},{"not_picked":["bronze:Optimize","bronze:BronzeOrb"],"picked":"bronze:Invalidate","floor":5.0},{"not_picked":["bronze:Boost","bronze:ForLoop"],"picked":"bronze:Iterate","floor":6.0},{"not_picked":["bronze:ForceShield","bronze:WhirlingStrike"],"picked":"bronze:Verify","floor":11.0},{"not_picked":["bronze:Turbo","bronze:GetLatest","bronze:Branch"],"picked":"SKIP","floor":12.0},{"not_picked":["bronze:ChildClass","bronze:Constructor","bronze:CutThrough"],"picked":"SKIP","floor":14.0},{"not_picked":["bronze:Branch","bronze:BronzeOrb"],"picked":"bronze:DigitalCarnage","floor":15.0},{"not_picked":["bronze:Shield","bronze:BugBarrage","bronze:Iterate"],"picked":"SKIP","floor":15.0},{"not_picked":["bronze:Shield","bronze:BugBarrage","bronze:Iterate"],"picked":"SKIP","floor":15.0},{"not_picked":["bronze:Format","bronze:AlphaBuild"],"picked":"bronze:TinkerersToolbox","floor":16.0},{"not_picked":["bronze:WhirlingStrike","bronze:Terminator"],"picked":"bronze:InfiniteBeams","floor":19.0},{"not_picked":["bronze:Shield","bronze:Overheat"],"picked":"bronze:DelayedSlice","floor":22.0},{"not_picked":["bronze:WhirlingStrike","bronze:BuggyMess","bronze:WildBeam"],"picked":"SKIP","floor":22.0},{"not_picked":["bronze:Repair","bronze:Branch+1","bronze:Refactor+1"],"picked":"SKIP","floor":23.0},{"not_picked":["bronze:GetLatest","bronze:WhirlingStrike+1","bronze:CutThrough+1"],"picked":"SKIP","floor":25.0},{"not_picked":["bronze:WhirlingStrike+1","bronze:DelayedSlice+1","bronze:Shell+1"],"picked":"SKIP","floor":26.0},{"not_picked":["bronze:Hardcode","bronze:Fortify+1","bronze:Allocate"],"picked":"SKIP","floor":26.0},{"not_picked":["bronze:Repair","bronze:Constructor"],"picked":"bronze:Terminator","floor":27.0},{"not_picked":["bronze:WhirlingStrike+1","bronze:BugBarrage+1","bronze:DelayedSlice+1"],"picked":"SKIP","floor":27.0},{"not_picked":["bronze:ThunderWave+1","bronze:BuggyMess+1"],"picked":"bronze:Library","floor":28.0},{"not_picked":["bronze:BronzeArmor","bronze:Branch+1","bronze:DelayedGuard"],"picked":"SKIP","floor":30.0},{"not_picked":["bronze:Invalidate","bronze:CutThrough+1"],"picked":"bronze:Backtrace+1","floor":31.0},{"not_picked":["bronze:FineTuning+1","bronze:BitShift","bronze:Repair"],"picked":"SKIP","floor":31.0},{"not_picked":["bronze:Shell","bronze:Constructor"],"picked":"bronze:Flail+1","floor":32.0},{"not_picked":["bronze:Branch+1","bronze:Iterate+1","bronze:BugBarrage+1"],"picked":"SKIP","floor":32.0},{"not_picked":["bronze:Assembly","bronze:Format"],"picked":"bronze:ThunderWave+1","floor":33.0},{"not_picked":["bronze:Iterate+1","bronze:Optimize","bronze:Invalidate+1"],"picked":"SKIP","floor":36},{"not_picked":["bronze:BuggyMess","bronze:FineTuning+1","bronze:DelayedSlice+1"],"picked":"SKIP","floor":36},{"not_picked":["bronze:BuggyMess","bronze:Constructor"],"picked":"bronze:MaxOutput+1","floor":37},{"not_picked":["bronze:CutThrough+1","bronze:BitShift+1"],"picked":"bronze:Deprecate+1","floor":39},{"not_picked":["bronze:Invalidate","bronze:BitShift+1"],"picked":"bronze:Repulsor","floor":39},{"not_picked":["bronze:WildBeam+1","bronze:Boost+1","bronze:WhirlingStrike+1"],"picked":"SKIP","floor":40},{"not_picked":["bronze:DarkDash+1","bronze:ForLoop+1"],"picked":"bronze:Philosophize","floor":42},{"not_picked":["bronze:BitShift","bronze:Iterate+1","bronze:OilSpill+1"],"picked":"SKIP","floor":42},{"not_picked":["bronze:CloningBeam+1","bronze:Fortify+1","bronze:BuggyMess+1"],"picked":"SKIP","floor":43},{"not_picked":["bronze:BuggyMess","bronze:Return"],"picked":"bronze:FindAndReplace","floor":45},{"not_picked":["bronze:BitShift","bronze:BuggyMess+1","bronze:Deprecate+1"],"picked":"SKIP","floor":45},{"not_picked":["bronze:Allocate","bronze:OilSpill+1","bronze:WhirlingStrike+1"],"picked":"SKIP","floor":46},{"not_picked":["bronze:WildBeam+1","bronze:BugBarrage+1"],"picked":"bronze:Repulsor+1","floor":47},{"not_picked":["bronze:NullPointer+1","bronze:FineTuning+1","bronze:ChosenStrike+1"],"picked":"SKIP","floor":47},{"not_picked":["bronze:FindAndReplace","bronze:WhirlingStrike+1"],"picked":"bronze:Flail+1","floor":48},{"not_picked":["bronze:Overheat+1","bronze:Frontload","bronze:BitShift"],"picked":"SKIP","floor":48},{"not_picked":["bronze:DelayedGuard+1","bronze:Turbo","bronze:CutThrough+1"],"picked":"SKIP","floor":49},{"not_picked":["bronze:WildBeam+1","bronze:OilSpill+1","bronze:Constructor"],"picked":"SKIP","floor":49}],"player_experience":3724788,"relics_obtained":[{"floor":6.0,"key":"Unceasing Top"},{"floor":12.0,"key":"Prayer Wheel"},{"floor":14.0,"key":"Ornamental Fan"},{"floor":23.0,"key":"Dream Catcher"},{"floor":24.0,"key":"Nunchaku"},{"floor":25.0,"key":"Molten Egg 2"},{"floor":28.0,"key":"Orichalcum"},{"floor":40,"key":"Akabeko"},{"floor":41,"key":"Toy Ornithopter"},{"floor":43,"key":"champ:DeflectingBracers"},{"floor":46,"key":"Happy Flower"}],"event_choices":[{"damage_healed":0.0,"max_hp_gain":5.0,"max_hp_loss":0.0,"gold_gain":0.0,"event_name":"Big Fish","player_choice":"Donut","floor":8.0,"gold_loss":0.0,"damage_taken":0.0},{"damage_healed":0.0,"max_hp_gain":0.0,"max_hp_loss":39.0,"gold_gain":0.0,"event_name":"Ghosts","player_choice":"Became a Ghost","floor":20.0,"gold_loss":0.0,"damage_taken":0.0,"cards_obtained":["Ghostly","Ghostly","Ghostly","Ghostly","Ghostly"]}],"is_beta":false,"boss_relics":[{"not_picked":["bronze:PlatinumCore","SacredBark"],"picked":"Pandora\u0027s Box"},{"not_picked":["Runic Dome","SlaversCollar"],"picked":"Coffee Dripper"}],"items_purged_floors":[19],"is_endless":false,"potions_floor_spawned":[2,4,6,11,12,16,23,27,31,32,33,42,43,45,47,49],"ascension_level":3}}