{"host":"bxd97rc2ofc6op20","time":1611561499,"event":{"mods":["BaseMod","Colored Map","Colored Powertips","Googly Eyes","Highlight Path","Minty Spire (QoL Compilation)","Quick Restart","Rare Cards Sparkle"],"gold_per_floor":[114,129,129,129,204,237,237,267,320,340,353,366,366,170,170,278,278,306,325,343,8,29,71,82,82,82,94,134,134,145,95,95,208,208,236,61,79,101,385,428,428,454,534,543,70,114,114,149,149,149,149,149,36,78,78],"floor_reached":56,"language":"ENG","playtime":5727,"items_purged":["Defend_B","Strike_B","Defend_B","Shame","Regret"],"score":1727,"play_id":"6acf3aa5-9f53-4788-ab03-a802befd636f","local_time":"20210124235819","is_ascension_mode":true,"campfire_choices":[{"floor":7,"key":"REST"},{"data":"Buffer","floor":13,"key":"SMITH"},{"data":"Zap","floor":15,"key":"SMITH"},{"data":"Streamline","floor":25,"key":"SMITH"},{"data":"Glacier","floor":29,"key":"SMITH"},{"data":"Core Surge","floor":32,"key":"SMITH"},{"floor":41,"key":"RECALL"},{"data":"Echo Form","floor":47,"key":"SMITH"},{"data":"Flame Barrier","floor":49,"key":"SMITH"},{"data":"WaveOfTheHand","floor":52,"key":"SMITH"}],"circlet_count":0,"master_deck":["Strike_B+1","Defend_B+1","Defend_B","Zap+1","Dualcast","BootSequence","Streamline+1","Cold Snap+1","Buffer+1","Glacier+1","Coolheaded","Leap","All For One+1","Hologram+1","Sunder+1","Core Surge+1","Recycle","Buffer+1","Undo+1","White Noise+1","Ball Lightning+1","Echo Form+1","Sunder+1","Loop+1","Doom and Gloom","Biased Cognition","Melter+1","Shame","Amplify","Flame Barrier+1","WaveOfTheHand+1","Capacitor","Deep Breath+1"],"relics":["Cracked Core","Smiling Mask","Bronze Scales","Matryoshka","Happy Flower","MealTicket","CeramicFish","Snecko Eye","DollysMirror","Bag of Marbles","Tiny Chest","Whetstone","Shuriken","WingedGreaves","Cursed Key","Orrery","Symbiotic Virus","Bottled Lightning","Unceasing Top","PrismaticShard","Nunchaku","Lantern","Lizard Tail","Eternal Feather"],"acts_visited":["Exordium","TheCity","TheBeyond","TheEnding"],"potions_floor_usage":[8,12,16,30,33,54,54,55],"damage_taken":[{"damage":4,"enemies":"Jaw Worm","floor":1,"turns":4},{"damage":0,"enemies":"2 Louse","floor":2,"turns":2},{"damage":47,"enemies":"Gremlin Nob","floor":6,"turns":5},{"damage":7,"enemies":"Lagavulin","floor":8,"turns":7},{"damage":4,"enemies":"Cultist","floor":10,"turns":2},{"damage":2,"enemies":"3 Louse","floor":11,"turns":2},{"damage":0,"enemies":"Exordium Thugs","floor":12,"turns":4},{"damage":0,"enemies":"Slime Boss","floor":16,"turns":11},{"damage":0,"enemies":"Chosen","floor":18,"turns":3},{"damage":0,"enemies":"2 Thieves","floor":19,"turns":4},{"damage":0,"enemies":"Sentry and Sphere","floor":22,"turns":5},{"damage":0,"enemies":"Gremlin Leader","floor":23,"turns":7},{"damage":0,"enemies":"Chosen and Byrds","floor":24,"turns":3},{"damage":0,"enemies":"Snecko","floor":27,"turns":4},{"damage":0,"enemies":"Book of Stabbing","floor":28,"turns":4},{"damage":0,"enemies":"Snake Plant","floor":30,"turns":4},{"damage":0,"enemies":"Collector","floor":33,"turns":8},{"damage":0,"enemies":"Orb Walker","floor":35,"turns":3},{"damage":0,"enemies":"3 Darklings","floor":37,"turns":2},{"damage":0,"enemies":"Spire Growth","floor":38,"turns":2},{"damage":2,"enemies":"Reptomancer","floor":40,"turns":4},{"damage":0,"enemies":"Nemesis","floor":42,"turns":3},{"damage":0,"enemies":"Giant Head","floor":46,"turns":7},{"damage":0,"enemies":"Reptomancer","floor":48,"turns":6},{"damage":13,"enemies":"Donu and Deca","floor":50,"turns":12},{"damage":4,"enemies":"Shield and Spear","floor":54,"turns":8},{"damage":3,"enemies":"The Heart","floor":55,"turns":12}],"seed_played":"5677108635266064049","potions_obtained":[{"floor":6,"key":"SteroidPotion"},{"floor":10,"key":"FocusPotion"},{"floor":12,"key":"Fruit Juice"},{"floor":23,"key":"Swift Potion"},{"floor":24,"key":"SpeedPotion"},{"floor":27,"key":"Regen Potion"},{"floor":28,"key":"Explosive Potion"},{"floor":30,"key":"LiquidMemories"},{"floor":35,"key":"BlessingOfTheForge"},{"floor":46,"key":"EssenceOfSteel"}],"is_trial":false,"path_per_floor":["M","M","?","?","?","E","R","E","T","M","M","M","R","$","R","B",null,"M","M","?","$","M","E","M","R","T","M","E","R","M","?","R","B",null,"M","$","M","M","?","E","R","E","T","T","$","E","R","E","R","B",null,"R","$","E","B",null],"character_chosen":"DEFECT","items_purchased":["CeramicFish","DollysMirror","Bag of Marbles","Orrery","PrismaticShard","Amplify","Nunchaku","Capacitor"],"campfire_rested":1,"item_purchase_floors":[14,21,21,36,45,45,45,53],"current_hp_per_floor":[71,71,76,60,49,2,26,19,19,15,13,18,18,33,33,33,85,85,85,85,85,85,85,85,85,85,85,85,85,85,85,85,85,85,85,85,85,85,85,83,83,83,83,83,85,85,85,85,85,72,85,85,85,81,78],"gold":78,"neow_bonus":"RANDOM_COMMON_RELIC","is_daily":false,"chose_seed":false,"campfire_upgraded":8,"win_rate":0.0,"timestamp":1611561499,"path_taken":["M","M","?","?","?","E","R","E","T","M","M","M","R","$","R","BOSS","M","M","?","$","M","E","M","R","T","M","E","R","M","?","R","BOSS","M","$","?","M","?","E","R","E","T","?","$","E","R","E","R","BOSS","R","$","E","BOSS"],"items_purchased_type":["Relic","Relic","Relic","Relic","Relic","Card","Relic","Card"],"build_version":"2020-12-22","purchased_purges":5,"victory":true,"max_hp_per_floor":[75,75,80,80,80,80,80,80,80,80,80,85,85,85,85,85,85,85,85,85,85,85,85,85,85,85,85,85,85,85,85,85,85,85,85,85,85,85,85,85,85,85,85,85,85,85,85,85,85,85,85,85,85,85,85],"card_choices":[{"not_picked":["Leap","Compile Driver"],"picked":"BootSequence","floor":1},{"not_picked":["Rebound","Sunder"],"picked":"Streamline","floor":2},{"not_picked":["Double Energy","Steam Power"],"picked":"Cold Snap","floor":6},{"not_picked":["Barrage","Turbo"],"picked":"Buffer","floor":8},{"not_picked":["Double Energy","Capacitor"],"picked":"Glacier","floor":10},{"not_picked":["Sweeping Beam","Double Energy"],"picked":"Coolheaded","floor":11},{"not_picked":["FTL","Chaos"],"picked":"Leap","floor":12},{"not_picked":["Thunder Strike","Multi-Cast"],"picked":"All For One","floor":16},{"not_picked":["Ball Lightning","Auto Shields"],"picked":"Hologram+1","floor":18},{"not_picked":["Sweeping Beam","Auto Shields+1"],"picked":"Sunder+1","floor":19},{"not_picked":["Scrape+1","Rebound"],"picked":"Undo+1","floor":22},{"not_picked":["Aggregate","Barrage"],"picked":"White Noise+1","floor":23},{"not_picked":["Barrage","White Noise"],"picked":"Ball Lightning+1","floor":28},{"not_picked":["Buffer","Hyperbeam"],"picked":"Echo Form","floor":33},{"not_picked":["Beam Cell+1","Compile Driver"],"picked":"Sunder+1","floor":35},{"not_picked":["Streamline+1","Go for the Eyes"],"picked":"Loop+1","floor":36},{"not_picked":["Go for the Eyes+1","Conserve Battery"],"picked":"Doom and Gloom","floor":36},{"not_picked":["Leap+1","Consume"],"picked":"Biased Cognition","floor":38},{"not_picked":["Leap","Streamline"],"picked":"Melter+1","floor":40},{"not_picked":["Rebound","Turbo+1","Barrage"],"picked":"SKIP","floor":42},{"not_picked":["Pray","Blood for Blood"],"picked":"Flame Barrier","floor":46},{"not_picked":["Heavy Blade","Weave+1"],"picked":"WaveOfTheHand","floor":48},{"not_picked":["Gash","Clash"],"picked":"Deep Breath+1","floor":54}],"player_experience":366159,"relics_obtained":[{"floor":6,"key":"Bronze Scales"},{"floor":8,"key":"Matryoshka"},{"floor":9,"key":"Happy Flower"},{"floor":9,"key":"MealTicket"},{"floor":23,"key":"Tiny Chest"},{"floor":26,"key":"Whetstone"},{"floor":26,"key":"Shuriken"},{"floor":28,"key":"WingedGreaves"},{"floor":40,"key":"Symbiotic Virus"},{"floor":42,"key":"Bottled Lightning"},{"floor":44,"key":"Unceasing Top"},{"floor":46,"key":"Lantern"},{"floor":48,"key":"Lizard Tail"},{"floor":54,"key":"Eternal Feather"}],"event_choices":[{"damage_healed":0,"gold_gain":0,"player_choice":"Donut","damage_taken":0,"max_hp_gain":5,"max_hp_loss":0,"event_name":"Big Fish","floor":3,"gold_loss":0},{"damage_healed":0,"gold_gain":0,"player_choice":"Entered Light","damage_taken":16,"max_hp_gain":0,"max_hp_loss":0,"event_name":"Shining Light","floor":4,"gold_loss":0,"cards_upgraded":["Defend_B","Strike_B"]},{"damage_healed":0,"gold_gain":75,"player_choice":"Gather Gold","damage_taken":11,"max_hp_gain":0,"max_hp_loss":0,"event_name":"World of Goop","floor":5,"gold_loss":0},{"damage_healed":0,"gold_gain":0,"cards_transformed":["Strike_B","Strike_B"],"player_choice":"Became Test Subject","damage_taken":0,"max_hp_gain":0,"max_hp_loss":0,"event_name":"Drug Dealer","floor":20,"gold_loss":0,"cards_obtained":["Core Surge","Recycle"]},{"damage_healed":0,"gold_gain":0,"player_choice":"Bet on Murderer","damage_taken":0,"max_hp_gain":0,"max_hp_loss":0,"event_name":"The Joust","floor":31,"gold_loss":50},{"damage_healed":0,"gold_gain":275,"player_choice":"Desecrate","damage_taken":0,"max_hp_gain":0,"max_hp_loss":0,"event_name":"Golden Shrine","floor":39,"gold_loss":0,"cards_obtained":["Regret"]}],"is_beta":false,"boss_relics":[{"not_picked":["Coffee Dripper","Inserter"],"picked":"Snecko Eye"},{"not_picked":["SacredBark","Fusion Hammer"],"picked":"Cursed Key"}],"items_purged_floors":[14,21,36,45,53],"is_endless":false,"potions_floor_spawned":[6,10,12,23,24,27,28,30,35,46,48],"ascension_level":3}}