{"host":"ey9liw7emv7vgjgw","time":1611594338,"event":{"mods":["Act Like it!","BaseMod","Gensokyo","Minty Spire (QoL Compilation)","Remilia£®¿Ÿ√◊¿Ú—«£©","StSLib","The Administrix","Youmu£®ªÍ∆«—˝√Œ£©","Yuyuko"],"gold_per_floor":[109,109,127,146,146,146,172,189,235,250,250,278,291,291,291,414,414,451,481,491,511,511],"floor_reached":21,"language":"ZHS","playtime":2012,"items_purged":[],"score":268,"play_id":"76f25c78-9cae-4b45-8cd8-4160b40dbdd9","local_time":"20210126010538","is_ascension_mode":false,"campfire_choices":[{"data":"ScarletImprint","floor":6.0,"key":"SMITH"},{"data":"FavorOfDestiny","floor":15.0,"key":"SMITH"}],"circlet_count":0,"master_deck":["Strike_RM","Strike_RM","Strike_RM","Strike_RM","Defend_RM","Defend_RM","Defend_RM","RedMoon","ScarletShoot+1","FavorOfDestiny+1","BlasphemousPunishment","ScarletImprint+1","MastersStateliness","BloodySeventeenLaser","RedRainbow","ScarletMeister","BloodHunter+1"],"relics":["ScarletHat","Ornamental Fan","Blood Vial","Omamori","APieceOfRedMist"],"acts_visited":["Exordium","Gensokyo:Gensokyoer"],"potions_floor_usage":[20],"damage_taken":[{"damage":0.0,"enemies":"Cultist","floor":1.0,"turns":4.0},{"damage":2.0,"enemies":"2 Louse","floor":3.0,"turns":3.0},{"damage":11.0,"enemies":"Jaw Worm","floor":4.0,"turns":4.0},{"damage":11.0,"enemies":"3 Sentries","floor":7.0,"turns":9.0},{"damage":0.0,"enemies":"Red Slaver","floor":8.0,"turns":4.0},{"damage":0.0,"enemies":"Blue Slaver","floor":10.0,"turns":3.0},{"damage":10.0,"enemies":"Lagavulin","floor":12.0,"turns":6.0},{"damage":0.0,"enemies":"Gremlin Gang","floor":13.0,"turns":3.0},{"damage":10.0,"enemies":"Slime Boss","floor":16.0,"turns":7.0},{"damage":24.0,"enemies":"Gensokyo:2_Gloops","floor":18.0,"turns":6.0},{"damage":17.0,"enemies":"Gensokyo:3_Dogs","floor":19.0,"turns":4.0},{"damage":30,"enemies":"Gensokyo:Swordslinger","floor":20,"turns":3},{"damage":35,"enemies":"Gensokyo:Chomper_and_Gloop","floor":21,"turns":4}],"seed_played":"68831328020875008","potions_obtained":[{"floor":3.0,"key":"DestinyDice"},{"floor":4.0,"key":"DuplicationPotion"},{"floor":4.0,"key":"SneckoOil"},{"floor":7.0,"key":"Fire Potion"},{"floor":8.0,"key":"Fire Potion"},{"floor":10.0,"key":"DistilledChaos"},{"floor":12.0,"key":"GamblersBrew"},{"floor":13.0,"key":"DistilledChaos"},{"floor":19.0,"key":"SneckoOil"}],"is_trial":false,"path_per_floor":["M","?","M","M","?","R","E","M","T","M","T","E","M","?","R","B",null,"M","M","M","M"],"character_chosen":"REMILIA","items_purchased":[],"campfire_rested":0,"item_purchase_floors":[],"current_hp_per_floor":[82,82,82,72,77,77,70,74,74,76,76,77,79,79,79,75,87,63,55,32,0,0],"gold":511,"neow_bonus":"TEN_PERCENT_HP_BONUS","is_daily":false,"chose_seed":false,"campfire_upgraded":2,"win_rate":0.0,"timestamp":1611594338,"path_taken":["M","?","M","?","?","R","E","M","T","M","?","E","?","?","R","BOSS","M","?","M","M"],"items_purchased_type":[],"build_version":"2020-12-22","purchased_purges":0,"victory":false,"max_hp_per_floor":[82,82,82,82,87,87,87,87,87,87,87,87,87,87,87,87,87,87,87,87,87,87],"card_choices":[{"not_picked":["BlasphemousPunishment","BloodHunter"],"picked":"FavorOfDestiny","floor":1.0},{"not_picked":["TwelveNightmare","ScarletDevil"],"picked":"BlasphemousPunishment","floor":3.0},{"not_picked":["EndlessAdversity","UnstableMagic"],"picked":"ScarletImprint","floor":4.0},{"not_picked":["EndlessAdversity","ScarletDream","VampireSweep"],"picked":"SKIP","floor":7.0},{"not_picked":["NightDance","ScarletDevil"],"picked":"MastersStateliness","floor":8.0},{"not_picked":["NightDance","CharismaGuard","MastersStateliness"],"picked":"SKIP","floor":10.0},{"not_picked":["ScarletDevilSign","NightDance"],"picked":"BloodySeventeenLaser","floor":12.0},{"not_picked":["Stigmanizer","NightDance"],"picked":"RedRainbow","floor":13.0},{"not_picked":["TransientEternity","ChaoticDestiny"],"picked":"ScarletMeister","floor":16.0},{"not_picked":["StarOfDavid+1","Stigmanizer+1"],"picked":"BloodHunter+1","floor":18.0},{"not_picked":["ScarletDevil+1","VampireFantasy+1","ScarletGensokyo"],"picked":"SKIP","floor":19.0},{"not_picked":["ScarletDevil","UnstableMagic","CharismaGuard+1"],"picked":"SKIP","floor":20}],"player_experience":152320,"relics_obtained":[{"floor":7.0,"key":"Ornamental Fan"},{"floor":11.0,"key":"Blood Vial"},{"floor":12.0,"key":"Omamori"}],"event_choices":[{"damage_healed":0.0,"max_hp_gain":0.0,"max_hp_loss":0.0,"gold_gain":0.0,"event_name":"Upgrade Shrine","player_choice":"Upgraded","floor":2.0,"gold_loss":0.0,"damage_taken":0.0,"cards_upgraded":["ScarletShoot"]},{"damage_healed":0.0,"max_hp_gain":5.0,"max_hp_loss":0.0,"gold_gain":0.0,"event_name":"Big Fish","player_choice":"Donut","floor":5.0,"gold_loss":0.0,"damage_taken":0.0},{"cards_removed":["Defend_RM"],"damage_healed":0.0,"max_hp_gain":0.0,"max_hp_loss":0.0,"gold_gain":0.0,"event_name":"Purifier","player_choice":"Purged","floor":14.0,"gold_loss":0.0,"damage_taken":0.0}],"is_beta":false,"boss_relics":[{"not_picked":["Fusion Hammer","Tiny House"],"picked":"APieceOfRedMist"}],"items_purged_floors":[],"is_endless":false,"potions_floor_spawned":[4,7,8,12,19],"killed_by":"Gensokyo:Chomper_and_Gloop","ascension_level":0}}