{"host":"d8hh7rr4yzitjeuj","time":1611566738,"event":{"mods":["2.2 Compatiblity","AchievementEnabler","Act Like it!","BaseMod","Colored Map","Colored Powertips","Highlight Path","Keyboard Shortcuts","Minty Spire (QoL Compilation)","Permanent Neow","Quick Restart","StSLib","SuperFastMode"],"gold_per_floor":[113,126,126,142,25,54,71,102,184,184,184],"floor_reached":10,"language":"KOR","playtime":259,"items_purged":[],"score":156,"play_id":"c8c0a8f0-e750-4a5d-ac29-cf8d545ba29a","local_time":"20210125182538","is_ascension_mode":true,"campfire_choices":[],"circlet_count":0,"master_deck":["AscendersBane","Strike_R","Strike_R","Strike_R","Strike_R","Strike_R","Defend_R","Defend_R","Defend_R","Defend_R","Bash","Flame Barrier","Second Wind","Body Slam","Clothesline","Carnage","Entrench","Fire Breathing","Shrug It Off"],"relics":["Burning Blood","Girya","Darkstone Periapt"],"acts_visited":["Exordium"],"potions_floor_usage":[7,8],"damage_taken":[{"damage":6.0,"enemies":"Cultist","floor":1.0,"turns":3.0},{"damage":4.0,"enemies":"2 Louse","floor":2.0,"turns":5.0},{"damage":4.0,"enemies":"Small Slimes","floor":4.0,"turns":4.0},{"damage":35.0,"enemies":"Gremlin Nob","floor":6.0,"turns":5.0},{"damage":12,"enemies":"Gremlin Gang","floor":7,"turns":4},{"damage":34,"enemies":"Lagavulin","floor":8,"turns":5},{"damage":21,"enemies":"Gremlin Nob","floor":10,"turns":3}],"seed_played":"-6659964148171704618","potions_obtained":[{"floor":4.0,"key":"Explosive Potion"},{"floor":7,"key":"AttackPotion"}],"is_trial":false,"path_per_floor":["M","M","?","M","$","E","M","E","T","E"],"character_chosen":"IRONCLAD","items_purchased":["Carnage","Entrench"],"campfire_rested":0,"item_purchase_floors":[5,5],"current_hp_per_floor":[68,70,70,72,72,43,37,9,9,0,0],"gold":184,"neow_bonus":"THREE_CARDS","is_daily":false,"chose_seed":false,"campfire_upgraded":0,"win_rate":0.0,"timestamp":1611566738,"path_taken":["M","M","?","M","$","E","M","E","T","E"],"items_purchased_type":["Card","Card"],"build_version":"2020-12-22","purchased_purges":0,"victory":false,"max_hp_per_floor":[75,75,75,75,75,75,75,75,75,75,75],"card_choices":[{"not_picked":["Body Slam","Rupture"],"picked":"Flame Barrier","floor":0.0},{"not_picked":["Havoc","Dark Embrace"],"picked":"Second Wind","floor":1.0},{"not_picked":["Iron Wave","Power Through"],"picked":"Body Slam","floor":2.0},{"not_picked":["Sentinel","Iron Wave"],"picked":"Clothesline","floor":4.0},{"not_picked":["Flex","Sentinel"],"picked":"Fire Breathing","floor":6},{"not_picked":["Heavy Blade","Anger","Perfected Strike"],"picked":"SKIP","floor":7},{"not_picked":["Dark Embrace","True Grit"],"picked":"Shrug It Off","floor":8}],"player_experience":1453159,"relics_obtained":[{"floor":8,"key":"Girya"},{"floor":9,"key":"Darkstone Periapt"}],"event_choices":[{"damage_healed":0.0,"max_hp_gain":0.0,"max_hp_loss":0.0,"gold_gain":0.0,"event_name":"The Cleric","player_choice":"Leave","floor":3.0,"gold_loss":0.0,"damage_taken":0.0}],"is_beta":false,"boss_relics":[],"items_purged_floors":[],"is_endless":false,"potions_floor_spawned":[4,7],"killed_by":"Gremlin Nob","ascension_level":20}}