{"host":"xmrw7jl1ir2912vf","time":1611544532,"event":{"mods":["BaseMod","Minty Spire (QoL Compilation)","Relic Stats"],"gold_per_floor":[215,226,226,242,50,50,63,83,107,107,126,155,165,190,190,190,190],"floor_reached":16,"language":"ENG","playtime":732,"items_purged":["Decay"],"score":160,"play_id":"22120d23-4845-4dfb-a28a-9b1a86e2806e","local_time":"20210124221532","is_ascension_mode":true,"campfire_choices":[{"data":"Sweeping Beam","floor":6,"key":"SMITH"},{"data":"Consume","floor":10,"key":"SMITH"},{"data":"Zap","floor":15,"key":"SMITH"}],"circlet_count":0,"master_deck":["Strike_B","Strike_B","Strike_B","Strike_B","Defend_B","Defend_B","Defend_B","Defend_B","Zap+1","Dualcast","Sweeping Beam+1","Rebound","Compile Driver","Cold Snap","Consume+1","Hologram","Glacier","Go for the Eyes","BootSequence"],"relics":["Cracked Core","Membership Card","Oddly Smooth Stone","Regal Pillow","Smiling Mask"],"acts_visited":["Exordium"],"potions_floor_usage":[12,14],"damage_taken":[{"damage":1,"enemies":"Cultist","floor":1,"turns":3},{"damage":0,"enemies":"Small Slimes","floor":2,"turns":3},{"damage":0,"enemies":"2 Louse","floor":4,"turns":3},{"damage":0,"enemies":"Exordium Wildlife","floor":7,"turns":2},{"damage":12,"enemies":"Looter","floor":8,"turns":3},{"damage":8,"enemies":"Blue Slaver","floor":11,"turns":3},{"damage":11,"enemies":"Gremlin Nob","floor":12,"turns":3},{"damage":5,"enemies":"Large Slime","floor":13,"turns":5},{"damage":11,"enemies":"3 Sentries","floor":14,"turns":7},{"damage":18,"enemies":"Slime Boss","floor":16,"turns":6}],"seed_played":"8020364759391023839","potions_obtained":[{"floor":7,"key":"BlessingOfTheForge"},{"floor":8,"key":"LiquidBronze"},{"floor":13,"key":"PowerPotion"},{"floor":14,"key":"SmokeBomb"}],"is_trial":false,"path_per_floor":["M","M","?","M","$","R","M","M","T","R","M","E","M","E","R","B"],"character_chosen":"DEFECT","items_purchased":["Membership Card","Cold Snap"],"campfire_rested":0,"item_purchase_floors":[5,5],"current_hp_per_floor":[67,67,67,67,67,67,67,55,55,55,47,36,31,20,20,2,2],"gold":190,"neow_bonus":"HUNDRED_GOLD","is_daily":false,"chose_seed":false,"campfire_upgraded":3,"win_rate":0.0,"timestamp":1611544532,"path_taken":["M","M","?","?","$","R","M","M","T","R","M","E","M","E","R","BOSS"],"items_purchased_type":["Relic","Card"],"build_version":"2020-12-22","purchased_purges":1,"victory":false,"max_hp_per_floor":[75,75,75,75,75,75,75,75,75,75,75,75,75,75,75,75,75],"relic_stats":{"Regal Pillow":0,"counters":[10,38],"Smiling Mask":0,"obtain_stats":[{"Regal Pillow":12,"Oddly Smooth Stone":9,"Membership Card":5,"Cracked Core":0,"Smiling Mask":14},{"Regal Pillow":7,"Oddly Smooth Stone":5,"Membership Card":3,"Cracked Core":0,"Smiling Mask":9},{"Regal Pillow":20,"Oddly Smooth Stone":14,"Membership Card":9,"Cracked Core":0,"Smiling Mask":32}]},"card_choices":[{"not_picked":["Rebound","Gash"],"picked":"Sweeping Beam","floor":1},{"not_picked":["Sweeping Beam","Steam Power"],"picked":"Rebound","floor":2},{"not_picked":["Barrage","Sweeping Beam"],"picked":"Compile Driver","floor":4},{"not_picked":["Stack","Conserve Battery"],"picked":"Consume","floor":7},{"not_picked":["Barrage","Gash"],"picked":"Hologram","floor":8},{"not_picked":["Barrage","Compile Driver"],"picked":"Glacier","floor":11},{"not_picked":["Stack","Fission"],"picked":"Go for the Eyes","floor":12},{"not_picked":["Skim","Streamline"],"picked":"BootSequence","floor":13},{"not_picked":["Meteor Strike","Force Field","Melter"],"picked":"SKIP","floor":14}],"player_experience":408146,"relics_obtained":[{"floor":9,"key":"Oddly Smooth Stone"},{"floor":12,"key":"Regal Pillow"},{"floor":14,"key":"Smiling Mask"}],"event_choices":[{"damage_healed":0,"gold_gain":0,"player_choice":"Cursed","damage_taken":0,"max_hp_gain":0,"max_hp_loss":0,"event_name":"Wheel of Change","floor":3,"gold_loss":0,"cards_obtained":["Decay"]}],"is_beta":false,"boss_relics":[],"items_purged_floors":[5],"is_endless":false,"potions_floor_spawned":[7,8,13,14],"killed_by":"Slime Boss","ascension_level":8}}