{"host":"j4js999tahsli5mc","time":1611558530,"event":{"mods":["AchievementEnabler","Act Like it!","Aspiration","BaseMod","Beaked The Cultist","Better Note","Better Silent Start","Downfall","Energized Spire","GifTheSpireLib","Hermit","Hubris","Lobotomy","LobotomyExtend","Minty Spire (QoL Compilation)","Rare Cards Sparkle","Replay The Spire","StSLib","The Blue Laboratory","The Bug Knight"],"gold_per_floor":[116,135,135,135,154,179,179,179,179,179,279,293,326,341,341,441,441,441,458,458,471,103,103,121,138,138,138,165,165,184,1,1,105,105,115,115,135,153,153,153,165,119,165,165,165,184,184,139,139,139,139,139,139,34,66,66,66],"floor_reached":56,"language":"ENG","playtime":4103,"items_purged":[],"score":750,"play_id":"a4034cf0-be7b-49fc-afee-3946767b5049","local_time":"20210125020850","is_ascension_mode":false,"campfire_choices":[{"floor":7.0,"key":"RECALL"},{"floor":10.0,"key":"REST"},{"data":"Envenom","floor":15.0,"key":"SMITH"},{"floor":29.0,"key":"REST"},{"data":"Catalyst","floor":32.0,"key":"SMITH"},{"floor":40.0,"key":"REST"},{"data":"Poisoned Stab","floor":44.0,"key":"SMITH"},{"data":"Stack","floor":49.0,"key":"SMITH"},{"data":"Poisoned Stab","floor":53.0,"key":"SMITH"}],"circlet_count":0,"master_deck":["Strike_G","Strike_G","Strike_G","Strike_G","Defend_G","Defend_G+1","Defend_G+1","Defend_G","Survivor","Neutralize","QueenOfHatred","Flying Knee","GreedKing","Envenom+1","UniverseFragment","Slice","All Out Attack","Catalyst+1","CENSORED","Quick Slash","Bouncing Flask","Adrenaline","BeautyBeast","Core Surge","ShyLook","Poisoned Stab+1","Dagger Spray","Dagger Spray","Lockon","Steam","Conserve Battery","Finisher+1","Cold Snap+1","BlueStar","Dodge and Roll+1","Stack+1","Auto Shields","Rebound","Seek","Poisoned Stab+1","OSAHOGD","Flying Knee+1","Deadly Poison","Deadly Poison","Steam","Go for the Eyes+1","Writhe","Ball Lightning","Deadly Poison","LongBird","Rebound"],"relics":["Ring of the Snake","CogitoBucket","LetterFromLob","aspiration:SneckoTail","hubris:Towel","MealTicket","AdjustmentMirror","aspiration:DefectSkillbook","HollowMod:PaleOreRelic","Simple Rune","AspirationHeart","Lantern","PreservedInsect","energizedSpire:OgreHead","AtMidnight","hubris:ToyBattleship","hubris:Metronome"],"acts_visited":["Exordium","TheCity","TheBeyond","TheEnding"],"potions_floor_usage":[56,56,56],"damage_taken":[{"damage":0.0,"enemies":"Jaw Worm","floor":1.0,"turns":4.0},{"damage":1.0,"enemies":"Small Slimes","floor":2.0,"turns":3.0},{"damage":0.0,"enemies":"Cultist","floor":5.0,"turns":4.0},{"damage":23.0,"enemies":"Lagavulin","floor":6.0,"turns":7.0},{"damage":0.0,"enemies":"2 Fungi Beasts","floor":12.0,"turns":3.0},{"damage":11.0,"enemies":"3 Sentries","floor":13.0,"turns":9.0},{"damage":23.0,"enemies":"Exordium Wildlife","floor":14.0,"turns":5.0},{"damage":59.0,"enemies":"Slime Boss","floor":16.0,"turns":10.0},{"damage":9.0,"enemies":"Spheric Guardian","floor":19.0,"turns":5.0},{"damage":9.0,"enemies":"Shell Parasite","floor":21.0,"turns":6.0},{"damage":0.0,"enemies":"Centurion and Healer","floor":24.0,"turns":6.0},{"damage":22.0,"enemies":"Cultist and Chosen","floor":25.0,"turns":7.0},{"damage":12.0,"enemies":"Gremlin Leader","floor":28.0,"turns":6.0},{"damage":11.0,"enemies":"Snake Plant","floor":30.0,"turns":4.0},{"damage":97.0,"enemies":"hubris:MusketHawk","floor":33.0,"turns":10.0},{"damage":14.0,"enemies":"Orb Walker","floor":35.0,"turns":5.0},{"damage":29.0,"enemies":"3 Darklings","floor":37.0,"turns":20.0},{"damage":10.0,"enemies":"Spire Growth","floor":38.0,"turns":4.0},{"damage":7.0,"enemies":"Sphere and 2 Shapes","floor":41.0,"turns":3.0},{"damage":19.0,"enemies":"3 Darklings","floor":46.0,"turns":5.0},{"damage":73.0,"enemies":"Awakened One","floor":50.0,"turns":13.0},{"damage":63.0,"enemies":"Shield and Spear","floor":55.0,"turns":5.0},{"damage":65,"enemies":"The Heart","floor":56,"turns":5}],"seed_played":"7561373122199874765","potions_obtained":[{"floor":1.0,"key":"blueLaboratory:FruitPunch"},{"floor":13.0,"key":"GamblersBrew"},{"floor":16.0,"key":"Fire Potion"},{"floor":21.0,"key":"blueLaboratory:TrueEctoplasm"},{"floor":25.0,"key":"blueLaboratory:BlinkPotion"},{"floor":30.0,"key":"blueLaboratory:PyrophylliteBrew"},{"floor":35.0,"key":"blueLaboratory:Virophage"},{"floor":36.0,"key":"blueLaboratory:HummingbirdPotion"},{"floor":37.0,"key":"Fruit Juice"},{"floor":55.0,"key":"blueLaboratory:SuffocatingSmog"}],"is_trial":false,"path_per_floor":["M","M","$","?","M","E","R","?","T","R","?","M","E","M","R","B",null,"M","M","?","M","$","?","M","M","T","?","E","R","M","$","R","B",null,"M","?","M","M","?","R","M","$","T","R","?","M","?","$","R","B",null,null,"R","$","E","B"],"character_chosen":"THE_SILENT","items_purchased":["blueLaboratory:FruitPunch","Dagger Spray","Lockon","Steam","Simple Rune","Stack","Auto Shields","blueLaboratory:LouseDecoction","Rebound","Steam","Ball Lightning","Strength Potion","Deadly Poison"],"campfire_rested":3,"item_purchase_floors":[22,22,22,22,22,31,31,31,31,42,48,54,54],"current_hp_per_floor":[70,71,71,71,72,55,55,55,55,72,72,72,69,70,70,40,72,72,66,66,68,72,72,74,65,65,65,69,84,82,84,84,32,84,74,74,62,61,61,87,88,89,89,89,89,76,89,89,89,48,48,89,89,89,54,0,0],"gold":66,"neow_bonus":"","is_daily":false,"chose_seed":false,"campfire_upgraded":5,"win_rate":0.0,"timestamp":1611558530,"path_taken":["M","M","$","?","M","E","R","?","T","R","?","M","E","?","R","BOSS","M","M","?","M","$","?","M","?","T","?","E","R","M","?","R","BOSS","M","?","?","M","?","R","M","$","T","R","?","M","?","?","R","BOSS","R","$","E","BOSS"],"items_purchased_type":["Potion","Card","Card","Card","Relic","Card","Card","Potion","Card","Card","Card","Potion","Card"],"build_version":"2020-12-22","purchased_purges":0,"victory":false,"max_hp_per_floor":[70,72,72,72,72,72,72,72,72,72,72,72,72,72,72,72,72,72,72,72,72,72,72,74,84,84,84,84,84,84,84,84,84,84,84,84,84,89,89,89,89,89,89,89,89,89,89,89,89,89,89,89,89,89,89,89,89],"card_choices":[{"not_picked":["CrumblingArmor","UniverseFragment"],"picked":"QueenOfHatred","floor":1.0},{"not_picked":["Outmaneuver","Caltrops"],"picked":"Flying Knee","floor":1.0},{"not_picked":["Freischutz","MeatLantern"],"picked":"GreedKing","floor":2.0},{"not_picked":["Dodge and Roll","Choke"],"picked":"Envenom","floor":2.0},{"not_picked":["HeroicMonk","Yin"],"picked":"UniverseFragment","floor":5.0},{"not_picked":["Prepared","hubris:SlightOfHand"],"picked":"Slice","floor":5.0},{"not_picked":["BlackSwan","HappyTeddy","MHz"],"picked":"Singing Bowl","floor":6.0},{"not_picked":["Unload","Sucker Punch"],"picked":"All Out Attack","floor":6.0},{"not_picked":["Rudolta","Bloodbath","SilentOrchestra"],"picked":"Singing Bowl","floor":12.0},{"not_picked":["Deflect","Acrobatics"],"picked":"Catalyst","floor":12.0},{"not_picked":["LittlePrince","DreamingCurrent","FairyFestival"],"picked":"Singing Bowl","floor":13.0},{"not_picked":["DespairKnight","GalaxyChild"],"picked":"CENSORED","floor":13.0},{"not_picked":["Prepared","ReplayTheSpireMod:From All Sides"],"picked":"Quick Slash","floor":13.0},{"not_picked":["BlackSwan","CherryBlossoms","MHz"],"picked":"Singing Bowl","floor":14.0},{"not_picked":["Prepared","Caltrops"],"picked":"Bouncing Flask","floor":14.0},{"not_picked":["DespairKnight","MHz","Scorched"],"picked":"Singing Bowl","floor":16.0},{"not_picked":["aspiration:Lunge","Unload"],"picked":"Adrenaline","floor":16.0},{"not_picked":["MeatLantern","MHz","Scorched"],"picked":"Singing Bowl","floor":19.0},{"not_picked":["MeatLantern","WallGazer"],"picked":"BeautyBeast","floor":19.0},{"not_picked":["Recycle","Calculated Gamble+1","Hidden Blade+1"],"picked":"Core Surge","floor":19.0},{"not_picked":["Scarecrow","Wellcheers","RedShoes"],"picked":"Singing Bowl","floor":21.0},{"not_picked":["LaLuna","OSAHOGD"],"picked":"ShyLook","floor":21.0},{"not_picked":["Prepared+1","Go for the Eyes","Cloak And Dagger"],"picked":"Poisoned Stab","floor":21.0},{"not_picked":["Wellcheers","MeatLantern","FairyFestival"],"picked":"Singing Bowl","floor":24.0},{"not_picked":["Sneak Up","Deflect","Streamline+1"],"picked":"Conserve Battery","floor":24.0},{"not_picked":["Porccubus","CherryBlossoms","VoidDream"],"picked":"Singing Bowl","floor":25.0},{"not_picked":["Undo","Go for the Eyes","Prepared"],"picked":"Finisher+1","floor":25.0},{"not_picked":["BlackSwan","MHz","BigBird"],"picked":"Singing Bowl","floor":28.0},{"not_picked":["Cloak And Dagger","Envenom","Dodge and Roll+1"],"picked":"Cold Snap+1","floor":28.0},{"not_picked":["RedShoes","Yin"],"picked":"BlueStar","floor":30.0},{"not_picked":["Darkness","Rebound+1","Deflect"],"picked":"Dodge and Roll+1","floor":30.0},{"not_picked":["QueenBee","Funeral","Bloodbath"],"picked":"Singing Bowl","floor":33.0},{"not_picked":["hubris:Prefetch","Hyperbeam","Thunder Strike"],"picked":"Seek","floor":33.0},{"not_picked":["Variant","BigBadWolf","HeroicMonk"],"picked":"Singing Bowl","floor":35.0},{"not_picked":["Turbo+1","Dagger Throw+1","Hologram"],"picked":"Poisoned Stab","floor":35.0},{"not_picked":["LongBird","SpiderBud"],"picked":"OSAHOGD","floor":37.0},{"not_picked":["Compile Driver+1","Distraction+1","Underhanded Strike+1"],"picked":"Flying Knee+1","floor":37.0},{"not_picked":["Woodsman","BigBadWolf","Porccubus"],"picked":"Singing Bowl","floor":38.0},{"not_picked":["Storm of Steel","Coolheaded+1","Rebound+1"],"picked":"Deadly Poison","floor":38.0},{"not_picked":["SilentOrchestra","Laetitia","Rudolta"],"picked":"Singing Bowl","floor":41.0},{"not_picked":["Panic Button","Streamline","Quick Slash+1"],"picked":"Deadly Poison","floor":41.0},{"not_picked":["FieryBird","Rudolta","HeroicMonk"],"picked":"Singing Bowl","floor":46.0},{"not_picked":["Terror+1","Crystallizer+1","Hidden Blade+1"],"picked":"Go for the Eyes+1","floor":46.0},{"not_picked":["Variant","Laetitia"],"picked":"LongBird","floor":55.0},{"not_picked":["Thunder Strike","Hidden Blade","Sweeping Beam+1"],"picked":"Rebound","floor":55.0}],"player_experience":499636,"relics_obtained":[{"floor":1.0,"key":"LetterFromLob"},{"floor":6.0,"key":"aspiration:SneckoTail"},{"floor":13.0,"key":"MealTicket"},{"floor":20.0,"key":"HollowMod:PaleOreRelic"},{"floor":26.0,"key":"Lantern"},{"floor":28.0,"key":"PreservedInsect"},{"floor":37.0,"key":"AtMidnight"},{"floor":43.0,"key":"hubris:ToyBattleship"},{"floor":55.0,"key":"hubris:Metronome"}],"event_choices":[{"damage_healed":0.0,"max_hp_gain":0.0,"max_hp_loss":0.0,"gold_gain":100.0,"event_name":"Golden Shrine","player_choice":"Pray","floor":11.0,"gold_loss":0.0,"damage_taken":0.0},{"damage_healed":0.0,"max_hp_gain":0.0,"max_hp_loss":0.0,"gold_gain":0.0,"event_name":"Wheel of Change","player_choice":"Relic","floor":20.0,"gold_loss":0.0,"damage_taken":0.0},{"damage_healed":0.0,"max_hp_gain":0.0,"max_hp_loss":0.0,"gold_gain":0.0,"event_name":"betterNote:BetterNote","player_choice":"Ignored","floor":23.0,"gold_loss":0.0,"damage_taken":0.0,"cards_obtained":["Self Repair"]},{"damage_healed":0.0,"max_hp_gain":0.0,"max_hp_loss":0.0,"gold_gain":0.0,"event_name":"Ghosts","player_choice":"Ignored","floor":27.0,"gold_loss":0.0,"damage_taken":0.0},{"damage_healed":0.0,"max_hp_gain":0.0,"max_hp_loss":0.0,"gold_gain":0.0,"event_name":"Lab","player_choice":"Got Potions","floor":36.0,"gold_loss":0.0,"damage_taken":0.0},{"damage_healed":22.0,"max_hp_gain":0.0,"max_hp_loss":0.0,"gold_gain":0.0,"event_name":"Winding Halls","player_choice":"Writhe","floor":47.0,"gold_loss":0.0,"damage_taken":0.0,"cards_obtained":["Writhe"]}],"is_beta":false,"boss_relics":[{"not_picked":["Astrolabe","aspiration:BeakedSkillbook"],"picked":"aspiration:DefectSkillbook"},{"not_picked":["hubris:VirtuousBlindfold","Fusion Hammer"],"picked":"energizedSpire:OgreHead"}],"items_purged_floors":[],"is_endless":false,"potions_floor_spawned":[1,5,13,16,21,25,30,35,37,55],"killed_by":"The Heart","ascension_level":0}}