{"host":"qekv59dthhdg54sz","time":1611543670,"event":{"mods":["AchievementEnabler","BaseMod","Colored Map","DeckTracker","KOR Keyword Fix","Minty Spire (QoL Compilation)","Rare Cards Sparkle","StSLib","SuperFastMode"],"gold_per_floor":[109,121,4,4,4,31,31,62,85,85,105,105,5,19,19,95,95,110,110,0,0,0,0,18,18,18,50,50,50,50,69,69,69,69],"floor_reached":33,"language":"KOR","playtime":505,"items_purged":["Strike_G","Parasite"],"score":613,"play_id":"441bb253-10d5-4d36-99a2-f2c85e98d4a5","local_time":"20210125120110","is_ascension_mode":true,"campfire_choices":[{"data":"Noxious Fumes","floor":7.0,"key":"SMITH"},{"data":"Neutralize","floor":12.0,"key":"SMITH"},{"data":"Bane","floor":15.0,"key":"SMITH"},{"data":"Acrobatics","floor":23.0,"key":"SMITH"},{"data":"Prepared","floor":25.0,"key":"SMITH"},{"data":"Quick Slash","floor":29.0,"key":"PURGE"},{"floor":32.0,"key":"REST"}],"circlet_count":0,"master_deck":["AscendersBane","Defend_G","Defend_G+1","Defend_G","Defend_G","Survivor+1","Neutralize+1","Caltrops","Escape Plan","Noxious Fumes+1","Bane+1","Crippling Poison","Acrobatics+1","Bite","Bite","Bite","Bite","Prepared+1"],"relics":["Ring of the Snake","NeowsBlessing","Vajra","Toy Ornithopter","WristBlade","Sundial","Peace Pipe"],"acts_visited":["Exordium","TheCity"],"potions_floor_usage":[],"damage_taken":[{"damage":0.0,"enemies":"Small Slimes","floor":1.0,"turns":1.0},{"damage":0.0,"enemies":"2 Louse","floor":2.0,"turns":1.0},{"damage":0.0,"enemies":"Gremlin Nob","floor":6.0,"turns":2.0},{"damage":19.0,"enemies":"3 Sentries","floor":8.0,"turns":6.0},{"damage":6.0,"enemies":"Cultist","floor":11.0,"turns":4.0},{"damage":3.0,"enemies":"Large Slime","floor":14.0,"turns":5.0},{"damage":8.0,"enemies":"Hexaghost","floor":16.0,"turns":9.0},{"damage":0.0,"enemies":"3 Byrds","floor":18.0,"turns":4.0},{"damage":14.0,"enemies":"2 Thieves","floor":24.0,"turns":4.0},{"damage":55.0,"enemies":"Gremlin Leader","floor":27.0,"turns":9.0},{"damage":19.0,"enemies":"Sentry and Sphere","floor":31.0,"turns":5.0},{"damage":0,"enemies":"Collector","floor":33,"turns":1}],"seed_played":"2500384935313781023","potions_obtained":[{"floor":2.0,"key":"Explosive Potion"},{"floor":6.0,"key":"SkillPotion"},{"floor":14.0,"key":"Block Potion"},{"floor":27.0,"key":"AttackPotion"},{"floor":31.0,"key":"Dexterity Potion"}],"is_trial":false,"path_per_floor":["M","M","$","?","?","E","R","E","T","?","M","R","$","M","R","B",null,"M","?","?","?","$","R","M","R","T","E","$","R","?","M","R","B"],"character_chosen":"THE_SILENT","items_purchased":["Noxious Fumes"],"campfire_rested":1,"item_purchase_floors":[3],"current_hp_per_floor":[59,59,59,52,32,32,32,13,13,29,25,25,25,24,24,18,52,54,54,54,59,59,59,49,49,49,20,20,20,20,16,34,34,34],"gold":69,"neow_bonus":"THREE_ENEMY_KILL","is_daily":false,"chose_seed":false,"campfire_upgraded":5,"win_rate":0.0,"timestamp":1611543670,"path_taken":["M","M","$","?","?","E","R","E","T","?","M","R","$","M","R","BOSS","M","?","?","?","$","R","?","R","T","E","$","R","?","M","R","BOSS"],"items_purchased_type":["Card"],"build_version":"2020-12-22","purchased_purges":2,"victory":false,"max_hp_per_floor":[66,66,66,66,66,66,66,66,66,66,66,66,63,63,63,63,63,63,63,63,63,63,63,63,63,63,63,63,63,63,63,63,63,63],"card_choices":[{"not_picked":["Dodge and Roll","Sucker Punch"],"picked":"Caltrops","floor":1.0},{"not_picked":["Cloak And Dagger","Deflect"],"picked":"Escape Plan","floor":2.0},{"not_picked":["Deadly Poison","Leg Sweep"],"picked":"Quick Slash","floor":6.0},{"not_picked":["Dodge and Roll","Backstab","Poisoned Stab"],"picked":"SKIP","floor":8.0},{"not_picked":["Sucker Punch","Finisher"],"picked":"Bane","floor":11.0},{"not_picked":["Sucker Punch","Blade Dance"],"picked":"Crippling Poison","floor":14.0},{"not_picked":["Slice","Prepared"],"picked":"Acrobatics","floor":18.0},{"not_picked":["Acrobatics","Cloak And Dagger"],"picked":"Prepared","floor":24.0},{"not_picked":["Infinite Blades","Slice","Tools of the Trade"],"picked":"SKIP","floor":27.0},{"not_picked":["Blade Dance","Deflect","Caltrops"],"picked":"SKIP","floor":31.0}],"player_experience":822801,"relics_obtained":[{"floor":6.0,"key":"Vajra"},{"floor":8.0,"key":"Toy Ornithopter"},{"floor":9.0,"key":"Blood Vial"},{"floor":26.0,"key":"Sundial"},{"floor":27.0,"key":"Peace Pipe"}],"event_choices":[{"cards_removed":["Defend_G"],"damage_healed":0.0,"max_hp_gain":0.0,"max_hp_loss":0.0,"gold_gain":0.0,"event_name":"Golden Wing","player_choice":"Card Removal","floor":4.0,"gold_loss":0.0,"damage_taken":7.0},{"damage_healed":0.0,"max_hp_gain":0.0,"max_hp_loss":0.0,"gold_gain":0.0,"event_name":"Shining Light","player_choice":"Entered Light","floor":5.0,"gold_loss":0.0,"damage_taken":20.0,"cards_upgraded":["Defend_G","Survivor"]},{"damage_healed":16.0,"max_hp_gain":0.0,"max_hp_loss":0.0,"gold_gain":0.0,"event_name":"Mushrooms","player_choice":"Healed and dodged fight","floor":10.0,"gold_loss":0.0,"damage_taken":0.0,"cards_obtained":["Parasite"]},{"damage_healed":0.0,"max_hp_gain":0.0,"max_hp_loss":0.0,"gold_gain":0.0,"event_name":"Vampires","player_choice":"Became a vampire (Vial)","floor":19.0,"relics_lost":["Blood Vial"],"gold_loss":0.0,"damage_taken":0.0,"cards_obtained":["Bite","Bite","Bite","Bite","Bite"]},{"damage_healed":0.0,"max_hp_gain":0.0,"max_hp_loss":0.0,"gold_gain":0.0,"event_name":"Masked Bandits","player_choice":"Paid Fearfully","floor":20.0,"gold_loss":110.0,"damage_taken":0.0},{"cards_removed":["Bite"],"damage_healed":5.0,"max_hp_gain":0.0,"max_hp_loss":0.0,"gold_gain":0.0,"event_name":"Bonfire Elementals","player_choice":"Offered Special","floor":21.0,"gold_loss":0.0,"damage_taken":0.0},{"damage_healed":0.0,"max_hp_gain":0.0,"max_hp_loss":0.0,"gold_gain":0.0,"event_name":"Cursed Tome","player_choice":"Ignored","floor":30.0,"gold_loss":0.0,"damage_taken":0.0}],"is_beta":false,"boss_relics":[{"not_picked":["Ring of the Serpent","Snecko Eye"],"picked":"WristBlade"}],"items_purged_floors":[3,13],"is_endless":false,"potions_floor_spawned":[2,6,14,27,31],"killed_by":"Collector","ascension_level":20}}