{"host":"jhywql2x2v3ppvhm","time":1611599828,"event":{"mods":["BaseMod","Colored Map","Colored Powertips","Downfall","Googly Eyes","Hermit","Marisa????????","Minty Spire (QoL Compilation)","Rare Cards Sparkle","Shop Mod","Slay the Relics Exporter","StSLib","The Animator","The Bug Knight","The Cursed","The Disciple","The Necromancer","The Runesmith","The Servant 0.9.4","slay the spire mod where everything is the same but ironclad has a cowboy hat"],"gold_per_floor":[99,99,161,31,48,48,73,73,73,87,87,102,133,151,166,166,166,166],"floor_reached":16,"language":"ENG","playtime":1108,"items_purged":["downfall:Malfunctioning"],"score":125,"play_id":"06b52896-fbc9-479e-b647-0cd355e2a1e1","local_time":"20210125133708","is_ascension_mode":false,"campfire_choices":[{"floor":1,"key":"RECALL"},{"data":"hexamod:CatchUp","floor":6,"key":"SMITH"},{"data":"hexamod:FastForward","floor":8,"key":"SMITH"},{"data":"hexamod:NightmareStrike","floor":11,"key":"SMITH"}],"circlet_count":0,"master_deck":["hexamod:Strike","hexamod:Strike","hexamod:Strike+1","hexamod:Defend+1","hexamod:Defend+1","hexamod:Defend","hexamod:Defend","hexamod:Sear","hexamod:Float","hexamod:CatchUp+1","hexamod:FastForward+1","hexamod:FirstSeal","hexamod:Firestarter","hexamod:NightmareStrike+1","hexamod:SpectersWail","hexamod:GhostLash","hexamod:CatchUp"],"relics":["hexamod:SpiritBrand","Pear","Boot"],"acts_visited":["Exordium"],"potions_floor_usage":[13,14],"damage_taken":[{"damage":32,"enemies":"Lagavulin Event","floor":3,"turns":7},{"damage":0,"enemies":"downfall:FleeingMerchant","floor":4,"turns":4},{"damage":0,"enemies":"Small Slimes","floor":5,"turns":3},{"damage":0,"enemies":"2 Louse","floor":10,"turns":4},{"damage":1,"enemies":"Cultist","floor":12,"turns":3},{"damage":23,"enemies":"3 Sentries","floor":13,"turns":6},{"damage":0,"enemies":"Gremlin Gang","floor":14,"turns":3},{"damage":6,"enemies":"Red Slaver","floor":15,"turns":3},{"damage":57,"enemies":"DF_ARCHETYPE_STREAMLINE","floor":16,"turns":9}],"seed_played":"6997289464935727975","potions_obtained":[{"floor":3,"key":"ColorlessPotion"},{"floor":12,"key":"hexamod:EctoCoolerPotion"},{"floor":13,"key":"BlessingOfTheForge"}],"is_trial":false,"path_per_floor":["R","?","?","$","M","R","T","R","?","M","R","M","E","M","M","B"],"character_chosen":"THE_SPIRIT","items_purchased":["hexamod:FirstSeal"],"campfire_rested":0,"item_purchase_floors":[4],"current_hp_per_floor":[77,77,55,55,62,62,62,62,62,69,69,68,52,52,53,0,0,0],"gold":166,"neow_bonus":"TEN_PERCENT_HP_BONUS","is_daily":false,"chose_seed":false,"campfire_upgraded":3,"win_rate":0.0,"timestamp":1611599828,"path_taken":["R","?","?","$","M","R","T","R","?","M","R","M","E","M","M","BOSS"],"items_purchased_type":["Card"],"build_version":"2020-12-22","purchased_purges":1,"victory":false,"max_hp_per_floor":[77,77,87,87,87,87,87,87,87,87,87,87,87,87,87,87,87,87],"card_choices":[{"not_picked":["hexamod:ChargedBarrage","hexamod:GhostShield"],"picked":"hexamod:CatchUp","floor":3},{"not_picked":["hexamod:EmpoweredFlame","hexamod:InspiringFlames"],"picked":"hexamod:FastForward","floor":4},{"not_picked":["hexamod:EtherealExpedition","hexamod:ThermalTransfer"],"picked":"hexamod:Firestarter","floor":5},{"not_picked":["hexamod:PhantomCloak","hexamod:GhostLash"],"picked":"hexamod:NightmareStrike","floor":10},{"not_picked":["hexamod:GhostOfSpirePresent","hexamod:ShieldOfDarkness","hexamod:ThermalTransfer"],"picked":"SKIP","floor":12},{"not_picked":["hexamod:ThermalTransfer","hexamod:NightmareStrike"],"picked":"hexamod:SpectersWail","floor":13},{"not_picked":["hexamod:ExtraCrispy","hexamod:BurningTouch"],"picked":"hexamod:GhostLash","floor":14},{"not_picked":["hexamod:Haunt","hexamod:NightmareStrike"],"picked":"hexamod:CatchUp","floor":15}],"player_experience":168138,"relics_obtained":[{"floor":13,"key":"Boot"}],"event_choices":[],"is_beta":false,"boss_relics":[],"items_purged_floors":[4],"is_endless":false,"potions_floor_spawned":[3,12,13],"killed_by":"DF_ARCHETYPE_STREAMLINE","ascension_level":0}}