{"host":"hf83sijwe64ts2lm","time":1611538029,"event":{"mods":["2.2 Compatiblity","BaseMod","Better Altar","Better Match","Better Note","Better Sensory Stone","Better Skull","Better Third Choice","Colored Map","Colored Powertips","Highlight Path","Hubris","Infinite Spire","Minty Spire (QoL Compilation)","Quick Restart","Rare Cards Sparkle","Relic Stats","Replay The Spire","Shop Mod","Spicy Shops","StSLib","Thieving Mod"],"gold_per_floor":[118,0,0,14,33,64,64,90,390,390,406,482,492,503,503,600,600,617,617,734,734,734,769,769,789,815,842,861,861,861],"floor_reached":29,"language":"ENG","playtime":651,"items_purged":[],"score":371,"play_id":"1613f919-605f-4591-bc22-3d4d5f132a62","local_time":"20210124202709","is_ascension_mode":true,"campfire_choices":[{"floor":7,"key":"REST"},{"floor":10,"key":"RECALL"},{"floor":15,"key":"REST"},{"floor":24,"key":"REST"}],"circlet_count":0,"master_deck":["Strike_B","Strike_B","Strike_B","Strike_B","Defend_B","Defend_B","Defend_B","Defend_B","Zap","Dualcast+1","Go for the Eyes","Enlightenment","Conserve Battery","Sweeping Beam","Sunder","Loop","Ball Lightning","Streamline","Steam","Consume","Lockon+1","Barrage+1","Ball Lightning","Stack","Rainbow","Static Discharge","Cold Snap+1","Streamline","Cold Snap+1","Redo"],"relics":["Cracked Core","NeowsBlessing","Pondfish Scales","hubris:MobiusCoin","Old Coin","infinitespire:CheckeredPen","hubris:BlackHole","Prayer Wheel","Lantern","Frozen Egg 2"],"acts_visited":["Exordium","TheCity"],"potions_floor_usage":[12,12,16,16,23,23,25,25,29],"damage_taken":[{"damage":0,"enemies":"Jaw Worm","floor":1,"turns":1},{"damage":0,"enemies":"2 Louse","floor":4,"turns":1},{"damage":0,"enemies":"Small Slimes","floor":5,"turns":1},{"damage":35,"enemies":"Lagavulin","floor":6,"turns":7},{"damage":16,"enemies":"Replay:BlueRogue","floor":8,"turns":4},{"damage":5,"enemies":"Exordium Thugs","floor":11,"turns":4},{"damage":14,"enemies":"Lagavulin","floor":12,"turns":5},{"damage":0,"enemies":"Large Slime","floor":13,"turns":3},{"damage":0,"enemies":"3 Louse","floor":14,"turns":2},{"damage":36,"enemies":"Hexaghost","floor":16,"turns":10},{"damage":0,"enemies":"Chosen","floor":18,"turns":3},{"damage":9,"enemies":"3 Byrds","floor":20,"turns":4},{"damage":30,"enemies":"Slavers","floor":23,"turns":3},{"damage":16,"enemies":"Centurion and Healer","floor":25,"turns":3},{"damage":29,"enemies":"Book of Stabbing","floor":27,"turns":4},{"damage":2,"enemies":"Snecko","floor":28,"turns":3},{"damage":6,"enemies":"Nightmare","floor":29,"turns":2}],"seed_played":"4176334346621137502","potions_obtained":[{"floor":1,"key":"Toxic Potion"},{"floor":8,"key":"EssenceOfDarkness"},{"floor":11,"key":"Milkshake"},{"floor":12,"key":"SpeedPotion"},{"floor":14,"key":"PowerPotion"},{"floor":22,"key":"SteroidPotion"},{"floor":22,"key":"Death Potion"},{"floor":23,"key":"Venom Potion"},{"floor":28,"key":"PowerPotion"}],"is_trial":false,"path_per_floor":["M","?","?","M","M","E","R","E","T","R","M","E","M","M","R","B",null,"M","?","M","?","?","E","R","M","T","E","M","NM"],"character_chosen":"DEFECT","items_purchased":[],"campfire_rested":3,"item_purchase_floors":[],"current_hp_per_floor":[68,74,74,74,74,39,63,47,47,47,42,28,28,28,52,16,65,65,65,56,56,56,26,50,34,34,5,3,0,0],"gold":861,"neow_bonus":"THREE_ENEMY_KILL","is_daily":false,"chose_seed":false,"campfire_upgraded":0,"win_rate":0.0,"timestamp":1611538029,"path_taken":["M","?","?","M","M","E","R","E","T","R","M","E","M","M","R","BOSS","M","?","M","?","?","E","R","M","T","E","M","NM"],"items_purchased_type":[],"build_version":"2020-12-22","purchased_purges":0,"victory":false,"max_hp_per_floor":[75,81,81,81,81,81,81,81,81,81,81,81,81,81,81,81,81,81,81,81,81,81,81,81,81,81,81,81,81,81],"relic_stats":{"counters":[17,60],"Prayer Wheel":4,"obtain_stats":[{"hubris:BlackHole":17,"hubris:MobiusCoin":8,"Pondfish Scales":6,"Lantern":23,"NeowsBlessing":0,"Prayer Wheel":18,"infinitespire:CheckeredPen":12,"Frozen Egg 2":27,"Cracked Core":0,"Old Coin":9},{"hubris:BlackHole":10,"hubris:MobiusCoin":5,"Pondfish Scales":4,"Lantern":13,"NeowsBlessing":0,"Prayer Wheel":11,"infinitespire:CheckeredPen":7,"Frozen Egg 2":15,"Cracked Core":0,"Old Coin":5},{"hubris:BlackHole":38,"hubris:MobiusCoin":14,"Pondfish Scales":10,"Lantern":48,"NeowsBlessing":0,"Prayer Wheel":41,"infinitespire:CheckeredPen":23,"Frozen Egg 2":55,"Cracked Core":0,"Old Coin":14}]},"card_choices":[{"not_picked":["Compile Driver","ReplayTheSpireMod:GoodbyeWorld"],"picked":"Go for the Eyes","floor":1},{"not_picked":["Gash","Rebound"],"picked":"Conserve Battery","floor":4},{"not_picked":["Skim","Force Field"],"picked":"Sweeping Beam","floor":5},{"not_picked":["Force Field","Scrape"],"picked":"Sunder","floor":6},{"not_picked":["Hologram","Stack"],"picked":"Loop","floor":8},{"not_picked":["Rebound","Reinforced Body"],"picked":"Ball Lightning","floor":11},{"not_picked":["ReplayTheSpireMod:System Scan","Rebound"],"picked":"Streamline","floor":12},{"not_picked":["ReplaySolidLightProjector","Compile Driver"],"picked":"Steam","floor":13},{"not_picked":["Aggregate","Glacier"],"picked":"Consume","floor":14},{"not_picked":["hubris:SpecializedCircuitry","Seek"],"picked":"ReplayTheSpireMod:Fabricate Wheel","floor":16},{"not_picked":["Heatsinks","Rebound"],"picked":"Lockon+1","floor":18},{"not_picked":["Panic Button","Coolheaded"],"picked":"Barrage+1","floor":18},{"not_picked":["Cold Snap","Go for the Eyes+1"],"picked":"Ball Lightning","floor":20},{"not_picked":["Hologram","Go for the Eyes"],"picked":"Stack","floor":20},{"not_picked":["Scrape","Go for the Eyes+1"],"picked":"Rainbow","floor":23},{"not_picked":["Steam","Stack"],"picked":"Static Discharge","floor":25},{"not_picked":["BasicCrystalCard","Rip and Tear"],"picked":"Cold Snap+1","floor":25},{"not_picked":["Sweeping Beam","BootSequence"],"picked":"Streamline","floor":27},{"not_picked":["Hologram+1","Redo"],"picked":"Cold Snap+1","floor":28},{"not_picked":["Panic Button","FTL"],"picked":"Redo","floor":28}],"player_experience":138364,"relics_obtained":[{"floor":6,"key":"Pondfish Scales"},{"floor":8,"key":"hubris:MobiusCoin"},{"floor":9,"key":"Old Coin"},{"floor":12,"key":"infinitespire:CheckeredPen"},{"floor":23,"key":"Lantern"},{"floor":27,"key":"Frozen Egg 2"}],"event_choices":[{"damage_healed":0,"gold_gain":0,"player_choice":"RENOUNCE","damage_taken":118,"max_hp_gain":0,"max_hp_loss":0,"event_name":"betterThird:BetterSerpent","floor":2,"gold_loss":118,"cards_obtained":["Enlightenment"]},{"damage_healed":0,"gold_gain":0,"player_choice":"Adaptability","damage_taken":0,"max_hp_gain":0,"max_hp_loss":0,"event_name":"betterThird:BetterWriting","floor":19,"gold_loss":0},{"damage_healed":0,"gold_gain":0,"player_choice":"Got Potions","damage_taken":0,"max_hp_gain":0,"max_hp_loss":0,"event_name":"Lab","floor":22,"gold_loss":0}],"is_beta":false,"boss_relics":[{"not_picked":["Astrolabe","Replay:Bronze Core"],"picked":"hubris:BlackHole"}],"items_purged_floors":[],"is_endless":false,"potions_floor_spawned":[1,8,11,12,14,23,28],"killed_by":"Nightmare","ascension_level":6}}