{"host":"v3mpq6flurzldi5g","time":1611601074,"event":{"mods":["AchievementEnabler","BaseMod","Colored Powertips","Highlight Path","Minty Spire (QoL Compilation)","StSLib"],"gold_per_floor":[116,116,133,146,2,2,27,27,50,60,86,86,86,101,101,201,201,219,231,249,249,249],"floor_reached":21,"language":"ENG","playtime":1763,"items_purged":[],"score":290,"play_id":"8767e97e-58f5-4ffc-ba50-980a57c41c7d","local_time":"20210125135754","is_ascension_mode":true,"campfire_choices":[{"data":"Defend_G","floor":6.0,"key":"SMITH"},{"floor":12.0,"key":"REST"},{"floor":15.0,"key":"REST"}],"circlet_count":0,"master_deck":["AscendersBane","Strike_G","Strike_G","Strike_G","Strike_G","Defend_G","Defend_G","Defend_G","Defend_G","Defend_G+1","Survivor","Neutralize","Dagger Throw","Backflip","Caltrops","Noxious Fumes","Deadly Poison","Die Die Die","Noxious Fumes","Infinite Blades"],"relics":["Ring of the Serpent","Akabeko","MealTicket","Odd Mushroom","Centennial Puzzle","Paper Crane"],"acts_visited":["Exordium","TheCity"],"potions_floor_usage":[19],"damage_taken":[{"damage":6.0,"enemies":"2 Louse","floor":1.0,"turns":2.0},{"damage":2.0,"enemies":"Small Slimes","floor":3.0,"turns":5.0},{"damage":0.0,"enemies":"Jaw Worm","floor":4.0,"turns":3.0},{"damage":25.0,"enemies":"The Mushroom Lair","floor":7.0,"turns":7.0},{"damage":9.0,"enemies":"Lots of Slimes","floor":10.0,"turns":8.0},{"damage":18.0,"enemies":"Gremlin Nob","floor":11.0,"turns":4.0},{"damage":11.0,"enemies":"Large Slime","floor":14.0,"turns":7.0},{"damage":21,"enemies":"The Guardian","floor":16,"turns":12},{"damage":3,"enemies":"Chosen","floor":18,"turns":5},{"damage":25,"enemies":"3 Byrds","floor":19,"turns":3},{"damage":26,"enemies":"Centurion and Healer","floor":20,"turns":8},{"damage":7,"enemies":"Chosen and Byrds","floor":21,"turns":1}],"seed_played":"-7242576228484008908","potions_obtained":[{"floor":7.0,"key":"Poison Potion"},{"floor":11.0,"key":"SpeedPotion"},{"floor":16,"key":"DuplicationPotion"},{"floor":18,"key":"Explosive Potion"},{"floor":19,"key":"SteroidPotion"}],"is_trial":false,"path_per_floor":["M","?","M","M","$","R","?","?","T","M","E","R","?","M","R","B",null,"M","M","M","M"],"character_chosen":"THE_SILENT","items_purchased":["MealTicket"],"campfire_rested":2,"item_purchase_floors":[5],"current_hp_per_floor":[57,57,55,55,55,55,30,30,30,21,3,24,24,13,34,13,56,53,28,2,0,0],"gold":249,"neow_bonus":"RANDOM_COMMON_RELIC","is_daily":false,"chose_seed":false,"campfire_upgraded":1,"win_rate":0.0,"timestamp":1611601074,"path_taken":["M","?","M","M","$","R","?","?","T","?","E","R","?","?","R","BOSS","M","M","M","M"],"items_purchased_type":["Relic"],"build_version":"2020-12-22","purchased_purges":0,"victory":false,"max_hp_per_floor":[70,70,70,70,70,70,70,70,70,70,70,70,70,70,70,70,70,70,70,70,70,70],"card_choices":[{"not_picked":["Prepared","Expertise"],"picked":"Dagger Throw","floor":1.0},{"not_picked":["Catalyst","Underhanded Strike"],"picked":"Backflip","floor":3.0},{"not_picked":["Catalyst","Reflex","Choke"],"picked":"SKIP","floor":4.0},{"not_picked":["Flechettes","Quick Slash"],"picked":"Caltrops","floor":10.0},{"not_picked":["After Image","Bane"],"picked":"Noxious Fumes","floor":11.0},{"not_picked":["PiercingWail","Outmaneuver"],"picked":"Deadly Poison","floor":14.0},{"not_picked":["Burst","Tools of the Trade"],"picked":"Die Die Die","floor":16},{"not_picked":["Outmaneuver","Underhanded Strike"],"picked":"Noxious Fumes","floor":18},{"not_picked":["Deflect","PiercingWail","Skewer"],"picked":"SKIP","floor":19},{"not_picked":["Slice","Outmaneuver"],"picked":"Infinite Blades","floor":20}],"player_experience":1052868,"relics_obtained":[{"floor":7.0,"key":"Odd Mushroom"},{"floor":9.0,"key":"Centennial Puzzle"},{"floor":11.0,"key":"Paper Crane"}],"event_choices":[{"damage_healed":0.0,"max_hp_gain":0.0,"max_hp_loss":0.0,"gold_gain":0.0,"event_name":"Liars Game","player_choice":"Ignored","floor":2.0,"gold_loss":0.0,"damage_taken":0.0},{"damage_healed":0.0,"max_hp_gain":0.0,"max_hp_loss":0.0,"gold_gain":0.0,"event_name":"Mushrooms","player_choice":"Fought Mushrooms","floor":7.0,"gold_loss":0.0,"damage_taken":0.0},{"cards_removed":["Strike_G"],"damage_healed":0.0,"max_hp_gain":0.0,"max_hp_loss":0.0,"gold_gain":0.0,"event_name":"Purifier","player_choice":"Purged","floor":8.0,"gold_loss":0.0,"damage_taken":0.0},{"damage_healed":0.0,"max_hp_gain":0.0,"max_hp_loss":0.0,"gold_gain":0.0,"event_name":"Match and Keep!","player_choice":"0 cards matched","floor":13.0,"gold_loss":0.0,"damage_taken":0.0,"cards_obtained":[]}],"is_beta":false,"boss_relics":[{"not_picked":["SacredBark","Black Star"],"picked":"Ring of the Serpent"}],"items_purged_floors":[],"is_endless":false,"potions_floor_spawned":[7,11,16,18,19],"killed_by":"Chosen and Byrds","ascension_level":12}}