{"host":"98os2kmzn0twqoyj","time":1611570055,"event":{"mods":["Act Like it!","Arknights The Spire","BaseMod","Colored Powertips","Downfall","Gensokyo","Lobotomy","Minty Spire (QoL Compilation)","Rare Cards Sparkle","StSLib","everything is the same but u backflip on backflip"],"gold_per_floor":[99,115,115,115,25,25,25,39,39,24,40,65,81,6,26,123,123,73,83,97,97,115,65,92,6,91,41,41,51,78,96,110,214,214,64,80,92,40,90,90,90,40,54,380,394,425,275,55,74,74],"floor_reached":51,"language":"ZHS","playtime":2417,"items_purged":["Slimebound:Defend_Slimebound","Slimebound:Tackle","downfall:Malfunctioning"],"score":797,"play_id":"938546ea-478e-4b6a-86ba-9ad6be1531e2","local_time":"20210125182055","is_ascension_mode":false,"campfire_choices":[{"data":"Slimebound:Split","floor":1.0,"key":"SMITH"},{"data":"Slimebound:CorrosiveSpit","floor":6,"key":"SMITH"},{"data":"Slimebound:SlimeSlap","floor":18,"key":"SMITH"},{"floor":23,"key":"RECALL"},{"data":"Slimebound:LevelUp","floor":27,"key":"SMITH"},{"data":"Slimebound:LevelUp","floor":35,"key":"SMITH"},{"data":"Slimebound:LeadByExample","floor":42,"key":"SMITH"},{"data":"Slimebound:Prepare","floor":47,"key":"SMITH"}],"circlet_count":0,"master_deck":["Slimebound:Defend_Slimebound","Slimebound:Defend_Slimebound","Slimebound:Defend_Slimebound","Slimebound:Split+1","Slimebound:CorrosiveSpit+1","Slimebound:Prepare+1","Slimebound:Gluttony","Slimebound:SplitLeeching+1","Slimebound:LevelUp+1","Slimebound:LeechEnergy","Slimebound:SplitMire+1","Slimebound:MegaLick+1","Slimebound:SplitAcid+1","Slimebound:SlimeSlap+1","Slimebound:SplitMire+1","Slimebound:SamplingLick+1","Slimebound:SplitBruiser+1","Slimebound:LevelUp+1","Slimebound:LeechLife","Slimebound:SlimeTap+1","Slimebound:FirmFortitude+1","Slimebound:RainOfGoop+1","Slimebound:LeadByExample+1","Slimebound:HauntingLick+1","Slimebound:MegaLick+1","Slimebound:SamplingLick+1","Slimebound:MegaLick+1","Slimebound:SplitLeeching+1","Slimebound:GoopSpray+1","Slimebound:SamplingLick+1"],"relics":["Slimebound:AbsorbEndCombat","Toxic Egg 2","Odd Mushroom","Slimebound:GreedOozeRelic","Cursed Key","Potion Belt","Omamori","OrangePellets","Calling Bell","Boot","Mummified Hand","Pocketwatch","downfall:HeartBlessingRed","Incense Burner","Pantograph","Old Coin","Bronze Scales","downfall:HeartBlessingGreen"],"acts_visited":["Exordium","TheCity","TheBeyond"],"potions_floor_usage":[46,51],"damage_taken":[{"damage":3.0,"enemies":"2 Louse","floor":2.0,"turns":3.0},{"damage":3,"enemies":"downfall:FleeingMerchant","floor":5,"turns":4},{"damage":0,"enemies":"Small Slimes","floor":8,"turns":4},{"damage":4,"enemies":"downfall:FleeingMerchant","floor":10,"turns":4},{"damage":1,"enemies":"Jaw Worm","floor":11,"turns":4},{"damage":12,"enemies":"The Mushroom Lair","floor":12,"turns":4},{"damage":12,"enemies":"Lots of Slimes","floor":13,"turns":4},{"damage":6,"enemies":"2 Fungi Beasts","floor":15,"turns":4},{"damage":20,"enemies":"DF_ARCHETYPE_STREAMLINE","floor":16,"turns":8},{"damage":6,"enemies":"Shell Parasite","floor":19,"turns":4},{"damage":24,"enemies":"3 Byrds","floor":20,"turns":3},{"damage":0,"enemies":"Centurion and Healer","floor":22,"turns":5},{"damage":1,"enemies":"downfall:FleeingMerchant","floor":25,"turns":4},{"damage":9,"enemies":"3 Cultists","floor":29,"turns":3},{"damage":16,"enemies":"downfall:FleeingMerchant","floor":30,"turns":3},{"damage":18,"enemies":"Snake Plant","floor":31,"turns":3},{"damage":2,"enemies":"Chosen and Byrds","floor":32,"turns":3},{"damage":0,"enemies":"WA_ARCHETYPE_CALM","floor":33,"turns":5},{"damage":3,"enemies":"3 Shapes","floor":36,"turns":4},{"damage":8,"enemies":"Orb Walker","floor":37,"turns":3},{"damage":0,"enemies":"Orb Walker","floor":39,"turns":3},{"damage":5,"enemies":"Writhing Mass","floor":43,"turns":3},{"damage":35,"enemies":"Nemesis","floor":44,"turns":5},{"damage":24,"enemies":"3 Darklings","floor":45,"turns":3},{"damage":5,"enemies":"Reptomancer","floor":46,"turns":4},{"damage":13,"enemies":"Transient","floor":49,"turns":5},{"damage":23,"enemies":"IC_BLOCK_ARCHETYPE","floor":50,"turns":7},{"damage":39,"enemies":"Malkuth","floor":51,"turns":8},{"damage":30,"enemies":"Netzach","floor":51,"turns":8}],"seed_played":"-4802985596192672185","potions_obtained":[{"floor":8,"key":"LiquidBronze"},{"floor":11,"key":"SpeedPotion"},{"floor":12,"key":"Guardian:BlockOnCardUsePotion"},{"floor":13,"key":"Swift Potion"},{"floor":31,"key":"BlessingOfTheForge"},{"floor":32,"key":"SpeedPotion"}],"is_trial":false,"path_per_floor":["R","M","?","?","$","R","T","M","?","$","M","?","M","?","M","B",null,"R","M","M","?","M","R","T","$","?","R","?","M","$","M","M","B",null,"R","M","M","$","?","?","T","R","M","E","M","E","R","$","M","B",null],"character_chosen":"SLIMEBOUND","items_purchased":["Slimebound:LeechLife","OrangePellets","Slimebound:RainOfGoop+1","Slimebound:SamplingLick+1","DistilledChaos","Slimebound:GoopSpray+1"],"campfire_rested":0,"item_purchase_floors":[25,30,30,38,48,48],"current_hp_per_floor":[65,65,65,65,65,65,65,65,70,70,70,64,60,60,58,46,70,70,68,50,50,58,58,58,65,53,53,53,56,42,26,32,38,70,70,69,62,62,62,62,62,62,61,70,46,57,57,57,56,55],"gold":74,"neow_bonus":"REMOVE_CARD","is_daily":false,"chose_seed":false,"campfire_upgraded":7,"win_rate":0.0,"timestamp":1611570055,"path_taken":["R","M","?","?","$","R","T","M","?","?","?","?","M","?","M","BOSS","R","M","M","?","M","R","T","$","?","R","?","?","$","M","M","BOSS","R","M","?","$","?","?","T","R","M","E","M","E","R","$","M","BOSS"],"items_purchased_type":["Card","Relic","Card","Card","Potion","Card"],"build_version":"2020-12-22","purchased_purges":3,"victory":true,"max_hp_per_floor":[65,65,65,65,65,65,65,65,70,70,70,70,70,70,70,70,70,70,70,70,70,70,70,70,70,70,70,70,70,70,70,70,70,70,70,70,70,70,70,70,70,70,70,70,70,70,70,70,70,70],"card_choices":[{"not_picked":["Slimebound:ItLooksTasty","Slimebound:GoopTackle"],"picked":"Slimebound:Prepare","floor":2.0},{"not_picked":["Slimebound:Grow","Slimebound:PressTheAttack"],"picked":"Slimebound:Gluttony","floor":5},{"not_picked":["Slimebound:LivingWall+1","Slimebound:ItLooksTasty"],"picked":"Slimebound:SplitLeeching+1","floor":8},{"not_picked":["Slimebound:CheckThePlaybook+1","Slimebound:MinionMaster"],"picked":"Slimebound:LevelUp","floor":10},{"not_picked":["Slimebound:GoopTackle","Slimebound:Grow"],"picked":"Slimebound:LeechEnergy","floor":11},{"not_picked":["Slimebound:LivingWall+1","Slimebound:SplitLeeching+1"],"picked":"Slimebound:SplitMire+1","floor":12},{"not_picked":["Slimebound:LivingWall+1","Slimebound:LeechEnergy"],"picked":"Slimebound:MegaLick+1","floor":13},{"not_picked":["Slimebound:GoopTackle","Slimebound:FlameTackle"],"picked":"Slimebound:SplitAcid+1","floor":15},{"not_picked":["Slimebound:CheckThePlaybook+1","Slimebound:MassFeed"],"picked":"Slimebound:SlimeSlap","floor":16},{"not_picked":["Slimebound:TongueLash+1","Slimebound:FormOfPuddle+1"],"picked":"Slimebound:SplitMire+1","floor":19},{"not_picked":["Slimebound:LeechEnergy","Slimebound:Prepare+1"],"picked":"Slimebound:SamplingLick+1","floor":20},{"not_picked":["Slimebound:SlimeSpikes+1","Slimebound:ComboTackle"],"picked":"Slimebound:SplitBruiser+1","floor":22},{"not_picked":["Slimebound:ComboTackle","Slimebound:Equalize+1"],"picked":"Slimebound:LevelUp","floor":25},{"not_picked":["Slimebound:SlimeSpikes+1","Slimebound:ItLooksTasty"],"picked":"Slimebound:SlimeTap+1","floor":29},{"not_picked":["Slimebound:PressTheAttack","Slimebound:HauntingLick+1"],"picked":"Slimebound:FirmFortitude+1","floor":30},{"not_picked":["Slimebound:LivingWall+1","Slimebound:GrowthPunch","Slimebound:SpikyOuterGoop"],"picked":"SKIP","floor":31},{"not_picked":["Slimebound:LevelUp","Slimebound:FinishingTackle+1"],"picked":"Slimebound:LeadByExample","floor":32},{"not_picked":["Slimebound:SplitBruiser+1","Slimebound:Grow"],"picked":"Slimebound:HauntingLick+1","floor":36},{"not_picked":["Slimebound:FinishingTackle","Slimebound:Gluttony+1"],"picked":"Slimebound:MegaLick+1","floor":37},{"not_picked":["Slimebound:SpikyOuterGoop+1","Slimebound:FinishingTackle+1","Slimebound:OneTwoCombo"],"picked":"SKIP","floor":43},{"not_picked":["Slimebound:SlimeBarrage","Slimebound:PressTheAttack+1"],"picked":"Slimebound:MegaLick+1","floor":44},{"not_picked":["Slimebound:Prepare+1","Slimebound:SpikyOuterGoop+1"],"picked":"Slimebound:SplitLeeching+1","floor":45},{"not_picked":["Slimebound:DouseInSlime+1","Slimebound:SpikyOuterGoop","Slimebound:LeechingTouch"],"picked":"SKIP","floor":46},{"not_picked":["Slimebound:SplitBruiser+1","Slimebound:Dissolve+1"],"picked":"Slimebound:SamplingLick+1","floor":49}],"player_experience":790414,"relics_obtained":[{"floor":7,"key":"Toxic Egg 2"},{"floor":12,"key":"Odd Mushroom"},{"floor":24,"key":"Omamori"},{"floor":34,"key":"Boot"},{"floor":34,"key":"Mummified Hand"},{"floor":34,"key":"Pocketwatch"},{"floor":39,"key":"Incense Burner"},{"floor":41,"key":"Pantograph"},{"floor":44,"key":"Old Coin"},{"floor":46,"key":"Bronze Scales"}],"event_choices":[{"damage_healed":0,"gold_gain":0,"player_choice":"Donut","damage_taken":0,"max_hp_gain":5,"max_hp_loss":0,"event_name":"Big Fish","floor":9,"gold_loss":0},{"damage_healed":0,"gold_gain":0,"player_choice":"Fought Mushrooms","damage_taken":0,"max_hp_gain":0,"max_hp_loss":0,"event_name":"Mushrooms","floor":12,"gold_loss":0},{"cards_removed":["Slimebound:Strike_Slimebound"],"damage_healed":0,"gold_gain":0,"player_choice":"Offered Basic","damage_taken":0,"max_hp_gain":0,"max_hp_loss":0,"event_name":"Bonfire Elementals","floor":40,"gold_loss":0}],"is_beta":false,"boss_relics":[{"not_picked":["Velvet Choker","Busted Crown"],"picked":"Cursed Key"},{"not_picked":["Runic Dome","Snecko Eye"],"picked":"Calling Bell"}],"items_purged_floors":[5,30,48],"is_endless":false,"potions_floor_spawned":[8,11,12,13,19,31,32,36,37],"ascension_level":0}}