{"host":"iqi2f1z1yw5mc6j3","time":1611540418,"event":{"mods":["BaseMod","Colored Powertips","Minty Spire (QoL Compilation)","Replay The Spire","StSLib"],"gold_per_floor":[112,74,174,184,184,184,213,213,267,57,57,92,92,110,110,214,214,233,45,0,10,10,10,10,10],"floor_reached":24,"language":"ENG","playtime":1450,"items_purged":["Defend_G","Prepared"],"score":200,"play_id":"961b9d3f-0df5-485e-80c7-a6bb480d70d0","local_time":"20210124210658","is_ascension_mode":false,"campfire_choices":[{"floor":8,"key":"REST"},{"floor":13,"key":"REST"},{"floor":23,"key":"REST"}],"circlet_count":0,"master_deck":["Strike_G","Strike_G","Strike_G","Defend_G","Defend_G","Survivor","Corpse Explosion","Dagger Throw","Prepared+1","Bouncing Flask","Backstab","Backstab","Caltrops","Dagger Spray","Well Laid Plans","Blade Dance","After Image","Masterful Stab+1","Blade Dance+1","Acrobatics+1","Catalyst","PiercingWail","Backstab+1","Deadly Poison"],"relics":["Ring of the Snake","Pear","Oddly Smooth Stone","Blue Doll","Astrolabe","HornCleat"],"acts_visited":["Exordium","TheCity"],"potions_floor_usage":[7,12,16],"damage_taken":[{"damage":0,"enemies":"2 Louse","floor":1,"turns":4},{"damage":3,"enemies":"Cultist","floor":4,"turns":5},{"damage":20,"enemies":"Replay:BlueRogue","floor":7,"turns":6},{"damage":18,"enemies":"Gremlin Nob","floor":12,"turns":4},{"damage":0,"enemies":"Jaw Worm","floor":14,"turns":3},{"damage":19,"enemies":"The Guardian","floor":16,"turns":8},{"damage":34,"enemies":"Shell Parasite","floor":18,"turns":5},{"damage":4,"enemies":"Spheric Guardian","floor":21,"turns":3},{"damage":56,"enemies":"Slavers","floor":24,"turns":4}],"seed_played":"-660295846950477672","potions_obtained":[{"floor":4,"key":"Poison Potion"},{"floor":7,"key":"Elixir"},{"floor":11,"key":"BlessingOfTheForge"},{"floor":11,"key":"Doom Potion"}],"is_trial":false,"path_per_floor":["M","?","?","M","?","?","E","R","T","$","?","E","R","M","R","B",null,"M","$","?","M","T","R","E"],"character_chosen":"THE_SILENT","items_purchased":["Backstab","Caltrops","PiercingWail","Backstab+1"],"campfire_rested":3,"item_purchase_floors":[10,10,19,19],"current_hp_per_floor":[63,63,63,60,60,60,50,71,71,71,71,53,73,73,73,54,73,39,39,39,35,35,56,0,0],"gold":10,"neow_bonus":"THREE_RARE_CARDS","is_daily":false,"chose_seed":false,"campfire_upgraded":0,"win_rate":0.0,"timestamp":1611540418,"path_taken":["M","?","?","?","?","?","E","R","T","$","?","E","R","M","R","BOSS","M","?","?","M","?","R","E"],"items_purchased_type":["Card","Card","Card","Card"],"build_version":"2020-12-22","purchased_purges":2,"victory":false,"max_hp_per_floor":[63,63,63,63,63,63,73,73,73,73,73,73,73,73,73,73,73,73,73,73,73,73,73,73,73],"card_choices":[{"not_picked":["After Image","Night Terror"],"picked":"Corpse Explosion","floor":0},{"not_picked":["Endless Agony","ReplayTheSpireMod:Tripwire"],"picked":"Prepared","floor":1},{"not_picked":["Prepared","Blade Dance"],"picked":"Dagger Throw","floor":4},{"not_picked":["Replay:Poison Smokescreen","Toxin Wave"],"picked":"Bouncing Flask","floor":7},{"not_picked":["Wraith Form v2","Sucker Punch"],"picked":"Dagger Spray","floor":12},{"not_picked":["Slice","Acrobatics"],"picked":"Well Laid Plans","floor":14},{"not_picked":["Wraith Form v2","Poison Darts"],"picked":"After Image","floor":16},{"not_picked":["Sucker Punch","Outmaneuver"],"picked":"Catalyst","floor":18},{"not_picked":["Hidden Blade+1","Flechettes"],"picked":"Deadly Poison","floor":21}],"player_experience":54948,"relics_obtained":[{"floor":7,"key":"Pear"},{"floor":9,"key":"Oddly Smooth Stone"},{"floor":12,"key":"Blue Doll"},{"floor":22,"key":"HornCleat"}],"event_choices":[{"damage_healed":0,"gold_gain":0,"player_choice":"Left Gold","damage_taken":0,"max_hp_gain":0,"max_hp_loss":0,"event_name":"World of Goop","floor":2,"gold_loss":38},{"damage_healed":0,"gold_gain":100,"player_choice":"Gold","damage_taken":0,"max_hp_gain":0,"max_hp_loss":0,"event_name":"Wheel of Change","floor":3,"gold_loss":0},{"damage_healed":0,"gold_gain":0,"player_choice":"Fled","damage_taken":0,"max_hp_gain":0,"max_hp_loss":0,"event_name":"Scrap Ooze","floor":5,"gold_loss":0},{"damage_healed":0,"gold_gain":0,"player_choice":"Got Potions","damage_taken":0,"max_hp_gain":0,"max_hp_loss":0,"event_name":"Lab","floor":11,"gold_loss":0},{"damage_healed":0,"gold_gain":0,"player_choice":"Paid Fearfully","damage_taken":0,"max_hp_gain":0,"max_hp_loss":0,"event_name":"Masked Bandits","floor":20,"gold_loss":45}],"is_beta":false,"boss_relics":[{"not_picked":["Replay:Grab Bag","Runic Dome"],"picked":"Astrolabe"}],"items_purged_floors":[10,19],"is_endless":false,"potions_floor_spawned":[4,7],"killed_by":"Slavers","ascension_level":0}}