{"host":"ymw71f7rc9ndansy","time":1611566903,"event":{"mods":["ATMod(阿瑾Mod)","Act Like it!","Aspiration","BaseMod","DeckTracker","Hubris","Library of Ruina","Library of Ruina Extra","Minty Spire (QoL Compilation)","MostiFishMod","Remove Card Discount Mod","Replay The Spire","RumiaBox-露米娅的神秘盒子","StSLib","TestMod","【功能Mod】精心准备","【遗物卡牌】REMEMod"],"gold_per_floor":[113,113,113,125,125,156,156,190,229,270,282,294,325,369,381,464,476,521,533,556,568,595,639,651,663,730,742,754,792,804,844,856,939,951,977,1239,638,656,291,320,320,348,348,348,348],"floor_reached":44,"language":"ZHS","playtime":858,"items_purged":["testmod-Lust","testmod-Wrath","testmod-Sloth","Pride","testmod-Envy","testmod-Greed","testmod-Gluttony","testmod-Gluttony","Regret","testmod-Gluttony","Sickly","Sickly","Clumsy","testmod-Gluttony","testmod-Gluttony","testmod-Gluttony","Defend_P+1","Defend_P+1","Defend_P+1","Strike_P+1","Strike_P+1","BowlingBash+1","ReachHeaven+1","Defend_P+1"],"score":1767,"play_id":"ec6b8c36-c07c-430d-a39b-cfd18672501b","local_time":"20210125172823","is_ascension_mode":true,"campfire_choices":[{"data":"Blasphemy","floor":7.0,"key":"SMITH"},{"data":"Eruption","floor":11.0,"key":"SMITH"},{"floor":15.0,"key":"REST"},{"data":"Crescendo","floor":24,"key":"SMITH"},{"data":"MostiFishMod:KamiSmash","floor":28,"key":"SMITH"},{"floor":32,"key":"RECALL"},{"floor":41,"key":"REST"}],"circlet_count":0,"master_deck":["AscendersBane","Strike_P+1","Strike_P+1","Eruption+1","Vigilance+1","AT_FamilyPortrait+1","DevaForm+1","WheelKick+1","Blasphemy+1","DevaForm+1","DeusExMachina+1","Crescendo+1","MostiFishMod:KamiSmash+1","Adaptation+1","MostiFishMod:SephirahHod+1","AT_MachinaRedman+1","REME_MusicOfDeath+1","Finesse+1","MostiFishMod:Speedup+1"],"relics":["testmod-TestBox","DaveBox","REME_ComplimentaryCards","AT_ATBox","SentryEyes","testmod-SevenDeadlySins","Du-Vu Doll","Darkstone Periapt","Blue Candle","AT_SeraphEmbrace","Baka","SynthV:TestCard","testmod-ThousandKnives","hubris:Towel","PageOfSpiderBud","AT_BellowingDragoncrestRing","MawBank","testmod-OneHitWonder","PageOfMercenary","Bottled Flame","AT_TrinityForce","Replay:Ancient Bell","AT_BellDemon","AT_SilvercatRing","testmod-ConstraintPeriapt","ReplayTheSpireMod:TigerMarble","Oddly Smooth Stone","hubris:FruitBowl","BirthdayGift-Tetrahedron","Meat on the Bone","hubris:EvacipatedBox","hubris:EvacipatedBox","Happy Flower","ImprovedEquipment","MutagenicStrength","Boot","Pantograph","PageOfGalaxyChild","hubris:Icosahedron","AT_ChloranthyRing","testmod-IndustrialRevolution","Gremlin Horn","MostiFishMod:Hod","Fusion Hammer","hubris:CrystalStatue","Membership Card","Thread and Needle","HornCleat","hubris:ToyBattleship","TeardropLocket","testmod-Charity","AT_ArchangelStaff","Strawberry","Bronze Scales","AT_SpeedBoots","ReplayTheSpireMod:Ninjato","Bottled Tornado"],"acts_visited":["Exordium","TheCity","TheBeyond"],"potions_floor_usage":[],"damage_taken":[{"damage":3.0,"enemies":"Cultist","floor":1.0,"turns":2.0},{"damage":13.0,"enemies":"Small Slimes","floor":4.0,"turns":2.0},{"damage":3.0,"enemies":"3 Sentries","floor":6.0,"turns":2.0},{"damage":0.0,"enemies":"Gremlin Nob","floor":8.0,"turns":1.0},{"damage":19.0,"enemies":"Lagavulin","floor":10.0,"turns":3.0},{"damage":17.0,"enemies":"Jaw Worm","floor":13.0,"turns":2.0},{"damage":0.0,"enemies":"Gremlin Nob","floor":14.0,"turns":1.0},{"damage":0.0,"enemies":"Slime Boss","floor":16.0,"turns":1.0},{"damage":0.0,"enemies":"2 Thieves","floor":18.0,"turns":1.0},{"damage":0.0,"enemies":"Shell Parasite","floor":20.0,"turns":1.0},{"damage":0,"enemies":"Centurion and Healer","floor":22,"turns":1},{"damage":0,"enemies":"Replay:Snechameleon","floor":23,"turns":1},{"damage":0,"enemies":"Book of Stabbing","floor":29,"turns":1},{"damage":0,"enemies":"Replay:Snechameleon","floor":31,"turns":1},{"damage":40,"enemies":"Pondfish","floor":33,"turns":1},{"damage":0,"enemies":"3 Shapes","floor":35,"turns":1},{"damage":0,"enemies":"Orb Walker","floor":38,"turns":1},{"damage":0,"enemies":"R_Hoarder","floor":40,"turns":1},{"damage":0,"enemies":"Reptomancer","floor":42,"turns":1},{"damage":0,"enemies":"Jaw Worm Horde","floor":44,"turns":1}],"seed_played":"-7480537789784999043","potions_obtained":[{"floor":6.0,"key":"FearPotion"},{"floor":8.0,"key":"PowerPotion"},{"floor":20.0,"key":"AttackPotion"},{"floor":35,"key":"Adrenaline Potion"}],"is_trial":false,"path_per_floor":["M","?","?","M","T","E","R","E","T","E","R","?","M","E","R","B",null,"M","?","M","$","M","E","R","?","T","$","R","E","?","E","R","B",null,"M","?","$","M","$","E","R","E","T","M"],"character_chosen":"WATCHER","items_purchased":["hubris:FruitBowl","BirthdayGift-Tetrahedron","Meat on the Bone","hubris:EvacipatedBox","Membership Card","Thread and Needle","HornCleat","AT_MachinaRedman","REME_MusicOfDeath+1","TeardropLocket","testmod-Charity","AT_ArchangelStaff","Finesse"],"campfire_rested":2,"item_purchase_floors":[21,21,21,21,37,37,37,37,37,39,39,39,39],"current_hp_per_floor":[106,118,118,105,105,102,102,102,102,83,83,83,66,66,104,104,158,158,158,158,26,44,56,56,56,56,56,56,68,68,84,84,85,144,164,164,21,21,21,32,32,33,33,33,33],"gold":348,"neow_bonus":"THREE_CARDS","is_daily":false,"chose_seed":false,"campfire_upgraded":4,"win_rate":0.0,"timestamp":1611566903,"path_taken":["M","?","?","M","?","E","R","E","T","E","R","?","M","E","R","BOSS","M","?","M","?","M","E","R","?","T","$","R","E","?","E","R","BOSS","M","?","$","M","$","E","R","E","T","M"],"items_purchased_type":["Relic","Relic","Relic","Relic","Relic","Relic","Relic","Card","Card","Relic","Relic","Relic","Card"],"build_version":"2020-12-22","purchased_purges":24,"victory":false,"max_hp_per_floor":[116,128,128,128,128,128,128,128,128,128,128,128,128,128,128,128,164,164,164,164,164,164,164,164,164,164,164,164,164,164,164,164,164,164,164,164,21,21,21,32,32,33,33,33,33],"card_choices":[{"not_picked":["Replay:ManipulateFuture","FlyingSleeves"],"picked":"WheelKick","floor":0.0},{"not_picked":["REME_Repentance","DeceiveReality","Prostrate","MostiFishMod:PathToVictory"],"picked":"BowlingBash","floor":4.0},{"not_picked":["MostiFishMod:LegendTransform","CarveReality","ClearTheMind","AT_SoftenMuscles"],"picked":"Blasphemy","floor":6.0},{"not_picked":["BowlingBash","Conclude","Protect","Prostrate"],"picked":"DevaForm","floor":14.0},{"not_picked":["MostiFishMod:CyberBuddha","SpiritShield","ConjureBlade","MostiFishMod:KamiSmash"],"picked":"DeusExMachina","floor":16.0},{"not_picked":["Overencumbered","hubris:Sloth","Parasite","CommonCold"],"picked":"Clumsy","floor":17.0},{"not_picked":["Spreading Infection","ReplayTheSpireMod:Doomed","Languid","Looming Evil"],"picked":"Sickly","floor":17.0},{"not_picked":["Delirium","hubris:Sloth","CurseOfTheBell","Voices"],"picked":"Sickly","floor":17.0},{"not_picked":["MostiFishMod:LegendTransform","JustLucky","Swivel","Nirvana"],"picked":"ReachHeaven+1","floor":20.0},{"not_picked":["Evaluate","SashWhip","CrushJoints","Conclude"],"picked":"Crescendo","floor":22},{"not_picked":["Replay:Hum","FollowUp","SashWhip","REME_MusicOfDeath"],"picked":"MostiFishMod:KamiSmash","floor":23},{"not_picked":["FlyingSleeves","JustLucky","REME_MusicOfDeath","DeceiveReality"],"picked":"Adaptation","floor":29},{"not_picked":["Protect","Replay:ManipulateFuture","CrushJoints+1","Wireheading"],"picked":"MostiFishMod:Speedup+1","floor":40}],"player_experience":1065789,"relics_obtained":[{"floor":1.0,"key":"Baka"},{"floor":1.0,"key":"SynthV:TestCard"},{"floor":5.0,"key":"PageOfSpiderBud"},{"floor":6.0,"key":"AT_BellowingDragoncrestRing"},{"floor":8.0,"key":"MawBank"},{"floor":10.0,"key":"testmod-OneHitWonder"},{"floor":14.0,"key":"PageOfMercenary"},{"floor":14.0,"key":"Bottled Flame"},{"floor":18.0,"key":"ReplayTheSpireMod:TigerMarble"},{"floor":20.0,"key":"Oddly Smooth Stone"},{"floor":22,"key":"hubris:EvacipatedBox"},{"floor":22,"key":"AT_GuinsooRageblade"},{"floor":23,"key":"Happy Flower"},{"floor":23,"key":"ImprovedEquipment"},{"floor":26,"key":"Boot"},{"floor":29,"key":"Pantograph"},{"floor":29,"key":"PageOfGalaxyChild"},{"floor":31,"key":"AT_ChloranthyRing"},{"floor":31,"key":"testmod-IndustrialRevolution"},{"floor":33,"key":"Gremlin Horn"},{"floor":35,"key":"hubris:CrystalStatue"},{"floor":38,"key":"hubris:ToyBattleship"},{"floor":40,"key":"Strawberry"},{"floor":40,"key":"Bronze Scales"},{"floor":42,"key":"AT_SpeedBoots"},{"floor":42,"key":"ReplayTheSpireMod:Ninjato"},{"floor":43,"key":"Bottled Tornado"}],"event_choices":[{"damage_healed":0.0,"max_hp_gain":0.0,"max_hp_loss":0.0,"gold_gain":0.0,"event_name":"Big Fish","player_choice":"Box","floor":2.0,"gold_loss":0.0,"damage_taken":0.0,"relics_obtained":["testmod-ThousandKnives"],"cards_obtained":["Regret"]},{"damage_healed":0,"gold_gain":0,"player_choice":"Inject Mutagens","damage_taken":0,"relics_obtained":["MutagenicStrength"],"max_hp_gain":0,"max_hp_loss":0,"event_name":"Drug Dealer","floor":25,"gold_loss":0},{"damage_healed":0,"gold_gain":250,"player_choice":"Sell","damage_taken":0,"max_hp_gain":0,"max_hp_loss":0,"event_name":"恩洛斯的盘子","floor":36,"relics_lost":["AT_GuinsooRageblade"],"gold_loss":0}],"is_beta":false,"boss_relics":[{"not_picked":["OneHitWonderSystem","testmod-EnergyCheck"],"picked":"Replay:Ancient Bell"},{"not_picked":["Pen Nib","PageOfTodaysShyLook"],"picked":"AT_BellDemon"},{"not_picked":["Question Card","Replay:Ringing Soul"],"picked":"AT_SilvercatRing"},{"not_picked":["Torii","hubris:CuriousFeather"],"picked":"testmod-ConstraintPeriapt"},{"not_picked":["aspiration:FutureDiary","testmod-Nine","REME_ChargedStone"],"picked":"Fusion Hammer"}],"items_purged_floors":[37,37,37,37,37,37,37,37,37,37,37,37,37,37,37,37,37,37,37,37,37,37,37,39],"is_endless":false,"potions_floor_spawned":[6,8,10,13,20,29,31,35,38],"killed_by":"Jaw Worm Horde","ascension_level":20}}