{"host":"b4vwm7jq6jdk6nca","time":1611586556,"event":{"mods":["Act Like it!","BaseMod","Downfall","Minty Spire (QoL Compilation)","Quick Restart","Relic Filter Mod","StSLib","TestMod","The Cursed","[IsaacMod]以撒尖塔"],"gold_per_floor":[109,184,199,47,447,482,482,496,520,533,566,566,26,41,41,140,140,160,7,106,31,50,82,82,97,168,180,208,208,237,299,311,418,430,457,469,481,3,15,15,45,62,139,174,174,194,229,242,242,242,242,242,40,71,71,71],"floor_reached":55,"language":"ZHS","playtime":3539,"items_purged":["Defend_G","Strike_G","Defend_G","Strike_G"],"score":1333,"play_id":"9359af46-d44d-47d8-973b-7ea204a553b4","local_time":"20210125225556","is_ascension_mode":true,"campfire_choices":[{"data":"Neutralize","floor":7.0,"key":"SMITH"},{"data":"Eviscerate","floor":15.0,"key":"SMITH"},{"data":"Envenom","floor":29.0,"key":"SMITH"},{"data":"testmod-AutoReboundSystem","floor":32.0,"key":"SMITH"},{"floor":40.0,"key":"RECALL"},{"data":"Cloak And Dagger","floor":45,"key":"SMITH"},{"data":"expansioncontent:DashGenerateEvil","floor":49,"key":"SMITH"},{"data":"Guardian:ConstructionForm","floor":52,"key":"SMITH"}],"circlet_count":0,"master_deck":["Defend_G","Defend_G","Survivor","Neutralize+1","SuicideKing","Cloak And Dagger+1","Prepared","testmod-AutoReboundSystem+1","Noxious Fumes","Slimebound:SplitMire","Eviscerate+1","Envenom+1","Guardian:ConstructionForm+1","TheCursedMod:SurpriseAttack","Adrenaline","Cloak And Dagger+1","TheCursedMod:CircleOfFlame","expansioncontent:DashGenerateEvil+1","TalkToTheHand","Acrobatics","TheCursedMod:CircleOfWindfury"],"relics":["Ring of the Snake","HushsDoor","GuppysPaw","testmod-Nyarlathotep","NeowsBlessing","PrismaticShard","Art of War","Bag of Preparation","Bag of Marbles","TungstenRod","Pear","testmod-Temperance","GuppysTail","GuppysCollar","Medical Kit","Ornamental Fan","Mercury Hourglass","Blue Candle","MawBank","UnicornStump","Oddly Smooth Stone","HoveringKite","Damocles","SatanicBible","Shuriken","TheBattery","Sundial","CaptainsWheel","White Beast Statue","MealTicket","testmod-Justice","StrikeDummy","Slimebound:PreparedRelic","Potion Belt","Boot","Dream Catcher","Du-Vu Doll","ClockworkSouvenir","Letter Opener","Bottled Tornado"],"acts_visited":["Exordium","TheCity","TheBeyond","TheEnding"],"potions_floor_usage":[55,55,55,55,55],"damage_taken":[{"damage":0.0,"enemies":"Jaw Worm","floor":1.0,"turns":1.0},{"damage":0.0,"enemies":"Small Slimes","floor":3.0,"turns":1.0},{"damage":0.0,"enemies":"Gremlin Nob","floor":6.0,"turns":1.0},{"damage":0.0,"enemies":"Cultist","floor":8.0,"turns":4.0},{"damage":3.0,"enemies":"Looter","floor":10.0,"turns":4.0},{"damage":17.0,"enemies":"3 Sentries","floor":11.0,"turns":8.0},{"damage":0.0,"enemies":"Blue Slaver","floor":14.0,"turns":1.0},{"damage":0.0,"enemies":"Hexaghost","floor":16.0,"turns":8.0},{"damage":0.0,"enemies":"2 Thieves","floor":18.0,"turns":1.0},{"damage":0.0,"enemies":"Chosen","floor":22.0,"turns":2.0},{"damage":0.0,"enemies":"Book of Stabbing","floor":23.0,"turns":2.0},{"damage":0.0,"enemies":"3 Cultists","floor":25.0,"turns":3.0},{"damage":0.0,"enemies":"Shelled Parasite and Fungi","floor":27.0,"turns":2.0},{"damage":0.0,"enemies":"Gremlin Leader","floor":28.0,"turns":3.0},{"damage":0.0,"enemies":"Book of Stabbing","floor":30.0,"turns":4.0},{"damage":0.0,"enemies":"Hiden Room Battle","floor":31.0,"turns":3.0},{"damage":0.0,"enemies":"Automaton","floor":33.0,"turns":4.0},{"damage":0.0,"enemies":"Orb Walker","floor":35.0,"turns":1.0},{"damage":0.0,"enemies":"3 Darklings","floor":39.0,"turns":2.0},{"damage":0.0,"enemies":"Giant Head","floor":41.0,"turns":4.0},{"damage":0.0,"enemies":"Writhing Mass","floor":42.0,"turns":2.0},{"damage":0,"enemies":"Reptomancer","floor":44,"turns":3},{"damage":0,"enemies":"4 Shapes","floor":46,"turns":2},{"damage":0,"enemies":"Giant Head","floor":47,"turns":3},{"damage":0,"enemies":"Jaw Worm Horde","floor":48,"turns":2},{"damage":0,"enemies":"Awakened One","floor":50,"turns":6},{"damage":0,"enemies":"Shield and Spear","floor":54,"turns":3},{"damage":0,"enemies":"Delirium","floor":55,"turns":5}],"seed_played":"7170650277644130055","potions_obtained":[{"floor":1.0,"key":"Fire Potion"},{"floor":10.0,"key":"Energy Potion"},{"floor":16.0,"key":"GamblersBrew"},{"floor":27.0,"key":"SteroidPotion"},{"floor":28.0,"key":"PowerPotion"},{"floor":30.0,"key":"ColorlessPotion"},{"floor":33.0,"key":"ColorlessPotion"},{"floor":39.0,"key":"Dexterity Potion"},{"floor":42.0,"key":"AttackPotion"},{"floor":44,"key":"champ:CounterPotion"},{"floor":46,"key":"CultistPotion"},{"floor":47,"key":"Fire Potion"},{"floor":48,"key":"BlessingOfTheForge"}],"is_trial":false,"path_per_floor":["M","?","M","$","?","E","R","M","T","M","E","?","$","M","R","B",null,"M","$","?","?","M","E","$","M","T","M","E","R","E","?","R","B",null,"M","?","?","$","M","R","E","M","T","E","R","M","E","M","R","B",null,"R","$","E","B"],"character_chosen":"THE_SILENT","items_purchased":["PrismaticShard","Eviscerate","Envenom","Pear","GuppysTail","GuppysCollar","Medical Kit","Damocles","SatanicBible","Adrenaline","TheBattery","Sundial","Acrobatics","ClockworkSouvenir"],"campfire_rested":0,"item_purchase_floors":[4,13,13,13,17,17,19,34,34,34,38,38,53,53],"current_hp_per_floor":[70,59,59,59,59,59,59,59,59,56,39,32,42,42,42,42,49,49,49,49,49,49,49,49,49,49,49,49,49,49,35,35,35,18,18,18,18,18,18,18,18,18,18,18,18,18,18,18,18,18,18,18,18,18,18,18],"gold":71,"neow_bonus":"THREE_ENEMY_KILL","is_daily":false,"chose_seed":false,"campfire_upgraded":7,"win_rate":0.0,"timestamp":1611586556,"path_taken":["M","?","M","?","?","E","R","?","T","M","E","?","$","?","R","BOSS","M","$","?","?","M","E","$","M","T","M","E","R","E","?","R","BOSS","M","?","?","$","M","R","E","M","T","E","R","M","E","M","R","BOSS","R","$","E","BOSS"],"items_purchased_type":["Relic","Card","Card","Relic","Relic","Relic","Relic","Relic","Relic","Card","Relic","Relic","Card","Relic"],"build_version":"2020-12-22","purchased_purges":4,"victory":false,"max_hp_per_floor":[70,70,70,70,70,70,70,70,70,70,70,70,80,80,80,77,49,49,49,49,49,49,49,49,49,49,49,49,49,49,49,49,49,18,18,18,18,18,18,18,18,18,18,18,18,18,18,18,18,18,18,18,18,18,18,18],"card_choices":[{"not_picked":[],"picked":"SuicideKing","floor":0.0},{"not_picked":["Slice","Skewer"],"picked":"Cloak And Dagger","floor":1.0},{"not_picked":["Flechettes","Skewer"],"picked":"Prepared","floor":3.0},{"not_picked":["sneckomod:SnakeSap","hexamod:GhostOfSpirePast","Pommel Strike"],"picked":"SKIP","floor":6.0},{"not_picked":["Slimebound:Nibble","Slimebound:ComboTackle"],"picked":"testmod-AutoReboundSystem","floor":8.0},{"not_picked":["Dagger Throw","hexamod:ThermalTransfer"],"picked":"Noxious Fumes","floor":10.0},{"not_picked":["Defragment","LikeWater"],"picked":"Slimebound:SplitMire","floor":11.0},{"not_picked":["sneckomod:Memorize","Pulse","Slimebound:LeechEnergy"],"picked":"SKIP","floor":14.0},{"not_picked":["testmod-BloodShelter","All For One"],"picked":"Guardian:ConstructionForm","floor":16.0},{"not_picked":["Riddle With Holes","Melter+1"],"picked":"TheCursedMod:SurpriseAttack","floor":18.0},{"not_picked":["Stack","Clash","champ:AdrenalArmor"],"picked":"SKIP","floor":22.0},{"not_picked":["sneckomod:Unknown1Cost","hexamod:HeatShield+1"],"picked":"Force Field","floor":23.0},{"not_picked":["Guardian:SpikerProtocol+1","TheCursedMod:Wield","Burning Pact"],"picked":"SKIP","floor":25.0},{"not_picked":["bronze:GetLatest+1","hexamod:ExtraCrispy+1","Rebound"],"picked":"SKIP","floor":27.0},{"not_picked":["hexamod:FlameSwitch","sneckomod:QuickBite","champ:BerserkerStyle"],"picked":"SKIP","floor":28.0},{"not_picked":["bronze:Overheat+1","Protect","Guardian:WalkerClaw"],"picked":"SKIP","floor":30.0},{"not_picked":["Swivel","EmptyBody+1"],"picked":"Cloak And Dagger+1","floor":35.0},{"not_picked":["TheCursedMod:Stigma","Metallicize+1","Guardian:PiercingHide"],"picked":"SKIP","floor":39.0},{"not_picked":["Reaper","Havoc+1","Flying Knee"],"picked":"SKIP","floor":41.0},{"not_picked":["sneckomod:UnknownClassGREEN+1","sneckomod:DiceCrush","Evaluate"],"picked":"SKIP","floor":42.0},{"not_picked":["champ:GutPunch","sneckomod:SnakeSap","Guardian:Gem_Red"],"picked":"SKIP","floor":44},{"not_picked":["Slimebound:FormOfPuddle+1","TheCursedMod:PrepareRite+1"],"picked":"TheCursedMod:CircleOfFlame","floor":46},{"not_picked":["Madness+1","Offering"],"picked":"expansioncontent:DashGenerateEvil","floor":47},{"not_picked":["champ:PerfectedStrike+1","FearNoEvil+1"],"picked":"TalkToTheHand","floor":48},{"not_picked":["hexamod:RetreatToShadows","TheCursedMod:CursedAmulet"],"picked":"TheCursedMod:CircleOfWindfury","floor":54}],"player_experience":291930,"relics_obtained":[{"floor":6.0,"key":"Art of War"},{"floor":9.0,"key":"Bag of Preparation"},{"floor":11.0,"key":"Bag of Marbles"},{"floor":23.0,"key":"Ornamental Fan"},{"floor":26.0,"key":"Mercury Hourglass"},{"floor":28.0,"key":"Blue Candle"},{"floor":30.0,"key":"MawBank"},{"floor":31.0,"key":"UnicornStump"},{"floor":31.0,"key":"Oddly Smooth Stone"},{"floor":35.0,"key":"Shuriken"},{"floor":39.0,"key":"CaptainsWheel"},{"floor":41.0,"key":"White Beast Statue"},{"floor":41.0,"key":"MealTicket"},{"floor":42.0,"key":"testmod-Justice"},{"floor":44,"key":"StrikeDummy"},{"floor":44,"key":"Slimebound:PreparedRelic"},{"floor":46,"key":"Potion Belt"},{"floor":47,"key":"Boot"},{"floor":47,"key":"Dream Catcher"},{"floor":48,"key":"Du-Vu Doll"},{"floor":54,"key":"Letter Opener"},{"floor":54,"key":"Bottled Tornado"}],"event_choices":[{"damage_healed":0.0,"max_hp_gain":0.0,"max_hp_loss":0.0,"gold_gain":75.0,"event_name":"World of Goop","player_choice":"Gather Gold","floor":2.0,"gold_loss":0.0,"damage_taken":11.0},{"damage_healed":0.0,"max_hp_gain":0.0,"max_hp_loss":0.0,"gold_gain":400.0,"event_name":"恩洛斯的盘子","player_choice":"Sell","floor":5.0,"relics_lost":["testmod-TestBox"],"gold_loss":0.0,"damage_taken":0.0},{"damage_healed":0.0,"max_hp_gain":0.0,"max_hp_loss":0.0,"gold_gain":0.0,"event_name":"Scrap Ooze","player_choice":"Success","floor":12.0,"gold_loss":0.0,"damage_taken":7.0,"relics_obtained":["TungstenRod"]},{"damage_healed":0.0,"max_hp_gain":0.0,"max_hp_loss":0.0,"gold_gain":99.0,"event_name":"Nest","player_choice":"Stole From Cult","floor":20.0,"gold_loss":0.0,"damage_taken":0.0},{"cards_removed":["Strike_G"],"damage_healed":0.0,"max_hp_gain":0.0,"max_hp_loss":0.0,"gold_gain":0.0,"event_name":"Beggar","player_choice":"Gave Gold","floor":21.0,"gold_loss":75.0,"damage_taken":0.0},{"damage_healed":0.0,"max_hp_gain":0.0,"max_hp_loss":0.0,"gold_gain":0.0,"event_name":"HidenRoomEvent","player_choice":"Fight","floor":31.0,"gold_loss":0.0,"damage_taken":0.0},{"cards_removed":["Force Field"],"damage_healed":0.0,"max_hp_gain":0.0,"max_hp_loss":0.0,"gold_gain":0.0,"event_name":"Bonfire Elementals","player_choice":"Offered Uncommon","floor":36.0,"gold_loss":0.0,"damage_taken":0.0}],"is_beta":false,"boss_relics":[{"not_picked":["testmod-Fanaticism","Ring of the Serpent"],"picked":"testmod-Temperance"},{"not_picked":[]},{"not_picked":["Busted Crown","Snecko Eye"],"picked":"HoveringKite"},{"not_picked":[]}],"items_purged_floors":[13,17,34,38],"is_endless":false,"potions_floor_spawned":[1,10,16,27,28,30,31,33,39,41,42,44,46,47,48,54],"killed_by":"Delirium","ascension_level":1}}