{"host":"wkuscavjg97fbbrj","time":1611582554,"event":{"mods":["BaseMod","Colored Powertips","Downfall","Minty Spire (QoL Compilation)","Permanent Neow","Quick Restart","Replay The Spire","StSLib"],"gold_per_floor":[0,150,150,209,221,252,252,352,382,382,400,429,529,439,453,453,453,453],"floor_reached":16,"language":"ENG","playtime":974,"items_purged":["hexamod:Sear"],"score":141,"play_id":"696eeacf-0af6-4595-bfc1-ebf756c3e9ce","local_time":"20210125084914","is_ascension_mode":false,"campfire_choices":[{"data":"hexamod:Float","floor":1,"key":"SMITH"},{"data":"hexamod:HexaLevel","floor":10,"key":"SMITH"}],"circlet_count":0,"master_deck":["hexamod:Strike","hexamod:Strike","hexamod:Strike","hexamod:Defend","hexamod:Defend","hexamod:Defend","hexamod:Float+1","hexamod:InspiringFlames","hexamod:HexaLevel+1","hexamod:GhostOfSpireFuture","Pot Of Greed","hexamod:SkipABeat","Pot Of Greed","hexamod:GhostflameInferno"],"relics":["hexamod:SpiritBrand","Nunchaku","Mango","Torii","Grinning Jar","downfall:GremlinWheel"],"acts_visited":["Exordium"],"potions_floor_usage":[12,12,13],"damage_taken":[{"damage":0,"enemies":"Cultist","floor":5,"turns":3},{"damage":5,"enemies":"Lagavulin","floor":6,"turns":7},{"damage":0,"enemies":"Replay:BlueRogue","floor":9,"turns":6},{"damage":0,"enemies":"Jaw Worm","floor":11,"turns":5},{"damage":13,"enemies":"Gremlin Nob","floor":12,"turns":5},{"damage":39,"enemies":"Gremlin Nob","floor":13,"turns":6},{"damage":0,"enemies":"downfall:FleeingMerchant","floor":14,"turns":4},{"damage":0,"enemies":"Small Slimes","floor":15,"turns":2},{"damage":31,"enemies":"IC_STATUS_ARCHETYPE","floor":16,"turns":8}],"seed_played":"-8437197270979699144","potions_obtained":[{"floor":4,"key":"Fire Potion"},{"floor":4,"key":"Dexterity Potion"},{"floor":9,"key":"Slimebound:ThreeZeroPotion"},{"floor":11,"key":"Venom Potion"}],"is_trial":false,"path_per_floor":["R","?","?","?","M","E","T","?","E","R","M","E","?","$","M","B"],"character_chosen":"THE_SPIRIT","items_purchased":[],"campfire_rested":0,"item_purchase_floors":[],"current_hp_per_floor":[70,70,70,70,70,79,79,79,79,79,79,66,27,27,27,0,0,0],"gold":453,"neow_bonus":"REMOVE_TWO","is_daily":false,"chose_seed":false,"campfire_upgraded":2,"win_rate":0.0,"timestamp":1611582554,"path_taken":["R","?","?","?","M","E","T","?","E","R","?","E","?","$","M","BOSS"],"items_purchased_type":[],"build_version":"2020-12-22","purchased_purges":1,"victory":false,"max_hp_per_floor":[70,70,70,70,70,84,84,84,84,84,84,84,84,84,84,84,84,84],"card_choices":[{"not_picked":["hexamod:BacktrackSmack","hexamod:SpectersWail"],"picked":"hexamod:InspiringFlames","floor":4},{"not_picked":["hexamod:HeatMetal","hexamod:GhostShield","hexamod:RadiantFlame"],"picked":"SKIP","floor":5},{"not_picked":["hexamod:SwordOfDarkness","hexamod:GhostLash"],"picked":"hexamod:HexaLevel","floor":6},{"not_picked":["hexamod:HeatShield","hexamod:InspiringFlames"],"picked":"hexamod:GhostOfSpireFuture","floor":9},{"not_picked":["hexamod:ShieldOfDarkness","hexamod:PhantomCloak","hexamod:ThermalTransfer"],"picked":"SKIP","floor":11},{"not_picked":["hexamod:ShieldOfDarkness","hexamod:PhantomCloak","hexamod:ThermalTransfer"],"picked":"SKIP","floor":11},{"not_picked":["hexamod:SecondSeal","hexamod:ThermalTransfer"],"picked":"hexamod:SkipABeat","floor":12},{"not_picked":["hexamod:SwordOfDarkness","hexamod:GhostShield"],"picked":"hexamod:GhostflameInferno","floor":14},{"not_picked":["hexamod:HauntingEcho","hexamod:Again","hexamod:FastForward"],"picked":"SKIP","floor":15}],"player_experience":174289,"relics_obtained":[{"floor":4,"key":"Nunchaku"},{"floor":6,"key":"Mango"},{"floor":9,"key":"Torii"},{"floor":12,"key":"Grinning Jar"},{"floor":13,"key":"downfall:GremlinWheel"}],"event_choices":[{"cards_removed":["downfall:Icky"],"damage_healed":0,"gold_gain":0,"player_choice":"Card Removal","damage_taken":0,"max_hp_gain":0,"max_hp_loss":0,"event_name":"The Cleric","floor":3,"gold_loss":0}],"is_beta":false,"boss_relics":[],"items_purged_floors":[14],"is_endless":false,"potions_floor_spawned":[9,11],"killed_by":"IC_STATUS_ARCHETYPE","ascension_level":0}}