{"host":"tq99ucv8ezzqzioe","time":1611599002,"event":{"mods":["BaseMod","Colored Map","Downfall","Highlight Path","Minty Spire (QoL Compilation)","StSLib"],"gold_per_floor":[116,135,148,228,248,283,283,309,309,338,353,353,378,378,378,476,476,489,505,505,505,505],"floor_reached":21,"language":"ENG","playtime":2517,"items_purged":[],"score":304,"play_id":"61b576a8-fe2c-49e8-9a53-b5c4b4ab5125","local_time":"20210125132322","is_ascension_mode":true,"campfire_choices":[{"floor":7,"key":"RECALL"},{"floor":12,"key":"REST"},{"data":"Envenom","floor":15,"key":"SMITH"}],"circlet_count":0,"master_deck":["Strike_G","Strike_G","Strike_G","Strike_G","Strike_G","Defend_G","Defend_G","Defend_G","Defend_G","Defend_G","Survivor","Neutralize","Choke","Dash","Blade Dance","Finisher","Envenom+1","Finisher","Catalyst","Crippling Poison","Dodge and Roll","Envenom","PiercingWail","Good Instincts"],"relics":["Ring of the Snake","NeowsBlessing","Pen Nib","Tough Bandages","StrikeDummy","Mercury Hourglass","Omamori","downfall:ExtraCursedBell","Bag of Marbles","Pantograph","Tingsha","Snecko Eye"],"acts_visited":["Exordium","TheCity"],"potions_floor_usage":[6,10,13,16],"damage_taken":[{"damage":0,"enemies":"Small Slimes","floor":1,"turns":1},{"damage":0,"enemies":"2 Louse","floor":2,"turns":2},{"damage":0,"enemies":"Cultist","floor":3,"turns":1},{"damage":1,"enemies":"Looter","floor":5,"turns":3},{"damage":10,"enemies":"3 Sentries","floor":6,"turns":6},{"damage":6,"enemies":"Gremlin Nob","floor":8,"turns":3},{"damage":25,"enemies":"3 Sentries","floor":10,"turns":8},{"damage":0,"enemies":"Red Slaver","floor":11,"turns":1},{"damage":0,"enemies":"Lagavulin","floor":13,"turns":4},{"damage":25,"enemies":"The Guardian","floor":16,"turns":13},{"damage":16,"enemies":"Spheric Guardian","floor":18,"turns":4},{"damage":21,"enemies":"Shell Parasite","floor":19,"turns":4},{"damage":20,"enemies":"Snake Plant","floor":21,"turns":4}],"seed_played":"-4824445554468109073","potions_obtained":[{"floor":5,"key":"Fire Potion"},{"floor":6,"key":"EssenceOfSteel"},{"floor":8,"key":"SneckoOil"},{"floor":10,"key":"AttackPotion"},{"floor":16,"key":"Fruit Juice"},{"floor":18,"key":"Dexterity Potion"},{"floor":19,"key":"DistilledChaos"}],"is_trial":false,"path_per_floor":["M","M","M","?","M","E","R","E","T","E","M","R","E","?","R","B",null,"M","M","?","M"],"character_chosen":"THE_SILENT","items_purchased":[],"campfire_rested":1,"item_purchase_floors":[],"current_hp_per_floor":[63,63,63,63,62,52,52,46,46,21,21,42,42,42,42,47,68,52,31,19,0,0],"gold":505,"neow_bonus":"THREE_ENEMY_KILL","is_daily":false,"chose_seed":false,"campfire_upgraded":1,"win_rate":0.0,"timestamp":1611599002,"path_taken":["M","M","M","?","M","E","R","E","T","E","M","R","E","?","R","BOSS","M","M","?","?"],"items_purchased_type":[],"build_version":"2020-12-22","purchased_purges":0,"victory":false,"max_hp_per_floor":[70,70,70,70,70,70,70,70,70,70,70,70,70,70,70,75,75,75,75,75,75,75],"card_choices":[{"not_picked":["Deflect","Sucker Punch"],"picked":"Choke","floor":1},{"not_picked":["Blade Dance","Dodge and Roll"],"picked":"Dash","floor":2},{"not_picked":["Footwork","Backflip"],"picked":"Blade Dance","floor":3},{"not_picked":["Terror","Slice"],"picked":"Finisher","floor":5},{"not_picked":["Endless Agony","Tools of the Trade"],"picked":"Envenom","floor":6},{"not_picked":["Riddle With Holes","Slice"],"picked":"Finisher","floor":8},{"not_picked":["Deflect","Dagger Throw"],"picked":"Catalyst","floor":10},{"not_picked":["Underhanded Strike","Flechettes"],"picked":"Crippling Poison","floor":11},{"not_picked":["Slice","Reflex"],"picked":"Dodge and Roll","floor":13},{"not_picked":["Phantasmal Killer","Unload"],"picked":"Envenom","floor":16},{"not_picked":["Deadly Poison+1","Crippling Poison"],"picked":"PiercingWail","floor":18},{"not_picked":["Setup","Quick Slash","Dagger Throw+1"],"picked":"SKIP","floor":19}],"player_experience":745356,"relics_obtained":[{"floor":6,"key":"Pen Nib"},{"floor":8,"key":"Tough Bandages"},{"floor":9,"key":"StrikeDummy"},{"floor":10,"key":"Mercury Hourglass"},{"floor":13,"key":"Omamori"},{"floor":14,"key":"Bag of Marbles"},{"floor":14,"key":"Pantograph"},{"floor":14,"key":"Tingsha"}],"event_choices":[{"damage_healed":0,"gold_gain":80,"player_choice":"Gained Gold","damage_taken":0,"max_hp_gain":0,"max_hp_loss":0,"event_name":"Golden Wing","floor":4,"gold_loss":0},{"damage_healed":0,"gold_gain":0,"player_choice":"CARD ","damage_taken":12,"max_hp_gain":0,"max_hp_loss":0,"event_name":"Knowing Skull","floor":20,"potions_obtained":[],"gold_loss":0,"cards_obtained":["Good Instincts"]}],"is_beta":false,"boss_relics":[{"not_picked":["SacredBark","Runic Dome"],"picked":"Snecko Eye"}],"items_purged_floors":[],"is_endless":false,"potions_floor_spawned":[5,6,8,10,16,18,19],"killed_by":"Snake Plant","ascension_level":6}}