{"host":"l2dnabsh5e0fsksb","time":1611547458,"event":{"mods":["2.2 Compatiblity","BaseMod","Downfall","Minty Spire (QoL Compilation)","Quick Restart","StSLib"],"gold_per_floor":[99,99,99,99,99,127,204,204,204,204],"floor_reached":8,"language":"ENG","playtime":723,"items_purged":[],"score":65,"play_id":"627cdba1-ae0e-4faa-9872-a5bee20a31a1","local_time":"20210125143418","is_ascension_mode":true,"campfire_choices":[{"floor":1.0,"key":"RECALL"}],"circlet_count":0,"master_deck":["bronze:Strike","bronze:Strike","bronze:Strike","bronze:Strike","bronze:Defend","bronze:Defend","bronze:Defend","bronze:Defend","bronze:Replicate","bronze:Goto","bronze:OilSpill","bronze:Iterate","bronze:Terminator","bronze:CloningBeam","bronze:Verify","bronze:Constructor"],"relics":["bronze:BronzeCore","downfall:HeartsMalice","bronze:Timepiece","Singing Bowl"],"acts_visited":["Exordium"],"potions_floor_usage":[8],"damage_taken":[{"damage":0.0,"enemies":"Cultist","floor":2.0,"turns":1.0},{"damage":0.0,"enemies":"2 Louse","floor":3.0,"turns":1.0},{"damage":0.0,"enemies":"Small Slimes","floor":4.0,"turns":1.0},{"damage":49.0,"enemies":"Lagavulin","floor":6.0,"turns":9.0},{"damage":15,"enemies":"3 Sentries","floor":8,"turns":4}],"seed_played":"-1006565066766153837","potions_obtained":[{"floor":6.0,"key":"sneckomod:MuddlingPotion"}],"is_trial":false,"path_per_floor":["R","M","M","M","?","E","T","E"],"character_chosen":"THE_AUTOMATON","items_purchased":[],"campfire_rested":0,"item_purchase_floors":[],"current_hp_per_floor":[63,63,63,63,63,14,14,0,0,0],"gold":204,"neow_bonus":"THREE_ENEMY_KILL","is_daily":false,"chose_seed":false,"campfire_upgraded":0,"win_rate":0.0,"timestamp":1611547458,"path_taken":["R","M","M","?","?","E","T","E"],"items_purchased_type":[],"build_version":"2020-12-22","purchased_purges":0,"victory":false,"max_hp_per_floor":[70,70,70,70,70,70,70,70,70,70],"card_choices":[{"not_picked":["bronze:Deprecate","bronze:ForceShield"],"picked":"bronze:OilSpill","floor":2.0},{"not_picked":["bronze:DarkDash","bronze:FollowUp"],"picked":"bronze:Iterate","floor":3.0},{"not_picked":["bronze:OilSpill","bronze:BuggyMess"],"picked":"bronze:Terminator","floor":4.0},{"not_picked":["bronze:Deprecate","bronze:BronzeArmor"],"picked":"bronze:Constructor","floor":6.0}],"player_experience":1832956,"relics_obtained":[{"floor":6.0,"key":"bronze:Timepiece"},{"floor":7.0,"key":"Singing Bowl"}],"event_choices":[],"is_beta":false,"boss_relics":[],"items_purged_floors":[],"is_endless":false,"potions_floor_spawned":[6],"killed_by":"3 Sentries","ascension_level":6}}