{"host":"8is2j71l4wmybkoi","time":1611582419,"event":{"mods":["AchievementEnabler","BaseMod","Colored Map","Minty Spire (QoL Compilation)","Rare Cards Sparkle","StSLib","SuperFastMode"],"gold_per_floor":[117,137,148,164,174,174,99,99,99,99,133,143,175,195,195,272,272,283,294,308,308,358,358,368,368,368,293,47,47,47,60,60,137,137,148,165,178,194,194,229,229,255,255,255,255,255,255,270,270,270],"floor_reached":51,"language":"KOR","playtime":2052,"items_purged":["Defend_B"],"score":1476,"play_id":"9374410e-c65a-4233-97a4-5147886d5d81","local_time":"20210125224659","is_ascension_mode":true,"campfire_choices":[{"data":"Zap","floor":6.0,"key":"SMITH"},{"floor":8.0,"key":"REST"},{"data":"Consume","floor":15.0,"key":"SMITH"},{"data":"Loop","floor":23.0,"key":"SMITH"},{"floor":29.0,"key":"REST"},{"floor":32.0,"key":"REST"},{"floor":41.0,"key":"REST"},{"floor":46.0,"key":"REST"},{"data":"Echo Form","floor":49,"key":"SMITH"}],"circlet_count":0,"master_deck":["AscendersBane","Zap+1","Dualcast","Loop+1","Streamline","Undo","Chill","Electrodynamics","Rebound","Capacitor","Consume+1","Glacier","Echo Form+1","Hologram","Turbo+1","Seek","Rainbow+1","Meteor Strike+1","Skim+1","Conserve Battery","Go for the Eyes+1","Redo+1","Self Repair","Doubt"],"relics":["FrozenCore","Dream Catcher","DataDisk","Matryoshka","Juzu Bracelet","Blue Candle","Runic Capacitor","Astrolabe","Oddly Smooth Stone","Regal Pillow","Darkstone Periapt","Letter Opener"],"acts_visited":["Exordium","TheCity","TheBeyond"],"potions_floor_usage":[50],"damage_taken":[{"damage":2.0,"enemies":"Jaw Worm","floor":1.0,"turns":3.0},{"damage":7.0,"enemies":"Small Slimes","floor":2.0,"turns":3.0},{"damage":1.0,"enemies":"2 Louse","floor":3.0,"turns":2.0},{"damage":6.0,"enemies":"Large Slime","floor":4.0,"turns":4.0},{"damage":0.0,"enemies":"Looter","floor":5.0,"turns":3.0},{"damage":16.0,"enemies":"Lagavulin","floor":11.0,"turns":5.0},{"damage":2.0,"enemies":"Red Slaver","floor":12.0,"turns":3.0},{"damage":8.0,"enemies":"3 Sentries","floor":13.0,"turns":3.0},{"damage":0.0,"enemies":"3 Louse","floor":14.0,"turns":3.0},{"damage":12.0,"enemies":"Hexaghost","floor":16.0,"turns":7.0},{"damage":5.0,"enemies":"Chosen","floor":18.0,"turns":9.0},{"damage":0.0,"enemies":"3 Byrds","floor":19.0,"turns":3.0},{"damage":0.0,"enemies":"Shelled Parasite and Fungi","floor":20.0,"turns":6.0},{"damage":26.0,"enemies":"Cultist and Chosen","floor":24.0,"turns":8.0},{"damage":0.0,"enemies":"Centurion and Healer","floor":31.0,"turns":6.0},{"damage":4.0,"enemies":"Champ","floor":33.0,"turns":11.0},{"damage":10.0,"enemies":"3 Shapes","floor":35.0,"turns":3.0},{"damage":8.0,"enemies":"Orb Walker","floor":36.0,"turns":5.0},{"damage":8.0,"enemies":"Jaw Worm Horde","floor":37.0,"turns":3.0},{"damage":5.0,"enemies":"Maw","floor":38.0,"turns":7.0},{"damage":0.0,"enemies":"Transient","floor":39.0,"turns":1.0},{"damage":0.0,"enemies":"Giant Head","floor":40.0,"turns":10.0},{"damage":54.0,"enemies":"Reptomancer","floor":42.0,"turns":7.0},{"damage":0.0,"enemies":"Writhing Mass","floor":45.0,"turns":1.0},{"damage":23,"enemies":"Spire Growth","floor":48,"turns":7},{"damage":20,"enemies":"Awakened One","floor":50,"turns":13}],"seed_played":"171561621160739194","potions_obtained":[{"floor":1.0,"key":"AttackPotion"},{"floor":4.0,"key":"PotionOfCapacity"},{"floor":11.0,"key":"Block Potion"},{"floor":14.0,"key":"Fire Potion"},{"floor":16.0,"key":"Strength Potion"},{"floor":19.0,"key":"LiquidMemories"},{"floor":24.0,"key":"FearPotion"},{"floor":31.0,"key":"Weak Potion"},{"floor":33.0,"key":"DuplicationPotion"},{"floor":35.0,"key":"SmokeBomb"},{"floor":38.0,"key":"Explosive Potion"},{"floor":40.0,"key":"SmokeBomb"},{"floor":42.0,"key":"Fire Potion"}],"is_trial":false,"path_per_floor":["M","M","M","M","M","R","?","R","T","?","E","M","E","M","R","B",null,"M","M","M","?","?","R","M","?","T","?","$","R","$","M","R","B",null,"M","M","M","M","M","E","R","E","T","?","M","R","?","M","R","B",null],"character_chosen":"DEFECT","items_purchased":["Runic Capacitor"],"campfire_rested":5,"item_purchase_floors":[28],"current_hp_per_floor":[44,37,36,30,30,30,30,51,51,56,40,38,30,30,30,18,62,57,57,57,57,57,57,31,9,9,9,9,33,33,33,57,53,74,64,56,48,43,43,43,67,13,13,13,13,52,87,78,78,65],"gold":270,"neow_bonus":"REMOVE_TWO","is_daily":false,"chose_seed":false,"campfire_upgraded":4,"win_rate":0.0,"timestamp":1611582419,"path_taken":["M","M","M","M","M","R","?","R","T","?","E","?","E","M","R","BOSS","M","M","M","?","?","R","M","?","T","?","?","R","$","M","R","BOSS","M","M","M","M","M","E","R","E","T","?","M","R","?","M","R","BOSS"],"items_purchased_type":["Relic"],"build_version":"2020-12-22","purchased_purges":1,"victory":true,"max_hp_per_floor":[71,71,71,71,71,71,71,71,71,76,76,76,76,76,76,76,76,76,76,76,76,76,76,76,81,81,81,81,81,81,81,81,81,81,81,81,81,81,81,81,81,81,81,81,81,81,87,87,87,87],"card_choices":[{"not_picked":["Compile Driver","Steam"],"picked":"Loop","floor":1.0},{"not_picked":["Force Field","Turbo"],"picked":"Streamline","floor":2.0},{"not_picked":["Gash","Stack"],"picked":"Undo","floor":3.0},{"not_picked":["Skim","Undo"],"picked":"Chill","floor":4.0},{"not_picked":["Aggregate","Rebound"],"picked":"Electrodynamics","floor":5.0},{"not_picked":["Steam Power","Streamline"],"picked":"Rebound","floor":11.0},{"not_picked":["Hologram","Stack"],"picked":"Capacitor","floor":12.0},{"not_picked":["Blizzard","Sweeping Beam"],"picked":"Consume","floor":13.0},{"not_picked":["Turbo","Gash"],"picked":"Glacier","floor":14.0},{"not_picked":["Reboot","Creative AI"],"picked":"Echo Form","floor":16.0},{"not_picked":["Beam Cell","Streamline+1"],"picked":"Hologram","floor":18.0},{"not_picked":["Thunder Strike","Static Discharge","Streamline+1"],"picked":"SKIP","floor":19.0},{"not_picked":["Chill","Leap","Go for the Eyes"],"picked":"SKIP","floor":20.0},{"not_picked":["Chill","Leap","Go for the Eyes"],"picked":"SKIP","floor":20.0},{"not_picked":["Lockon","Storm"],"picked":"Turbo+1","floor":24.0},{"not_picked":["Darkness","Turbo","Gash"],"picked":"SKIP","floor":31.0},{"not_picked":["Echo Form","Meteor Strike"],"picked":"Seek","floor":33.0},{"not_picked":["Gash+1","Glacier","Leap"],"picked":"SKIP","floor":35.0},{"not_picked":["Beam Cell+1","Lockon","Streamline"],"picked":"SKIP","floor":36.0},{"not_picked":["Steam","Go for the Eyes"],"picked":"Conserve Battery","floor":37.0},{"not_picked":["Redo","Fission"],"picked":"Go for the Eyes+1","floor":38.0},{"not_picked":["All For One","Compile Driver"],"picked":"Redo+1","floor":40.0},{"not_picked":["Leap+1","Steam+1"],"picked":"Self Repair","floor":42.0},{"not_picked":["Consume","Static Discharge+1","Cold Snap"],"picked":"SKIP","floor":48}],"player_experience":794427,"relics_obtained":[{"floor":9.0,"key":"Dream Catcher"},{"floor":11.0,"key":"DataDisk"},{"floor":13.0,"key":"Matryoshka"},{"floor":26.0,"key":"Juzu Bracelet"},{"floor":26.0,"key":"Blue Candle"},{"floor":40.0,"key":"Oddly Smooth Stone"},{"floor":42.0,"key":"Regal Pillow"},{"floor":43.0,"key":"Darkstone Periapt"},{"floor":43.0,"key":"Letter Opener"}],"event_choices":[{"cards_removed":["Strike_B"],"damage_healed":0.0,"max_hp_gain":0.0,"max_hp_loss":0.0,"gold_gain":0.0,"event_name":"The Cleric","player_choice":"Card Removal","floor":7.0,"gold_loss":75.0,"damage_taken":0.0},{"damage_healed":0.0,"max_hp_gain":5.0,"max_hp_loss":0.0,"gold_gain":0.0,"event_name":"Big Fish","player_choice":"Donut","floor":10.0,"gold_loss":0.0,"damage_taken":0.0},{"damage_healed":0.0,"max_hp_gain":0.0,"max_hp_loss":0.0,"gold_gain":0.0,"event_name":"Vampires","player_choice":"Ignored","floor":21.0,"gold_loss":0.0,"damage_taken":0.0},{"damage_healed":0.0,"max_hp_gain":0.0,"max_hp_loss":0.0,"gold_gain":50.0,"event_name":"Nest","player_choice":"Stole From Cult","floor":22.0,"gold_loss":0.0,"damage_taken":0.0},{"damage_healed":0.0,"max_hp_gain":5.0,"max_hp_loss":0.0,"gold_gain":0.0,"event_name":"Forgotten Altar","player_choice":"Shed Blood","floor":25.0,"gold_loss":0.0,"damage_taken":27.0},{"cards_removed":["Strike_B"],"damage_healed":0.0,"max_hp_gain":0.0,"max_hp_loss":0.0,"gold_gain":0.0,"event_name":"Beggar","player_choice":"Gave Gold","floor":27.0,"gold_loss":75.0,"damage_taken":0.0},{"damage_healed":0.0,"max_hp_gain":0.0,"max_hp_loss":0.0,"gold_gain":0.0,"event_name":"SensoryStone","player_choice":"Memory 1","floor":44.0,"gold_loss":0.0,"damage_taken":0.0},{"damage_healed":29.0,"max_hp_gain":0.0,"max_hp_loss":0.0,"gold_gain":0.0,"event_name":"MindBloom","player_choice":"Heal","floor":47.0,"gold_loss":0.0,"damage_taken":0.0,"cards_obtained":["Doubt"]}],"is_beta":false,"boss_relics":[{"not_picked":["Black Star","Calling Bell"],"picked":"FrozenCore"},{"not_picked":["Pandora\u0027s Box","Empty Cage"],"picked":"Astrolabe"}],"items_purged_floors":[28],"is_endless":false,"potions_floor_spawned":[1,4,11,14,16,19,24,31,33,35,36,38,40,42],"ascension_level":18}}