{"host":"q3s8ewiy6v9taln3","time":1611542200,"event":{"mods":["BaseMod","Minty Spire (QoL Compilation)"],"gold_per_floor":[118,118,293,7,7,39,39,56,56,76,106,106,121,46,46,149,149,168,13,13,13,33,67,85,97,97,97,129,147,62,89,89,185,185,202,2,2,14,29,58,58,90,117,67,67,67,67],"floor_reached":46,"language":"ENG","playtime":1816,"items_purged":["Doubt","Strike_R","Strike_R"],"score":683,"play_id":"a1def810-ac03-4520-87fe-f9eada503da5","local_time":"20210124213640","is_ascension_mode":true,"campfire_choices":[{"data":"Spot Weakness","floor":7,"key":"SMITH"},{"data":"Heavy Blade","floor":12,"key":"SMITH"},{"data":"Heavy Blade","floor":15,"key":"SMITH"},{"floor":27,"key":"RECALL"},{"floor":32,"key":"REST"},{"data":"Limit Break","floor":41,"key":"SMITH"}],"circlet_count":0,"master_deck":["Strike_R","Strike_R","Strike_R","Defend_R","Defend_R","Defend_R","Defend_R","Bash+1","Spot Weakness+1","Heavy Blade+1","Heavy Blade+1","Thunderclap","Double Tap","Flex","Flex+1","Limit Break+1","Limit Break+1"],"relics":["Burning Blood","NeowsBlessing","Thread and Needle","MealTicket","Paper Frog","Mercury Hourglass","Mark of Pain","Brimstone","Blood Vial","Unceasing Top","Lantern","StoneCalendar","The Courier","Busted Crown","Juzu Bracelet","WingedGreaves","Smiling Mask","Boot"],"acts_visited":["Exordium","TheCity","TheBeyond"],"potions_floor_usage":[11,18,18,28,31,33,35,38,40,42],"damage_taken":[{"damage":0,"enemies":"2 Louse","floor":1,"turns":1},{"damage":0,"enemies":"3 Sentries","floor":6,"turns":2},{"damage":0,"enemies":"Cultist","floor":8,"turns":1},{"damage":0,"enemies":"Small Slimes","floor":10,"turns":3},{"damage":38,"enemies":"Lagavulin","floor":11,"turns":7},{"damage":10,"enemies":"2 Fungi Beasts","floor":13,"turns":3},{"damage":29,"enemies":"The Guardian","floor":16,"turns":8},{"damage":3,"enemies":"Chosen","floor":18,"turns":3},{"damage":15,"enemies":"2 Thieves","floor":22,"turns":2},{"damage":16,"enemies":"Book of Stabbing","floor":23,"turns":3},{"damage":0,"enemies":"Snake Plant","floor":24,"turns":2},{"damage":5,"enemies":"Cultist and Chosen","floor":25,"turns":3},{"damage":36,"enemies":"Slavers","floor":28,"turns":3},{"damage":0,"enemies":"Centurion and Healer","floor":29,"turns":3},{"damage":50,"enemies":"Book of Stabbing","floor":31,"turns":4},{"damage":32,"enemies":"Champ","floor":33,"turns":4},{"damage":11,"enemies":"3 Darklings","floor":35,"turns":3},{"damage":16,"enemies":"Orb Walker","floor":38,"turns":3},{"damage":0,"enemies":"Spire Growth","floor":39,"turns":2},{"damage":12,"enemies":"Giant Head","floor":40,"turns":5},{"damage":3,"enemies":"Reptomancer","floor":42,"turns":3},{"damage":86,"enemies":"Nemesis","floor":46,"turns":4}],"seed_played":"-2126690690440818806","potions_obtained":[{"floor":6,"key":"CultistPotion"},{"floor":11,"key":"Fire Potion"},{"floor":13,"key":"LiquidMemories"},{"floor":16,"key":"Fire Potion"},{"floor":24,"key":"BloodPotion"},{"floor":28,"key":"AttackPotion"},{"floor":29,"key":"Ancient Potion"},{"floor":31,"key":"CultistPotion"},{"floor":33,"key":"Block Potion"},{"floor":37,"key":"LiquidMemories"},{"floor":37,"key":"Energy Potion"},{"floor":38,"key":"Regen Potion"},{"floor":40,"key":"Ancient Potion"},{"floor":42,"key":"Strength Potion"}],"is_trial":false,"path_per_floor":["M","?","?","$","?","E","R","M","T","M","E","R","M","$","R","B",null,"M","$","?","?","M","E","M","M","T","R","E","M","?","E","R","B",null,"M","$","?","M","M","E","R","E","T","$","?","E"],"character_chosen":"IRONCLAD","items_purchased":["Thread and Needle","Brimstone","Juzu Bracelet"],"campfire_rested":1,"item_purchase_floors":[4,19,36],"current_hp_per_floor":[80,85,85,85,85,85,85,85,85,85,53,53,49,64,64,41,85,85,85,85,85,76,68,76,79,79,79,68,76,76,34,59,35,85,80,85,85,75,83,79,79,84,84,85,85,0,0],"gold":67,"neow_bonus":"THREE_ENEMY_KILL","is_daily":false,"chose_seed":false,"campfire_upgraded":4,"win_rate":0.0,"timestamp":1611542200,"path_taken":["M","?","?","$","?","E","R","M","T","M","E","R","?","$","R","BOSS","M","$","?","?","M","E","M","?","T","R","E","M","?","E","R","BOSS","M","$","?","M","M","E","R","E","T","$","?","E"],"items_purchased_type":["Relic","Relic","Relic"],"build_version":"2020-12-22","purchased_purges":3,"victory":false,"max_hp_per_floor":[80,85,85,85,85,85,85,85,85,85,85,85,85,85,85,85,85,85,85,85,85,85,85,85,85,85,85,85,85,85,85,85,85,85,85,85,85,85,85,85,85,85,85,85,85,85,85],"card_choices":[{"not_picked":["Clash","Anger","Wild Strike"],"picked":"SKIP","floor":1},{"not_picked":["Anger","Sever Soul"],"picked":"Spot Weakness","floor":6},{"not_picked":["Ghostly Armor","Anger"],"picked":"Heavy Blade","floor":8},{"not_picked":["Body Slam","Combust","Clash"],"picked":"SKIP","floor":10},{"not_picked":["Burning Pact","Feel No Pain"],"picked":"Heavy Blade","floor":11},{"not_picked":["Carnage","Sword Boomerang"],"picked":"Thunderclap","floor":13},{"not_picked":["Corruption","Feed"],"picked":"Double Tap","floor":16},{"not_picked":["Whirlwind","Searing Blow","Pommel Strike+1"],"picked":"SKIP","floor":18},{"not_picked":["Armaments","Rage","True Grit"],"picked":"SKIP","floor":22},{"not_picked":["Combust","Headbutt","Burning Pact"],"picked":"SKIP","floor":23},{"not_picked":["Havoc","Heavy Blade"],"picked":"Flex","floor":24},{"not_picked":["Immolate","Headbutt"],"picked":"Flex+1","floor":25},{"not_picked":["Battle Trance","Heavy Blade","Feel No Pain"],"picked":"SKIP","floor":28},{"not_picked":["Cleave+1","Armaments","Spot Weakness"],"picked":"SKIP","floor":29},{"not_picked":["Double Tap","Flame Barrier+1","Sword Boomerang"],"picked":"SKIP","floor":31},{"not_picked":["Feed","Barricade"],"picked":"Limit Break","floor":33},{"not_picked":["Perfected Strike"],"picked":"SKIP","floor":35},{"not_picked":["Spot Weakness"],"picked":"SKIP","floor":38},{"not_picked":["Bloodletting+1"],"picked":"SKIP","floor":39},{"not_picked":["Double Tap"],"picked":"SKIP","floor":40},{"not_picked":["Rupture+1"],"picked":"SKIP","floor":42}],"player_experience":122720,"relics_obtained":[{"floor":6,"key":"MealTicket"},{"floor":9,"key":"Paper Frog"},{"floor":11,"key":"Mercury Hourglass"},{"floor":23,"key":"Unceasing Top"},{"floor":28,"key":"Lantern"},{"floor":31,"key":"The Courier"},{"floor":40,"key":"WingedGreaves"},{"floor":42,"key":"Smiling Mask"},{"floor":43,"key":"Boot"}],"event_choices":[{"damage_healed":0,"gold_gain":0,"player_choice":"Donut","damage_taken":0,"max_hp_gain":5,"max_hp_loss":0,"event_name":"Big Fish","floor":2,"gold_loss":0},{"damage_healed":0,"gold_gain":175,"player_choice":"AGREE","damage_taken":0,"max_hp_gain":0,"max_hp_loss":0,"event_name":"Liars Game","floor":3,"gold_loss":0,"cards_obtained":["Doubt"]},{"damage_healed":0,"gold_gain":0,"player_choice":"Upgraded","damage_taken":0,"max_hp_gain":0,"max_hp_loss":0,"event_name":"Upgrade Shrine","floor":5,"gold_loss":0,"cards_upgraded":["Bash"]},{"damage_healed":0,"gold_gain":0,"player_choice":"Ignored","damage_taken":0,"max_hp_gain":0,"max_hp_loss":0,"event_name":"Ghosts","floor":20,"gold_loss":0},{"damage_healed":0,"gold_gain":0,"player_choice":"Gave Potion","damage_taken":0,"relics_obtained":["Blood Vial"],"max_hp_gain":0,"max_hp_loss":0,"event_name":"WeMeetAgain","floor":21,"gold_loss":0},{"damage_healed":0,"gold_gain":0,"player_choice":"Obtained Relic","damage_taken":0,"relics_obtained":["StoneCalendar"],"max_hp_gain":0,"max_hp_loss":0,"event_name":"Addict","floor":30,"gold_loss":85},{"damage_healed":0,"gold_gain":0,"player_choice":"Got Potions","damage_taken":0,"max_hp_gain":0,"max_hp_loss":0,"event_name":"Lab","floor":37,"gold_loss":0},{"damage_healed":0,"gold_gain":0,"player_choice":"Copied","damage_taken":0,"max_hp_gain":0,"max_hp_loss":0,"event_name":"Duplicator","floor":45,"gold_loss":0,"cards_obtained":["Limit Break"]}],"is_beta":false,"boss_relics":[{"not_picked":["Philosopher\u0027s Stone","Fusion Hammer"],"picked":"Mark of Pain"},{"not_picked":["Sozu","Runic Cube"],"picked":"Busted Crown"}],"items_purged_floors":[14,36,44],"is_endless":false,"potions_floor_spawned":[6,11,13,16,24,28,29,31,33,38,40,42],"killed_by":"Nemesis","ascension_level":3}}