{"host":"wmz27iczv4t8azac","time":1611537504,"event":{"mods":["AchievementEnabler","BaseMod","Colored Powertips","Minty Spire (QoL Compilation)","Quick Restart","Relic Stats","StSLib"],"gold_per_floor":[116,136,211,230,248,248,265,297,321,321,321,353,353,365,365,463,463,473,473,484,484,496,496,496],"floor_reached":23,"language":"ENG","playtime":1347,"items_purged":[],"score":254,"play_id":"596f35ea-baa3-453a-86dc-eb6f7187ebf3","local_time":"20210124171824","is_ascension_mode":true,"campfire_choices":[{"data":"Predator","floor":6.0,"key":"SMITH"},{"data":"Bouncing Flask","floor":11.0,"key":"SMITH"},{"data":"Footwork","floor":13.0,"key":"SMITH"},{"data":"Neutralize","floor":15.0,"key":"SMITH"}],"circlet_count":0,"master_deck":["Strike_G","Strike_G","Strike_G","Defend_G","Defend_G","Defend_G","Defend_G","Survivor","Neutralize+1","Predator+1","Slice","Bouncing Flask+1","Predator","Cloak And Dagger+1","Footwork+1","Deadly Poison","Dash","Malaise","Choke+1","Acrobatics+1","Envenom+1","Escape Plan","RitualDagger","Deflect+1"],"relics":["Ring of the Snake","MealTicket","Akabeko","Lantern","Art of War","Astrolabe","MutagenicStrength"],"acts_visited":["Exordium","TheCity"],"potions_floor_usage":[23,23],"damage_taken":[{"damage":0.0,"enemies":"Small Slimes","floor":1.0,"turns":3.0},{"damage":4.0,"enemies":"Jaw Worm","floor":2.0,"turns":3.0},{"damage":0.0,"enemies":"2 Louse","floor":4.0,"turns":2.0},{"damage":2.0,"enemies":"2 Fungi Beasts","floor":5.0,"turns":4.0},{"damage":2.0,"enemies":"3 Louse","floor":7.0,"turns":3.0},{"damage":16.0,"enemies":"Lagavulin","floor":8.0,"turns":4.0},{"damage":10.0,"enemies":"3 Sentries","floor":12.0,"turns":6.0},{"damage":0.0,"enemies":"Large Slime","floor":14.0,"turns":3.0},{"damage":2.0,"enemies":"Hexaghost","floor":16.0,"turns":7.0},{"damage":4,"enemies":"Chosen","floor":18,"turns":4},{"damage":16,"enemies":"Shell Parasite","floor":20,"turns":5},{"damage":4,"enemies":"Snecko","floor":22,"turns":4},{"damage":52,"enemies":"Gremlin Leader","floor":23,"turns":11}],"seed_played":"737366908679005569","potions_obtained":[{"floor":1.0,"key":"SmokeBomb"},{"floor":4.0,"key":"SkillPotion"},{"floor":5.0,"key":"DuplicationPotion"},{"floor":12.0,"key":"CultistPotion"},{"floor":18,"key":"GamblersBrew"},{"floor":22,"key":"Regen Potion"}],"is_trial":false,"path_per_floor":["M","M","?","M","M","R","M","E","T","?","R","E","R","M","R","B",null,"M","?","M","?","M","E"],"character_chosen":"THE_SILENT","items_purchased":[],"campfire_rested":0,"item_purchase_floors":[],"current_hp_per_floor":[70,66,55,55,53,53,51,35,35,35,35,25,25,25,25,23,58,54,54,38,32,28,0,0],"gold":496,"neow_bonus":"RANDOM_COMMON_RELIC","is_daily":false,"chose_seed":false,"campfire_upgraded":4,"win_rate":0.0,"timestamp":1611537504,"path_taken":["M","M","?","M","M","R","M","E","T","?","R","E","R","M","R","BOSS","M","?","M","?","M","E"],"items_purchased_type":[],"build_version":"2020-12-22","purchased_purges":0,"victory":false,"max_hp_per_floor":[70,70,70,70,70,70,70,70,70,70,70,70,70,70,70,70,70,70,70,70,70,70,70,70],"relic_stats":{"counters":[13,59],"Astrolabe":["Choke","Acrobatics","Envenom"],"MealTicket":0,"Art of War":[2],"obtain_stats":[{"Lantern":9,"Astrolabe":17,"MutagenicStrength":19,"MealTicket":0,"Art of War":12,"Akabeko":8,"Ring of the Snake":0},{"Lantern":6,"Astrolabe":9,"MutagenicStrength":10,"MealTicket":0,"Art of War":7,"Akabeko":6,"Ring of the Snake":0},{"Lantern":19,"Astrolabe":35,"MutagenicStrength":39,"MealTicket":0,"Art of War":25,"Akabeko":19,"Ring of the Snake":0}],"Ring of the Snake":[26]},"card_choices":[{"not_picked":["Slice","Quick Slash"],"picked":"Predator","floor":1.0},{"not_picked":["Deadly Poison","Prepared"],"picked":"Slice","floor":2.0},{"not_picked":["Dodge and Roll","PiercingWail"],"picked":"Bouncing Flask","floor":4.0},{"not_picked":["Deflect","Underhanded Strike"],"picked":"Predator","floor":5.0},{"not_picked":["Riddle With Holes","Dagger Throw"],"picked":"Cloak And Dagger","floor":7.0},{"not_picked":["Storm of Steel","Well Laid Plans"],"picked":"Footwork","floor":8.0},{"not_picked":["Escape Plan","Quick Slash"],"picked":"Deadly Poison","floor":12.0},{"not_picked":["Heel Hook","All Out Attack"],"picked":"Dash","floor":14.0},{"not_picked":["Glass Knife","Night Terror"],"picked":"Malaise","floor":16.0},{"not_picked":["Blur","Deadly Poison+1","Underhanded Strike"],"picked":"SKIP","floor":18},{"not_picked":["Prepared","Deadly Poison"],"picked":"Escape Plan","floor":20},{"not_picked":["Bane+1","Dodge and Roll+1"],"picked":"Deflect+1","floor":22}],"player_experience":925404,"relics_obtained":[{"floor":8.0,"key":"Akabeko"},{"floor":9.0,"key":"Lantern"},{"floor":12.0,"key":"Art of War"}],"event_choices":[{"damage_healed":0.0,"max_hp_gain":0.0,"max_hp_loss":0.0,"gold_gain":75.0,"event_name":"World of Goop","player_choice":"Gather Gold","floor":3.0,"gold_loss":0.0,"damage_taken":11.0},{"damage_healed":0.0,"max_hp_gain":0.0,"max_hp_loss":0.0,"gold_gain":0.0,"event_name":"Living Wall","player_choice":"Grow","floor":10.0,"gold_loss":0.0,"damage_taken":0.0,"cards_upgraded":["Cloak And Dagger"]},{"damage_healed":0,"gold_gain":0,"player_choice":"Inject Mutagens","damage_taken":0,"relics_obtained":["MutagenicStrength"],"max_hp_gain":0,"max_hp_loss":0,"event_name":"Drug Dealer","floor":19,"gold_loss":0},{"damage_healed":0,"gold_gain":0,"player_choice":"Joined the Cult","damage_taken":6,"max_hp_gain":0,"max_hp_loss":0,"event_name":"Nest","floor":21,"gold_loss":0,"cards_obtained":["RitualDagger"]}],"is_beta":false,"boss_relics":[{"not_picked":["Calling Bell","Black Star"],"picked":"Astrolabe"}],"items_purged_floors":[],"is_endless":false,"potions_floor_spawned":[1,4,5,12,18,22],"killed_by":"Gremlin Leader","ascension_level":5}}