{"host":"1ekl8hlbnopmdapi","time":1611601131,"event":{"mods":["AchievementEnabler","BaseMod","Colored Map","Colored Powertips","DeckTracker","Googly Eyes","Highlight Path","Minty Spire (QoL Compilation)","Relic Sorter","StSLib","Synergy Search"],"gold_per_floor":[110,130,80,80,80,80,96,125,205,205,240,251,266,277,277,373,373,393,393,410,98,98,128,128,139,139,154,154,167,167,67,67,67,67],"floor_reached":33,"language":"ENG","playtime":1068,"items_purged":["Pain"],"score":332,"play_id":"af3fea31-dba0-441a-8405-fd089574a02c","local_time":"20210125135851","is_ascension_mode":true,"campfire_choices":[{"floor":6,"key":"RECALL"},{"floor":10,"key":"REST"},{"floor":15,"key":"REST"},{"floor":24,"key":"REST"},{"floor":28,"key":"REST"},{"floor":30,"key":"REST"},{"floor":32,"key":"REST"}],"circlet_count":0,"master_deck":["Strike_P","Strike_P","Defend_P","Defend_P","Defend_P","Defend_P","Eruption+1","Vigilance","CutThroughFate","CarveReality","ThirdEye","FlyingSleeves","ThirdEye","Evaluate","JustLucky","Alpha","WindmillStrike","FearNoEvil","FollowUp","ThirdEye"],"relics":["PureWater","WarpedTongs","Bag of Marbles","Happy Flower","Black Star","MutagenicStrength","Membership Card","Bottled Lightning","Kunai","Ornamental Fan","StrikeDummy","PreservedInsect"],"acts_visited":["TheCity"],"potions_floor_usage":[8,16,16,23,29,29],"damage_taken":[{"damage":4,"enemies":"Jaw Worm","floor":1,"turns":3},{"damage":4,"enemies":"Small Slimes","floor":2,"turns":3},{"damage":3,"enemies":"Cultist","floor":7,"turns":3},{"damage":42,"enemies":"Gremlin Nob","floor":8,"turns":5},{"damage":22,"enemies":"3 Sentries","floor":11,"turns":6},{"damage":5,"enemies":"Lots of Slimes","floor":12,"turns":4},{"damage":0,"enemies":"3 Louse","floor":13,"turns":2},{"damage":3,"enemies":"Large Slime","floor":14,"turns":4},{"damage":11,"enemies":"Slime Boss","floor":16,"turns":4},{"damage":12,"enemies":"2 Thieves","floor":18,"turns":4},{"damage":20,"enemies":"3 Byrds","floor":20,"turns":5},{"damage":30,"enemies":"Slavers","floor":23,"turns":4},{"damage":14,"enemies":"Snecko","floor":25,"turns":5},{"damage":20,"enemies":"Snake Plant","floor":27,"turns":4},{"damage":18,"enemies":"Centurion and Healer","floor":29,"turns":4},{"damage":73,"enemies":"Collector","floor":33,"turns":6}],"seed_played":"-6365769213384655584","potions_obtained":[{"floor":1,"key":"ColorlessPotion"},{"floor":7,"key":"Weak Potion"},{"floor":11,"key":"EssenceOfSteel"},{"floor":14,"key":"Weak Potion"},{"floor":18,"key":"DuplicationPotion"},{"floor":25,"key":"Swift Potion"}],"is_trial":false,"path_per_floor":["M","M","?","?","?","R","M","E","T","R","E","M","M","M","R","B",null,"M","?","M","$","?","E","R","M","T","M","R","M","R","$","R","B"],"character_chosen":"WATCHER","items_purchased":["Membership Card","Bottled Lightning","PreservedInsect","ThirdEye"],"campfire_rested":6,"item_purchase_floors":[21,21,31,31],"current_hp_per_floor":[68,64,64,69,69,69,66,24,24,47,25,20,20,17,40,29,77,65,65,45,45,45,15,38,24,24,4,27,9,32,32,55,0,0],"gold":67,"neow_bonus":"UPGRADE_CARD","is_daily":false,"chose_seed":false,"campfire_upgraded":0,"win_rate":0.0,"timestamp":1611601131,"path_taken":["M","M","?","?","?","R","?","E","T","R","E","M","M","?","R","BOSS","M","?","M","$","?","E","R","M","T","M","R","M","R","$","R","BOSS"],"items_purchased_type":["Relic","Relic","Relic","Card"],"build_version":"2020-12-22","purchased_purges":1,"victory":false,"max_hp_per_floor":[72,72,72,77,77,77,77,77,77,77,77,77,77,77,77,77,77,77,77,77,77,77,77,77,77,77,77,77,77,77,77,77,77,77],"card_choices":[{"not_picked":["WreathOfFlame","ClearTheMind"],"picked":"CutThroughFate","floor":1},{"not_picked":["WheelKick","EmptyFist"],"picked":"CarveReality","floor":2},{"not_picked":["Vengeance","Protect"],"picked":"ThirdEye","floor":7},{"not_picked":["PathToVictory","WaveOfTheHand"],"picked":"FlyingSleeves","floor":8},{"not_picked":["ForeignInfluence","EmptyBody","Crescendo"],"picked":"SKIP","floor":11},{"not_picked":["ClearTheMind","Worship"],"picked":"ThirdEye","floor":12},{"not_picked":["Protect","Perseverance"],"picked":"Evaluate","floor":13},{"not_picked":["Prostrate","SashWhip"],"picked":"JustLucky","floor":14},{"not_picked":["Blasphemy","DevaForm"],"picked":"Alpha","floor":16},{"not_picked":["BowlingBash","CutThroughFate+1"],"picked":"WindmillStrike","floor":18},{"not_picked":["WreathOfFlame","CrushJoints","Crescendo"],"picked":"SKIP","floor":20},{"not_picked":["WheelKick","WreathOfFlame"],"picked":"FearNoEvil","floor":23},{"not_picked":["SashWhip+1","Protect+1"],"picked":"FollowUp","floor":25},{"not_picked":["Indignation+1","Sanctity","Prostrate+1"],"picked":"SKIP","floor":27},{"not_picked":["Swivel","Sanctity","Collect"],"picked":"SKIP","floor":29}],"player_experience":492226,"relics_obtained":[{"floor":8,"key":"Bag of Marbles"},{"floor":11,"key":"Happy Flower"},{"floor":23,"key":"Kunai"},{"floor":23,"key":"Ornamental Fan"},{"floor":26,"key":"StrikeDummy"}],"event_choices":[{"cards_removed":["Strike_P"],"damage_healed":0,"gold_gain":0,"player_choice":"Card Removal","damage_taken":0,"max_hp_gain":0,"max_hp_loss":0,"event_name":"The Cleric","floor":3,"gold_loss":50},{"damage_healed":0,"gold_gain":0,"player_choice":"Donut","damage_taken":0,"max_hp_gain":5,"max_hp_loss":0,"event_name":"Big Fish","floor":4,"gold_loss":0},{"damage_healed":0,"gold_gain":0,"player_choice":"Rummage","damage_taken":0,"relics_obtained":["WarpedTongs"],"max_hp_gain":0,"max_hp_loss":0,"event_name":"Accursed Blacksmith","floor":5,"gold_loss":0,"cards_obtained":["Pain"]},{"damage_healed":0,"gold_gain":0,"player_choice":"Inject Mutagens","damage_taken":0,"relics_obtained":["MutagenicStrength"],"max_hp_gain":0,"max_hp_loss":0,"event_name":"Drug Dealer","floor":19,"gold_loss":0},{"cards_removed":["Strike_P"],"damage_healed":0,"gold_gain":0,"player_choice":"Elegance","damage_taken":0,"max_hp_gain":0,"max_hp_loss":0,"event_name":"Back to Basics","floor":22,"gold_loss":0}],"is_beta":false,"boss_relics":[{"not_picked":["Cursed Key","Sozu"],"picked":"Black Star"}],"items_purged_floors":[21],"is_endless":false,"potions_floor_spawned":[1,7,11,14,18,25],"killed_by":"Collector","ascension_level":4}}