{"host":"gg","time":1611555040,"event":{"mods":["BaseMod","Colored Map","Googly Eyes","Minty Spire (QoL Compilation)","Permanent Neow","Relic Stats","The IronCluck"],"gold_per_floor":[19,32,82,93,93,124,135,160,228,240,270,270,286,303,303,381,381,392,392,403,422,28,28,53,71,71,99,125,400,420,431,431,510,510,529,751,804,819,819,819,869,895,895,920,920,763,796,633,633,633,633,633,633,243,275,275],"floor_reached":57,"language":"ENG","playtime":5722,"items_purged":["Anger","Regret","Strike_R"],"score":2825,"play_id":"9035b061-ee27-46a4-be78-6b7facbe2d84","local_time":"20210124221040","is_ascension_mode":true,"campfire_choices":[{"data":"Carnage","floor":12.0,"key":"SMITH"},{"data":"Inflame","floor":15.0,"key":"SMITH"},{"data":"Apotheosis","floor":23.0,"key":"SMITH"},{"data":"Whirlwind","floor":32.0,"key":"SMITH"},{"data":"Demon Form","floor":40.0,"key":"SMITH"},{"data":"Dual Wield","floor":45.0,"key":"SMITH"},{"floor":49.0,"key":"RECALL"},{"data":"Limit Break","floor":53.0,"key":"SMITH"}],"circlet_count":0,"master_deck":["AscendersBane","Strike_R","Strike_R","Defend_R","Defend_R","Defend_R","Defend_R","Bash","Ghostly Armor","Carnage+1","Body Slam","Whirlwind+1","Inflame+1","Battle Trance","Twin Strike","Pommel Strike","Limit Break+1","Demon Form+1","Inflame+1","Combust","Headbutt","Apotheosis+1","Clothesline+1","Sword Boomerang","Berserk","Dual Wield+1","Demon Form","Reaper","Sword Boomerang","Feel No Pain"],"relics":["Burning Blood","Pocketwatch","Magic Flower","Pear","Akabeko","Mark of Pain","Membership Card","White Beast Statue","Bottled Flame","Bird Faced Urn","Lantern","Red Mask","Snecko Eye","StoneCalendar","MealTicket","Orichalcum","Toy Ornithopter","Red Skull","Question Card","Frozen Eye","Shuriken","Pen Nib","Sling","Blood Vial"],"acts_visited":["Exordium","TheCity","TheBeyond","TheEnding"],"potions_floor_usage":[56,56],"damage_taken":[{"damage":1.0,"enemies":"Cultist","floor":1.0,"turns":3.0},{"damage":7.0,"enemies":"Jaw Worm","floor":2.0,"turns":3.0},{"damage":0.0,"enemies":"2 Louse","floor":4.0,"turns":3.0},{"damage":11.0,"enemies":"Gremlin Nob","floor":6.0,"turns":3.0},{"damage":0.0,"enemies":"Large Slime","floor":7.0,"turns":4.0},{"damage":20.0,"enemies":"Lagavulin","floor":8.0,"turns":5.0},{"damage":7.0,"enemies":"Gremlin Gang","floor":10.0,"turns":4.0},{"damage":10.0,"enemies":"3 Sentries","floor":11.0,"turns":4.0},{"damage":1.0,"enemies":"Looter","floor":13.0,"turns":2.0},{"damage":0.0,"enemies":"Exordium Thugs","floor":14.0,"turns":1.0},{"damage":57.0,"enemies":"Hexaghost","floor":16.0,"turns":9.0},{"damage":1.0,"enemies":"Spheric Guardian","floor":18.0,"turns":3.0},{"damage":22.0,"enemies":"Shell Parasite","floor":20.0,"turns":2.0},{"damage":22.0,"enemies":"Sentry and Sphere","floor":21.0,"turns":4.0},{"damage":36.0,"enemies":"Book of Stabbing","floor":24.0,"turns":4.0},{"damage":0.0,"enemies":"Chosen and Byrds","floor":25.0,"turns":3.0},{"damage":18.0,"enemies":"Gremlin Leader","floor":27.0,"turns":3.0},{"damage":0.0,"enemies":"Masked Bandits","floor":28.0,"turns":1.0},{"damage":18.0,"enemies":"Snecko","floor":30.0,"turns":3.0},{"damage":0.0,"enemies":"Snake Plant","floor":31.0,"turns":1.0},{"damage":50.0,"enemies":"Automaton","floor":33.0,"turns":6.0},{"damage":0.0,"enemies":"3 Darklings","floor":35.0,"turns":1.0},{"damage":0.0,"enemies":"Orb Walker","floor":38.0,"turns":1.0},{"damage":0.0,"enemies":"2 Orb Walkers","floor":41.0,"turns":1.0},{"damage":49.0,"enemies":"Giant Head","floor":42.0,"turns":6.0},{"damage":0.0,"enemies":"Reptomancer","floor":44.0,"turns":2.0},{"damage":28.0,"enemies":"Giant Head","floor":47.0,"turns":4.0},{"damage":51.0,"enemies":"Time Eater","floor":50.0,"turns":4.0},{"damage":89.0,"enemies":"Donu and Deca","floor":51.0,"turns":6.0},{"damage":71.0,"enemies":"Shield and Spear","floor":55.0,"turns":4.0},{"damage":236,"enemies":"The Heart","floor":56,"turns":9}],"seed_played":"6004658391524443291","potions_obtained":[{"floor":2.0,"key":"SkillPotion"},{"floor":6.0,"key":"AttackPotion"},{"floor":10.0,"key":"SteroidPotion"},{"floor":11.0,"key":"FearPotion"},{"floor":14.0,"key":"SteroidPotion"},{"floor":16.0,"key":"Explosive Potion"},{"floor":20.0,"key":"SkillPotion"},{"floor":25.0,"key":"Fruit Juice"},{"floor":27.0,"key":"Strength Potion"},{"floor":28.0,"key":"BlessingOfTheForge"},{"floor":31.0,"key":"Fire Potion"},{"floor":33.0,"key":"Energy Potion"},{"floor":38.0,"key":"Energy Potion"},{"floor":41.0,"key":"FearPotion"},{"floor":42.0,"key":"EntropicBrew"},{"floor":47.0,"key":"AttackPotion"},{"floor":55.0,"key":"SpeedPotion"}],"is_trial":false,"path_per_floor":["M","M","?","M","$","E","M","E","T","M","E","R","M","M","R","B",null,"M","?","M","M","$","R","E","M","T","E","?","?","M","M","R","B",null,"M","?","T","M","?","R","?","E","T","E","R","$","E","$","R","B","B",null,"R","$","E","B",null],"character_chosen":"IRONCLAD","items_purchased":["Membership Card","White Beast Statue","Apotheosis","Red Skull","Demon Form","Frozen Eye","Sword Boomerang","Shuriken","Pen Nib","Sling","SteroidPotion"],"campfire_rested":0,"item_purchase_floors":[22,22,22,46,46,48,48,54,54,54,54],"current_hp_per_floor":[73,72,72,75,75,70,75,61,71,73,72,72,80,85,85,37,73,81,81,68,55,55,55,28,37,37,31,45,45,42,51,51,16,72,81,81,81,90,90,90,90,64,64,79,79,90,83,90,90,90,90,90,90,90,73,12],"gold":275,"neow_bonus":"TRANSFORM_TWO_CARDS","is_daily":false,"chose_seed":false,"campfire_upgraded":7,"win_rate":0.0,"timestamp":1611555040,"path_taken":["M","M","?","M","?","E","M","E","T","?","E","R","M","M","R","BOSS","M","?","?","M","$","R","E","?","T","E","?","?","?","M","R","BOSS","M","?","?","M","?","R","?","E","T","E","R","$","E","$","R","BOSS","BOSS","R","$","E","BOSS"],"items_purchased_type":["Relic","Relic","Card","Relic","Card","Relic","Card","Relic","Relic","Relic","Potion"],"build_version":"2020-12-18","purchased_purges":3,"victory":true,"max_hp_per_floor":[75,75,75,75,75,75,75,75,85,85,85,85,85,85,85,85,85,85,85,85,85,85,85,85,85,85,85,90,90,90,90,90,90,90,90,90,90,90,90,90,90,90,90,90,90,90,90,90,90,90,90,90,90,90,90,90],"relic_stats":{"counters":[31,109],"Magic Flower":[128],"StoneCalendar":[52],"Pen Nib":[1],"Orichalcum":[90],"Question Card":1,"Burning Blood":232,"Blood Vial":3,"Shuriken":[2],"Bird Faced Urn":[101],"Snecko Eye":[84,78,57,58],"MealTicket":18,"obtain_stats":[{"Lantern":27,"Pear":9,"Magic Flower":8,"StoneCalendar":41,"Pen Nib":54,"Orichalcum":43,"Question Card":47,"Sling":54,"Burning Blood":0,"Akabeko":11,"White Beast Statue":22,"Blood Vial":55,"Frozen Eye":48,"Bottled Flame":24,"Shuriken":54,"Bird Faced Urn":26,"Snecko Eye":34,"MealTicket":42,"Mark of Pain":17,"Red Mask":28,"Membership Card":22,"Toy Ornithopter":44,"Red Skull":46,"Pocketwatch":6},{"Lantern":17,"Pear":6,"Magic Flower":6,"StoneCalendar":24,"Pen Nib":29,"Orichalcum":25,"Question Card":27,"Sling":29,"Burning Blood":0,"Akabeko":8,"White Beast Statue":14,"Blood Vial":30,"Frozen Eye":27,"Bottled Flame":15,"Shuriken":29,"Bird Faced Urn":16,"Snecko Eye":21,"MealTicket":25,"Mark of Pain":11,"Red Mask":18,"Membership Card":14,"Toy Ornithopter":26,"Red Skull":26,"Pocketwatch":4},{"Lantern":60,"Pear":21,"Magic Flower":21,"StoneCalendar":74,"Pen Nib":96,"Orichalcum":80,"Question Card":86,"Sling":96,"Burning Blood":0,"Akabeko":29,"White Beast Statue":50,"Blood Vial":100,"Frozen Eye":86,"Bottled Flame":54,"Shuriken":96,"Bird Faced Urn":57,"Snecko Eye":71,"MealTicket":80,"Mark of Pain":41,"Red Mask":61,"Membership Card":50,"Toy Ornithopter":82,"Red Skull":82,"Pocketwatch":12}],"Toy Ornithopter":24,"Pocketwatch":[129]},"card_choices":[{"not_picked":["Heavy Blade","Havoc"],"picked":"Body Slam","floor":1.0},{"not_picked":["Clash","Sentinel"],"picked":"Whirlwind","floor":2.0},{"not_picked":["Clash","Headbutt"],"picked":"Anger","floor":4.0},{"not_picked":["Dark Embrace","Headbutt"],"picked":"Inflame","floor":6.0},{"not_picked":["Ghostly Armor","Wild Strike","Warcry"],"picked":"SKIP","floor":7.0},{"not_picked":["Power Through","Dropkick"],"picked":"Battle Trance","floor":8.0},{"not_picked":["Entrench","Flex","Searing Blow"],"picked":"SKIP","floor":10.0},{"not_picked":["Cleave","Iron Wave"],"picked":"Twin Strike","floor":11.0},{"not_picked":["Iron Wave","Havoc"],"picked":"Pommel Strike","floor":13.0},{"not_picked":["Thunderclap","Cleave"],"picked":"Limit Break","floor":14.0},{"not_picked":["Exhume","Impervious"],"picked":"Demon Form","floor":16.0},{"not_picked":["Intimidate","Warcry"],"picked":"Inflame+1","floor":18.0},{"not_picked":["Twin Strike","Combust"],"picked":"Headbutt","floor":20.0},{"not_picked":["Flex","Armaments","Dark Embrace"],"picked":"SKIP","floor":21.0},{"not_picked":["Sentinel","Infernal Blade"],"picked":"Clothesline+1","floor":24.0},{"not_picked":["Flex+1","Body Slam","Iron Wave"],"picked":"SKIP","floor":25.0},{"not_picked":["Spot Weakness","Bludgeon","Anger"],"picked":"SKIP","floor":27.0},{"not_picked":["Warcry","Bloodletting"],"picked":"Sword Boomerang","floor":30.0},{"not_picked":["Intimidate","Armaments+1","Carnage"],"picked":"SKIP","floor":31.0},{"not_picked":["Corruption","Demon Form"],"picked":"Berserk","floor":33.0},{"not_picked":["Havoc+1","Clash","Dual Wield"],"picked":"SKIP","floor":35.0},{"not_picked":["Havoc+1","Clash"],"picked":"Dual Wield","floor":35.0},{"not_picked":["Twin Strike","Pommel Strike","Sentinel+1"],"picked":"SKIP","floor":38.0},{"not_picked":["Twin Strike","Headbutt+1","Whirlwind"],"picked":"SKIP","floor":42.0},{"not_picked":["Thunderclap","Sentinel","Evolve"],"picked":"SKIP","floor":44.0},{"not_picked":["Rampage+1","Offering"],"picked":"Reaper","floor":47.0},{"not_picked":["Rage","Entrench","Blood for Blood+1"],"picked":"Feel No Pain","floor":55.0}],"player_experience":1269575,"relics_obtained":[{"floor":6.0,"key":"Pocketwatch"},{"floor":8.0,"key":"Magic Flower"},{"floor":9.0,"key":"Pear"},{"floor":11.0,"key":"Akabeko"},{"floor":24.0,"key":"Bottled Flame"},{"floor":26.0,"key":"Bird Faced Urn"},{"floor":27.0,"key":"Lantern"},{"floor":28.0,"key":"Red Mask"},{"floor":41.0,"key":"StoneCalendar"},{"floor":42.0,"key":"MealTicket"},{"floor":43.0,"key":"Orichalcum"},{"floor":44.0,"key":"Toy Ornithopter"},{"floor":47.0,"key":"Question Card"},{"floor":55.0,"key":"Blood Vial"}],"event_choices":[{"damage_healed":0.0,"max_hp_gain":0.0,"max_hp_loss":0.0,"gold_gain":50.0,"event_name":"Golden Shrine","player_choice":"Pray","floor":3.0,"gold_loss":0.0,"damage_taken":0.0},{"damage_healed":0.0,"max_hp_gain":0.0,"max_hp_loss":0.0,"gold_gain":0.0,"event_name":"Match and Keep!","player_choice":"1 cards matched","floor":19.0,"gold_loss":0.0,"damage_taken":0.0,"cards_obtained":["Combust"]},{"damage_healed":0.0,"max_hp_gain":0.0,"max_hp_loss":0.0,"gold_gain":0.0,"event_name":"Masked Bandits","player_choice":"Fought Bandits","floor":28.0,"gold_loss":0.0,"damage_taken":0.0},{"damage_healed":0.0,"max_hp_gain":0.0,"max_hp_loss":0.0,"gold_gain":275.0,"event_name":"Golden Shrine","player_choice":"Desecrate","floor":29.0,"gold_loss":0.0,"damage_taken":0.0,"cards_obtained":["Regret"]},{"damage_healed":0.0,"max_hp_gain":0.0,"max_hp_loss":0.0,"gold_gain":222.0,"event_name":"Tomb of Lord Red Mask","player_choice":"Wore Mask","floor":36.0,"gold_loss":0.0,"damage_taken":0.0},{"damage_healed":0.0,"max_hp_gain":0.0,"max_hp_loss":0.0,"gold_gain":0.0,"event_name":"SensoryStone","player_choice":"Memory 1","floor":39.0,"gold_loss":0.0,"damage_taken":0.0},{"damage_healed":0.0,"max_hp_gain":0.0,"max_hp_loss":0.0,"gold_gain":0.0,"event_name":"Mysterious Sphere","player_choice":"Fight","floor":41.0,"gold_loss":0.0,"damage_taken":0.0}],"is_beta":true,"boss_relics":[{"not_picked":["Tiny House","Astrolabe"],"picked":"Mark of Pain"},{"not_picked":["Runic Dome","Runic Cube"],"picked":"Snecko Eye"}],"items_purged_floors":[46,48,54],"is_endless":false,"potions_floor_spawned":[2,6,10,11,14,16,18,20,21,24,25,27,28,30,31,33,35,38,41,42,44,47,55],"ascension_level":20}}