{"host":"00f1p9ihhzi7hxfk","time":1611608705,"event":{"mods":["AchievementEnabler","BaseMod","Colored Map","Colored Powertips","Minty Spire (QoL Compilation)","Rare Cards Sparkle","Relic Stats"],"gold_per_floor":[215,232,183,196,196,196,196,227,253,268,268,288,45,45,45,45,45],"floor_reached":16,"language":"DEU","playtime":701,"items_purged":[],"score":100,"play_id":"dd05544c-ab46-4faf-8407-6c6b6e7975e2","local_time":"20210125220505","is_ascension_mode":false,"campfire_choices":[{"data":"Warcry","floor":7,"key":"SMITH"},{"data":"Seeing Red","floor":11,"key":"SMITH"},{"data":"Strike_R","floor":15,"key":"PURGE"}],"circlet_count":0,"master_deck":["Strike_R","Strike_R","Strike_R","Strike_R","Defend_R","Defend_R","Defend_R","Defend_R","Bash","Iron Wave","Twin Strike","Warcry+1","Seeing Red+1","Flex+1"],"relics":["Burning Blood","Tiny Chest","Peace Pipe","Juzu Bracelet","Question Card"],"acts_visited":[],"potions_floor_usage":[8,16],"damage_taken":[{"damage":6,"enemies":"Jaw Worm","floor":1,"turns":5},{"damage":6,"enemies":"2 Louse","floor":2,"turns":3},{"damage":6,"enemies":"Cultist","floor":4,"turns":3},{"damage":30,"enemies":"Lagavulin","floor":8,"turns":6},{"damage":18,"enemies":"Lots of Slimes","floor":10,"turns":6},{"damage":0,"enemies":"Exordium Wildlife","floor":12,"turns":3},{"damage":50,"enemies":"Hexaghost","floor":16,"turns":9}],"seed_played":"5868234295233408004","potions_obtained":[{"floor":4,"key":"PowerPotion"},{"floor":10,"key":"Weak Potion"}],"is_trial":false,"path_per_floor":["M","M","$","M","?","?","R","E","T","M","R","M","$","?","R","B"],"character_chosen":"IRONCLAD","items_purchased":["Warcry","Question Card"],"campfire_rested":0,"item_purchase_floors":[3,13],"current_hp_per_floor":[80,80,80,80,73,78,78,54,54,42,42,48,48,48,48,0,0],"gold":45,"neow_bonus":"HUNDRED_GOLD","is_daily":false,"chose_seed":false,"campfire_upgraded":2,"win_rate":0.0,"timestamp":1611608705,"path_taken":["M","M","$","M","?","?","R","E","T","M","R","M","$","?","R","BOSS"],"items_purchased_type":["Card","Relic"],"build_version":"2020-12-22","purchased_purges":0,"victory":false,"max_hp_per_floor":[80,80,80,80,80,85,85,85,85,85,85,85,85,85,85,85,85],"relic_stats":{"Peace Pipe":1,"counters":[7,35],"Tiny Chest":0,"Juzu Bracelet":0,"Question Card":0,"obtain_stats":[{"Peace Pipe":8,"Tiny Chest":5,"Juzu Bracelet":9,"Question Card":13,"Burning Blood":0},{"Peace Pipe":4,"Tiny Chest":3,"Juzu Bracelet":4,"Question Card":6,"Burning Blood":0},{"Peace Pipe":17,"Tiny Chest":11,"Juzu Bracelet":17,"Question Card":26,"Burning Blood":0}],"Burning Blood":36},"card_choices":[{"not_picked":["Sword Boomerang","Battle Trance"],"picked":"Iron Wave","floor":1},{"not_picked":["Dual Wield","Iron Wave"],"picked":"Twin Strike","floor":2},{"not_picked":["Twin Strike","Body Slam","Reckless Charge"],"picked":"SKIP","floor":4},{"not_picked":["Impervious","Dropkick","Second Wind"],"picked":"SKIP","floor":8},{"not_picked":["Body Slam","Warcry"],"picked":"Seeing Red","floor":10},{"not_picked":["Pommel Strike","Combust"],"picked":"Flex","floor":12}],"player_experience":83042,"relics_obtained":[{"floor":8,"key":"Peace Pipe"},{"floor":9,"key":"Juzu Bracelet"}],"event_choices":[{"damage_healed":0,"gold_gain":0,"player_choice":"Success","damage_taken":7,"relics_obtained":["Tiny Chest"],"max_hp_gain":0,"max_hp_loss":0,"event_name":"Scrap Ooze","floor":5,"gold_loss":0},{"damage_healed":0,"gold_gain":0,"player_choice":"Donut","damage_taken":0,"max_hp_gain":5,"max_hp_loss":0,"event_name":"Big Fish","floor":6,"gold_loss":0},{"damage_healed":0,"gold_gain":0,"player_choice":"Upgraded","damage_taken":0,"max_hp_gain":0,"max_hp_loss":0,"event_name":"Upgrade Shrine","floor":14,"gold_loss":0,"cards_upgraded":["Flex"]}],"is_beta":false,"boss_relics":[],"items_purged_floors":[],"is_endless":false,"potions_floor_spawned":[4,10],"killed_by":"Hexaghost","ascension_level":0}}