{"host":"95ip98gf8c4vrv08","time":1611553462,"event":{"mods":["Arknights The Spire","BaseMod","Hunter ??","Minty Spire (QoL Compilation)","Quick Restart","Relic Stats","StSLib","The Bug Knight","The Gatherer","The Hierophant","The Runesmith","The Senshi","Wide Potions","????"],"gold_per_floor":[118,137,137,156,175,175,175,189,189,209,111,111,126,126,126,126,126],"floor_reached":16,"language":"ZHS","playtime":854,"items_purged":[],"score":94,"play_id":"5a1d086e-cb06-4df6-aea2-c6c21eda4975","local_time":"20210125134422","is_ascension_mode":false,"campfire_choices":[{"data":"theSenshi:MoonPrismPowerMakeUp","floor":6,"key":"SMITH"},{"data":"theSenshi:MoonCosmicPowerMakeUp","floor":12,"key":"SMITH"},{"data":"theSenshi:RainbowMoonHeartAche","floor":15,"key":"SMITH"}],"circlet_count":0,"master_deck":["theSenshi:SailorKick","theSenshi:SailorKick","theSenshi:SailorKick","theSenshi:SailorKick","theSenshi:SailorBlock","theSenshi:SailorBlock","theSenshi:SailorBlock","theSenshi:SailorBlock","theSenshi:RoseThrow+1","theSenshi:MoonPrismPowerMakeUp+1","theSenshi:TallSilhouette","theSenshi:SailorMarsAssists","theSenshi:TallSilhouette","theSenshi:EncouragingSpeech","theSenshi:RainbowMoonHeartAche+1","theSenshi:MoonlightKnight+1","theSenshi:MoonCosmicPowerMakeUp+1","theSenshi:SailorMercuryAssists","theSenshi:MoonTiaraMagic"],"relics":["theSenshi:TransformationBroochRelic","CultistMask","Kunai"],"acts_visited":["Exordium"],"potions_floor_usage":[16,16],"damage_taken":[{"damage":1,"enemies":"Jaw Worm","floor":1,"turns":4},{"damage":0,"enemies":"Cultist","floor":2,"turns":4},{"damage":0,"enemies":"Small Slimes","floor":4,"turns":4},{"damage":0,"enemies":"Blue Slaver","floor":5,"turns":5},{"damage":3,"enemies":"Exordium Wildlife","floor":8,"turns":4},{"damage":7,"enemies":"Looter","floor":10,"turns":3},{"damage":5,"enemies":"Large Slime","floor":13,"turns":10},{"damage":62,"enemies":"Hexaghost","floor":16,"turns":14}],"seed_played":"5527866432951142495","potions_obtained":[{"floor":4,"key":"SneckoOil"},{"floor":13,"key":"GamblersBrew"}],"is_trial":false,"path_per_floor":["M","M","?","M","M","R","?","M","T","M","$","R","M","?","R","B"],"character_chosen":"THE_SENSHI","items_purchased":["theSenshi:MoonCosmicPowerMakeUp","theSenshi:SailorMercuryAssists"],"campfire_rested":0,"item_purchase_floors":[11,11],"current_hp_per_floor":[81,81,81,81,81,81,81,78,78,71,71,71,66,66,66,4,4],"gold":126,"neow_bonus":"TEN_PERCENT_HP_BONUS","is_daily":false,"chose_seed":false,"campfire_upgraded":3,"win_rate":0.0,"timestamp":1611553462,"path_taken":["M","M","?","?","M","R","?","?","T","M","$","R","M","?","R","BOSS"],"items_purchased_type":["Card","Card"],"build_version":"2020-12-22","purchased_purges":0,"victory":false,"max_hp_per_floor":[82,82,82,82,82,82,82,82,82,82,82,82,82,82,82,82,82],"relic_stats":{"counters":[8,48],"Kunai":[3],"obtain_stats":[{"theSenshi:TransformationBroochRelic":0,"CultistMask":3,"Kunai":9},{"theSenshi:TransformationBroochRelic":0,"CultistMask":2,"Kunai":5},{"theSenshi:TransformationBroochRelic":0,"CultistMask":8,"Kunai":21}]},"card_choices":[{"not_picked":["theSenshi:MoonsReflection","theSenshi:EncouragingSpeech"],"picked":"theSenshi:TallSilhouette","floor":1},{"not_picked":["theSenshi:TuxedoMaskAssists","theSenshi:SailorMercuryAssists"],"picked":"theSenshi:SailorMarsAssists","floor":2},{"not_picked":["theSenshi:SupersonicWaves","theSenshi:DramaticEntrance"],"picked":"theSenshi:TallSilhouette","floor":4},{"not_picked":["theSenshi:LunasBite","theSenshi:LunaWiseMentor"],"picked":"theSenshi:EncouragingSpeech","floor":5},{"not_picked":["theSenshi:SchoolBag","theSenshi:TuxedoSmokingBomber"],"picked":"theSenshi:RainbowMoonHeartAche","floor":8},{"not_picked":["theSenshi:SupersonicWaves","theSenshi:HesSoDreamy"],"picked":"theSenshi:MoonlightKnight","floor":10},{"not_picked":["theSenshi:SailorChibiMoonAssists","theSenshi:MoonSpiralHeartAttack"],"picked":"theSenshi:MoonTiaraMagic","floor":13}],"player_experience":192365,"relics_obtained":[{"floor":9,"key":"Kunai"}],"event_choices":[{"damage_healed":0,"gold_gain":0,"player_choice":"Trade","damage_taken":0,"relics_obtained":["CultistMask"],"max_hp_gain":0,"max_hp_loss":0,"event_name":"FaceTrader","floor":3,"gold_loss":0},{"damage_healed":0,"gold_gain":0,"player_choice":"Forge","damage_taken":0,"max_hp_gain":0,"max_hp_loss":0,"event_name":"Accursed Blacksmith","floor":7,"gold_loss":0,"cards_upgraded":["theSenshi:RoseThrow"]},{"damage_healed":0,"gold_gain":0,"player_choice":"Grow","damage_taken":0,"max_hp_gain":0,"max_hp_loss":0,"event_name":"Living Wall","floor":14,"gold_loss":0,"cards_upgraded":["theSenshi:MoonlightKnight"]}],"is_beta":false,"boss_relics":[],"items_purged_floors":[],"is_endless":false,"potions_floor_spawned":[4,13],"killed_by":"Hexaghost","ascension_level":0}}