{"host":"ga4s3hj9m6nkn6gp","time":1611595745,"event":{"mods":["AchievementEnabler","BaseMod","Bestiary","Colored Powertips","Highlight Path","Minty Spire (QoL Compilation)","Relic Stats","everything is the same but u backflip on backflip"],"gold_per_floor":[111,111,111,128,143,143,64,64,64,80,105,47,77,91,91,91,91],"floor_reached":16,"language":"ENG","playtime":2038,"items_purged":[],"score":270,"play_id":"e130492a-16bc-4c91-8323-4de4bfa424db","local_time":"20210125182905","is_ascension_mode":true,"campfire_choices":[{"data":"Terror","floor":6.0,"key":"SMITH"},{"data":"Burst","floor":8.0,"key":"SMITH"},{"data":"Crippling Poison","floor":15,"key":"SMITH"}],"circlet_count":0,"master_deck":["AscendersBane","Strike_G","Strike_G","Strike_G","Strike_G","Strike_G","Defend_G","Defend_G","Defend_G","Defend_G","Survivor","Neutralize","Burst+1","Blur","Tactician","Quick Slash","Terror+1","Backstab","Poisoned Stab","Crippling Poison+1","Dagger Throw","Well Laid Plans","Footwork"],"relics":["Ring of the Snake","PreservedInsect","Prayer Wheel","Lantern"],"acts_visited":["Exordium"],"potions_floor_usage":[13],"damage_taken":[{"damage":0.0,"enemies":"Jaw Worm","floor":1.0,"turns":7.0},{"damage":8.0,"enemies":"Small Slimes","floor":4.0,"turns":5.0},{"damage":0.0,"enemies":"Cultist","floor":5.0,"turns":5.0},{"damage":14.0,"enemies":"Lots of Slimes","floor":10.0,"turns":6.0},{"damage":15.0,"enemies":"Lagavulin","floor":11.0,"turns":4.0},{"damage":0,"enemies":"Gremlin Nob","floor":13,"turns":2},{"damage":9,"enemies":"Looter","floor":14,"turns":3},{"damage":17,"enemies":"Hexaghost","floor":16,"turns":8}],"seed_played":"1455958052331954460","potions_obtained":[{"floor":1.0,"key":"LiquidBronze"},{"floor":10.0,"key":"SneckoOil"},{"floor":11.0,"key":"SteroidPotion"},{"floor":14,"key":"Ancient Potion"}],"is_trial":false,"path_per_floor":["M","?","?","M","M","R","$","R","T","M","E","$","E","M","R","B"],"character_chosen":"THE_SILENT","items_purchased":["Backstab","Dagger Throw"],"campfire_rested":0,"item_purchase_floors":[7,12],"current_hp_per_floor":[59,59,59,51,51,51,51,51,51,37,22,22,22,13,13,0,0],"gold":91,"neow_bonus":"THREE_RARE_CARDS","is_daily":false,"chose_seed":false,"campfire_upgraded":3,"win_rate":0.0,"timestamp":1611595745,"path_taken":["M","?","?","M","M","R","?","R","T","M","E","$","E","M","R","BOSS"],"items_purchased_type":["Card","Card"],"build_version":"2020-12-22","purchased_purges":0,"victory":false,"max_hp_per_floor":[60,60,60,60,60,60,60,60,60,60,60,60,60,60,60,60,60],"relic_stats":{"counters":[8,40],"Prayer Wheel":1,"PreservedInsect":52,"obtain_stats":[{"Lantern":13,"Prayer Wheel":11,"PreservedInsect":9,"Ring of the Snake":0},{"Lantern":6,"Prayer Wheel":5,"PreservedInsect":3,"Ring of the Snake":0},{"Lantern":29,"Prayer Wheel":27,"PreservedInsect":17,"Ring of the Snake":0}],"Ring of the Snake":[16]},"card_choices":[{"not_picked":["Night Terror","Malaise"],"picked":"Burst","floor":0.0},{"not_picked":["Quick Slash","PiercingWail"],"picked":"Blur","floor":1.0},{"not_picked":["Prepared","Distraction"],"picked":"Quick Slash","floor":4.0},{"not_picked":["Prepared","PiercingWail"],"picked":"Terror","floor":5.0},{"not_picked":["Underhanded Strike","Deflect"],"picked":"Poisoned Stab","floor":10.0},{"not_picked":["Backflip","Predator"],"picked":"Crippling Poison","floor":11.0},{"not_picked":["Bullet Time","Bane"],"picked":"Well Laid Plans","floor":13},{"not_picked":["Flechettes","Dash"],"picked":"Footwork","floor":14},{"not_picked":["Quick Slash","Concentrate","Predator"],"picked":"SKIP","floor":14}],"player_experience":686997,"relics_obtained":[{"floor":9.0,"key":"PreservedInsect"},{"floor":11.0,"key":"Prayer Wheel"},{"floor":13,"key":"Lantern"}],"event_choices":[{"damage_healed":0.0,"max_hp_gain":0.0,"max_hp_loss":0.0,"gold_gain":0.0,"cards_transformed":["Defend_G"],"event_name":"Living Wall","player_choice":"Change","floor":2.0,"gold_loss":0.0,"damage_taken":0.0,"cards_obtained":["Tactician"]},{"damage_healed":0.0,"max_hp_gain":0.0,"max_hp_loss":0.0,"gold_gain":0.0,"event_name":"Liars Game","player_choice":"Ignored","floor":3.0,"gold_loss":0.0,"damage_taken":0.0}],"is_beta":false,"boss_relics":[],"items_purged_floors":[],"is_endless":false,"potions_floor_spawned":[1,10,11,14],"killed_by":"Hexaghost","ascension_level":20}}