{"host":"y15j0sqd0it1yzon","time":1611615213,"event":{"mods":["AchievementEnabler","BaseMod","Lobotomy","Minty Spire (QoL Compilation)","StSLib"],"gold_per_floor":[116,116,71,89,89,89,124,124,124,137,137,147,218,218,218,218,218],"floor_reached":16,"language":"ENG","playtime":1641,"items_purged":[],"score":98,"play_id":"57e2eb0d-9915-4011-97aa-529199ddcead","local_time":"20210125225333","is_ascension_mode":false,"campfire_choices":[{"data":"Deadly Poison","floor":6,"key":"SMITH"},{"data":"Footwork","floor":15,"key":"SMITH"}],"circlet_count":0,"master_deck":["Strike_G","Strike_G","Strike_G","Defend_G","Defend_G","Defend_G","Defend_G","Defend_G","CENSORED","Deadly Poison+1","BigBadWolf","Cloak And Dagger+1","Mercenary","Flying Knee+1","Scorched","SnowQueen","Footwork+1"],"relics":["Ring of the Snake","CogitoBucket","The Specimen","Darkstone Periapt"],"acts_visited":["Exordium"],"potions_floor_usage":[7],"damage_taken":[{"damage":0,"enemies":"Jaw Worm","floor":1,"turns":5},{"damage":3,"enemies":"Small Slimes","floor":4,"turns":5},{"damage":58,"enemies":"Gremlin Nob","floor":7,"turns":6},{"damage":0,"enemies":"2 Louse","floor":10,"turns":3},{"damage":1,"enemies":"2 Fungi Beasts","floor":12,"turns":2},{"damage":171,"enemies":"The Guardian","floor":16,"turns":11}],"seed_played":"-2353677348760446469","potions_obtained":[{"floor":1,"key":"Weak Potion"}],"is_trial":false,"path_per_floor":["M","?","?","M","?","R","E","?","T","M","?","M","?","?","R","B"],"character_chosen":"THE_SILENT","items_purchased":[],"campfire_rested":0,"item_purchase_floors":[],"current_hp_per_floor":[70,70,70,68,73,73,43,43,43,43,43,63,63,63,63,0,0],"gold":218,"neow_bonus":"","is_daily":false,"chose_seed":false,"campfire_upgraded":2,"win_rate":0.0,"timestamp":1611615213,"path_taken":["M","?","?","M","?","R","E","?","T","?","?","M","?","?","R","BOSS"],"items_purchased_type":[],"build_version":"2020-12-22","purchased_purges":0,"victory":false,"max_hp_per_floor":[70,70,70,70,75,75,75,75,75,75,75,72,72,72,72,72,72],"card_choices":[{"not_picked":["MHz","Wellcheers"],"picked":"CENSORED","floor":1},{"not_picked":["Distraction","Quick Slash"],"picked":"Deadly Poison","floor":1},{"not_picked":["MeatLantern","QueenOfHatred"],"picked":"BigBadWolf","floor":4},{"not_picked":["Bane","Leg Sweep"],"picked":"Cloak And Dagger","floor":4},{"not_picked":["CrumblingArmor","OSAHOGD"],"picked":"Mercenary","floor":7},{"not_picked":["Caltrops","Heel Hook"],"picked":"Flying Knee","floor":7},{"not_picked":["BeautyBeast","Murderer"],"picked":"Scorched","floor":10},{"not_picked":["Eviscerate","Blade Dance","Slice"],"picked":"SKIP","floor":10},{"not_picked":["Eviscerate","Blade Dance","Slice"],"picked":"SKIP","floor":10},{"not_picked":["PunishingBird","VoidDream","QueenOfHatred"],"picked":"Singing Bowl","floor":12},{"not_picked":["FairyFestival","QueenOfHatred"],"picked":"SnowQueen","floor":12},{"not_picked":["Tactician","Flying Knee"],"picked":"Footwork","floor":12}],"player_experience":435167,"relics_obtained":[{"floor":7,"key":"The Specimen"},{"floor":9,"key":"Darkstone Periapt"}],"event_choices":[{"damage_healed":0,"gold_gain":0,"player_choice":"Fled","damage_taken":0,"max_hp_gain":0,"max_hp_loss":0,"event_name":"Scrap Ooze","floor":2,"gold_loss":0},{"damage_healed":0,"gold_gain":0,"player_choice":"Left Gold","damage_taken":0,"max_hp_gain":0,"max_hp_loss":0,"event_name":"World of Goop","floor":3,"gold_loss":45},{"damage_healed":0,"gold_gain":0,"player_choice":"Donut","damage_taken":0,"max_hp_gain":5,"max_hp_loss":0,"event_name":"Big Fish","floor":5,"gold_loss":0},{"damage_healed":0,"gold_gain":0,"player_choice":"Upgraded","damage_taken":0,"max_hp_gain":0,"max_hp_loss":0,"event_name":"Upgrade Shrine","floor":8,"gold_loss":0,"cards_upgraded":["Flying Knee"]},{"damage_healed":0,"gold_gain":0,"player_choice":"Grow","damage_taken":0,"max_hp_gain":0,"max_hp_loss":0,"event_name":"Living Wall","floor":11,"gold_loss":0,"cards_upgraded":["Cloak And Dagger"]},{"damage_healed":0,"gold_gain":71,"player_choice":"Gained Gold","damage_taken":0,"max_hp_gain":0,"max_hp_loss":0,"event_name":"Golden Wing","floor":13,"gold_loss":0},{"damage_healed":0,"gold_gain":0,"player_choice":"Ignored","damage_taken":0,"max_hp_gain":0,"max_hp_loss":0,"event_name":"Shining Light","floor":14,"gold_loss":0}],"is_beta":false,"boss_relics":[],"items_purged_floors":[],"is_endless":false,"potions_floor_spawned":[1],"killed_by":"The Guardian","ascension_level":0}}