{"host":"40gggw0x72bpm5se","time":1611603592,"event":{"mods":["ATMod(°¢èªMod)","Act Like it!","Aspiration","BaseMod","Better Vampires","Colored Map","Conspire","Energized Spire","Friendly Minions","Gensokyo","GungeonMod","GungeonMod Extend","Infinite Spire","Koishi","Library of Ruina","Library of Ruina Extra","Lobotomy","LobotomyExtend","Minty Spire (QoL Compilation)","Quarter Circle Forward PUNCH!","Quick Restart","Relic Stats","Replay The Spire","RumiaBox-Â¶Ã×æ«µÄÉñÃØºÐ×Ó","Shop Mod","Spicy Shops","StSLib","TestMod","The Alterego","UnlockEverythingMod","Waifu the Spire","Youmu£¨»êÆÇÑýÃÎ£©","[LAZYMAN]RSMod","¡¾¹¦ÄÜMod¡¿»ìãçÖ®»·ÐÞ¸´²¹¶¡","¡¾ÒÅÎï¿¨ÅÆ¡¿REMEMod","Ä§½ä"],"gold_per_floor":[120,520,711,724,4,38,8,8,8,42,42,54,79,91,91,196,246,265,289,301,333,359,371,409,439,451,498,510,522,568,606,618,731,743,775,787,799,811,73,109,109,119,200,200,224,224,82,97,97,198,198,198,48,82,181,181,181],"floor_reached":56,"language":"ZHS","playtime":2422,"items_purged":["LightAttack","LightAttack","dwlrmod:CroneWeavess","LightAttack","LightDefense","LightDefense"],"score":1468,"play_id":"69740650-8b2f-4aca-8d74-c2b6528102a8","local_time":"20210126033952","is_ascension_mode":true,"campfire_choices":[{"data":"Twilight","floor":8.0,"key":"SMITH"},{"data":"GrazeTheGrass","floor":11.0,"key":"SMITH"},{"data":"FrontalAssault","floor":15.0,"key":"SMITH"},{"data":"infinitespire:FutureSight","floor":23.0,"key":"SMITH"},{"data":"CombatPreparation","floor":28.0,"key":"SMITH"},{"data":"SenseQuarry","floor":32.0,"key":"SMITH"},{"data":"CleanUp","floor":46.0,"key":"SMITH"},{"data":"CrackOfDawn","floor":49.0,"key":"SMITH"},{"data":"UnforgettableMelody","floor":52.0,"key":"SMITH"}],"circlet_count":0,"master_deck":["Dodge","LightDefense","LightDefense","ChargeAndCover","FocusedStrikes","Twilight+1","AT_Dispersion+1","SenseQuarry+1","GaleKick","GrazeTheGrass+1","AbsorbImpact","DaringDecision","AsThePrescriptOrders","Leap_lor","Unlock1+1","dwlrmod:TheLastStand","FrontalAssault+1","UnforgettableMelody+1","GuidanceOfTheGears","Gensokyo:AllTheWorldsEvil","DemoMod:TableTechMoney","CrackOfDawn+1","testmod-Bloodthirsty","infinitespire:FutureSight+1","UnavoidableGaze+1","TendonChords+1","CombatPreparation+1","EnergyConversion+1","CleanUp+1","CleanUp+1","WillProduceFineSilk","AT_Dispersion+1","Multislash"],"relics":["PageOfLibrarian","AT_ATBox","testmod-TestBox","testmod-CrystalShield","aspiration:Nostalgia","RingOfDestiny:ShadowKunai","LetterFromLob","dwlrmod:ProjectRecorder","AT_BellDemon","Blue Doll","Tiny Chest","DemoMod:GnawedKey","testmod-FatalChain","Blue Candle","GodSword4","testmod-Alchemist","Unceasing Top","Sundial","aspiration:Lifesprig","AT_PhaseBoots","AT_EbonyIvory","Tiny House","MawBank","Divine Protection","Happy Flower","ReplayTheSpireMod:SealedPack","testmod-LifeArmor","Bottled Flame","Bronze Scales","Gambling Chip","Singing Bowl","LastBattle","Calipers","Baka2","infinitespire:Magic Flask","Turnip","ReplayFunnel","PageOfSpiderBud","Strawberry","qcfpunch:Wrestler\u0027s_Cloak","energizedSpire:StickyHand","DemoExt:HeartSynthesizer","BargainBundle","MealTicket","conspire:Flyswatter","Frozen Eye","DemoMod:WhiteGuonStone","AT_GuinsooRageblade","testmod-TestBox","Whetstone","Chameleon Ring","DemoMod:Metronome","Replay:WaspNest","HandDrill","Dream Catcher","DollysMirror","qcfpunch:Red_Cyclone_Teachings","testmod-BatchProcessingSystem","dwlrmod:NightmareFuel","DemoExt:Turkey","testmod-BloodSacrificeSpiritualization"],"acts_visited":["Gensokyo:Gensokyo","Gensokyo:Gensokyoer","Gensokyo:Gensokyoest","RingOfDestiny:BlackNoah","Gensokyo:Gensokyo"],"potions_floor_usage":[],"damage_taken":[{"damage":4.0,"enemies":"Gensokyo:2_Kodama","floor":1.0,"turns":3.0},{"damage":2.0,"enemies":"Gensokyo:Gryphon","floor":3.0,"turns":3.0},{"damage":0.0,"enemies":"Gensokyo:Python","floor":4.0,"turns":4.0},{"damage":0.0,"enemies":"Gensokyo:Cirno","floor":6.0,"turns":6.0},{"damage":0.0,"enemies":"Gensokyo:Mamizou","floor":10.0,"turns":13.0},{"damage":0.0,"enemies":"Gensokyo:2_Rabbits","floor":12.0,"turns":2.0},{"damage":0.0,"enemies":"Gensokyo:Cirno","floor":13.0,"turns":4.0},{"damage":0.0,"enemies":"Gensokyo:3_Kodama","floor":14.0,"turns":1.0},{"damage":32.0,"enemies":"Gensokyo:Yukari","floor":16.0,"turns":3.0},{"damage":0.0,"enemies":"Gensokyo:CosmicMonolith","floor":18.0,"turns":1.0},{"damage":0.0,"enemies":"Gensokyo:3_Dogs","floor":19.0,"turns":2.0},{"damage":0.0,"enemies":"Gensokyo:3_Gloops","floor":21.0,"turns":2.0},{"damage":21.0,"enemies":"Gensokyo:Swordslinger","floor":22.0,"turns":2.0},{"damage":6.0,"enemies":"Gensokyo:Reisen","floor":24.0,"turns":4.0},{"damage":0.0,"enemies":"Gensokyo:Monolith_and_Dog","floor":25.0,"turns":2.0},{"damage":4.0,"enemies":"Gensokyo:Tenshi","floor":27.0,"turns":2.0},{"damage":0.0,"enemies":"Nightmare","floor":30.0,"turns":6.0},{"damage":0.0,"enemies":"Gensokyo:Eiki","floor":33.0,"turns":4.0},{"damage":0.0,"enemies":"Gensokyo:3_Bats","floor":35.0,"turns":3.0},{"damage":0.0,"enemies":"Nightmare","floor":40.0,"turns":5.0},{"damage":0.0,"enemies":"Gensokyo:3_Boulders","floor":42.0,"turns":1.0},{"damage":2.0,"enemies":"Gensokyo:Sharpion","floor":45.0,"turns":2.0},{"damage":0.0,"enemies":"Gensokyo:SeedOfUnknown","floor":48.0,"turns":1.0},{"damage":0.0,"enemies":"Gensokyo:Yuyuko","floor":50.0,"turns":1.0},{"damage":9.0,"enemies":"Gensokyo:Yuyuko","floor":54.0,"turns":8.0},{"damage":0,"enemies":"RingOfDestiny:Rita","floor":55,"turns":1}],"seed_played":"-6213657184742766570","potions_obtained":[{"floor":3.0,"key":"DistilledChaos"},{"floor":7.0,"key":"SteroidPotion"},{"floor":12.0,"key":"Languid Potion"},{"floor":13.0,"key":"Energy Potion"},{"floor":16.0,"key":"PowerPotion"},{"floor":17.0,"key":"Death Potion"},{"floor":19.0,"key":"SkillPotion"},{"floor":21.0,"key":"Energy Potion"},{"floor":25.0,"key":"Energy Potion"},{"floor":50.0,"key":"Ancient Potion"},{"floor":55,"key":"Adrenaline Potion"}],"is_trial":false,"path_per_floor":["M","?","M","M","$","E","?","R","T","E","R","M","E","M","R","B",null,"M","M","AVR","M","M","R","E","M","T","E","R","?","NM","T","R","B",null,"M","?","?","?","$","NM","T","M","T","AVR","M","R","COS","M","R","B",null,"R","$","E","B",null],"character_chosen":"Librarian","items_purchased":["AT_BellDemon","Blue Doll","Tiny Chest","DemoMod:GnawedKey","AbsorbImpact","BargainBundle","MealTicket","conspire:Flyswatter","WillProduceFineSilk","Frozen Eye","DemoMod:WhiteGuonStone"],"campfire_rested":0,"item_purchase_floors":[5,5,5,5,5,39,39,39,39,39,39],"current_hp_per_floor":[59,59,64,68,68,76,76,76,76,76,76,77,77,77,77,61,82,82,82,82,82,67,67,82,84,84,84,84,78,80,87,87,89,89,91,91,91,91,91,97,97,99,99,99,107,107,107,116,116,118,118,118,118,119,123,123,123],"gold":181,"neow_bonus":"NOSTALGIA","is_daily":false,"chose_seed":false,"campfire_upgraded":9,"win_rate":0.0,"timestamp":1611603592,"path_taken":["M","?","M","M","$","E","?","R","T","E","R","?","E","M","R","BOSS","M","M","AVR","M","M","R","E","M","T","E","R","?","NM","?","R","BOSS","M","?","?","?","$","NM","?","M","T","AVR","M","R","COS","M","R","BOSS","R","$","E","BOSS"],"items_purchased_type":["Relic","Relic","Relic","Relic","Card","Relic","Relic","Relic","Card","Relic","Relic"],"build_version":"2020-12-22","purchased_purges":6,"victory":false,"max_hp_per_floor":[78,78,78,78,78,76,76,76,76,77,77,77,77,77,77,77,82,82,82,82,82,82,82,82,84,84,84,84,78,80,87,87,89,89,91,91,91,91,91,97,97,110,110,110,112,112,112,116,116,118,118,118,118,119,123,123,123],"relic_stats":{"Happy Flower":[14],"Singing Bowl":32,"counters":[26,86],"Blue Candle":[2],"Whetstone":["Unlock1","CleanUp"],"MawBank":252,"Dream Catcher":0,"Sundial":[4],"Bronze Scales":[92],"Gambling Chip":[4],"Tiny Chest":2,"MealTicket":0,"Turnip":[3],"HandDrill":[0],"obtain_stats":[{"Divine Protection":19,"dwlrmod:ProjectRecorder":4,"AT_ATBox":0,"Tiny House":17,"Calipers":27,"testmod-BatchProcessingSystem":51,"DemoMod:GlassGuonStoneRelic":4,"testmod-LifeArmor":21,"Whetstone":40,"Baka2":27,"Sundial":13,"DemoMod:Metronome":42,"DollysMirror":47,"Strawberry":31,"MealTicket":39,"HandDrill":44,"qcfpunch:Red_Cyclone_Teachings":48,"AT_GuinsooRageblade":40,"DemoExt:HeartSynthesizer":35,"testmod-TestBox":0,"Happy Flower":20,"aspiration:Nostalgia":0,"testmod-FatalChain":6,"Blue Candle":6,"AT_EbonyIvory":16,"ReplayTheSpireMod:SealedPack":20,"AT_PhaseBoots":40,"infinitespire:Magic Flask":27,"energizedSpire:StickyHand":34,"dwlrmod:NightmareFuel":54,"AT_SpeedBoots":14,"Bottled Flame":22,"Bronze Scales":24,"GodSword4":10,"Unceasing Top":12,"conspire:Flyswatter":39,"AT_BellDemon":5,"ReplayFunnel":30,"aspiration:Lifesprig":13,"Singing Bowl":25,"Blue Doll":5,"testmod-BloodSacrificeSpiritualization":56,"DemoMod:WhiteGuonStone":39,"PageOfSpiderBud":30,"Frozen Eye":39,"testmod-CrystalShield":0,"Dream Catcher":45,"testmod-Alchemist":10,"Chameleon Ring":41,"Gambling Chip":24,"Tiny Chest":5,"qcfpunch:Wrestler\u0027s_Cloak":33,"DemoMod:GnawedKey":5,"DemoExt:Turkey":54,"BargainBundle":39,"RingOfDestiny:ShadowKunai":0,"Replay:WaspNest":43,"Baka":1,"LastBattle":26,"MawBank":18,"PageOfLibrarian":0,"Turnip":29,"LetterFromLob":1,"REME_ComplimentaryCards":0},{"Divine Protection":11,"dwlrmod:ProjectRecorder":3,"AT_ATBox":0,"Tiny House":9,"Calipers":16,"testmod-BatchProcessingSystem":24,"DemoMod:GlassGuonStoneRelic":3,"testmod-LifeArmor":12,"Whetstone":20,"Baka2":16,"Sundial":7,"DemoMod:Metronome":21,"DollysMirror":22,"Strawberry":17,"MealTicket":19,"HandDrill":21,"qcfpunch:Red_Cyclone_Teachings":23,"AT_GuinsooRageblade":20,"DemoExt:HeartSynthesizer":19,"testmod-TestBox":0,"Happy Flower":11,"aspiration:Nostalgia":0,"testmod-FatalChain":4,"Blue Candle":4,"AT_EbonyIvory":9,"ReplayTheSpireMod:SealedPack":11,"AT_PhaseBoots":20,"infinitespire:Magic Flask":16,"energizedSpire:StickyHand":18,"dwlrmod:NightmareFuel":25,"AT_SpeedBoots":8,"Bottled Flame":13,"Bronze Scales":14,"GodSword4":5,"Unceasing Top":6,"conspire:Flyswatter":19,"AT_BellDemon":3,"ReplayFunnel":17,"aspiration:Lifesprig":7,"Singing Bowl":15,"Blue Doll":3,"testmod-BloodSacrificeSpiritualization":26,"DemoMod:WhiteGuonStone":19,"PageOfSpiderBud":17,"Frozen Eye":19,"testmod-CrystalShield":0,"Dream Catcher":22,"testmod-Alchemist":5,"Chameleon Ring":20,"Gambling Chip":14,"Tiny Chest":3,"qcfpunch:Wrestler\u0027s_Cloak":18,"DemoMod:GnawedKey":3,"DemoExt:Turkey":25,"BargainBundle":19,"RingOfDestiny:ShadowKunai":0,"Replay:WaspNest":21,"Baka":1,"LastBattle":15,"MawBank":10,"PageOfLibrarian":0,"Turnip":16,"LetterFromLob":1,"REME_ComplimentaryCards":0},{"Divine Protection":42,"dwlrmod:ProjectRecorder":10,"AT_ATBox":0,"Tiny House":39,"Calipers":54,"testmod-BatchProcessingSystem":77,"DemoMod:GlassGuonStoneRelic":10,"testmod-LifeArmor":44,"Whetstone":72,"Baka2":54,"Sundial":35,"DemoMod:Metronome":73,"DollysMirror":75,"Strawberry":60,"MealTicket":67,"HandDrill":73,"qcfpunch:Red_Cyclone_Teachings":76,"AT_GuinsooRageblade":72,"DemoExt:HeartSynthesizer":67,"testmod-TestBox":0,"Happy Flower":42,"aspiration:Nostalgia":0,"testmod-FatalChain":16,"Blue Candle":16,"AT_EbonyIvory":39,"ReplayTheSpireMod:SealedPack":42,"AT_PhaseBoots":72,"infinitespire:Magic Flask":54,"energizedSpire:StickyHand":64,"dwlrmod:NightmareFuel":85,"AT_SpeedBoots":36,"Bottled Flame":46,"Bronze Scales":50,"GodSword4":29,"Unceasing Top":31,"conspire:Flyswatter":67,"AT_BellDemon":10,"ReplayFunnel":60,"aspiration:Lifesprig":35,"Singing Bowl":52,"Blue Doll":10,"testmod-BloodSacrificeSpiritualization":86,"DemoMod:WhiteGuonStone":67,"PageOfSpiderBud":60,"Frozen Eye":67,"testmod-CrystalShield":0,"Dream Catcher":75,"testmod-Alchemist":29,"Chameleon Ring":72,"Gambling Chip":50,"Tiny Chest":10,"qcfpunch:Wrestler\u0027s_Cloak":64,"DemoMod:GnawedKey":10,"DemoExt:Turkey":85,"BargainBundle":67,"RingOfDestiny:ShadowKunai":0,"Replay:WaspNest":73,"Baka":3,"LastBattle":52,"MawBank":40,"PageOfLibrarian":0,"Turnip":54,"LetterFromLob":3,"REME_ComplimentaryCards":0}],"Unceasing Top":[33]},"card_choices":[{"not_picked":["Quickness","DarkCloud","HandleRequest","SuppressingShot","SerpentSwordTechnique","YouOnlyLiveOnce","WillOfThePrescript","NightInTheBackstreets"],"picked":"SenseQuarry","floor":1.0},{"not_picked":["StrikeDown","FlowOfTheSword","SpearedSweep","FleetEdge","Multislash","BindingChains","SharpSwipe","SturdyDefense"],"picked":"GaleKick","floor":3.0},{"not_picked":["Quickness","CleanUp","BlowItUp","TendonChords","ClassAndRespect","HighKick","TheArtOfRapidSteps","ScatteringSlash"],"picked":"GrazeTheGrass","floor":4.0},{"not_picked":["SteelKnuckles","Parry","AbsorbImpact","BackAttack","ShrineToMusic","FleetEdge","Laceration","Thrust"],"picked":"DaringDecision","floor":6.0},{"not_picked":["QuickSuppression","Thrust","FleetFootsteps","NightInTheBackstreets","ElectricShock","CombatPreparation","CookingPrep","ForcefulGesture"],"picked":"AsThePrescriptOrders","floor":7.0},{"not_picked":["HiddenBlade","KeepItFresh","TimeForALittleTest","SweepTheBackstreets","WillBeTasty","SpearedSweep","ScatteringSlash","HandlingWork"],"picked":"Leap_lor","floor":10.0},{"not_picked":["CrackOfDawn","Creak","SharpNails","Standoff","Rewind","Parry2","MultiHit","Parry"],"picked":"Unlock1","floor":12.0},{"not_picked":["Clone","Eliminate","HiddenBlade","VioletBlade","MultiBlock","StrikeDown","PinpointShot","Parry","FleetEdge"],"picked":"SKIP","floor":13.0},{"not_picked":["dwlrmod:Simulacrum","dwlrmod:Reneger"],"picked":"dwlrmod:TheLastStand","floor":14.0},{"not_picked":["EnergyStrike","GutHarvesting","QuickSuppression","Tailoring","GrazeTheGrass","NightInTheBackstreets","EndlessBattle","Execute_lor"],"picked":"FrontalAssault","floor":14.0},{"not_picked":["dwlrmod:Lubberkin","dwlrmod:Simulacrum"],"picked":"dwlrmod:CroneWeavess","floor":16.0},{"not_picked":["RipSpace","ChargeUp"],"picked":"UnforgettableMelody","floor":16.0},{"not_picked":["Tailoring","Quickness","Execute_lor","GutHarvesting","NightInTheBackstreets+1","MultiHit","StructuralAnalysis","FleetFootsteps","Pound"],"picked":"SKIP","floor":18.0},{"not_picked":["DevastatingThrash+1","Rewind","NonstopAssault","HiddenBlade","GutHarvesting","ElectricShock+1","Parry2","DarkCloud"],"picked":"GuidanceOfTheGears","floor":19.0},{"not_picked":["Koishi:HauntingSlash","Vigilance","DemoMod:Roll","DemoMod:TableTechRocket","ExecuteAim","HpAim","Bash","DemoMod:TableTechBlanks"],"picked":"DemoMod:TableTechMoney","floor":20.0},{"not_picked":["Commandeering","Suppress","GoinFirst","Observe","SenseQuarry","Decapitation","Eradication","RipSpace"],"picked":"CrackOfDawn","floor":20.0},{"not_picked":["testmod-PocketStoneCalender","testmod-PerfectCombo","Finesse","Forethought","Blind","REME_FirmDetermination","Good Instincts","Deep Breath"],"picked":"testmod-Bloodthirsty","floor":20.0},{"not_picked":["infinitespire:SealOfDarkness+","infinitespire:UltimateForm","infinitespire:SevenWalls","infinitespire:Execution","infinitespire:DeathsTouch","ReplayTheSpireMod:Chaos Vortex","infinitespire:FinalStrike","infinitespire:Gouge"],"picked":"infinitespire:FutureSight","floor":20.0},{"not_picked":["CutIn","ElectricShock","BackAttack+1","PreemptiveStrike","SerpentineBarrier+1","IdentifyWeakpoint","AutomatedMovement+1","DimensionalRift"],"picked":"UnavoidableGaze+1","floor":21.0},{"not_picked":["FleetFootsteps","Laceration","TasteMyFlamingBat","UndertakePrescript","Deflect_lor","InhaleSmoke","BindingArms","Multislash"],"picked":"TendonChords+1","floor":22.0},{"not_picked":["UpbeatPerformance","Parry2","HiddenBlade","EnergyShield","Quickness+1","Execute_lor+1","BoundaryOfDeath","Pound"],"picked":"CombatPreparation","floor":24.0},{"not_picked":["Overpower","SharpSwipe","PinpointShot+1","HiddenBlade","Faith","ShrineToMusic+1","Parry+1","WillOfThePrescript","Multislash"],"picked":"Singing Bowl","floor":25.0},{"not_picked":["StartinOutLightly+1","SunsetBlade","Duel_lor","MultiBlock","MultiHit","DarkCloud","SmokingPipe","Parry"],"picked":"EnergyConversion+1","floor":27.0},{"not_picked":["dwlrmod:Kazakus","dwlrmod:Coldwraith","dwlrmod:Swindle"],"picked":"dwlrmod:PowerOverwhelming","floor":27.0},{"not_picked":["Duel_lor","Outburst","FierceCharge","PreemptiveStrike","FocusFire+1","IdentifyWeakpoint","DefenseOrder","AsThePrescriptOrders+1","GreatSerpentsImpact"],"picked":"Singing Bowl","floor":30.0},{"not_picked":["dwlrmod:GaunterODimm","dwlrmod:ChillingDream","dwlrmod:LunarEclipse","dwlrmod:WhiteFrost"],"picked":"Singing Bowl","floor":33.0},{"not_picked":["Disposal","Punishment"],"picked":"CleanUp","floor":33.0},{"not_picked":["Concentration+1","Tailoring","Castigation","Leap_lor","EnergyShield","SnakesPrey","DarkCloud","TendonChords","Pound"],"picked":"Singing Bowl","floor":35.0},{"not_picked":["infinitespire:Fortify","Replay:Fractal Strike","infinitespire:Gouge"],"picked":"Singing Bowl","floor":40.0},{"not_picked":["dwlrmod:CroneWeavess","dwlrmod:IceLance","dwlrmod:SpreadingPlague","dwlrmod:WhiteFrost"],"picked":"Singing Bowl","floor":40.0},{"not_picked":["Leap_lor","ElectricShock","Parry+1","UnavoidableGaze+1","SilentMist+1","MindWhip+1","YouOnlyLiveOnce","EnergyShield","Rewind+1"],"picked":"Singing Bowl","floor":40.0},{"not_picked":["BindingArms","PinpointShot","SuppressingShot","EndlessBattle","HighKick+1","MindCrush","DefenseOrder+1","GuardingStance","Gamble+1"],"picked":"Singing Bowl","floor":42.0},{"not_picked":["Execute_lor","HiddenBlade+1","Tailoring","ViolentFlame","SmokingPipe","ButterflySlash+1","StartinOutLightly","GatherIntel","Reload+1"],"picked":"Singing Bowl","floor":45.0},{"not_picked":["dwlrmod:Awakening","dwlrmod:Simulacrum","dwlrmod:DragonFury","dwlrmod:WhiteFrost"],"picked":"Singing Bowl","floor":48.0},{"not_picked":["SkyClearingCut","YourShield","DarkCloud+1","SparkingSpear","FlashingStrike+1","MindCrush","BladeWhirl","EnergyStrike+1","WillOfThePrescript+1"],"picked":"Singing Bowl","floor":48.0},{"not_picked":["ScratchThat","Decapitation","Suppress"],"picked":"Singing Bowl","floor":50.0},{"not_picked":["dwlrmod:Caretaker","dwlrmod:Swindle","dwlrmod:BlackCat","dwlrmod:Kazakus"],"picked":"Singing Bowl","floor":54.0},{"not_picked":["LawAndOrder+1","GrazeTheGrass+1","Ripple","TheArtOfRapidSteps","SinglePointStab","StrongStrike","Zzzzzap","SpearedSweep","ExtremeEdge+1"],"picked":"Singing Bowl","floor":54.0},{"not_picked":["dwlrmod:Reneger","dwlrmod:Awakening","dwlrmod:SpreadingPlague","dwlrmod:CascadingDisaster"],"picked":"Singing Bowl","floor":55},{"not_picked":["EnergyBeam","GoinFirst","Suppress"],"picked":"Singing Bowl","floor":55}],"player_experience":87676,"relics_obtained":[{"floor":1.0,"key":"Baka"},{"floor":1.0,"key":"LetterFromLob"},{"floor":4.0,"key":"dwlrmod:ProjectRecorder"},{"floor":6.0,"key":"testmod-FatalChain"},{"floor":6.0,"key":"Blue Candle"},{"floor":10.0,"key":"GodSword4"},{"floor":10.0,"key":"DemoMod:GlassGuonStoneRelic"},{"floor":10.0,"key":"testmod-Alchemist"},{"floor":12.0,"key":"Unceasing Top"},{"floor":13.0,"key":"Sundial"},{"floor":13.0,"key":"aspiration:Lifesprig"},{"floor":14.0,"key":"AT_SpeedBoots"},{"floor":16.0,"key":"AT_EbonyIvory"},{"floor":18.0,"key":"MawBank"},{"floor":19.0,"key":"Divine Protection"},{"floor":21.0,"key":"testmod-LifeArmor"},{"floor":22.0,"key":"Bottled Flame"},{"floor":24.0,"key":"Bronze Scales"},{"floor":24.0,"key":"Gambling Chip"},{"floor":25.0,"key":"Singing Bowl"},{"floor":26.0,"key":"LastBattle"},{"floor":27.0,"key":"Calipers"},{"floor":27.0,"key":"Baka2"},{"floor":27.0,"key":"infinitespire:Magic Flask"},{"floor":30.0,"key":"ReplayFunnel"},{"floor":30.0,"key":"PageOfSpiderBud"},{"floor":31.0,"key":"Strawberry"},{"floor":33.0,"key":"qcfpunch:Wrestler\u0027s_Cloak"},{"floor":35.0,"key":"DemoExt:HeartSynthesizer"},{"floor":40.0,"key":"AT_GuinsooRageblade"},{"floor":40.0,"key":"testmod-TestBox"},{"floor":40.0,"key":"Whetstone"},{"floor":41.0,"key":"Chameleon Ring"},{"floor":42.0,"key":"DemoMod:Metronome"},{"floor":43.0,"key":"Replay:WaspNest"},{"floor":45.0,"key":"Dream Catcher"},{"floor":48.0,"key":"qcfpunch:Red_Cyclone_Teachings"},{"floor":54.0,"key":"dwlrmod:NightmareFuel"},{"floor":54.0,"key":"DemoExt:Turkey"}],"event_choices":[{"damage_healed":0.0,"max_hp_gain":0.0,"max_hp_loss":0.0,"gold_gain":400.0,"event_name":"¶÷ÂåË¹µÄÅÌ×Ó","player_choice":"Sell","floor":2.0,"relics_lost":["REME_ComplimentaryCards"],"gold_loss":0.0,"damage_taken":0.0}],"is_beta":false,"boss_relics":[{"not_picked":["testmod-EnergyCheck","energizedSpire:EnergizedDie"],"picked":"Tiny House"},{"not_picked":["testmod-Nine","testmod-HarvestTotem"],"picked":"energizedSpire:StickyHand"},{"not_picked":["testmod-Recursion","Runic Dome"],"picked":"testmod-BatchProcessingSystem"},{"not_picked":["testmod-KeyOfTheVoid","energizedSpire:DeadBattery"],"picked":"testmod-BloodSacrificeSpiritualization"}],"items_purged_floors":[5,20,39,39,44,53],"is_endless":true,"potions_floor_spawned":[3,7,12,13,16,19,21,25,30,40,45,50,55],"ascension_level":0}}