{"host":"och2iitg9ibgz06n","time":1611617499,"event":{"mods":["Abigail Mod","AchievementEnabler","Aspiration","BaseMod","Colored Powertips","Dio Mod","Hubris","Hyrulean Relics","Infinite Spire","Minty Spire (QoL Compilation)","Replay The Spire","Small Relic Pack","StSLib","The Animator","The Bug Knight","The Hierophant","The Jungle","The Saiyan","TheHero","Wandering Minibosses","everything is the same but u backflip on backflip","slay the spire mod where everything is the same but ironclad has a cowboy hat"],"gold_per_floor":[115,66,26,41,52,86,86,86,86],"floor_reached":8,"language":"ENG","playtime":243,"items_purged":[],"score":81,"play_id":"0aa82f4d-0dfa-41fe-ab4a-6754ff55733d","local_time":"20210125173139","is_ascension_mode":true,"campfire_choices":[{"floor":7,"key":"REST"}],"circlet_count":0,"master_deck":["Strike_R","Strike_R","Strike_R","Strike_R","Strike_R","Defend_R","Defend_R","Defend_R","Defend_R","Bash","Pommel Strike","Flex","hubris:ReadiedAction","Infernal Blade","Wild Strike"],"relics":["Burning Blood","aspiration:TomeofQuesting"],"acts_visited":["Exordium"],"potions_floor_usage":[6],"damage_taken":[{"damage":0,"enemies":"Small Slimes","floor":1,"turns":3},{"damage":1,"enemies":"Cultist","floor":4,"turns":3},{"damage":12,"enemies":"Jaw Worm","floor":5,"turns":3},{"damage":46,"enemies":"Lagavulin","floor":6,"turns":10},{"damage":0,"enemies":"3 Sentries","floor":8,"turns":2}],"seed_played":"-1322007936931639950","potions_obtained":[{"floor":3,"key":"Strength Potion"},{"floor":3,"key":"ColorlessPotion"},{"floor":3,"key":"Reflective Coating"}],"is_trial":false,"path_per_floor":["M","$","?","M","M","E","R","E"],"character_chosen":"IRONCLAD","items_purchased":["Flex"],"campfire_rested":1,"item_purchase_floors":[2],"current_hp_per_floor":[86,86,86,88,82,42,68,68,68],"gold":86,"neow_bonus":"TEN_PERCENT_HP_BONUS","is_daily":false,"chose_seed":false,"campfire_upgraded":0,"win_rate":0.0,"timestamp":1611617499,"path_taken":["M","$","?","M","M","E","R","E"],"items_purchased_type":["Card"],"build_version":"2020-12-22","purchased_purges":0,"victory":false,"max_hp_per_floor":[88,88,88,88,88,88,88,88,88],"card_choices":[{"not_picked":["Clash","Whirlwind"],"picked":"Pommel Strike","floor":1},{"not_picked":["Clothesline","ReplayTheSpireMod:Strike From Hell"],"picked":"hubris:ReadiedAction","floor":4},{"not_picked":["Headbutt","Replay:Undeath\u0027s Touch"],"picked":"Infernal Blade","floor":5},{"not_picked":["ReplayTheSpireMod:Strike From Hell","Abandon"],"picked":"Wild Strike","floor":6}],"player_experience":489285,"relics_obtained":[{"floor":6,"key":"aspiration:TomeofQuesting"}],"event_choices":[{"damage_healed":0,"gold_gain":0,"player_choice":"Bought 3 Potions","damage_taken":0,"max_hp_gain":0,"max_hp_loss":0,"event_name":"The Woman in Blue","floor":3,"gold_loss":0}],"is_beta":false,"boss_relics":[],"items_purged_floors":[],"is_endless":false,"potions_floor_spawned":[4],"killed_by":"3 Sentries","ascension_level":9}}