{"host":"u2tqs5prbwebzr58","time":1611536361,"event":{"mods":["BaseMod","Better Skull","Hermit","Jorbs\u0027s Wanderer Trilogy","Marisa????????","Minty Spire (QoL Compilation)","Prisma Mod","READ ME - Guardian Mod","Shade Mod","StSLib","The Bug Knight","The Cursed","The Disciple","The Druid","The Hierophant","The Necromancer","The Senshi","The Servant 0.9.4"],"gold_per_floor":[115,132,232,246,261,261,274,274,297,27,39,39,64,80,80,181,181,200,44,64,73,99,99,127,127,154,186,49,72,72,72],"floor_reached":30,"language":"ENG","playtime":2105,"items_purged":["Strike_W"],"score":254,"play_id":"408d9738-65d4-4322-b2ab-87815405459a","local_time":"20210124165921","is_ascension_mode":false,"campfire_choices":[{"data":"Bones_to_Steel","floor":8,"key":"SMITH"},{"data":"Mayhem","floor":15,"key":"SMITH"},{"floor":23,"key":"REST"},{"floor":25,"key":"REST"}],"circlet_count":0,"master_deck":["Negative_Energy_Arrows","Bone_Wall","Spectral_Armor","Uncharnel","Bones_to_Steel+1","Mayhem+1","Summon_Lich","Summon_Undead_Army","Bone_Prison","Negative_Energy_Bomb","Cloudkill","Uncharnel","Epidemic","Requiem","Bone_Prison","Negative_Energy_Sphere","Chill_Blood+1","Negative_Energy_Sphere","Writhe","Negative_Energy_Javelin","Life_Tap"],"relics":["Vampire_Amulet","Ancient Tea Set","Bag of Preparation","Centennial Puzzle","Pandora\u0027s Box","Membership Card","CeramicFish","FossilizedHelix","MawBank","Ice Cream"],"acts_visited":["Exordium","TheCity"],"potions_floor_usage":[13,16,16,16,29],"damage_taken":[{"damage":2,"enemies":"Jaw Worm","floor":1,"turns":5},{"damage":0,"enemies":"Cultist","floor":2,"turns":4},{"damage":0,"enemies":"2 Louse","floor":4,"turns":3},{"damage":3,"enemies":"Exordium Wildlife","floor":5,"turns":5},{"damage":8,"enemies":"Gremlin Gang","floor":7,"turns":8},{"damage":0,"enemies":"Large Slime","floor":11,"turns":7},{"damage":11,"enemies":"Lagavulin","floor":13,"turns":6},{"damage":2,"enemies":"2 Fungi Beasts","floor":14,"turns":4},{"damage":9,"enemies":"The Guardian","floor":16,"turns":12},{"damage":2,"enemies":"Shell Parasite","floor":18,"turns":6},{"damage":7,"enemies":"Spheric Guardian","floor":20,"turns":5},{"damage":36,"enemies":"Chosen and Byrds","floor":22,"turns":7},{"damage":42,"enemies":"Slavers","floor":24,"turns":5},{"damage":30,"enemies":"Sentry and Sphere","floor":27,"turns":5},{"damage":12,"enemies":"Centurion and Healer","floor":29,"turns":6},{"damage":14,"enemies":"Shelled Parasite and Fungi","floor":30,"turns":2}],"seed_played":"-7009464832518863990","potions_obtained":[{"floor":1,"key":"LiquidBronze"},{"floor":4,"key":"Swift Potion"},{"floor":7,"key":"LiquidMemories"},{"floor":11,"key":"CultistPotion"},{"floor":13,"key":"Weak Potion"},{"floor":20,"key":"Strength Potion"},{"floor":24,"key":"Swift Potion"},{"floor":27,"key":"PowerPotion"}],"is_trial":false,"path_per_floor":["M","M","?","M","M","?","M","R","T","$","M","$","E","M","R","B",null,"M","$","M","?","M","R","E","R","T","M","$","M","M"],"character_chosen":"NECROMANCER","items_purchased":["Mayhem","Membership Card","Ice Cream"],"campfire_rested":2,"item_purchase_floors":[10,19,28],"current_hp_per_floor":[75,75,75,75,74,74,73,73,73,73,75,75,66,68,68,61,75,75,75,70,70,38,60,24,46,46,20,20,12,0,0],"gold":72,"neow_bonus":"RANDOM_COMMON_RELIC","is_daily":false,"chose_seed":false,"campfire_upgraded":2,"win_rate":0.0,"timestamp":1611536361,"path_taken":["M","M","?","?","M","?","M","R","T","$","M","?","E","M","R","BOSS","M","$","?","?","M","R","E","R","T","M","$","M","M"],"items_purchased_type":["Card","Relic","Relic"],"build_version":"2020-12-22","purchased_purges":1,"victory":false,"max_hp_per_floor":[75,75,75,75,75,75,75,75,75,75,75,75,75,75,75,75,75,75,75,75,75,75,75,75,75,75,75,75,75,75,75],"card_choices":[{"not_picked":["Plague_Bolt","Finger_Of_Death"],"picked":"Spectral_Armor","floor":1},{"not_picked":["Blood_Whip","Death_Coil","Deaths_Shadow"],"picked":"SKIP","floor":2},{"not_picked":["Death_Coil","Flesh_Made_Foul","Necrotic_Claws"],"picked":"SKIP","floor":4},{"not_picked":["Negative_Energy_Sphere","Death_Knell"],"picked":"Uncharnel","floor":5},{"not_picked":["Shackles_Of_Pain","Slay_Living"],"picked":"Bones_to_Steel","floor":7},{"not_picked":["Finger_Of_Death","Blood_Wake"],"picked":"Summon_Lich","floor":11},{"not_picked":["Spectral_Armor","Bones_to_Steel"],"picked":"Summon_Undead_Army","floor":13},{"not_picked":["Blood_Curse","Consume_Illness"],"picked":"Bone_Prison","floor":14},{"not_picked":["Blood_Magic","Grasp_Heart"],"picked":"Negative_Energy_Bomb","floor":16},{"not_picked":["Acid_Javelin","Epidemic"],"picked":"Chill_Blood+1","floor":18},{"not_picked":["Finger_Of_Death+1","Bone_Armor"],"picked":"Negative_Energy_Sphere","floor":20},{"not_picked":["Bone_Spikes","Bones_to_Steel"],"picked":"Negative_Energy_Javelin","floor":22},{"not_picked":["Blood_Shield","Spectral_Armor","Exploit"],"picked":"SKIP","floor":24},{"not_picked":["Flesh_Made_Foul+1","Finger_Of_Death+1","Plague_Bolt"],"picked":"SKIP","floor":27},{"not_picked":["Scare+1","Negative_Energy_Mist"],"picked":"Life_Tap","floor":29}],"player_experience":502911,"relics_obtained":[{"floor":9,"key":"Bag of Preparation"},{"floor":13,"key":"Centennial Puzzle"},{"floor":24,"key":"FossilizedHelix"},{"floor":26,"key":"MawBank"}],"event_choices":[{"damage_healed":0,"gold_gain":100,"player_choice":"Pray","damage_taken":0,"max_hp_gain":0,"max_hp_loss":0,"event_name":"Golden Shrine","floor":3,"gold_loss":0},{"cards_removed":["Defend_W"],"damage_healed":0,"gold_gain":0,"player_choice":"Forget","damage_taken":0,"max_hp_gain":0,"max_hp_loss":0,"event_name":"Living Wall","floor":6,"gold_loss":0},{"damage_healed":0,"gold_gain":0,"player_choice":"Opened","damage_taken":0,"relics_obtained":["CeramicFish"],"max_hp_gain":0,"max_hp_loss":0,"event_name":"The Mausoleum","floor":21,"gold_loss":0,"cards_obtained":["Writhe"]}],"is_beta":false,"boss_relics":[{"not_picked":["Runic Pyramid","Velvet Choker"],"picked":"Pandora\u0027s Box"}],"items_purged_floors":[10],"is_endless":false,"potions_floor_spawned":[1,4,7,11,13,20,24,27],"killed_by":"Shelled Parasite and Fungi","ascension_level":0}}