{"host":"b1dzdo8uo7e6jx8g","time":1611612244,"event":{"mods":["AchievementEnabler","Astrologer","BaseMod","BetterRewards","Colored Map","Downfall","Highlight Path","Minty Spire (QoL Compilation)","StSLib","The Animator","The Bug Knight","The Construct","The Cursed","The Disciple","The Jungle","The Necromancer","The Runesmith","The Servant 0.9.4"],"gold_per_floor":[112,112,125,50,68,68,68,68,115,131,142,158,158,158],"floor_reached":13,"language":"ENG","playtime":727,"items_purged":["Regret"],"score":77,"play_id":"a6767b68-0d0f-48da-9b90-781271e8deb6","local_time":"20210125230404","is_ascension_mode":false,"campfire_choices":[{"data":"Bash","floor":6,"key":"SMITH"},{"floor":8,"key":"RECALL"}],"circlet_count":0,"master_deck":["Strike_R","Strike_R","Strike_R","Strike_R","Strike_R","Defend_R+1","Defend_R","Defend_R+1","Defend_R","Bash+1","Fire Breathing+1","Flex","Pommel Strike","Intimidate","Heavy Blade"],"relics":["Burning Blood","NeowsBlessing","War Paint","Tiny Chest"],"acts_visited":["Exordium"],"potions_floor_usage":[],"damage_taken":[{"damage":0,"enemies":"2 Louse","floor":1,"turns":1},{"damage":0,"enemies":"Small Slimes","floor":3,"turns":1},{"damage":0,"enemies":"Cultist","floor":5,"turns":1},{"damage":18,"enemies":"Lots of Slimes","floor":10,"turns":4},{"damage":17,"enemies":"3 Louse","floor":11,"turns":4},{"damage":41,"enemies":"Gremlin Gang","floor":12,"turns":7},{"damage":22,"enemies":"3 Sentries","floor":13,"turns":2}],"seed_played":"4688951298003484955","potions_obtained":[{"floor":3,"key":"AttackPotion"},{"floor":10,"key":"FearPotion"}],"is_trial":false,"path_per_floor":["M","?","M","$","M","R","?","R","T","M","M","M","E"],"character_chosen":"IRONCLAD","items_purchased":[],"campfire_rested":0,"item_purchase_floors":[],"current_hp_per_floor":[80,80,80,80,80,80,80,80,80,68,57,22,0,0],"gold":158,"neow_bonus":"THREE_ENEMY_KILL","is_daily":false,"chose_seed":false,"campfire_upgraded":1,"win_rate":0.0,"timestamp":1611612244,"path_taken":["M","?","M","$","M","R","?","R","T","M","M","M","E"],"items_purchased_type":[],"build_version":"2020-12-22","purchased_purges":1,"victory":false,"max_hp_per_floor":[80,80,80,80,80,80,80,80,80,80,80,80,80,80],"card_choices":[{"not_picked":["Body Slam","Sword Boomerang","Feel No Pain"],"picked":"SKIP","floor":1},{"not_picked":["Fire Breathing","Second Wind","Sword Boomerang"],"picked":"SKIP","floor":3},{"not_picked":["Second Wind","Sword Boomerang"],"picked":"Fire Breathing","floor":3},{"not_picked":["Shrug It Off","Havoc"],"picked":"Flex","floor":5},{"not_picked":["Body Slam","Anger"],"picked":"Pommel Strike","floor":10},{"not_picked":["Havoc","Iron Wave"],"picked":"Intimidate","floor":11},{"not_picked":["Twin Strike","Flame Barrier"],"picked":"Heavy Blade","floor":12}],"player_experience":252535,"relics_obtained":[{"floor":9,"key":"Tiny Chest"}],"event_choices":[{"damage_healed":0,"gold_gain":0,"player_choice":"Box","damage_taken":0,"relics_obtained":["War Paint"],"max_hp_gain":0,"max_hp_loss":0,"event_name":"Big Fish","floor":2,"gold_loss":0,"cards_obtained":["Regret"]},{"damage_healed":0,"gold_gain":0,"player_choice":"Grow","damage_taken":0,"max_hp_gain":0,"max_hp_loss":0,"event_name":"Living Wall","floor":7,"gold_loss":0,"cards_upgraded":["Fire Breathing"]}],"is_beta":false,"boss_relics":[],"items_purged_floors":[4],"is_endless":false,"potions_floor_spawned":[3,10],"killed_by":"3 Sentries","ascension_level":0}}