{"host":"pvf7uj918he10jir","time":1611552839,"event":{"mods":["AchievementEnabler","BaseMod","Colored Map","Colored Powertips","Highlight Path","Minty Spire (QoL Compilation)","Relic Stats","Slay the Relics Exporter","everything is the same but u backflip on backflip"],"gold_per_floor":[12,31,31,31,55,55,94,112,189,223,236,236,269,290,290,414,414,430,205,205,115,40,71,19,19,19],"floor_reached":25,"language":"ENG","playtime":1566,"items_purged":["Strike_B"],"score":287,"play_id":"d78d90b1-166f-4ad0-ad10-eab9c6e5e07f","local_time":"20210125003359","is_ascension_mode":true,"campfire_choices":[{"data":"Gash","floor":6,"key":"SMITH"},{"floor":12,"key":"REST"},{"floor":15,"key":"REST"}],"circlet_count":0,"master_deck":["Defend_B","Defend_B","Defend_B","Defend_B","Dualcast","Hyperbeam+1","Genetic Algorithm","Steam Power+1","Gash+1","Machine Learning","Echo Form","Gash","Rebound"],"relics":["Cracked Core","Golden Idol","Dead Branch","Singing Bowl","Regal Pillow","Symbiotic Virus","Sozu","Juzu Bracelet","Bottled Tornado"],"acts_visited":["Exordium","TheCity"],"potions_floor_usage":[25],"damage_taken":[{"damage":0,"enemies":"Cultist","floor":1,"turns":3},{"damage":0,"enemies":"Small Slimes","floor":2,"turns":1},{"damage":0,"enemies":"2 Louse","floor":5,"turns":2},{"damage":10,"enemies":"3 Sentries","floor":7,"turns":2},{"damage":9,"enemies":"Exordium Thugs","floor":8,"turns":2},{"damage":33,"enemies":"Lagavulin","floor":10,"turns":6},{"damage":6,"enemies":"Looter","floor":11,"turns":2},{"damage":10,"enemies":"3 Sentries","floor":13,"turns":4},{"damage":4,"enemies":"Lots of Slimes","floor":14,"turns":3},{"damage":19,"enemies":"Slime Boss","floor":16,"turns":6},{"damage":14,"enemies":"Shell Parasite","floor":18,"turns":4},{"damage":38,"enemies":"Book of Stabbing","floor":23,"turns":5},{"damage":57,"enemies":"Gremlin Leader","floor":25,"turns":5}],"seed_played":"-6447987821853477260","potions_obtained":[{"floor":1,"key":"Dexterity Potion"},{"floor":5,"key":"PotionOfCapacity"},{"floor":11,"key":"Regen Potion"},{"floor":13,"key":"Dexterity Potion"}],"is_trial":false,"path_per_floor":["M","M","?","?","M","R","E","M","T","E","M","R","E","M","R","B",null,"M","$","?","?","?","E","$","E"],"character_chosen":"DEFECT","items_purchased":["Juzu Bracelet","Rebound"],"campfire_rested":2,"item_purchase_floors":[19,24],"current_hp_per_floor":[75,75,57,57,57,57,47,38,38,7,3,41,33,31,70,51,83,71,71,71,71,71,35,35,0,0],"gold":19,"neow_bonus":"TRANSFORM_TWO_CARDS","is_daily":false,"chose_seed":false,"campfire_upgraded":1,"win_rate":0.0,"timestamp":1611552839,"path_taken":["M","M","?","?","M","R","E","M","T","E","?","R","E","M","R","BOSS","M","?","?","?","?","E","$","E"],"items_purchased_type":["Relic","Card"],"build_version":"2020-12-22","purchased_purges":1,"victory":false,"max_hp_per_floor":[75,75,75,75,75,75,75,75,75,77,79,79,81,83,83,83,83,85,85,85,85,85,87,87,87,87],"relic_stats":{"Sozu":1,"Regal Pillow":30,"Singing Bowl":12,"counters":[13,45],"Golden Idol":72,"Dead Branch":[10],"Juzu Bracelet":1,"obtain_stats":[{"Sozu":17,"Regal Pillow":10,"Singing Bowl":9,"Golden Idol":3,"Dead Branch":7,"Juzu Bracelet":19,"Bottled Tornado":23,"Cracked Core":0,"Symbiotic Virus":13},{"Sozu":10,"Regal Pillow":6,"Singing Bowl":5,"Golden Idol":2,"Dead Branch":4,"Juzu Bracelet":11,"Bottled Tornado":12,"Cracked Core":0,"Symbiotic Virus":8},{"Sozu":31,"Regal Pillow":16,"Singing Bowl":10,"Golden Idol":4,"Dead Branch":8,"Juzu Bracelet":35,"Bottled Tornado":40,"Cracked Core":0,"Symbiotic Virus":22}]},"card_choices":[{"not_picked":["Static Discharge","Lockon"],"picked":"Steam Power","floor":1},{"not_picked":["Cold Snap","Redo"],"picked":"Gash","floor":2},{"not_picked":["Genetic Algorithm","Chill"],"picked":"Machine Learning","floor":5},{"not_picked":["Barrage","Defragment","Rip and Tear"],"picked":"SKIP","floor":7},{"not_picked":["Cold Snap","Darkness","Turbo"],"picked":"SKIP","floor":8},{"not_picked":["Buffer","Stack","Sweeping Beam"],"picked":"Singing Bowl","floor":10},{"not_picked":["Go for the Eyes","Compile Driver","Stack"],"picked":"Singing Bowl","floor":11},{"not_picked":["Cold Snap","Sweeping Beam","Blizzard"],"picked":"Singing Bowl","floor":13},{"not_picked":["Undo","Steam Power","Stack"],"picked":"Singing Bowl","floor":14},{"not_picked":["Buffer","Fission"],"picked":"Echo Form","floor":16},{"not_picked":["Stack","Streamline","Leap"],"picked":"Singing Bowl","floor":18},{"not_picked":["Leap","Hello World","Static Discharge"],"picked":"Singing Bowl","floor":23}],"player_experience":152503,"relics_obtained":[{"floor":7,"key":"Dead Branch"},{"floor":9,"key":"Singing Bowl"},{"floor":10,"key":"Regal Pillow"},{"floor":13,"key":"Symbiotic Virus"},{"floor":23,"key":"Bottled Tornado"}],"event_choices":[{"damage_healed":0,"gold_gain":0,"player_choice":"Take Damage","damage_taken":18,"relics_obtained":["Golden Idol"],"max_hp_gain":0,"max_hp_loss":0,"event_name":"Golden Idol","floor":3,"gold_loss":0},{"damage_healed":0,"gold_gain":0,"player_choice":"Forge","damage_taken":0,"max_hp_gain":0,"max_hp_loss":0,"event_name":"Accursed Blacksmith","floor":4,"gold_loss":0,"cards_upgraded":["Hyperbeam"]},{"damage_healed":0,"gold_gain":0,"player_choice":"Read","damage_taken":0,"max_hp_gain":0,"max_hp_loss":0,"event_name":"The Library","floor":20,"gold_loss":0,"cards_obtained":["Gash"]},{"cards_removed":["Zap"],"damage_healed":0,"gold_gain":0,"player_choice":"Upgrade and Remove","damage_taken":0,"max_hp_gain":0,"max_hp_loss":0,"event_name":"Designer","floor":21,"gold_loss":90,"cards_upgraded":["Steam Power"]},{"cards_removed":["Strike_B"],"damage_healed":0,"gold_gain":0,"player_choice":"Gave Gold","damage_taken":0,"max_hp_gain":0,"max_hp_loss":0,"event_name":"Beggar","floor":22,"gold_loss":75}],"is_beta":false,"boss_relics":[{"not_picked":["Calling Bell","Velvet Choker"],"picked":"Sozu"}],"items_purged_floors":[19],"is_endless":false,"potions_floor_spawned":[1,5,11,13,14,16,18],"killed_by":"Gremlin Leader","ascension_level":4}}