{"host":"8rqsnaeml9gxb0kp","time":1611616160,"event":{"mods":["AchievementEnabler","BaseMod","Dark Map","Minty Spire (QoL Compilation)","StSLib"],"gold_per_floor":[109,64,83,94,17,45,145,145,145,163,228,228,244,257,257,354,354,374,9,19,39,58,58,75,75,75,75,94,194,221,76,76,172,172,188,202,52,72,72,100,100,130,184,184,0,0,13,13,13,13],"floor_reached":51,"language":"ENG","playtime":3139,"items_purged":["Strike_G","Strike_G"],"score":787,"play_id":"bda8b8c3-b1cd-4cdb-84eb-7fc4bcc60938","local_time":"20210125150920","is_ascension_mode":true,"campfire_choices":[{"data":"Neutralize","floor":8.0,"key":"SMITH"},{"floor":12.0,"key":"REST"},{"data":"Glass Knife","floor":15,"key":"SMITH"},{"data":"Adrenaline","floor":23,"key":"SMITH"},{"data":"Crippling Poison","floor":25,"key":"SMITH"},{"data":"PiercingWail","floor":27,"key":"SMITH"},{"floor":32,"key":"REST"},{"floor":41,"key":"REST"},{"floor":44,"key":"DIG"},{"floor":46,"key":"DIG"},{"floor":49,"key":"REST"}],"circlet_count":0,"master_deck":["Strike_G","Strike_G","Strike_G","Defend_G","Defend_G","Defend_G","Defend_G","Defend_G","Survivor","Neutralize+1","Bane","Poisoned Stab","Bane","Poisoned Stab","Footwork","Dagger Throw","Masterful Stab","All Out Attack","Glass Knife+1","Crippling Poison+1","Adrenaline+1","CurseOfTheBell","Tactician+1","Dash","Deflect","PiercingWail+1","Footwork+1","Outmaneuver+1","Bouncing Flask","Slice+1","Dagger Spray+1","PiercingWail","Night Terror","Cloak And Dagger+1","Quick Slash+1","Dagger Spray+1","Dagger Spray+1","Poisoned Stab+1"],"relics":["Runic Pyramid","FossilizedHelix","The Specimen","Matryoshka","Calling Bell","PreservedInsect","Ornamental Fan","Shovel","Frozen Egg 2","Boot","Pear","Gambling Chip","Molten Egg 2","Oddly Smooth Stone","Busted Crown","TwistedFunnel","Dream Catcher","Bag of Preparation","Paper Crane","Anchor","Darkstone Periapt","Red Mask","Happy Flower"],"acts_visited":["Exordium","TheCity","TheBeyond"],"potions_floor_usage":[13,22,22,29,33,50,50,50],"damage_taken":[{"damage":2.0,"enemies":"Jaw Worm","floor":1.0,"turns":5.0},{"damage":0.0,"enemies":"Cultist","floor":3.0,"turns":3.0},{"damage":0.0,"enemies":"Small Slimes","floor":4.0,"turns":3.0},{"damage":24.0,"enemies":"Gremlin Nob","floor":6.0,"turns":4.0},{"damage":12.0,"enemies":"Exordium Thugs","floor":10.0,"turns":5.0},{"damage":3.0,"enemies":"Lagavulin Event","floor":11.0,"turns":5.0},{"damage":7,"enemies":"3 Louse","floor":13,"turns":3},{"damage":0,"enemies":"Large Slime","floor":14,"turns":4},{"damage":34,"enemies":"Hexaghost","floor":16,"turns":10},{"damage":8,"enemies":"3 Byrds","floor":18,"turns":5},{"damage":7,"enemies":"2 Thieves","floor":20,"turns":4},{"damage":11,"enemies":"Sentry and Sphere","floor":21,"turns":8},{"damage":2,"enemies":"Shelled Parasite and Fungi","floor":22,"turns":4},{"damage":0,"enemies":"Centurion and Healer","floor":24,"turns":5},{"damage":0,"enemies":"Chosen and Byrds","floor":28,"turns":6},{"damage":1,"enemies":"Colosseum Slavers","floor":29,"turns":4},{"damage":11,"enemies":"Colosseum Nobs","floor":29,"turns":5},{"damage":8,"enemies":"Book of Stabbing","floor":30,"turns":5},{"damage":3,"enemies":"Collector","floor":33,"turns":8},{"damage":14,"enemies":"Orb Walker","floor":35,"turns":4},{"damage":0,"enemies":"3 Shapes","floor":36,"turns":6},{"damage":8,"enemies":"Sphere and 2 Shapes","floor":38,"turns":5},{"damage":25,"enemies":"Reptomancer","floor":40,"turns":6},{"damage":0,"enemies":"Giant Head","floor":42,"turns":8},{"damage":0,"enemies":"Jaw Worm Horde","floor":47,"turns":2},{"damage":55,"enemies":"Time Eater","floor":50,"turns":15}],"seed_played":"-2727878911527904856","potions_obtained":[{"floor":3.0,"key":"BlessingOfTheForge"},{"floor":11.0,"key":"SpeedPotion"},{"floor":18,"key":"DuplicationPotion"},{"floor":24,"key":"PowerPotion"},{"floor":28,"key":"DuplicationPotion"},{"floor":29,"key":"GamblersBrew"},{"floor":30,"key":"Fire Potion"},{"floor":35,"key":"AttackPotion"},{"floor":42,"key":"DuplicationPotion"}],"is_trial":false,"path_per_floor":["M","$","M","M","$","E","?","R","T","M","?","R","M","M","R","B",null,"M","$","M","M","M","R","M","R","T","R","M","?","E","$","R","B",null,"M","M","$","M","$","E","R","E","T","R","?","R","M","$","R","B",null],"character_chosen":"THE_SILENT","items_purchased":["Poisoned Stab","Footwork","Frozen Egg 2","Dash","PiercingWail","TwistedFunnel"],"campfire_rested":4,"item_purchase_floors":[2,5,19,19,31,37],"current_hp_per_floor":[68,68,68,68,68,44,44,44,44,32,29,50,43,43,43,9,70,62,62,55,44,42,42,42,42,52,52,52,40,32,32,56,53,80,66,66,66,58,58,33,57,57,57,57,57,57,57,57,80,25],"gold":13,"neow_bonus":"BOSS_RELIC","is_daily":false,"chose_seed":false,"campfire_upgraded":5,"win_rate":0.0,"timestamp":1611616160,"path_taken":["M","$","M","M","$","E","?","R","T","?","?","R","M","M","R","BOSS","M","$","M","M","M","R","M","R","T","R","M","?","E","?","R","BOSS","M","M","$","M","$","E","R","E","T","R","?","R","M","$","R","BOSS"],"items_purchased_type":["Card","Card","Relic","Card","Card","Relic"],"build_version":"2020-12-22","purchased_purges":2,"victory":true,"max_hp_per_floor":[70,70,70,70,70,70,70,70,70,70,70,70,70,70,70,70,70,70,70,70,70,70,70,70,70,80,80,80,80,80,80,80,80,80,80,80,80,80,80,80,80,80,80,80,80,80,80,80,80,80],"card_choices":[{"not_picked":["Prepared","Backflip"],"picked":"Bane","floor":1.0},{"not_picked":["Slice","Cloak And Dagger"],"picked":"Bane","floor":3.0},{"not_picked":["Expertise","Cloak And Dagger"],"picked":"Poisoned Stab","floor":4.0},{"not_picked":["Bane","Underhanded Strike"],"picked":"Dagger Throw","floor":6.0},{"not_picked":["Expertise","Infinite Blades"],"picked":"Masterful Stab","floor":10.0},{"not_picked":["Expertise","Quick Slash"],"picked":"All Out Attack","floor":11.0},{"not_picked":["Deflect","Crippling Poison"],"picked":"Glass Knife","floor":13},{"not_picked":["Prepared","Dagger Throw"],"picked":"Crippling Poison","floor":14},{"not_picked":["Envenom","Wraith Form v2"],"picked":"Adrenaline","floor":16},{"not_picked":["Deadly Poison","All Out Attack+1"],"picked":"Tactician+1","floor":18},{"not_picked":["Poisoned Stab","Bane"],"picked":"Deflect","floor":20},{"not_picked":["Dodge and Roll","Infinite Blades+1"],"picked":"PiercingWail","floor":21},{"not_picked":["Flechettes+1","Endless Agony+1"],"picked":"Footwork+1","floor":22},{"not_picked":["Dagger Throw","Masterful Stab"],"picked":"Outmaneuver+1","floor":24},{"not_picked":["Outmaneuver","Well Laid Plans+1"],"picked":"Bouncing Flask","floor":28},{"not_picked":["Flying Knee+1","Doppelganger"],"picked":"Slice+1","floor":29},{"not_picked":["Flying Knee+1","Bane+1"],"picked":"Dagger Spray+1","floor":30},{"not_picked":["Phantasmal Killer","Die Die Die+1"],"picked":"Night Terror","floor":33},{"not_picked":["Prepared"],"picked":"SKIP","floor":35},{"not_picked":["Escape Plan"],"picked":"SKIP","floor":36},{"not_picked":[],"picked":"Cloak And Dagger+1","floor":38},{"not_picked":[],"picked":"Quick Slash+1","floor":40},{"not_picked":[],"picked":"Dagger Spray+1","floor":41},{"not_picked":[],"picked":"Dagger Spray+1","floor":42},{"not_picked":["Accuracy+1"],"picked":"SKIP","floor":47},{"not_picked":[],"picked":"Poisoned Stab+1","floor":49}],"player_experience":136615,"relics_obtained":[{"floor":6.0,"key":"FossilizedHelix"},{"floor":9.0,"key":"The Specimen"},{"floor":11.0,"key":"Matryoshka"},{"floor":17,"key":"PreservedInsect"},{"floor":17,"key":"Ornamental Fan"},{"floor":17,"key":"Shovel"},{"floor":26,"key":"Boot"},{"floor":26,"key":"Pear"},{"floor":29,"key":"Gambling Chip"},{"floor":29,"key":"Molten Egg 2"},{"floor":30,"key":"Oddly Smooth Stone"},{"floor":40,"key":"Dream Catcher"},{"floor":42,"key":"Bag of Preparation"},{"floor":43,"key":"Paper Crane"},{"floor":43,"key":"Anchor"},{"floor":44,"key":"Darkstone Periapt"},{"floor":46,"key":"Happy Flower"}],"event_choices":[{"damage_healed":0.0,"max_hp_gain":0.0,"max_hp_loss":0.0,"gold_gain":100.0,"event_name":"Golden Shrine","player_choice":"Pray","floor":7.0,"gold_loss":0.0,"damage_taken":0.0},{"damage_healed":0.0,"max_hp_gain":0.0,"max_hp_loss":0.0,"gold_gain":0.0,"event_name":"Dead Adventurer","player_choice":"Searched \u00272\u0027 times","floor":11.0,"gold_loss":0.0,"damage_taken":0.0},{"damage_healed":0,"gold_gain":0,"player_choice":"Fight","damage_taken":0,"max_hp_gain":0,"max_hp_loss":0,"event_name":"Colosseum","floor":29,"gold_loss":0},{"damage_healed":0,"gold_gain":0,"player_choice":"Fought Nobs","damage_taken":0,"max_hp_gain":0,"max_hp_loss":0,"event_name":"Colosseum","floor":29,"gold_loss":0},{"damage_healed":0,"gold_gain":0,"player_choice":"Paid","damage_taken":0,"relics_obtained":["Red Mask"],"max_hp_gain":0,"max_hp_loss":0,"event_name":"Tomb of Lord Red Mask","floor":45,"gold_loss":184}],"is_beta":false,"boss_relics":[{"not_picked":["SlaversCollar","Fusion Hammer"],"picked":"Calling Bell"},{"not_picked":["Snecko Eye","Runic Dome"],"picked":"Busted Crown"}],"items_purged_floors":[19,31],"is_endless":false,"potions_floor_spawned":[3,11,18,24,28,29,30,35,42,47],"ascension_level":1}}