{"host":"v711dtdb46xe9u7l","time":1611565230,"event":{"mods":["BaseMod","Bestiary","Highlight Path","Minty Spire (QoL Compilation)","Quick Restart","StSLib"],"gold_per_floor":[110,119,138,1,19,19,61,61,87,109,134,134,175,201,201,311,338,365,387,414,121,130,130,158,158,204,213,247,247,274,286,286,286,286],"floor_reached":33,"language":"ENG","playtime":1618,"items_purged":["Strike_G"],"score":448,"play_id":"bad459c9-2af8-4f4c-b8cd-340fca558332","local_time":"20210125090030","is_ascension_mode":true,"campfire_choices":[{"data":"Malaise","floor":6,"key":"SMITH"},{"floor":8,"key":"REST"},{"data":"Quick Slash","floor":12,"key":"SMITH"},{"floor":15,"key":"REST"},{"data":"Prepared","floor":23,"key":"SMITH"},{"data":"Footwork","floor":25,"key":"SMITH"},{"floor":32,"key":"REST"}],"circlet_count":0,"master_deck":["Strike_G","Strike_G","Defend_G","Defend_G","Defend_G","Defend_G","Survivor","Neutralize","Doubt","Malaise+1","Sucker Punch","Regret","Prepared+1","Quick Slash+1","Acrobatics","Adrenaline","Leg Sweep","Skewer","Phantasmal Killer","Bane+1","Endless Agony+1","Dagger Spray+1","Deadly Poison","Eviscerate","Escape Plan+1","Footwork+1","Backflip","Doubt","Decay"],"relics":["Ring of the Snake","CeramicFish","Du-Vu Doll","Regal Pillow","Akabeko","Boot","Astrolabe","ClockworkSouvenir","Strawberry","Juzu Bracelet","PreservedInsect","MutagenicStrength","Red Mask"],"acts_visited":["Exordium","TheCity"],"potions_floor_usage":[11,16,16,20,24],"damage_taken":[{"damage":0,"enemies":"Small Slimes","floor":1,"turns":4},{"damage":0,"enemies":"2 Louse","floor":3,"turns":5},{"damage":3,"enemies":"Cultist","floor":5,"turns":3},{"damage":45,"enemies":"Gremlin Nob","floor":7,"turns":7},{"damage":3,"enemies":"Large Slime","floor":10,"turns":4},{"damage":0,"enemies":"Red Slaver","floor":11,"turns":1},{"damage":27,"enemies":"3 Sentries","floor":13,"turns":9},{"damage":2,"enemies":"Blue Slaver","floor":14,"turns":3},{"damage":5,"enemies":"Slime Boss","floor":16,"turns":7},{"damage":14,"enemies":"Shell Parasite","floor":18,"turns":5},{"damage":0,"enemies":"Spheric Guardian","floor":19,"turns":1},{"damage":4,"enemies":"Snecko","floor":20,"turns":3},{"damage":18,"enemies":"Book of Stabbing","floor":24,"turns":5},{"damage":0,"enemies":"Slavers","floor":28,"turns":3},{"damage":8,"enemies":"Masked Bandits","floor":30,"turns":2},{"damage":7,"enemies":"Snake Plant","floor":31,"turns":2},{"damage":69,"enemies":"Champ","floor":33,"turns":9}],"seed_played":"-3153299094812896879","potions_obtained":[{"floor":1,"key":"Strength Potion"},{"floor":3,"key":"PowerPotion"},{"floor":10,"key":"DistilledChaos"},{"floor":11,"key":"Ancient Potion"},{"floor":14,"key":"AttackPotion"},{"floor":19,"key":"LiquidMemories"},{"floor":28,"key":"Weak Potion"},{"floor":30,"key":"AttackPotion"}],"is_trial":false,"path_per_floor":["M","?","M","?","M","R","E","R","T","M","M","R","E","M","R","B",null,"M","M","M","$","?","R","E","R","T","?","E","?","?","M","R","B"],"character_chosen":"THE_SILENT","items_purchased":["Footwork","Backflip","ClockworkSouvenir"],"campfire_rested":3,"item_purchase_floors":[21,21,21],"current_hp_per_floor":[63,63,63,63,60,60,15,51,51,48,48,48,21,19,55,50,65,51,51,47,47,47,47,36,36,36,36,36,36,28,21,59,0,0],"gold":286,"neow_bonus":"THREE_RARE_CARDS","is_daily":false,"chose_seed":false,"campfire_upgraded":4,"win_rate":0.0,"timestamp":1611565230,"path_taken":["M","?","M","?","M","R","E","R","T","M","M","R","E","?","R","BOSS","M","M","M","$","?","R","E","R","T","?","E","?","?","M","R","BOSS"],"items_purchased_type":["Card","Card","Relic"],"build_version":"2020-12-22","purchased_purges":1,"victory":false,"max_hp_per_floor":[70,70,70,70,70,70,70,70,70,70,70,70,70,70,70,70,70,70,70,70,70,70,70,77,77,77,77,77,77,77,77,77,77,77],"card_choices":[{"not_picked":["Adrenaline","Grand Finale"],"picked":"Malaise","floor":0},{"not_picked":["Slice","PiercingWail"],"picked":"Sucker Punch","floor":1},{"not_picked":["Setup","Dodge and Roll"],"picked":"Prepared","floor":3},{"not_picked":["Sucker Punch","Outmaneuver","Calculated Gamble"],"picked":"SKIP","floor":5},{"not_picked":["Underhanded Strike","Blur"],"picked":"Quick Slash","floor":7},{"not_picked":["Choke","Well Laid Plans"],"picked":"Acrobatics","floor":10},{"not_picked":["Cloak And Dagger","Backflip"],"picked":"Adrenaline","floor":11},{"not_picked":["Cloak And Dagger","Prepared"],"picked":"Leg Sweep","floor":13},{"not_picked":["Sucker Punch","Deadly Poison"],"picked":"Skewer","floor":14},{"not_picked":["Adrenaline","A Thousand Cuts"],"picked":"Phantasmal Killer","floor":16},{"not_picked":["Outmaneuver+1","Blade Dance"],"picked":"Deadly Poison","floor":18},{"not_picked":["Leg Sweep","Outmaneuver+1"],"picked":"Eviscerate","floor":19},{"not_picked":["Blade Dance","Acrobatics"],"picked":"Escape Plan+1","floor":20},{"not_picked":["Slice+1","Masterful Stab","Setup"],"picked":"SKIP","floor":24},{"not_picked":["Skewer","Endless Agony+1","PiercingWail"],"picked":"SKIP","floor":28},{"not_picked":["Dagger Spray","Flying Knee","Deflect"],"picked":"SKIP","floor":31}],"player_experience":380164,"relics_obtained":[{"floor":7,"key":"Regal Pillow"},{"floor":9,"key":"Akabeko"},{"floor":13,"key":"Boot"},{"floor":24,"key":"Strawberry"},{"floor":26,"key":"Juzu Bracelet"},{"floor":28,"key":"PreservedInsect"},{"floor":30,"key":"Red Mask"}],"event_choices":[{"damage_healed":0,"gold_gain":0,"player_choice":"Box","damage_taken":0,"relics_obtained":["CeramicFish"],"max_hp_gain":0,"max_hp_loss":0,"event_name":"Big Fish","floor":2,"gold_loss":0,"cards_obtained":["Regret"]},{"damage_healed":0,"gold_gain":0,"player_choice":"Paid Gold","damage_taken":0,"relics_obtained":["Du-Vu Doll"],"max_hp_gain":0,"max_hp_loss":0,"event_name":"WeMeetAgain","floor":4,"gold_loss":137},{"damage_healed":0,"gold_gain":0,"player_choice":"Copied","damage_taken":0,"max_hp_gain":0,"max_hp_loss":0,"event_name":"Duplicator","floor":22,"gold_loss":0,"cards_obtained":["Doubt"]},{"damage_healed":0,"gold_gain":0,"player_choice":"Smashed Altar","damage_taken":0,"max_hp_gain":0,"max_hp_loss":0,"event_name":"Forgotten Altar","floor":27,"gold_loss":0,"cards_obtained":["Decay"]},{"damage_healed":0,"gold_gain":0,"player_choice":"Inject Mutagens","damage_taken":0,"relics_obtained":["MutagenicStrength"],"max_hp_gain":0,"max_hp_loss":0,"event_name":"Drug Dealer","floor":29,"gold_loss":0},{"damage_healed":0,"gold_gain":0,"player_choice":"Fought Bandits","damage_taken":0,"max_hp_gain":0,"max_hp_loss":0,"event_name":"Masked Bandits","floor":30,"gold_loss":0}],"is_beta":false,"boss_relics":[{"not_picked":["Calling Bell","Black Star"],"picked":"Astrolabe"}],"items_purged_floors":[21],"is_endless":false,"potions_floor_spawned":[1,3,10,11,14,19,28,30],"killed_by":"Champ","ascension_level":8}}