{"host":"4zpqi6gd0xcmibwu","time":1611590093,"event":{"mods":["100% Spire Juice","Arknights The Spire","BaseMod","Block Reminder","Colored Map","Colored Powertips","DeckTracker","Googly Eyes","Highlight Path","HololiveMod","Infinite Spire","Key Reminder","Minty Spire (QoL Compilation)","Permanent Neow","Quick Restart","Random Character Button","Relic Sorter","Relic Stats","Replay The Spire","Spire Birthday Party","StSLib","SuperFastMode","Uncapped","Unceasing Turn Reminder","Waifu the Spire","everything is the same but u backflip on backflip","slay the spire mod where everything is the same but ironclad has a cowboy hat"],"gold_per_floor":[116,128,146,157,157,182,201,201,201,231,231,265,21,40,40,40,40],"floor_reached":16,"language":"ENG","playtime":678,"items_purged":["Strike_R"],"score":128,"play_id":"87886497-9975-45f6-a171-2c8bcaf0ca22","local_time":"20210125165453","is_ascension_mode":true,"campfire_choices":[{"data":"infinitespire:OneForAll","floor":11,"key":"SMITH"},{"data":"Replay:Dark Deal","floor":15,"key":"SMITH"}],"circlet_count":0,"master_deck":["Strike_R","Strike_R","Strike_R","Strike_R","Defend_R","Defend_R","Defend_R","Defend_R","Bash+1","Battle Trance","Twin Strike","Body Slam","Disarm","infinitespire:OneForAll+1","Whirlwind","Replay:Dark Deal+1","Double Tap"],"relics":["Burning Blood","Pen Nib","Peace Pipe","keyreminder:keyreminder","ReplayTheSpireMod:Ninjato","Matryoshka"],"acts_visited":["Exordium"],"potions_floor_usage":[7,10,10],"damage_taken":[{"damage":5,"enemies":"2 Louse","floor":1,"turns":2},{"damage":1,"enemies":"Cultist","floor":2,"turns":3},{"damage":0,"enemies":"Small Slimes","floor":3,"turns":3},{"damage":5,"enemies":"3 Louse","floor":4,"turns":4},{"damage":43,"enemies":"3 Sentries","floor":6,"turns":12},{"damage":5,"enemies":"2 Fungi Beasts","floor":7,"turns":5},{"damage":27,"enemies":"Lagavulin","floor":10,"turns":5},{"damage":6,"enemies":"Replay:BlueRogue","floor":12,"turns":7},{"damage":0,"enemies":"Exordium Thugs","floor":14,"turns":1},{"damage":34,"enemies":"Hexaghost","floor":16,"turns":10}],"seed_played":"3292810945251065226","potions_obtained":[{"floor":2,"key":"ColorlessPotion"},{"floor":3,"key":"FearPotion"},{"floor":6,"key":"DistilledChaos"},{"floor":7,"key":"Fruit Juice"}],"is_trial":false,"path_per_floor":["M","M","M","M","?","E","M","T","T","E","R","E","$","M","R","B"],"character_chosen":"IRONCLAD","items_purchased":["Replay:Dark Deal"],"campfire_rested":0,"item_purchase_floors":[13],"current_hp_per_floor":[80,80,80,80,80,43,49,49,49,28,28,28,28,34,34,0,0],"gold":40,"neow_bonus":"RANDOM_EVENT","is_daily":false,"chose_seed":false,"campfire_upgraded":2,"win_rate":0.0,"timestamp":1611590093,"path_taken":["M","M","M","M","?","E","M","?","T","E","R","E","$","M","R","BOSS"],"items_purchased_type":["Card"],"build_version":"2020-12-22","purchased_purges":1,"victory":false,"max_hp_per_floor":[80,80,80,80,80,80,85,85,85,85,85,85,85,85,85,85,85],"relic_stats":{"Peace Pipe":0,"counters":[10,52],"Pen Nib":[5],"obtain_stats":[{"Peace Pipe":8,"keyreminder:keyreminder":9,"ReplayTheSpireMod:Ninjato":10,"Matryoshka":12,"Pen Nib":6,"Burning Blood":0},{"Peace Pipe":6,"keyreminder:keyreminder":6,"ReplayTheSpireMod:Ninjato":7,"Matryoshka":8,"Pen Nib":5,"Burning Blood":0},{"Peace Pipe":29,"keyreminder:keyreminder":29,"ReplayTheSpireMod:Ninjato":34,"Matryoshka":41,"Pen Nib":24,"Burning Blood":0}],"Burning Blood":41},"card_choices":[{"not_picked":["Flex","Perfected Strike"],"picked":"Battle Trance","floor":1},{"not_picked":["Thunderclap","Anger"],"picked":"Twin Strike","floor":2},{"not_picked":["Heavy Blade","Flex"],"picked":"Body Slam","floor":3},{"not_picked":["Hemokinesis","Twin Strike"],"picked":"Disarm","floor":4},{"not_picked":["ReplayReversal","Clothesline"],"picked":"infinitespire:OneForAll","floor":6},{"not_picked":["Twin Strike","Ghostly Armor"],"picked":"Whirlwind","floor":7},{"not_picked":["Heavy Blade","ReplayTheSpireMod:Strike From Hell","Spot Weakness"],"picked":"SKIP","floor":10},{"not_picked":["Seeing Red","Defy Death","Feel No Pain"],"picked":"SKIP","floor":12},{"not_picked":["Fire Breathing","Sword Boomerang"],"picked":"Double Tap","floor":14}],"player_experience":54989,"relics_obtained":[{"floor":6,"key":"Pen Nib"},{"floor":8,"key":"Peace Pipe"},{"floor":10,"key":"ReplayTheSpireMod:Ninjato"},{"floor":12,"key":"Matryoshka"}],"event_choices":[{"damage_healed":0,"gold_gain":0,"player_choice":"Grow","damage_taken":0,"max_hp_gain":0,"max_hp_loss":0,"event_name":"Living Wall","floor":0,"gold_loss":0,"cards_upgraded":["Bash"]}],"is_beta":false,"boss_relics":[],"items_purged_floors":[13],"is_endless":false,"potions_floor_spawned":[2,3,6,7],"killed_by":"Hexaghost","ascension_level":1}}