{"host":"p62uqwu04pp7leh9","time":1611562569,"event":{"mods":["BaseMod","Block Reminder","Colored Map","Colored Powertips","Minty Spire (QoL Compilation)","Relic Stats"],"gold_per_floor":[111,130,130,130,55,55,70,81,81,81,110,120,120,120],"floor_reached":13,"language":"ENG","playtime":521,"items_purged":["Strike_R"],"score":94,"play_id":"c85f27b3-ca02-4478-a063-040cb4fbdea6","local_time":"20210125021609","is_ascension_mode":true,"campfire_choices":[{"data":"Battle Trance","floor":6,"key":"SMITH"}],"circlet_count":0,"master_deck":["Strike_R","Strike_R","Strike_R","Defend_R","Defend_R","Defend_R","Bash","Ghostly Armor","Shockwave","Battle Trance+1","Whirlwind","Juggernaut","Thunderclap"],"relics":["Philosopher\u0027s Stone","Nunchaku","Mummified Hand","Self Forming Clay"],"acts_visited":["Exordium"],"potions_floor_usage":[],"damage_taken":[{"damage":3,"enemies":"Jaw Worm","floor":1,"turns":3},{"damage":6,"enemies":"Small Slimes","floor":2,"turns":3},{"damage":0,"enemies":"Cultist","floor":7,"turns":3},{"damage":0,"enemies":"Looter","floor":8,"turns":3},{"damage":28,"enemies":"Lagavulin","floor":11,"turns":7},{"damage":25,"enemies":"Exordium Thugs","floor":12,"turns":4},{"damage":11,"enemies":"Gremlin Nob","floor":13,"turns":3}],"seed_played":"1960941804270551995","potions_obtained":[{"floor":1,"key":"AttackPotion"},{"floor":7,"key":"Strength Potion"},{"floor":8,"key":"Dexterity Potion"}],"is_trial":false,"path_per_floor":["M","M","?","?","$","R","M","M","T","T","E","M","E"],"character_chosen":"IRONCLAD","items_purchased":[],"campfire_rested":0,"item_purchase_floors":[],"current_hp_per_floor":[77,71,71,64,64,64,64,64,64,64,36,11,0,0],"gold":120,"neow_bonus":"BOSS_RELIC","is_daily":false,"chose_seed":false,"campfire_upgraded":1,"win_rate":0.0,"timestamp":1611562569,"path_taken":["M","M","?","?","$","R","M","M","T","?","E","?","E"],"items_purchased_type":[],"build_version":"2020-12-22","purchased_purges":1,"victory":false,"max_hp_per_floor":[80,80,80,80,80,80,80,80,80,80,80,80,80,80],"relic_stats":{"Nunchaku":[2],"counters":[7,26],"Mummified Hand":[2],"Self Forming Clay":[15],"obtain_stats":[{"Nunchaku":9,"Mummified Hand":10,"Self Forming Clay":11,"Philosopher\u0027s Stone":0,"Burning Blood":0},{"Nunchaku":4,"Mummified Hand":4,"Self Forming Clay":5,"Philosopher\u0027s Stone":0,"Burning Blood":0},{"Nunchaku":12,"Mummified Hand":12,"Self Forming Clay":19,"Philosopher\u0027s Stone":0,"Burning Blood":0}]},"card_choices":[{"not_picked":["Ghostly Armor","Twin Strike","Warcry"],"picked":"SKIP","floor":1},{"not_picked":["Twin Strike","Warcry"],"picked":"Ghostly Armor","floor":1},{"not_picked":["Heavy Blade","Spot Weakness"],"picked":"Shockwave","floor":2},{"not_picked":["Sword Boomerang","Evolve"],"picked":"Whirlwind","floor":7},{"not_picked":["Entrench","Perfected Strike","Clash"],"picked":"SKIP","floor":8},{"not_picked":["Shrug It Off","Dropkick"],"picked":"Juggernaut","floor":11},{"not_picked":["Clothesline","Havoc"],"picked":"Thunderclap","floor":12}],"player_experience":321791,"relics_obtained":[{"floor":9,"key":"Nunchaku"},{"floor":10,"key":"Mummified Hand"},{"floor":11,"key":"Self Forming Clay"}],"event_choices":[{"damage_healed":0,"gold_gain":0,"cards_transformed":["Defend_R"],"player_choice":"Change","damage_taken":0,"max_hp_gain":0,"max_hp_loss":0,"event_name":"Living Wall","floor":3,"gold_loss":0,"cards_obtained":["Battle Trance"]},{"cards_removed":["Strike_R"],"damage_healed":0,"gold_gain":0,"player_choice":"Card Removal","damage_taken":7,"max_hp_gain":0,"max_hp_loss":0,"event_name":"Golden Wing","floor":4,"gold_loss":0}],"is_beta":false,"boss_relics":[],"items_purged_floors":[5],"is_endless":false,"potions_floor_spawned":[1,7,8,12],"killed_by":"Gremlin Nob","ascension_level":2}}