{"host":"1c17lcvl7acx821p","time":1611575250,"event":{"mods":["AchievementEnabler","BaseMod","Colored Map","Minty Spire (QoL Compilation)","Quick Restart","Relic Sorter","StSLib"],"gold_per_floor":[116,132,132,149,149,160,179,179,255,255,255,255],"floor_reached":11,"language":"ENG","playtime":119,"items_purged":[],"score":104,"play_id":"8ebe10de-2c1f-42f5-9c93-e8fa97e327d2","local_time":"20210125134730","is_ascension_mode":true,"campfire_choices":[],"circlet_count":0,"master_deck":["AscendersBane","Strike_R","Strike_R","Strike_R","Strike_R","Strike_R","Defend_R","Defend_R","Defend_R","Defend_R","Bash","Cleave","Iron Wave","Pommel Strike","Feel No Pain"],"relics":["Burning Blood","NeowsBlessing","Question Card"],"acts_visited":["Exordium"],"potions_floor_usage":[],"damage_taken":[{"damage":0.0,"enemies":"Cultist","floor":1.0,"turns":1.0},{"damage":0.0,"enemies":"Jaw Worm","floor":2.0,"turns":1.0},{"damage":0.0,"enemies":"2 Louse","floor":4.0,"turns":1.0},{"damage":22.0,"enemies":"Looter","floor":6.0,"turns":3.0},{"damage":13.0,"enemies":"Red Slaver","floor":7.0,"turns":4.0},{"damage":0,"enemies":"Gremlin Nob","floor":11,"turns":1}],"seed_played":"3439875617480492142","potions_obtained":[{"floor":1.0,"key":"SpeedPotion"},{"floor":2.0,"key":"EntropicBrew"}],"is_trial":false,"path_per_floor":["M","M","?","M","$","M","M","$","T","$","E"],"character_chosen":"IRONCLAD","items_purchased":[],"campfire_rested":0,"item_purchase_floors":[],"current_hp_per_floor":[78,80,80,80,80,64,57,57,57,57,57,57],"gold":255,"neow_bonus":"THREE_ENEMY_KILL","is_daily":false,"chose_seed":false,"campfire_upgraded":0,"win_rate":0.0,"timestamp":1611575250,"path_taken":["M","M","?","M","$","M","M","$","T","?","E"],"items_purchased_type":[],"build_version":"2020-12-22","purchased_purges":0,"victory":false,"max_hp_per_floor":[80,80,80,80,80,80,80,80,80,80,80,80],"card_choices":[{"not_picked":["Bloodletting","Headbutt","Entrench"],"picked":"SKIP","floor":1.0},{"not_picked":["Dual Wield","Feel No Pain"],"picked":"Cleave","floor":2.0},{"not_picked":["Havoc","Feel No Pain"],"picked":"Iron Wave","floor":4.0},{"not_picked":["Sever Soul","Shrug It Off"],"picked":"Pommel Strike","floor":6.0},{"not_picked":["Double Tap","Flex"],"picked":"Feel No Pain","floor":7.0}],"player_experience":200947,"relics_obtained":[{"floor":9,"key":"Question Card"}],"event_choices":[{"damage_healed":0.0,"max_hp_gain":0.0,"max_hp_loss":0.0,"gold_gain":0.0,"event_name":"Wheel of Change","player_choice":"Full Heal","floor":3.0,"gold_loss":0.0,"damage_taken":0.0}],"is_beta":false,"boss_relics":[],"items_purged_floors":[],"is_endless":false,"potions_floor_spawned":[1,2],"killed_by":"Gremlin Nob","ascension_level":12}}