{"host":"swphzoo6hmc78epl","time":1611546287,"event":{"mods":["BaseMod","Highlight Path","Minty Spire (QoL Compilation)","Quick Restart"],"gold_per_floor":[164,183,200,215,231,231,245,263,263,274,292,292,302,312,312,417,417,431,346,346,358,377,377,405,405,405,432,447,447,447,447],"floor_reached":30,"language":"ENG","playtime":1620,"items_purged":[],"score":324,"play_id":"f581fbb6-ad72-4191-9827-2325e141f3d6","local_time":"20210124224447","is_ascension_mode":true,"campfire_choices":[{"data":"Poisoned Stab","floor":6,"key":"SMITH"},{"data":"Eviscerate","floor":15,"key":"SMITH"},{"data":"Calculated Gamble","floor":23,"key":"SMITH"},{"data":"Poisoned Stab","floor":25,"key":"SMITH"}],"circlet_count":0,"master_deck":["Strike_G","Strike_G","Strike_G+1","Strike_G","Defend_G","Defend_G","Defend_G","Defend_G","Defend_G","Survivor","Neutralize","Bane","Cloak And Dagger","Flying Knee","Quick Slash","Eviscerate+1","Poisoned Stab+1","Poisoned Stab+1","All Out Attack","Acrobatics","Calculated Gamble+1","Sucker Punch","Tools of the Trade+1","Dash+1","Dagger Spray+1","Decay"],"relics":["Tiny House","Eternal Feather","HoveringKite","Vajra","Ornamental Fan","Mummified Hand","Juzu Bracelet"],"acts_visited":["TheCity"],"potions_floor_usage":[4,5,11,16,16,22,24,27],"damage_taken":[{"damage":4,"enemies":"Jaw Worm","floor":1,"turns":4},{"damage":0,"enemies":"2 Louse","floor":2,"turns":3},{"damage":0,"enemies":"Cultist","floor":3,"turns":3},{"damage":2,"enemies":"3 Louse","floor":4,"turns":3},{"damage":0,"enemies":"Exordium Wildlife","floor":5,"turns":3},{"damage":9,"enemies":"Gremlin Gang","floor":7,"turns":5},{"damage":3,"enemies":"Blue Slaver","floor":8,"turns":3},{"damage":10,"enemies":"Lots of Slimes","floor":10,"turns":4},{"damage":0,"enemies":"2 Fungi Beasts","floor":11,"turns":3},{"damage":26,"enemies":"Exordium Thugs","floor":13,"turns":3},{"damage":3,"enemies":"Looter","floor":14,"turns":3},{"damage":19,"enemies":"Slime Boss","floor":16,"turns":9},{"damage":3,"enemies":"3 Byrds","floor":18,"turns":5},{"damage":0,"enemies":"Spheric Guardian","floor":21,"turns":3},{"damage":2,"enemies":"Chosen and Byrds","floor":22,"turns":4},{"damage":29,"enemies":"Gremlin Leader","floor":24,"turns":7},{"damage":18,"enemies":"Slavers","floor":27,"turns":4},{"damage":4,"enemies":"Cultist and Chosen","floor":28,"turns":7},{"damage":44,"enemies":"Gremlin Leader","floor":30,"turns":6}],"seed_played":"-2910955845428172490","potions_obtained":[{"floor":0,"key":"Swift Potion"},{"floor":2,"key":"SpeedPotion"},{"floor":3,"key":"CunningPotion"},{"floor":10,"key":"Fruit Juice"},{"floor":13,"key":"DistilledChaos"},{"floor":16,"key":"LiquidMemories"},{"floor":22,"key":"LiquidBronze"},{"floor":24,"key":"SteroidPotion"}],"is_trial":false,"path_per_floor":["M","M","M","M","M","R","M","M","T","M","M","?","M","M","R","B",null,"M","?","?","M","M","R","E","R","T","E","M","?","E"],"character_chosen":"THE_SILENT","items_purchased":[],"campfire_rested":0,"item_purchase_floors":[],"current_hp_per_floor":[71,71,71,69,69,69,60,57,57,47,52,52,26,23,35,16,80,77,77,77,77,75,80,51,66,66,48,44,44,0,0],"gold":447,"neow_bonus":"BOSS_RELIC","is_daily":false,"chose_seed":false,"campfire_upgraded":4,"win_rate":0.0,"timestamp":1611546287,"path_taken":["M","M","M","M","M","R","M","M","T","M","M","?","M","M","R","BOSS","M","?","?","?","M","R","E","R","T","E","M","?","E"],"items_purchased_type":[],"build_version":"2020-12-22","purchased_purges":0,"victory":false,"max_hp_per_floor":[75,75,75,75,75,75,75,75,75,75,80,80,80,80,80,80,80,80,80,80,80,80,80,80,80,80,80,80,80,80,80],"card_choices":[{"not_picked":["Sucker Punch","Masterful Stab"],"picked":"Bane","floor":0},{"not_picked":["Deflect","Acrobatics"],"picked":"Cloak And Dagger","floor":1},{"not_picked":["Backflip","Concentrate"],"picked":"Flying Knee","floor":2},{"not_picked":["Slice","Flechettes"],"picked":"Quick Slash","floor":3},{"not_picked":["Dodge and Roll","Deflect"],"picked":"Eviscerate","floor":4},{"not_picked":["Reflex","Blade Dance"],"picked":"Poisoned Stab","floor":5},{"not_picked":["Endless Agony","Setup"],"picked":"Poisoned Stab","floor":7},{"not_picked":["Escape Plan","PiercingWail"],"picked":"All Out Attack","floor":8},{"not_picked":["Predator","Poisoned Stab","Endless Agony"],"picked":"SKIP","floor":10},{"not_picked":["Quick Slash","Endless Agony"],"picked":"Acrobatics","floor":11},{"not_picked":["Deadly Poison","Blade Dance"],"picked":"Calculated Gamble","floor":13},{"not_picked":["Phantasmal Killer","Heel Hook"],"picked":"Sucker Punch","floor":14},{"not_picked":["Wraith Form v2","Die Die Die"],"picked":"Tools of the Trade","floor":16},{"not_picked":["Slice","Outmaneuver"],"picked":"Dash+1","floor":18},{"not_picked":["Slice+1","Setup"],"picked":"Dagger Spray+1","floor":21},{"not_picked":["Choke","Deadly Poison","Masterful Stab"],"picked":"SKIP","floor":22},{"not_picked":["Bane","All Out Attack+1","Eviscerate"],"picked":"SKIP","floor":24},{"not_picked":["Slice","Cloak And Dagger","Dagger Spray"],"picked":"SKIP","floor":27},{"not_picked":["Eviscerate","Setup","Heel Hook"],"picked":"SKIP","floor":28}],"player_experience":842612,"relics_obtained":[{"floor":9,"key":"Eternal Feather"},{"floor":24,"key":"Ornamental Fan"},{"floor":26,"key":"Mummified Hand"},{"floor":27,"key":"Juzu Bracelet"}],"event_choices":[{"cards_removed":["Strike_G"],"damage_healed":0,"gold_gain":0,"player_choice":"Forget","damage_taken":0,"max_hp_gain":0,"max_hp_loss":0,"event_name":"Living Wall","floor":12,"gold_loss":0},{"damage_healed":0,"gold_gain":0,"player_choice":"Obtained Relic","damage_taken":0,"relics_obtained":["Vajra"],"max_hp_gain":0,"max_hp_loss":0,"event_name":"Addict","floor":19,"gold_loss":85},{"damage_healed":0,"gold_gain":0,"player_choice":"Upgraded","damage_taken":0,"max_hp_gain":0,"max_hp_loss":0,"event_name":"Upgrade Shrine","floor":20,"gold_loss":0,"cards_upgraded":["Tools of the Trade"]},{"damage_healed":0,"gold_gain":0,"player_choice":"Smashed Altar","damage_taken":0,"max_hp_gain":0,"max_hp_loss":0,"event_name":"Forgotten Altar","floor":29,"gold_loss":0,"cards_obtained":["Decay"]}],"is_beta":false,"boss_relics":[{"not_picked":["Sozu","Fusion Hammer"],"picked":"HoveringKite"}],"items_purged_floors":[],"is_endless":false,"potions_floor_spawned":[2,3,10,13,16,22,24],"killed_by":"Gremlin Leader","ascension_level":4}}