{"host":"bpkhhmvsfrvlto2l","time":1611593236,"event":{"mods":["2.2 Compatiblity","AchievementEnabler","Act Like it!","AlwaysNeverKeys","Aspiration","BaseMod","Better Silent Start","Challenge The Spire","Colored Map","Colored Powertips","Custom Start","Energized Spire","Friendly Minions","GifTheSpireLib","Halation","Hubris","Infinite Spire","Ironclad Rager","Mimic Mod","Minty Spire (QoL Compilation)","Permanent Neow","Quick Restart","Random Character Button","Relic Sorter","Replay The Spire","Spikes Relics","StSLib","Stuff the Spire","Swap Starting Deck Mod","Trackpad"],"gold_per_floor":[114,46,46,100,100,131,131,150,173,192,192,192],"floor_reached":11,"language":"ENG","playtime":218,"items_purged":[],"score":157,"play_id":"899d4959-e078-46a9-a028-0c29da8386ee","local_time":"20210125114716","is_ascension_mode":true,"campfire_choices":[],"circlet_count":0,"master_deck":["AscendersBane","Ball Lightning","Ball Lightning","Ball Lightning","Ball Lightning","Thunder Strike+1","Stack","Stack","Stack","Stack","Zap","Static Discharge","StuffTheSpire:Ambrosia"],"relics":["Cracked Core","Bottled Flame","trackpad:WritersBlock"],"acts_visited":["Exordium"],"potions_floor_usage":[],"damage_taken":[{"damage":12,"enemies":"Jaw Worm","floor":1,"turns":2},{"damage":22,"enemies":"Gremlin Nob","floor":6,"turns":4},{"damage":6,"enemies":"Small Slimes","floor":8,"turns":2},{"damage":5,"enemies":"2 Louse","floor":10,"turns":2},{"damage":5,"enemies":"3 Sentries","floor":11,"turns":3}],"seed_played":"6271753559226234164","potions_obtained":[{"floor":6,"key":"FearPotion"},{"floor":10,"key":"Swift Potion"}],"is_trial":false,"path_per_floor":["M","$","?","T","?","E","?","M","T","M","E"],"character_chosen":"DEFECT","items_purchased":["Static Discharge"],"campfire_rested":0,"item_purchase_floors":[2],"current_hp_per_floor":[45,45,42,42,42,21,21,16,16,12,8,8],"gold":192,"neow_bonus":"","is_daily":false,"chose_seed":false,"campfire_upgraded":0,"win_rate":0.0,"timestamp":1611593236,"path_taken":["M","$","?","?","?","E","?","M","T","?","E"],"items_purchased_type":["Card"],"build_version":"2020-12-22","purchased_purges":0,"victory":false,"max_hp_per_floor":[57,57,57,57,57,58,58,59,59,60,61,61],"card_choices":[{"not_picked":["Go for the Eyes","Coolheaded","StuffTheSpire:LoadUp"],"picked":"SKIP","floor":1},{"not_picked":["StuffTheSpire:Rapture","StuffTheSpire:Harmony"],"picked":"StuffTheSpire:Ambrosia","floor":5},{"not_picked":["Coolheaded","StuffTheSpire:LoadUp","Meteor Strike"],"picked":"SKIP","floor":6},{"not_picked":["Chill","ReplayTheSpireMod:Calculation Training","ReplayTheSpireMod:Reroute Power"],"picked":"SKIP","floor":8},{"not_picked":["Consume","Stack","StuffTheSpire:GlassShard"],"picked":"SKIP","floor":10}],"player_experience":110581,"relics_obtained":[{"floor":4,"key":"SpikesRelics:DaevaFist"},{"floor":6,"key":"Bottled Flame"},{"floor":9,"key":"trackpad:WritersBlock"}],"event_choices":[{"damage_healed":0,"gold_gain":0,"player_choice":"Fled","damage_taken":3,"max_hp_gain":0,"max_hp_loss":0,"event_name":"Scrap Ooze","floor":3,"gold_loss":0}],"is_beta":false,"boss_relics":[],"items_purged_floors":[],"is_endless":false,"potions_floor_spawned":[6,10],"killed_by":"3 Sentries","ascension_level":10}}