{"host":"w5vfr18i2ft1pzo2","time":1611577274,"event":{"mods":["AchievementEnabler","Act Like it!","Aspiration","BaseMod","Better Debug","Better Third Choice","BetterRewards","Colored Map","Colored Powertips","Conspire","Curses Come First","DNKmod","Defuse TimeMaze Blight","Dota2Spire","Elementarium","Energized Spire","Evolution","Force Act Four","Fox Events","Friendly Minions","Gensokyo","GifTheSpireLib","Gold Saver","Halation","Hallownest","Hubris","Hyrulean Relics","Infinite Spire","Jedi Mod","Marisa????????","Minty Spire (QoL Compilation)","MostiFishMod","Poor People Problems","Prisma Mod","Reimu??????","Relic Filter Mod","Reliquary","Remilia??????","Replay The Spire","RumiaBox-????????","SacredBarkPlus","Shop Mod","Small Relic Pack","Spicy Shops","Spikes Relics","Spire Arcade","StS++","StSLib","Stuff the Spire","SuperFastMode","Synergy Search","The Animator","The Blue Laboratory","The Servant 0.9.4","Trackpad","Treasure Hunter","Uncapped","Wandering Minibosses","Yakumo Yukari mod","noobMod","??????REMEMod"],"gold_per_floor":[7303,7353,6134,6184,6605,7100,7100,7634,7708,8223,8779,9403,9453,10102,10102,10831,10831,11552,11602,11602,11652,12428,12428,13275,14154,14154,14204,15161,15161,15161,14961,14881,15921,15921,16971,15947,16995,18654,18731,19982,19982,20032,20058,21381,22803,22803,24358,24408,24408,24408,24408,24408,24408,23046,24662,25087],"floor_reached":57,"language":"ENG","playtime":2210,"items_purged":["hubris:Gluttony","Evaluate","EmptyBody"],"score":4101,"play_id":"23051655-1b78-49c7-9c3a-d5441a53a512","local_time":"20210125202114","is_ascension_mode":true,"campfire_choices":[{"floor":7,"key":"RECALL"},{"data":"relicPack:TruthCard","floor":15,"key":"SMITH"},{"data":"AscendersBane","floor":23,"key":"SMITH"},{"data":"StSpp:MindBarrier","floor":29,"key":"SMITH"},{"data":"Hallownest:skillCityofTearsMap","floor":41,"key":"SMITH"},{"data":"jedi:bloodyhammer","floor":49,"key":"SMITH"},{"data":"infinitespire:SevenWalls","floor":53,"key":"SMITH"}],"circlet_count":0,"master_deck":["EmptyFist","ThirdEye","Eruption","Vigilance+1","CutThroughFate","FlyingSleeves+1","BowlingBash","StuffTheSpire:FreeRealEstate","Judgement","Adaptation","CrushJoints","MostiFishMod:ScryFuture","MostiFishMod:SparklingWater","MostiFishMod:NightSea","Swivel+1","Adaptation","StSpp:MindBarrier+1","Master of Strategy","Replay:Cycle","Replay:BluntJabs+1","LikeWater","InnerPeace","StSpp:Purify","StSpp:VitalPoint","Replay:Hum","TH:CursedSword","StSpp:LatentStrike","TH:BikiniMail","WreathOfFlame","MostiFishMod:LegendTransform","TH:BikiniMail","LikeWater","TH:BikiniMail","Vault","Hallownest:pwrSporeShroom","MostiFishMod:Nomercy","Replay:Cycle","TH:DeckOfManyThings","infinitespire:SevenWalls+1","Wireheading+1","infinitespire:NeuralNetwork","Hallownest:skillCityofTearsMap+1","jedi:bloodyhammer+1","TH:TreasureMap","LikeWater","True Grit+1","conspire:HitWhereItHurts","WheelKick","Burning Pact","TH:CopperCoins+1","ReplayTheSpireMod:Limb From Limb","jedi:BattleThirst","TH:DeckOfManyThings","TH:EnergyPotion","Replay:Vibes","StSpp:Succumb","StuffTheSpire:Python","Finisher","Underhanded Strike","MostiFishMod:JungleRules","Finesse","Evolve","TH:CopperCoins","Infernal Blade"],"relics":["PureWater","EVO:Axolotl","DaveBox","ice","REME_ComplimentaryCards","hubris:DeckOfHolding","halation:KoshaPiece","trackpad:ToughGloves","reliquary:TuningFork","Hallownest:BeastSealRelic","relicPack:OneForAll","ExusiaiGun","infinitespire:EvilPickle","StuffTheSpire:Mouthbags","RollingBoulder","MerchantsRug","aspiration:TomeofQuesting","Hallownest:StagEggRelic","hubris:TenFootPole","EasyGame_NEW","hubris:ToyBattleship","SsserpentHead","Dota2Spire:LotusOrb","trackpad:BottledTsunami","infinitespire:Lychee Nut","StSpp:GiftCard","wanderingMiniBosses:AbyssPearl","CatCart","OriginationStaff","Replay:Wanted Poster","SproutingBranch","CrazyTorch:ReiMu","Enchiridion","MoonlightInvasionPlan","Eternal Feather","aspiration:ArtOfWarUpgrade","Gensokyo:DemonMask","Elementarium:FlickeringLantern","White Beast Statue","GodSword1","trackpad:Mousetrap","Bag of Preparation","zeldaRelics:CourageTriforce","halation:OrihimeAndHikoboshiSamaAndTears","Iron Hammer","ScarletDevilRocket","Dota2Spire:ArmletOfMordiggian","Replay:Bottled Flurry","SynthV:TestCard","relicPack:DSword","PlanX","halation:PrussianBluePaint","ReplayFunnel","Orrery","jedi:purplefairy","Hallownest:DreamNailRelic","Smiling Mask","Hallownest:SalubrasBlessingRelic","StSpp:SailorCap","Pandora\u0027s Box","halation:EternalFortune","ShockBauble","Replay:Bottled Steam","aspiration:IroncladSkillbook","Dota2Spire:BladeMail","Hallownest:UnbreakableCardRelic","Replay:Drink Me","ExplosiveVial","Replay:WaspNest","StuffTheSpire:PointBlank","reliquary:RoseTintedGlasses","wanderingMiniBosses:LockLocket","halation:PromiseList","Shuriken","animator:AlchemistGlove","SpikesRelics:DaevaFist","Replay:Wax Seal","Replay:Bandana","reliquary:ExpiredCoupon","Dota2Spire:PowerTreads","SpikesRelics:ToyHorsey","reliquary:BrokenClock","reliquary:JackalopeAntler"],"acts_visited":["Hallownest:Greenpath","Hallownest:CityofTears","Hallownest:KingdomsEdge","TheEnding"],"potions_floor_usage":[1,6,28],"damage_taken":[{"damage":0,"enemies":"Hallownest:monsterHuskWarrior","floor":1,"turns":1},{"damage":1,"enemies":"Hallownest:2_Tiktiks_and_1_Crawlid","floor":5,"turns":1},{"damage":0,"enemies":"Hallownest:eliteVengeflyKing","floor":6,"turns":1},{"damage":0,"enemies":"Hallownest:2_MossCreeps","floor":8,"turns":1},{"damage":0,"enemies":"Hallownest:2_Tiktiks_1_Baldur_1_Crawlid","floor":10,"turns":1},{"damage":0,"enemies":"Hallownest:Guard_and_Warrior","floor":11,"turns":2},{"damage":0,"enemies":"Hallownest:monsterAspidMother","floor":12,"turns":2},{"damage":0,"enemies":"Hallownest:eliteMossKnight","floor":14,"turns":1},{"damage":0,"enemies":"Hallownest:BossHornet","floor":16,"turns":2},{"damage":5,"enemies":"Hallownest:Guard_and_Sentry","floor":18,"turns":1},{"damage":0,"enemies":"Hallownest:2_Mistakes","floor":22,"turns":1},{"damage":0,"enemies":"Hallownest:Glutton_and_Coward","floor":24,"turns":1},{"damage":0,"enemies":"Hallownest:Master_and_Novice","floor":25,"turns":1},{"damage":0,"enemies":"Hallownest:eliteSoulWarrior","floor":28,"turns":1},{"damage":0,"enemies":"Hallownest:BossSoulMaster","floor":33,"turns":1},{"damage":0,"enemies":"Hallownest:2_Littles","floor":35,"turns":3},{"damage":0,"enemies":"Hallownest:3_Siblings","floor":37,"turns":2},{"damage":0,"enemies":"Hallownest:2_Wandering_and_1_Horned","floor":38,"turns":5},{"damage":0,"enemies":"conspire:MimicChest","floor":39,"turns":2},{"damage":1,"enemies":"Hallownest:StalkingDevout","floor":40,"turns":2},{"damage":8,"enemies":"Hallownest:monsterPrimalAspid","floor":44,"turns":1},{"damage":8,"enemies":"Hallownest:eliteHiveKnight","floor":45,"turns":1},{"damage":0,"enemies":"Hallownest:2_Soldiers_and_1_Guardian","floor":47,"turns":1},{"damage":0,"enemies":"Hallownest:BossGreyPrinceZote","floor":50,"turns":1},{"damage":0,"enemies":"Hallownest:BossHollowKnight","floor":51,"turns":1},{"damage":0,"enemies":"Shield and Spear","floor":55,"turns":1},{"damage":47,"enemies":"The Heart","floor":56,"turns":5}],"seed_played":"-5674804559740106905","potions_obtained":[{"floor":1,"key":"REME_GoldPotion"},{"floor":5,"key":"blueLaboratory:MidnightOil"},{"floor":8,"key":"GamblersBrew"},{"floor":11,"key":"jedi:StrikingPotion"},{"floor":33,"key":"AttackPotion"}],"is_trial":false,"path_per_floor":["M","?","$","?","M","E","R","M","T","M","M","M","?","E","R","B",null,"M","?","HB","?","?","T","?","?","T","?","E","T","AVR","?","R_BF","B",null,"?","T","M","M","?","E","R","?","T","M","E","HB","M","?","R","B","B",null,"R","$","E","B",null],"character_chosen":"WATCHER","items_purchased":["StuffTheSpire:FreeRealEstate","Replay:Cycle","hubris:DeckOfHolding","halation:KoshaPiece","trackpad:ToughGloves","reliquary:TuningFork","MerchantsRug","REME_FirmDetermination","Swivel","Adaptation","Iron Hammer","ScarletDevilRocket","Dota2Spire:ArmletOfMordiggian","Replay:Bottled Flurry","REME_GoldPotion","StSpp:MindBarrier","Master of Strategy","PlanX","halation:PrussianBluePaint","ReplayFunnel","Orrery","jedi:purplefairy","ExplosiveVial","Replay:WaspNest","StuffTheSpire:PointBlank","reliquary:RoseTintedGlasses","LikeWater","True Grit+1","Replay:Bandana","reliquary:ExpiredCoupon","Dota2Spire:PowerTreads","SpikesRelics:ToyHorsey","reliquary:BrokenClock","MostiFishMod:JungleRules","Finesse","Evolve"],"campfire_rested":0,"item_purchase_floors":[0,0,0,0,0,0,0,0,0,0,0,0,0,0,0,0,0,3,3,3,3,3,36,36,36,36,36,36,54,54,54,54,54,54,54,54],"current_hp_per_floor":[94,77,77,77,84,84,102,102,102,102,102,102,102,102,107,107,107,102,105,105,105,105,110,110,110,110,97,97,110,110,110,110,110,83,83,83,83,83,83,83,83,83,83,79,78,43,43,43,43,43,43,43,43,43,43,18],"gold":25087,"neow_bonus":"","is_daily":false,"chose_seed":false,"campfire_upgraded":6,"win_rate":0.0,"timestamp":1611577274,"path_taken":["M","?","?","?","M","E","R","?","T","M","M","?","?","E","R","BOSS","M","?","HB","?","?","T","?","?","T","?","E","T","AVR","?","R_BF","BOSS","?","T","M","M","?","E","R","?","T","M","E","HB","?","?","R","BOSS","BOSS","R","$","E","BOSS"],"items_purchased_type":["Card","Card","Relic","Relic","Relic","Relic","Relic","Card","Card","Card","Relic","Relic","Relic","Relic","Potion","Card","Card","Relic","Relic","Relic","Relic","Relic","Relic","Relic","Relic","Relic","Card","Card","Relic","Relic","Relic","Relic","Relic","Card","Card","Card"],"build_version":"2020-12-22","purchased_purges":3,"victory":true,"max_hp_per_floor":[102,102,102,102,102,102,102,102,102,102,102,102,102,102,107,107,107,107,110,110,110,110,110,110,110,110,110,110,110,110,110,110,110,83,83,83,83,83,83,83,83,83,83,83,86,43,43,43,43,43,43,43,43,43,43,43],"card_choices":[{"not_picked":["EmptyFist","Replay:AtTheReady","Meditate"],"picked":"SKIP","floor":1},{"not_picked":["Consecrate","FollowUp","StSpp:Renounce","Collect"],"picked":"Replay:Cycle","floor":3},{"not_picked":["ClearTheMind","CrushJoints","Meditate","Evaluate"],"picked":"Replay:BluntJabs","floor":3},{"not_picked":["PathToVictory","MostiFishMod:CyberBuddha","REME_Repentance","SashWhip"],"picked":"LikeWater","floor":3},{"not_picked":["SashWhip","Consecrate","Protect","PathToVictory"],"picked":"InnerPeace","floor":3},{"not_picked":["FlyingSleeves","Replay:Battleflow","SignatureMove","Replay:Hum"],"picked":"StSpp:Purify","floor":3},{"not_picked":["Crescendo","StSpp:Renounce","PathToVictory","ForeignInfluence"],"picked":"StSpp:VitalPoint","floor":5},{"not_picked":["Replay:AtTheReady","FollowUp","Replay:ManipulateFuture","Replay:DivineShield"],"picked":"Replay:Hum","floor":6},{"not_picked":["TH:ElvenBoots","TH:Mimic","TH:ArmorSpikes"],"picked":"TH:CursedSword","floor":6},{"not_picked":["Prostrate","CrushJoints","Indignation","Replay:Cycle"],"picked":"StSpp:LatentStrike","floor":8},{"not_picked":["TH:ArmorSpikes","TH:DeckOfManyThings","TH:EnergyPotion"],"picked":"TH:BikiniMail","floor":9},{"not_picked":["Worship","ForeignInfluence","StSpp:Renounce","PathToVictory"],"picked":"WreathOfFlame","floor":10},{"not_picked":["WindmillStrike","WaveOfTheHand","Evaluate","Protect"],"picked":"MostiFishMod:LegendTransform","floor":11},{"not_picked":["Replay:Battleflow","PathToVictory","DeceiveReality","REME_EmptyShield","Crescendo"],"picked":"SKIP","floor":12},{"not_picked":["TH:CopperCoins","TH:CursedSword","TH:EnergyPotion"],"picked":"TH:BikiniMail","floor":14},{"not_picked":["ForeignInfluence","Vengeance","MostiFishMod:Clarity","Protect"],"picked":"LikeWater","floor":14},{"not_picked":["TH:PixieDust","TH:DeckOfManyThings","TH:TreasureMap"],"picked":"TH:BikiniMail","floor":16},{"not_picked":["MostiFishMod:Unraveling","REME_EmptyShield","MostiFishMod:DisColor","MostiFishMod:StarWish"],"picked":"Vault","floor":16},{"not_picked":["DeceiveReality","Vengeance","Crescendo","Replay:BluntJabs","SashWhip"],"picked":"SKIP","floor":18},{"not_picked":["Perseverance","Indignation","EmptyFist","Replay:ManipulateFuture"],"picked":"MostiFishMod:Nomercy","floor":22},{"not_picked":["JustLucky+1","CutThroughFate","StSpp:TimeDodge","FollowUp"],"picked":"Replay:Cycle","floor":24},{"not_picked":["Replay:DivineShield","Replay:AtTheReady","REME_MusicOfDeath+1","Evaluate"],"picked":"Replay:Hum+1","floor":25},{"not_picked":["TH:EnergyPotion","TH:CopperCoins","TH:Mimic"],"picked":"TH:DeckOfManyThings","floor":26},{"not_picked":["infinitespire:DeathsTouch","infinitespire:Starlight"],"picked":"infinitespire:SevenWalls","floor":27},{"not_picked":["Replay:AtTheReady","Prostrate","FlurryOfBlows+1","MostiFishMod:Dust"],"picked":"Wireheading+1","floor":28},{"not_picked":["TH:EnergyPotion","TH:Mimic","TH:CursedSword","TH:ArmorSpikes"],"picked":"SKIP","floor":28},{"not_picked":["REME_ACTH","MostiFishMod:FlyOverUtopia","jedi:nirvanicrebirth","Brilliance","MostiFishMod:Moonprays"],"picked":"jedi:bloodyhammer","floor":33},{"not_picked":["TH:EnergyPotion","TH:Mimic","TH:BikiniMail","TH:ElvenBoots"],"picked":"TH:TreasureMap","floor":33},{"not_picked":["Combust","Wild Strike","jedi:fear","Intimidate","Run Through","StSpp:Vengeance"],"picked":"SKIP","floor":35},{"not_picked":["Rampage","Flex","Conclude","StSpp:Renounce","Replay:ManipulateFuture"],"picked":"conspire:HitWhereItHurts","floor":37},{"not_picked":["Pommel Strike","MostiFishMod:BrandingRite+1","Swivel","ReachHeaven","Searing Blow"],"picked":"WheelKick","floor":38},{"not_picked":["PathToVictory","Crescendo","ReplayTheSpireMod:Muscle Training","Wild Strike","Sword Boomerang+1"],"picked":"Burning Pact","floor":39},{"not_picked":["TH:TreasureMap","TH:Mimic","TH:EnergyPotion","TH:ElvenBoots"],"picked":"TH:CopperCoins","floor":40},{"not_picked":["ForeignInfluence","StuffTheSpire:RockThrow+1","StSpp:Purify+1","EmptyFist","Replay:Undeath\u0027s Touch"],"picked":"ReplayTheSpireMod:Limb From Limb","floor":40},{"not_picked":["TH:CopperCoins","TH:CursedSword","TH:ArmorSpikes","TH:TreasureMap"],"picked":"TH:DeckOfManyThings","floor":43},{"not_picked":["True Grit","Feed","Sword Boomerang","ClearTheMind","Replay:Cycle","jedi:MakeshiftSword"],"picked":"SKIP","floor":44},{"not_picked":["TH:ArmorSpikes","TH:Mimic","TH:TreasureMap","TH:ElvenBoots"],"picked":"TH:EnergyPotion","floor":45},{"not_picked":["ReachHeaven+1","Replay:Undeath\u0027s Touch","StuffTheSpire:Pyroclast","SandsOfTime+1","Heavy Blade"],"picked":"Replay:Vibes","floor":45},{"not_picked":["CrushJoints","PathToVictory+1","Impervious","TalkToTheHand","infinitespire:OneForAll"],"picked":"StSpp:Succumb","floor":47},{"not_picked":["TH:EnergyPotion","TH:CursedSword","TH:Mimic","TH:ElvenBoots"],"picked":"TH:CopperCoins","floor":55},{"not_picked":["EmptyMind","Ghostly Armor","EmptyBody","Shockwave","Clothesline"],"picked":"Infernal Blade","floor":55}],"player_experience":488562,"relics_obtained":[{"floor":1,"key":"SynthV:TestCard"},{"floor":6,"key":"Smiling Mask"},{"floor":14,"key":"StSpp:SailorCap"},{"floor":26,"key":"ShockBauble"},{"floor":28,"key":"Replay:Bottled Steam"},{"floor":38,"key":"wanderingMiniBosses:LockLocket"},{"floor":39,"key":"halation:PromiseList"},{"floor":40,"key":"Shuriken"},{"floor":43,"key":"SpikesRelics:DaevaFist"},{"floor":45,"key":"halation:EternalFortune"},{"floor":45,"key":"Replay:Wax Seal"},{"floor":55,"key":"reliquary:JackalopeAntler"}],"event_choices":[],"is_beta":false,"boss_relics":[{"not_picked":["Sozu","energizedSpire:StickyHand"],"picked":"Pandora\u0027s Box"},{"not_picked":["relicPack:KazumaCape","GuanYuAspect"],"picked":"Replay:Drink Me"}],"items_purged_floors":[0,3,30],"is_endless":false,"potions_floor_spawned":[1,5,6,8,10,11,12,14,16,18,22,24,25,28,33,35,37,38,39,40,44,45,47,55],"ascension_level":20}}