{"host":"mn5kbj4x7gv3jr0o","time":1611570919,"event":{"mods":["2.2 Compatiblity","A Magickal Journey","AchievementEnabler","Ascension Reborn","Ascension Unlocker","Aspiration","BaseMod","Bestiary","Better Altar","Better Note","Better Sensory Stone","Better Silent Start","Better Skull","Better Third Choice","Better Vampires","Better-Laid Plans","BetterRewards","Block Reminder","CCEM","Colored Powertips","Colorless Booster Pack","Conjunction","Conspire","Curses Come First","Dota2Spire","Downfall","Emptier Cage","Energized Spire","Fox Events","GifTheSpireLib","Halation","HololiveMod","Hubris","Infinite Spire","Ironclad Rager","Jess\u0027s Bottle","Keyboard Shortcuts","Minty Spire (QoL Compilation)","Mirrors Mod","Poem Panic","Potion Indicator Mod","Potionbrewer","Puzzle Mod","Quarter Circle Forward PUNCH!","Quick Restart","Random Character Button","RatMod","Relic Sorter","Retaliation","Reworked Bosses","SCP261 Mod","SacredBarkPlus","Shop Mod","Small Relic Pack","Spicy Shops","Spikes Relics","StS++","StSLib","Stuff the Spire","The Blue Laboratory","Thieving Mod","Trackpad","Uncapped","UnlockEverythingMod","Useless Jewels Mod","Virulent Crown"],"gold_per_floor":[114,114,128,146,166,200,213,213,213,19,19,19,38,38,38,38,38],"floor_reached":16,"language":"ENG","playtime":1353,"items_purged":[],"score":102,"play_id":"e3c753c6-b52b-4808-9d1a-9e034f895bd0","local_time":"20210125053519","is_ascension_mode":true,"campfire_choices":[{"floor":15,"key":"REST"}],"circlet_count":0,"master_deck":["Strike_P","Strike_P","Defend_P","Defend_P","Defend_P","Defend_P","Eruption+1","Vigilance","Weave","JustLucky","FollowUp","JustLucky","Worship","EmptyFist","Deep Breath"],"relics":["PureWater","aspiration:DSix","halation:TwoAmDonut","hubris:ToyBattleship","StuffTheSpire:ForceGauntlet","StuffTheSpire:Rhapsscallions","Dota2Spire:PhaseBoots"],"acts_visited":["Exordium"],"potions_floor_usage":[7],"damage_taken":[{"damage":7,"enemies":"Cultist","floor":1,"turns":3},{"damage":10,"enemies":"FloatingMirror","floor":3,"turns":3},{"damage":6,"enemies":"Jaw Worm","floor":4,"turns":4},{"damage":0,"enemies":"2 Fungi Beasts","floor":5,"turns":3},{"damage":19,"enemies":"3 Sentries","floor":6,"turns":9},{"damage":14,"enemies":"Exordium Thugs","floor":7,"turns":5},{"damage":10,"enemies":"3 Louse","floor":13,"turns":3},{"damage":29,"enemies":"Hexaghost","floor":16,"turns":10}],"seed_played":"-3930877423388082203","potions_obtained":[{"floor":5,"key":"potionbrewer:DiscountPotion"},{"floor":6,"key":"blueLaboratory:CorrosionFlask"}],"is_trial":false,"path_per_floor":["M","?","M","M","M","E","M","?","T","$","T","?","M","?","R","B"],"character_chosen":"WATCHER","items_purchased":["hubris:ToyBattleship","Deep Breath"],"campfire_rested":1,"item_purchase_floors":[10,10],"current_hp_per_floor":[65,65,55,49,49,30,16,16,16,16,16,17,7,7,29,0,0],"gold":38,"neow_bonus":"DSIX","is_daily":false,"chose_seed":false,"campfire_upgraded":0,"win_rate":0.0,"timestamp":1611570919,"path_taken":["M","?","?","M","M","E","M","?","T","$","?","?","M","?","R","BOSS"],"items_purchased_type":["Relic","Card"],"build_version":"2020-12-22","purchased_purges":0,"victory":false,"max_hp_per_floor":[72,72,72,72,72,72,72,72,72,72,72,76,76,76,76,76,76],"card_choices":[{"not_picked":["Conclude","SignatureMove"],"picked":"Weave","floor":1},{"not_picked":["StSpp:Renounce","FlyingSleeves"],"picked":"JustLucky","floor":3},{"not_picked":["StSpp:Renounce","WheelKick"],"picked":"FollowUp","floor":4},{"not_picked":["SashWhip","Alpha"],"picked":"JustLucky","floor":5},{"not_picked":["BattleHymn","StSpp:Faith"],"picked":"Worship","floor":6},{"not_picked":["Consecrate","ReachHeaven"],"picked":"EmptyFist","floor":7},{"not_picked":["Collect","PathToVictory","Halt"],"picked":"SKIP","floor":13}],"player_experience":151906,"relics_obtained":[{"floor":6,"key":"halation:TwoAmDonut"},{"floor":11,"key":"StuffTheSpire:ForceGauntlet"}],"event_choices":[{"damage_healed":0,"gold_gain":0,"player_choice":"Upgraded","damage_taken":0,"max_hp_gain":0,"max_hp_loss":0,"event_name":"Upgrade Shrine","floor":2,"gold_loss":0,"cards_upgraded":["Eruption"]},{"cards_removed":["Strike_P"],"damage_healed":0,"gold_gain":0,"player_choice":"Card Removal","damage_taken":0,"max_hp_gain":0,"max_hp_loss":0,"event_name":"Wheel of Change","floor":8,"gold_loss":0},{"damage_healed":0,"gold_gain":0,"player_choice":"Relic ","damage_taken":3,"max_hp_gain":0,"max_hp_loss":0,"event_name":"betterThird:BetterScrap","floor":12,"gold_loss":0,"cards_obtained":["Envenom"]},{"damage_healed":0,"gold_gain":0,"player_choice":"Gave Potion","damage_taken":0,"relics_obtained":["Dota2Spire:PhaseBoots"],"max_hp_gain":0,"max_hp_loss":0,"event_name":"WeMeetAgain","floor":14,"gold_loss":0}],"is_beta":false,"boss_relics":[],"items_purged_floors":[],"is_endless":false,"potions_floor_spawned":[5,6],"killed_by":"Hexaghost","ascension_level":0}}