{"host":"9ahx8fyo8ahtgkt3","time":1611589760,"event":{"mods":["BaseMod","Bestiary","Better Third Choice","BetterRewards","Colored Powertips","Conspire","Curses Come First","Downfall","Evolution","Hubris","Infinite Spire","Minty Spire (QoL Compilation)","Quick Restart","Replay The Spire","Shop Mod","Spicy Shops","StSLib","Synergy Search"],"gold_per_floor":[116,116,116,132,132,167,167,10,10,35,45,62,127,127,127,235,235,247,26,78,95,114,147,167,167,167,184,215,215,228,257,257,363,363,399,444,444,34,55,86,113,113,113],"floor_reached":42,"language":"DEU","playtime":9483,"items_purged":["hubris:Prefetch"],"score":888,"play_id":"20a98fad-f62e-401b-a5c1-78d606052cac","local_time":"20210125164920","is_ascension_mode":false,"campfire_choices":[{"data":"Magnetism","floor":7.0,"key":"SMITH"},{"data":"ReplayTheSpireMod:Book of Names","floor":25.0,"key":"SMITH"},{"floor":32.0,"key":"DIG"}],"circlet_count":0,"master_deck":["Strike_B","Strike_B","Strike_B+1","Defend_B","Defend_B","Defend_B","Defend_B+1","Zap","Dualcast","Magnetism+1","Compile Driver","Streamline","Multi-Cast","BasicCrystalCard+1","Capacitor","Coolheaded","Barrage","ReplayTheSpireMod:Private Reserves+1","FTL","Defragment","Cold Snap","Cold Snap+1","Conserve Battery","Conserve Battery","Hologram","ReplaySolidLightProjector","ReplayTheSpireMod:Book of Names+1","Seek","Beam Cell","Blizzard+1","Blizzard","Redo","Streamline+1","Cold Snap","ReplayRNGCard+1","Double Energy","Redo+1","hubris:Fate","Force Field+1","ReplaySolidLightProjector","Amplify+1","ReplayTheSpireMod:Dual Polarity+1","Coolheaded+1","Madness","Madness","Loop+1","ReplayTheSpireMod:Calculation Training+1","Cold Snap+1","Cold Snap+1","Consume","ReplayTheSpireMod:Black Plague","Skim+1","conspire:Rain+1","Sweeping Beam"],"relics":["Cracked Core","EVO:Axolotl","BargainBundle","infinitespire:Freezer","Carrot","Replay:Lucky Slots","Eternal Feather","infinitespire:Satchel","Replay:Bottled Flurry","Odd Mushroom","hubris:TenFootPole","hubris:KleinBottle","infinitespire:BottledMercury","Replay:Grab Bag","Philosopher\u0027s Stone","Painkiller Herb","hubris:Backtick","Golden Egg","Pantograph","hubris:RGBLights","Nunchaku","Lantern","InkBottle","hubris:MedicalManual","Simple Rune","Replay:Rubber Ducky","Black Star","infinitespire:EvilPickle","MerchantsRug","Replay:Mystery Machine","conspire:InfiniteJournal","Prayer Wheel"],"acts_visited":["Exordium","TheCity","TheBeyond"],"potions_floor_usage":[],"damage_taken":[{"damage":0.0,"enemies":"conspire:RoseBush","floor":1.0,"turns":3.0},{"damage":1.0,"enemies":"Jaw Worm","floor":4.0,"turns":2.0},{"damage":0.0,"enemies":"Gremlin Nob","floor":6.0,"turns":3.0},{"damage":5.0,"enemies":"The Mushroom Lair","floor":10.0,"turns":4.0},{"damage":0.0,"enemies":"Cultist","floor":11.0,"turns":2.0},{"damage":0.0,"enemies":"Blue Slaver","floor":12.0,"turns":2.0},{"damage":0.0,"enemies":"3 Sentries","floor":13.0,"turns":5.0},{"damage":0.0,"enemies":"Fading Forest","floor":16.0,"turns":11.0},{"damage":7.0,"enemies":"Shell Parasite","floor":18.0,"turns":2.0},{"damage":0.0,"enemies":"Spheric Guardian","floor":21.0,"turns":3.0},{"damage":2.0,"enemies":"Shelled Parasite and Fungi","floor":22.0,"turns":5.0},{"damage":11.0,"enemies":"Gremlin Leader","floor":23.0,"turns":4.0},{"damage":14.0,"enemies":"Snake Plant","floor":24.0,"turns":5.0},{"damage":10.0,"enemies":"Centurion and Healer","floor":27.0,"turns":5.0},{"damage":12.0,"enemies":"Slavers","floor":28.0,"turns":2.0},{"damage":0.0,"enemies":"Chosen and Byrds","floor":30.0,"turns":4.0},{"damage":0.0,"enemies":"conspire:Head Lice","floor":31.0,"turns":4.0},{"damage":22,"enemies":"Pondfish","floor":33,"turns":8},{"damage":0,"enemies":"Orb Walker","floor":35,"turns":4},{"damage":7,"enemies":"3 Shapes","floor":36,"turns":4},{"damage":21,"enemies":"Maw","floor":39,"turns":7},{"damage":11,"enemies":"Nightmare","floor":40,"turns":7},{"damage":6,"enemies":"Jaw Worm Horde","floor":41,"turns":5},{"damage":27,"enemies":"Nemesis","floor":42,"turns":2}],"seed_played":"915155959127444748","potions_obtained":[{"floor":4.0,"key":"hexamod:SoulburnPotion"},{"floor":10.0,"key":"champ:CounterPotion"},{"floor":23.0,"key":"LifebloodPotion"},{"floor":24.0,"key":"Regen Potion"},{"floor":30.0,"key":"GamblersBrew"},{"floor":35,"key":"Slimebound:ThreeZeroPotion"}],"is_trial":false,"path_per_floor":["M","?","T","M","?","E","R","$","T","?","M","M","?","$","R","B",null,"?","T","?","?","?","E","?","T","T","?","E","AVR","?","E","T","B",null,"?","?","?","T","?","NM","?","E"],"character_chosen":"DEFECT","items_purchased":["BargainBundle","infinitespire:Freezer","Carrot","Replay:Lucky Slots","Magnetism","Forethought","Compile Driver","Streamline","Multi-Cast","BasicCrystalCard+1","Capacitor","Elixir","BlessingOfTheForge","Coolheaded","Defragment","Cold Snap","hubris:KleinBottle","infinitespire:BottledMercury","Pantograph","Blizzard","Loop","ReplayTheSpireMod:Calculation Training","Cold Snap","MerchantsRug"],"campfire_rested":0,"item_purchase_floors":[0,0,0,0,0,0,0,0,0,0,0,0,0,0,8,8,14,14,19,19,38,38,38,38],"current_hp_per_floor":[75,75,75,74,74,74,75,75,75,70,70,70,70,35,72,72,75,68,68,53,53,51,40,26,47,47,37,30,30,30,30,54,53,75,75,68,64,64,43,32,26,0,0],"gold":113,"neow_bonus":"","is_daily":false,"chose_seed":false,"campfire_upgraded":2,"win_rate":0.0,"timestamp":1611589760,"path_taken":["M","?","?","?","?","E","R","?","T","?","M","M","?","?","R","BOSS","?","T","?","?","?","E","?","T","T","?","E","AVR","?","E","T","BOSS","?","?","?","T","?","NM","?","E"],"items_purchased_type":["Relic","Relic","Relic","Relic","Card","Card","Card","Card","Card","Card","Card","Potion","Potion","Card","Card","Card","Relic","Relic","Relic","Card","Card","Card","Card","Relic"],"build_version":"2020-12-22","purchased_purges":1,"victory":false,"max_hp_per_floor":[75,75,75,75,75,75,75,75,75,75,75,75,75,75,75,75,75,75,75,75,75,75,75,75,75,75,75,75,75,75,75,75,75,75,75,75,75,75,75,75,75,75,75],"card_choices":[{"not_picked":["Streamline","Beam Cell"],"picked":"Barrage","floor":1.0},{"not_picked":["Cold Snap","Gash"],"picked":"FTL","floor":4.0},{"not_picked":["BasicCrystalCard","Rip and Tear"],"picked":"hubris:Prefetch","floor":6.0},{"not_picked":["Stack","Coolheaded"],"picked":"Conserve Battery","floor":10.0},{"not_picked":["Leap","ReplayTheSpireMod:Reroute Power"],"picked":"Conserve Battery","floor":11.0},{"not_picked":["FTL","Stack"],"picked":"Hologram","floor":12.0},{"not_picked":["Tempest","Self Repair"],"picked":"ReplaySolidLightProjector","floor":13.0},{"not_picked":["ReplayTheSpireMod:??????????????????????","infinitespire:Starlight"],"picked":"ReplayTheSpireMod:Book of Names","floor":14.0},{"not_picked":["All For One","Buffer"],"picked":"Seek","floor":16.0},{"not_picked":["Go for the Eyes","Coolheaded"],"picked":"Beam Cell","floor":18.0},{"not_picked":["Lockon+1","Coolheaded"],"picked":"Blizzard","floor":20.0},{"not_picked":["Double Energy","Beam Cell"],"picked":"Redo","floor":21.0},{"not_picked":["Steam","Compile Driver"],"picked":"Streamline+1","floor":22.0},{"not_picked":["Go for the Eyes","Steam+1"],"picked":"Cold Snap","floor":23.0},{"not_picked":["Gash","Tempest"],"picked":"ReplayRNGCard","floor":24.0},{"not_picked":["BasicCrystalCard","Cold Snap"],"picked":"Double Energy","floor":27.0},{"not_picked":["ReplayGash","Beam Cell"],"picked":"Redo+1","floor":28.0},{"not_picked":["Redo","FTL"],"picked":"Force Field+1","floor":30.0},{"not_picked":["ReplayTheSpireMod:Reroute Power","Steam"],"picked":"ReplaySolidLightProjector","floor":31.0},{"not_picked":["Biased Cognition","Seek"],"picked":"Amplify","floor":33},{"not_picked":["Skim+1","Go for the Eyes"],"picked":"ReplayTheSpireMod:Dual Polarity+1","floor":35},{"not_picked":["Lockon+1","Leap"],"picked":"Coolheaded+1","floor":36},{"not_picked":["Coolheaded+1","Beam Cell+1"],"picked":"Consume","floor":39},{"not_picked":["infinitespire:SevenWalls","ReplayTheSpireMod:Echoes of Time"],"picked":"ReplayTheSpireMod:Black Plague","floor":40},{"not_picked":["Self Repair+1","Redo+1"],"picked":"Skim+1","floor":40},{"not_picked":["Go for the Eyes","Beam Cell"],"picked":"conspire:Rain+1","floor":41},{"not_picked":["Go for the Eyes+1","Leap+1"],"picked":"Sweeping Beam","floor":41}],"player_experience":10964,"relics_obtained":[{"floor":3.0,"key":"Eternal Feather"},{"floor":6.0,"key":"infinitespire:Satchel"},{"floor":9.0,"key":"Replay:Bottled Flurry"},{"floor":10.0,"key":"Odd Mushroom"},{"floor":13.0,"key":"hubris:TenFootPole"},{"floor":20.0,"key":"hubris:RGBLights"},{"floor":23.0,"key":"Nunchaku"},{"floor":26.0,"key":"Lantern"},{"floor":28.0,"key":"InkBottle"},{"floor":31.0,"key":"Simple Rune"},{"floor":32.0,"key":"Replay:Rubber Ducky"},{"floor":40,"key":"Replay:Mystery Machine"},{"floor":40,"key":"conspire:InfiniteJournal"}],"event_choices":[{"cards_removed":["Strike_B"],"damage_healed":0.0,"max_hp_gain":0.0,"max_hp_loss":0.0,"gold_gain":0.0,"event_name":"Purifier","player_choice":"Purged","floor":5.0,"gold_loss":0.0,"damage_taken":0.0},{"damage_healed":0.0,"max_hp_gain":0.0,"max_hp_loss":0.0,"gold_gain":0.0,"event_name":"Mushrooms","player_choice":"Fought Mushrooms","floor":10.0,"gold_loss":0.0,"damage_taken":0.0},{"damage_healed":0.0,"max_hp_gain":0.0,"max_hp_loss":0.0,"gold_gain":30.0,"event_name":"Dead Adventurer","player_choice":"Searched \u00273\u0027 times","floor":13.0,"gold_loss":0.0,"damage_taken":0.0},{"damage_healed":0,"gold_gain":0,"player_choice":"Embrace Madness","damage_taken":9,"max_hp_gain":0,"max_hp_loss":0,"event_name":"Winding Halls","floor":37,"gold_loss":0,"cards_obtained":["Madness","Madness"]}],"is_beta":false,"boss_relics":[{"not_picked":["conspire:SlowCooker","conspire:SpecialSausage"],"picked":"Replay:Grab Bag"},{"not_picked":["Runic Dome","conspire:SeveredTorchhead"],"picked":"Philosopher\u0027s Stone"},{"not_picked":["Cursed Key","hubris:GrandSneckoEye"],"picked":"Painkiller Herb"},{"not_picked":["Nuclear Battery","Tiny House"],"picked":"hubris:Backtick"},{"not_picked":["ChewingGum","Coffee Dripper"],"picked":"Black Star"}],"items_purged_floors":[38],"is_endless":true,"potions_floor_spawned":[4,6,10,21,23,24,27,30,35,36,41],"killed_by":"Nemesis","ascension_level":0}}