{"host":"lnt5dzsuhru0aonl","time":1611583395,"event":{"mods":["2.2 Compatiblity","BaseMod","Colored Map","Colored Powertips","DeckTracker","Keyboard Shortcuts","Minty Spire (QoL Compilation)","Permanent Neow","Rare Cards Sparkle","StSLib","SuperFastMode","everything is the same but u backflip on backflip"],"gold_per_floor":[119,31,47,67,47,47,82,82,82,82,96,109,120,131,131,131,131],"floor_reached":16,"language":"KOR","playtime":222,"items_purged":[],"score":208,"play_id":"31068b9d-66dd-4ace-8bfe-dcdb8d9112fe","local_time":"20210125230315","is_ascension_mode":true,"campfire_choices":[{"data":"Zap","floor":6,"key":"SMITH"},{"data":"Static Discharge","floor":8,"key":"SMITH"},{"data":"Dualcast","floor":10,"key":"SMITH"},{"data":"Turbo","floor":15,"key":"SMITH"}],"circlet_count":0,"master_deck":["AscendersBane","Strike_B","Strike_B","Strike_B","Strike_B","Defend_B","Defend_B","Defend_B","Defend_B","Zap+1","Dualcast+1","Sweeping Beam","Storm","Sweeping Beam","Static Discharge+1","Storm","Turbo+1"],"relics":["Cracked Core","NeowsBlessing","Meat on the Bone","DataDisk"],"acts_visited":["Exordium"],"potions_floor_usage":[7,13,13,16],"damage_taken":[{"damage":0,"enemies":"Cultist","floor":1,"turns":1},{"damage":0,"enemies":"2 Louse","floor":3,"turns":1},{"damage":0,"enemies":"Jaw Worm","floor":4,"turns":1},{"damage":35,"enemies":"3 Sentries","floor":7,"turns":5},{"damage":0,"enemies":"3 Louse","floor":11,"turns":3},{"damage":11,"enemies":"Blue Slaver","floor":12,"turns":3},{"damage":0,"enemies":"Exordium Thugs","floor":13,"turns":4},{"damage":13,"enemies":"3 Louse","floor":14,"turns":1},{"damage":46,"enemies":"The Guardian","floor":16,"turns":5}],"seed_played":"-7903597666106020871","potions_obtained":[{"floor":4,"key":"Weak Potion"},{"floor":5,"key":"FocusPotion"},{"floor":11,"key":"EssenceOfSteel"},{"floor":14,"key":"FocusPotion"}],"is_trial":false,"path_per_floor":["M","$","M","M","?","R","E","R","T","R","M","M","M","M","R","B"],"character_chosen":"DEFECT","items_purchased":["Storm"],"campfire_rested":0,"item_purchase_floors":[2],"current_hp_per_floor":[64,64,64,64,64,64,29,29,29,29,41,42,42,41,41,0,0],"gold":131,"neow_bonus":"THREE_ENEMY_KILL","is_daily":false,"chose_seed":false,"campfire_upgraded":4,"win_rate":0.0,"timestamp":1611583395,"path_taken":["M","$","M","?","?","R","E","R","T","R","?","M","M","M","R","BOSS"],"items_purchased_type":["Card"],"build_version":"2020-12-22","purchased_purges":0,"victory":false,"max_hp_per_floor":[71,71,71,71,71,71,71,71,71,71,71,71,71,71,71,71,71],"card_choices":[{"not_picked":["Beam Cell","Scrape"],"picked":"Sweeping Beam","floor":1},{"not_picked":["Hologram","Barrage","Lockon"],"picked":"SKIP","floor":3},{"not_picked":["Beam Cell","Leap"],"picked":"Sweeping Beam","floor":4},{"not_picked":["Double Energy","Redo"],"picked":"Static Discharge","floor":7},{"not_picked":["Beam Cell","Steam","Leap"],"picked":"SKIP","floor":11},{"not_picked":["Auto Shields","Genetic Algorithm"],"picked":"Storm","floor":12},{"not_picked":["Reprogram","Beam Cell","Stack"],"picked":"SKIP","floor":13},{"not_picked":["Leap","Stack"],"picked":"Turbo","floor":14}],"player_experience":767065,"relics_obtained":[{"floor":7,"key":"Meat on the Bone"},{"floor":9,"key":"DataDisk"}],"event_choices":[{"damage_healed":0,"gold_gain":0,"player_choice":"Bought 1 Potion","damage_taken":0,"max_hp_gain":0,"max_hp_loss":0,"event_name":"The Woman in Blue","floor":5,"gold_loss":0}],"is_beta":false,"boss_relics":[],"items_purged_floors":[],"is_endless":false,"potions_floor_spawned":[4,11,14],"killed_by":"The Guardian","ascension_level":20}}