{"host":"aj7el8l5kufbk20z","time":1611555502,"event":{"mods":["AchievementEnabler","BaseMod","Colored Map","Colored Powertips","Curses Come First","Highlight Path","Minty Spire (QoL Compilation)","Permanent Neow","Poor People Problems","Quick Restart","Rare Cards Sparkle","Relic Stats","StSLib","SuperFastMode","Waifu the Spire"],"gold_per_floor":[111,123,123,133,147,147,166,166,245,245,18,33,46,59,59,138,138,158,124,124,124,124,124,144,161,238,272,272,272],"floor_reached":28,"language":"ZHS","playtime":1501,"items_purged":["Strike_R"],"score":406,"play_id":"8f699a53-ab91-4f44-8905-42360133c61f","local_time":"20210125141822","is_ascension_mode":true,"campfire_choices":[{"data":"Armaments","floor":6.0,"key":"SMITH"},{"data":"Second Wind","floor":8.0,"key":"SMITH"},{"data":"Cleave","floor":10.0,"key":"SMITH"},{"data":"Ghostly Armor","floor":15.0,"key":"SMITH"},{"data":"Corruption","floor":23.0,"key":"SMITH"}],"circlet_count":0,"master_deck":["AscendersBane","Strike_R","Strike_R","Strike_R","Defend_R","Defend_R","Defend_R","Defend_R","Bash","Shrug It Off","Iron Wave","Cleave+1","Armaments+1","Second Wind+1","Ghostly Armor+1","Wild Strike","Pummel","Corruption+1","Flame Barrier","Dark Embrace","Decay","Writhe","Shrug It Off","Shrug It Off+1","Rampage"],"relics":["Burning Blood","Potion Belt","Question Card","Medical Kit","Runic Pyramid","Torii","Pear","Boot"],"acts_visited":["Exordium","TheCity"],"potions_floor_usage":[],"damage_taken":[{"damage":13.0,"enemies":"2 Louse","floor":1.0,"turns":3.0},{"damage":6.0,"enemies":"Small Slimes","floor":2.0,"turns":7.0},{"damage":6.0,"enemies":"Jaw Worm","floor":4.0,"turns":5.0},{"damage":0.0,"enemies":"Blue Slaver","floor":5.0,"turns":6.0},{"damage":2.0,"enemies":"Gremlin Gang","floor":7.0,"turns":4.0},{"damage":13.0,"enemies":"Large Slime","floor":12.0,"turns":10.0},{"damage":1.0,"enemies":"Looter","floor":13.0,"turns":3.0},{"damage":0.0,"enemies":"2 Fungi Beasts","floor":14.0,"turns":4.0},{"damage":47.0,"enemies":"Hexaghost","floor":16.0,"turns":18.0},{"damage":19.0,"enemies":"Spheric Guardian","floor":18.0,"turns":6.0},{"damage":0.0,"enemies":"Chosen","floor":24.0,"turns":5.0},{"damage":51.0,"enemies":"Shelled Parasite and Fungi","floor":25.0,"turns":8.0},{"damage":58,"enemies":"Book of Stabbing","floor":27,"turns":8},{"damage":0,"enemies":"Snake Plant","floor":28,"turns":1}],"seed_played":"-6035920727879120066","potions_obtained":[{"floor":2.0,"key":"SteroidPotion"},{"floor":4.0,"key":"Block Potion"},{"floor":14.0,"key":"DuplicationPotion"},{"floor":27,"key":"Weak Potion"}],"is_trial":false,"path_per_floor":["M","M","?","M","M","R","M","R","T","R","$","M","M","M","R","B",null,"M","$","?","$","?","R","M","M","T","E","M"],"character_chosen":"IRONCLAD","items_purchased":["Medical Kit","Dark Embrace"],"campfire_rested":0,"item_purchase_floors":[11,19],"current_hp_per_floor":[61,61,54,54,60,60,64,64,64,64,64,57,62,68,68,27,63,50,50,50,50,50,50,56,11,21,85,85,85],"gold":272,"neow_bonus":"RANDOM_COMMON_RELIC","is_daily":false,"chose_seed":false,"campfire_upgraded":5,"win_rate":0.0,"timestamp":1611555502,"path_taken":["M","M","?","M","M","R","M","R","T","R","$","M","M","M","R","BOSS","M","$","?","$","?","R","M","M","T","E","?"],"items_purchased_type":["Relic","Card"],"build_version":"2020-12-22","purchased_purges":1,"victory":false,"max_hp_per_floor":[75,75,75,75,75,75,75,75,75,75,75,75,75,75,75,75,75,75,75,75,75,75,75,75,75,85,85,85,85],"relic_stats":{"Torii":3,"counters":[14,88],"Question Card":8,"Medical Kit":[21],"Boot":[0],"obtain_stats":[{"Potion Belt":0,"Pear":26,"Torii":22,"Question Card":9,"Medical Kit":11,"Boot":27,"Burning Blood":0,"Runic Pyramid":17},{"Potion Belt":0,"Pear":12,"Torii":10,"Question Card":5,"Medical Kit":5,"Boot":13,"Burning Blood":0,"Runic Pyramid":9},{"Potion Belt":0,"Pear":79,"Torii":66,"Question Card":25,"Medical Kit":25,"Boot":87,"Burning Blood":0,"Runic Pyramid":60}],"Burning Blood":72},"card_choices":[{"not_picked":["Twin Strike","Cleave"],"picked":"Shrug It Off","floor":1.0},{"not_picked":["Thunderclap","Perfected Strike"],"picked":"Iron Wave","floor":2.0},{"not_picked":["Havoc","Pummel"],"picked":"Cleave","floor":4.0},{"not_picked":["Havoc","Fire Breathing"],"picked":"Armaments","floor":5.0},{"not_picked":["Thunderclap","Headbutt"],"picked":"Second Wind","floor":7.0},{"not_picked":["Clash","Body Slam","Impervious"],"picked":"Ghostly Armor","floor":12.0},{"not_picked":["Cleave","Headbutt","Uppercut"],"picked":"Wild Strike","floor":13.0},{"not_picked":["Heavy Blade","Twin Strike","Armaments"],"picked":"Pummel","floor":14.0},{"not_picked":["Feed","Offering","Impervious"],"picked":"Corruption","floor":16.0},{"not_picked":["Hemokinesis","Rupture","Shrug It Off"],"picked":"Flame Barrier","floor":18.0},{"not_picked":["Thunderclap","Armaments","Havoc+1"],"picked":"Shrug It Off","floor":24.0},{"not_picked":["Headbutt+1","Pommel Strike","Flex"],"picked":"Shrug It Off+1","floor":25.0},{"not_picked":["Infernal Blade","Warcry","Hemokinesis"],"picked":"Rampage","floor":27}],"player_experience":382271,"relics_obtained":[{"floor":9.0,"key":"Question Card"},{"floor":26.0,"key":"Pear"},{"floor":27,"key":"Boot"}],"event_choices":[{"cards_removed":["Strike_R"],"damage_healed":0.0,"max_hp_gain":0.0,"max_hp_loss":0.0,"gold_gain":0.0,"event_name":"Golden Wing","player_choice":"Card Removal","floor":3.0,"gold_loss":0.0,"damage_taken":7.0},{"damage_healed":0.0,"max_hp_gain":0.0,"max_hp_loss":0.0,"gold_gain":0.0,"event_name":"Forgotten Altar","player_choice":"Smashed Altar","floor":20.0,"gold_loss":0.0,"damage_taken":0.0,"cards_obtained":["Decay"]},{"damage_healed":0.0,"max_hp_gain":0.0,"max_hp_loss":0.0,"gold_gain":0.0,"event_name":"The Mausoleum","player_choice":"Opened","floor":22.0,"gold_loss":0.0,"damage_taken":0.0,"relics_obtained":["Torii"],"cards_obtained":["Writhe"]}],"is_beta":false,"boss_relics":[{"not_picked":["Velvet Choker","Tiny House"],"picked":"Runic Pyramid"}],"items_purged_floors":[11],"is_endless":false,"potions_floor_spawned":[2,4,14,27],"killed_by":"Snake Plant","ascension_level":15}}