{"host":"lte3xujvwediduij","time":1611555687,"event":{"mods":["Aspiration","BaseMod","Better-Laid Plans","Minty Spire (QoL Compilation)","Spicy Shops","StSLib","Wide Potions","¡¾ÒÅÎï¿¨ÅÆ¡¿REMEMod","óô»ðÖ¸ÄÏ"],"gold_per_floor":[119,69,79,94,110,141,153,184,235,7,7,7,7,7,7,103,103,116,132,1,21,40,40,40,40],"floor_reached":24,"language":"ZHS","playtime":2084,"items_purged":["Defend_P"],"score":233,"play_id":"da83800d-3aa6-4aee-aa24-43033c44afc5","local_time":"20210125142127","is_ascension_mode":false,"campfire_choices":[{"data":"Machine Learning","floor":15,"key":"SMITH"},{"data":"Establishment","floor":23,"key":"SMITH"}],"circlet_count":0,"master_deck":["Strike_P","Strike_P","Strike_P","Defend_P","Defend_P","Eruption","Vigilance","Machine Learning+1","FearNoEvil+1","JustLucky+1","Protect","Consecrate","Halt","EmptyBody","REME_Repentance","InnerPeace","Establishment+1","Regret","Judgement+1","FlyingSleeves","FlurryOfBlows","REME_WheelOfFate","Worship","Jack Of All Trades"],"relics":["PureWater","REME_ComplimentaryCards","Dream Catcher","Whetstone","Boot","Membership Card","Damaru","Darkstone Periapt","Black Star","PrismaticShard"],"acts_visited":["Exordium","TheCity"],"potions_floor_usage":[7,7,21],"damage_taken":[{"damage":3.0,"enemies":"Jaw Worm","floor":1.0,"turns":2.0},{"damage":0.0,"enemies":"Small Slimes","floor":3.0,"turns":3.0},{"damage":0.0,"enemies":"Cultist","floor":4.0,"turns":2.0},{"damage":6.0,"enemies":"Large Slime","floor":5.0,"turns":5.0},{"damage":0,"enemies":"3 Sentries","floor":6,"turns":7},{"damage":1,"enemies":"3 Louse","floor":7,"turns":3},{"damage":29,"enemies":"Gremlin Nob","floor":8,"turns":4},{"damage":38,"enemies":"Hexaghost","floor":16,"turns":13},{"damage":26,"enemies":"Chosen","floor":18,"turns":5},{"damage":9,"enemies":"3 Byrds","floor":19,"turns":5},{"damage":9,"enemies":"3 Cultists","floor":21,"turns":4},{"damage":8,"enemies":"Snecko","floor":22,"turns":3},{"damage":30,"enemies":"Slavers","floor":24,"turns":1}],"seed_played":"-6429957890903304452","potions_obtained":[{"floor":3.0,"key":"BottledMiracle"},{"floor":4.0,"key":"Swift Potion"},{"floor":5.0,"key":"SpeedPotion"},{"floor":18,"key":"Fire Potion"}],"is_trial":false,"path_per_floor":["M","?","M","M","M","E","M","E","T","R","?","?","$","?","R","B",null,"M","M","$","M","M","R","E"],"character_chosen":"WATCHER","items_purchased":["Membership Card","InnerPeace","REME_WheelOfFate","PrismaticShard"],"campfire_rested":0,"item_purchase_floors":[10,10,20,20],"current_hp_per_floor":[76,76,76,76,70,70,69,40,40,40,40,40,40,40,40,2,79,53,44,44,35,27,27,0,0],"gold":40,"neow_bonus":"TEN_PERCENT_HP_BONUS","is_daily":false,"chose_seed":false,"campfire_upgraded":2,"win_rate":0.0,"timestamp":1611555687,"path_taken":["M","?","M","M","M","E","M","E","T","R","?","?","$","?","R","BOSS","M","M","$","M","?","R","E"],"items_purchased_type":["Relic","Card","Card","Relic"],"build_version":"2020-12-22","purchased_purges":1,"victory":false,"max_hp_per_floor":[79,79,79,79,79,79,79,79,79,79,79,79,79,79,79,79,79,79,79,79,79,79,79,79,79],"card_choices":[{"not_picked":["EmptyFist","ClearTheMind"],"picked":"FearNoEvil","floor":1.0},{"not_picked":["Fasting2","Evaluate"],"picked":"JustLucky","floor":3.0},{"not_picked":["ReachHeaven","Evaluate"],"picked":"Protect","floor":4.0},{"not_picked":["Meditate","CrushJoints"],"picked":"Consecrate","floor":5.0},{"not_picked":["Tantrum","Crescendo"],"picked":"Halt","floor":6},{"not_picked":["MasterReality","ThirdEye"],"picked":"EmptyBody","floor":7},{"not_picked":["TalkToTheHand","WaveOfTheHand"],"picked":"REME_Repentance","floor":8},{"not_picked":["MasterReality","Scrawl"],"picked":"Judgement","floor":16},{"not_picked":["BowlingBash","EmptyFist"],"picked":"FlyingSleeves","floor":18},{"not_picked":["EmptyFist","Protect"],"picked":"FlurryOfBlows","floor":19},{"not_picked":["Halt","Aggregate"],"picked":"Worship","floor":21},{"not_picked":["REME_LeechingPoison","Backflip"],"picked":"Jack Of All Trades","floor":22}],"player_experience":20561,"relics_obtained":[{"floor":6,"key":"Dream Catcher"},{"floor":8,"key":"Whetstone"},{"floor":9,"key":"Boot"},{"floor":14,"key":"Darkstone Periapt"}],"event_choices":[{"cards_removed":["Defend_P"],"damage_healed":0.0,"max_hp_gain":0.0,"max_hp_loss":0.0,"gold_gain":0.0,"event_name":"The Cleric","player_choice":"Card Removal","floor":2.0,"gold_loss":50.0,"damage_taken":0.0},{"damage_healed":0,"gold_gain":0,"cards_transformed":["Strike_P"],"player_choice":"Change","damage_taken":0,"max_hp_gain":0,"max_hp_loss":0,"event_name":"Living Wall","floor":11,"gold_loss":0,"cards_obtained":["Establishment"]},{"damage_healed":0,"gold_gain":0,"player_choice":"Box","damage_taken":0,"relics_obtained":["Damaru"],"max_hp_gain":0,"max_hp_loss":0,"event_name":"Big Fish","floor":12,"gold_loss":0,"cards_obtained":["Regret"]},{"damage_healed":0,"gold_gain":0,"player_choice":"Relic","damage_taken":0,"max_hp_gain":0,"max_hp_loss":0,"event_name":"Wheel of Change","floor":14,"gold_loss":0}],"is_beta":false,"boss_relics":[{"not_picked":["Tiny House","REME_ChargedStone"],"picked":"Black Star"}],"items_purged_floors":[10],"is_endless":false,"potions_floor_spawned":[3,4,5,18,19],"killed_by":"Slavers","ascension_level":0}}