{"host":"ss2ocoam53r2lno0","time":1611572748,"event":{"mods":["Act Like it!","BaseMod","ChefMod","Clockwork Mod","Colored Powertips","Curses Come First","Displayed Cursed Tome","Downfall","Evolution","Googly Eyes","Hallownest","Highlight Path","Minty Spire (QoL Compilation)","Poor People Problems","Rare Cards Sparkle","Robot Space Explorer","Shade Mod","Shop Mod","Spicy Shops","StSLib","The Marked"],"gold_per_floor":[11,11,11,11,36,36,60,84,84,84,84,9,9,9,9,105,105,118,143,162,162,162,62,62,0,25,44,44,44,57,57,57],"floor_reached":31,"language":"ENG","playtime":6511,"items_purged":["Clockwork:Shield","Clockwork:Strike"],"score":413,"play_id":"71597832-a58c-49fb-86ef-653a8263ebdd","local_time":"20210125120548","is_ascension_mode":true,"campfire_choices":[{"data":"Clockwork:Tinker","floor":6.0,"key":"SMITH"},{"data":"Clockwork:Shield","floor":10.0,"key":"SMITH"},{"floor":13.0,"key":"REST"},{"floor":15.0,"key":"REST"},{"floor":24.0,"key":"REST"},{"data":"Clockwork:Strike","floor":29.0,"key":"SMITH"}],"circlet_count":0,"master_deck":["AscendersBane","Clockwork:Strike+1","Clockwork:Strike","Clockwork:Shield","Clockwork:Shield+1","Clockwork:Tinker+1","Clockwork:WarmUp","Clockwork:Clone","Clockwork:PerfectForm"],"relics":["Clockwork:MomentumEngine","EVO:Axolotl","Golden Idol","Shuriken","SlaversCollar","Blue Candle","CeramicFish"],"acts_visited":["Exordium","TheCity"],"potions_floor_usage":[31],"damage_taken":[{"damage":23.0,"enemies":"Small Slimes","floor":1.0,"turns":12.0},{"damage":9.0,"enemies":"Jaw Worm","floor":5.0,"turns":8.0},{"damage":0.0,"enemies":"2 Louse","floor":7.0,"turns":11.0},{"damage":13.0,"enemies":"2 Fungi Beasts","floor":8.0,"turns":8.0},{"damage":37.0,"enemies":"Slime Boss","floor":16.0,"turns":24.0},{"damage":0.0,"enemies":"Shell Parasite","floor":18.0,"turns":12.0},{"damage":8.0,"enemies":"Spheric Guardian","floor":19.0,"turns":12.0},{"damage":24.0,"enemies":"Snake Plant","floor":20.0,"turns":7.0},{"damage":9.0,"enemies":"Centurion and Healer","floor":27.0,"turns":7.0},{"damage":32.0,"enemies":"Cultist and Chosen","floor":30.0,"turns":8.0},{"damage":15,"enemies":"Shelled Parasite and Fungi","floor":31,"turns":3}],"seed_played":"884711908727424173","potions_obtained":[{"floor":5.0,"key":"Energy Potion"},{"floor":7.0,"key":"LiquidMemories"},{"floor":20.0,"key":"Weak Potion"},{"floor":30.0,"key":"DuplicationPotion"}],"is_trial":false,"path_per_floor":["M","?","?","$","M","R","M","M","T","R","?","$","R","?","R","B",null,"M","M","M","?","?","$","R","?","T","M","$","R","M","M"],"character_chosen":"CLOCKWORK","items_purchased":[],"campfire_rested":3,"item_purchase_floors":[],"current_hp_per_floor":[48,48,48,48,39,39,39,26,26,26,31,31,54,59,77,40,68,68,60,36,36,31,31,54,54,54,45,45,45,13,0,0],"gold":57,"neow_bonus":"TRANSFORM_TWO_CARDS","is_daily":false,"chose_seed":false,"campfire_upgraded":3,"win_rate":0.0,"timestamp":1611572748,"path_taken":["M","?","?","$","M","R","M","M","T","R","?","$","R","?","R","BOSS","M","?","M","?","?","$","R","?","T","M","?","R","M","M"],"items_purchased_type":[],"build_version":"2020-12-22","purchased_purges":2,"victory":false,"max_hp_per_floor":[79,72,72,72,72,72,72,72,72,72,77,77,77,77,77,77,77,77,77,77,77,77,77,77,77,77,77,77,77,77,77,77],"card_choices":[{"not_picked":["Clockwork:SystemScan","Clockwork:ReserveSystems","Clockwork:SystemHardening"],"picked":"SKIP","floor":1.0},{"not_picked":["Clockwork:Pluck","Clockwork:Roundhouse","Clockwork:AdaptiveCannon"],"picked":"SKIP","floor":5.0},{"not_picked":["Clockwork:ForgeStrike","Clockwork:Pluck"],"picked":"Clockwork:Clone","floor":7.0},{"not_picked":["Clockwork:WindupStrike","Clockwork:TiltAWhirl","Clockwork:RampUp"],"picked":"SKIP","floor":8.0},{"not_picked":["Clockwork:ZeroPointEnergy","Clockwork:ReactiveNanites"],"picked":"Clockwork:PerfectForm","floor":16.0},{"not_picked":["Clockwork:Minimalism","Clockwork:ChargingShield","Clockwork:TiltAWhirl"],"picked":"SKIP","floor":18.0},{"not_picked":["Clockwork:CogShield","Clockwork:SystemScan","Clockwork:Friction"],"picked":"SKIP","floor":19.0},{"not_picked":["Clockwork:RevUp","Clockwork:LogisticRegression","Clockwork:Enhance"],"picked":"SKIP","floor":20.0},{"not_picked":["Clockwork:RitualDaggerMk0","Clockwork:HoardingStrike","Clockwork:TiltAWhirl"],"picked":"SKIP","floor":27.0},{"not_picked":["Clockwork:SearingStrike","Clockwork:HoardingStrike","Clockwork:CogToss+1"],"picked":"SKIP","floor":30.0}],"player_experience":835617,"relics_obtained":[{"floor":9.0,"key":"Shuriken"},{"floor":26.0,"key":"CeramicFish"}],"event_choices":[{"damage_healed":0.0,"max_hp_gain":0.0,"max_hp_loss":7.0,"gold_gain":0.0,"event_name":"Golden Idol","player_choice":"Lose Max HP","floor":2.0,"gold_loss":0.0,"damage_taken":0.0,"relics_obtained":["Golden Idol"]},{"damage_healed":0.0,"max_hp_gain":0.0,"max_hp_loss":0.0,"gold_gain":0.0,"event_name":"Shining Light","player_choice":"Ignored","floor":3.0,"gold_loss":0.0,"damage_taken":0.0},{"damage_healed":0.0,"max_hp_gain":5.0,"max_hp_loss":0.0,"gold_gain":0.0,"event_name":"Big Fish","player_choice":"Donut","floor":11.0,"gold_loss":0.0,"damage_taken":0.0},{"cards_removed":["Clockwork:SystemHardening"],"damage_healed":5.0,"max_hp_gain":0.0,"max_hp_loss":0.0,"gold_gain":0.0,"event_name":"Bonfire Elementals","player_choice":"Offered Common","floor":14.0,"gold_loss":0.0,"damage_taken":0.0},{"cards_removed":["Clockwork:SystemHardening"],"damage_healed":5.0,"max_hp_gain":0.0,"max_hp_loss":0.0,"gold_gain":0.0,"event_name":"Bonfire Elementals","player_choice":"Offered Special","floor":14.0,"gold_loss":0.0,"damage_taken":0.0},{"damage_healed":0.0,"max_hp_gain":0.0,"max_hp_loss":0.0,"gold_gain":0.0,"event_name":"The Mausoleum","player_choice":"Ignored","floor":21.0,"gold_loss":0.0,"damage_taken":0.0},{"damage_healed":0.0,"max_hp_gain":0.0,"max_hp_loss":0.0,"gold_gain":0.0,"event_name":"Masked Bandits","player_choice":"Paid Fearfully","floor":25.0,"gold_loss":62.0,"damage_taken":0.0}],"is_beta":false,"boss_relics":[{"not_picked":["Runic Pyramid","Fusion Hammer"],"picked":"SlaversCollar"}],"items_purged_floors":[12,23],"is_endless":false,"potions_floor_spawned":[5,7,16,19,20,30],"killed_by":"Shelled Parasite and Fungi","ascension_level":17}}