{"host":"ljmxc81w1zg7qdd2","time":1611617446,"event":{"mods":["BaseMod","BetterRewards","Colored Map","Hubris","Minty Spire (QoL Compilation)","Replay The Spire","Shop Mod","StSLib","The Animator","The Construct","The Cursed","The Necromancer","The Servant 0.9.4"],"gold_per_floor":[113,38,57,57,7,70,88,115,115,128,153,153,180,254,254,350,350,370,370,469,222,21,21,56,56,79,79,113,130,148,166,166,263,263,281,281,301,321,39,39,39,68,137,137,168,187,199,229,229,229,229,229,4,56,86,86],"floor_reached":55,"language":"ENG","playtime":2216,"items_purged":["Strike_R","Strike_R","Delirium"],"score":1189,"play_id":"1e4ae6fd-1ba4-4ca2-86af-1f75627ac931","local_time":"20210125153046","is_ascension_mode":true,"campfire_choices":[{"data":"Armaments","floor":15,"key":"SMITH"},{"floor":23,"key":"RECALL"},{"floor":25,"key":"REST"},{"floor":32,"key":"REST"},{"floor":40,"key":"REST"}],"circlet_count":0,"master_deck":["Strike_R","Strike_R","Strike_R","Defend_R","Defend_R","Defend_R","Bash+1","Thunderclap","Pummel","Pummel","Cleave+1","ReplayTheSpireMod:Corrosion Curse","Armaments+1","hubris:ReadiedAction","Exhume","Warcry","Intimidate","Massacre+1","Sword Boomerang+1","Limit Break+1","Shrug It Off+1","Parasite","Heavy Blade+1","ReplayTheSpireMod:Muscle Training+1","Voices","Twin Strike","Spot Weakness+1","Headbutt+1","Flex+1"],"relics":["Burning Blood","PreservedInsect","Boot","Bottled Lightning","Ring of Searing","Ring of Peace","Onion Ring","Fusion Hammer","Vajra","ReplayTheSpireMod:Lightbulb","Orichalcum","Nunchaku","Mummified Hand","Lantern","Cursed Key","Toolbox","Chameleon Ring","hubris:CrystalStatue","Replay:Ringing Soul","Mirror","Replay:Bandana","Oddly Smooth Stone"],"acts_visited":["Exordium","TheCity","TheBeyond","TheEnding"],"potions_floor_usage":[8,8,8,16,33,38,45,50,50,50,55,55,55],"damage_taken":[{"damage":8,"enemies":"Jaw Worm","floor":1,"turns":3},{"damage":8,"enemies":"2 Louse","floor":3,"turns":2},{"damage":0,"enemies":"Cultist","floor":7,"turns":2},{"damage":0,"enemies":"Gremlin Nob","floor":8,"turns":4},{"damage":2,"enemies":"2 Fungi Beasts","floor":10,"turns":3},{"damage":30,"enemies":"Lagavulin","floor":11,"turns":5},{"damage":0,"enemies":"Gremlin Nob","floor":13,"turns":3},{"damage":35,"enemies":"Fading Forest","floor":16,"turns":11},{"damage":14,"enemies":"3 Byrds","floor":18,"turns":4},{"damage":25,"enemies":"Gremlin Leader","floor":24,"turns":4},{"damage":4,"enemies":"Slavers","floor":28,"turns":4},{"damage":5,"enemies":"Chosen","floor":29,"turns":3},{"damage":5,"enemies":"Snecko","floor":30,"turns":3},{"damage":15,"enemies":"Centurion and Healer","floor":31,"turns":4},{"damage":53,"enemies":"Pondfish","floor":33,"turns":11},{"damage":0,"enemies":"3 Shapes","floor":35,"turns":2},{"damage":5,"enemies":"Orb Walker","floor":37,"turns":2},{"damage":34,"enemies":"Writhing Mass","floor":38,"turns":6},{"damage":46,"enemies":"Nemesis","floor":42,"turns":5},{"damage":5,"enemies":"Giant Head","floor":45,"turns":5},{"damage":0,"enemies":"Jaw Worm Horde","floor":46,"turns":3},{"damage":38,"enemies":"4 Shapes","floor":47,"turns":3},{"damage":0,"enemies":"R_Hoarder","floor":48,"turns":4},{"damage":7,"enemies":"Time Eater","floor":50,"turns":4},{"damage":88,"enemies":"Shield and Spear","floor":54,"turns":5},{"damage":15,"enemies":"The Heart","floor":55,"turns":2}],"seed_played":"6651006889601599568","potions_obtained":[{"floor":1,"key":"Block Potion"},{"floor":6,"key":"EssenceOfSteel"},{"floor":6,"key":"LiquidMemories"},{"floor":6,"key":"Regen Potion"},{"floor":8,"key":"Cursed Concoction"},{"floor":13,"key":"Elixir"},{"floor":16,"key":"Venom Potion"},{"floor":18,"key":"SmokeBomb"},{"floor":29,"key":"Toxic Potion"},{"floor":31,"key":"Weak Potion"},{"floor":35,"key":"Weak Potion"},{"floor":38,"key":"Dexterity Potion"},{"floor":44,"key":"BlessingOfTheForge"},{"floor":44,"key":"BlessingOfTheForge"},{"floor":48,"key":"PowerPotion"},{"floor":52,"key":"GamblersBrew"},{"floor":52,"key":"Elixir"}],"is_trial":false,"path_per_floor":["M","$","M","?","?","?","M","E","T","M","E","?","E","?","R","B",null,"M","?","?","$","$","R","E","R","T","?","E","M","M","M","R","B",null,"M","?","M","M","$","R","?","E","T","R","E","M","M","E","R_BF","B",null,"R","$","E","B"],"character_chosen":"IRONCLAD","items_purchased":["Vajra","ReplayTheSpireMod:Lightbulb","Toolbox","Replay:Bandana","Ancient Potion"],"campfire_rested":3,"item_purchase_floors":[21,22,39,53,53],"current_hp_per_floor":[78,78,76,64,64,32,38,56,56,60,36,36,42,42,42,13,80,72,57,57,57,57,57,38,63,63,63,65,66,67,58,83,36,85,85,85,85,57,57,82,85,45,45,45,49,58,26,35,63,62,94,94,94,15,0,0],"gold":86,"neow_bonus":"UPGRADE_CARD","is_daily":false,"chose_seed":false,"campfire_upgraded":1,"win_rate":0.0,"timestamp":1611617446,"path_taken":["M","$","M","?","?","?","?","E","T","M","E","?","E","?","R","BOSS","M","?","?","?","$","R","E","R","T","?","E","M","?","M","R","BOSS","M","?","M","?","?","R","?","E","T","R","E","M","M","E","R_BF","BOSS","R","$","E","BOSS"],"items_purchased_type":["Relic","Relic","Relic","Relic","Potion"],"build_version":"2020-12-22","purchased_purges":3,"victory":false,"max_hp_per_floor":[80,80,80,80,80,80,80,80,80,80,80,80,80,80,80,80,80,80,85,85,85,85,85,85,85,85,85,85,85,85,85,85,85,85,85,85,85,85,85,85,85,85,85,85,88,91,91,94,94,94,94,94,94,97,97,97],"card_choices":[{"not_picked":["Life Link","Sentinel"],"picked":"Thunderclap","floor":1},{"not_picked":["Blood for Blood","Bloodletting"],"picked":"Pummel","floor":3},{"not_picked":["Pommel Strike","Thunderclap"],"picked":"Pummel","floor":6},{"not_picked":["Combust","Fire Breathing"],"picked":"Cleave","floor":7},{"not_picked":["Sword Boomerang","hubris:ReadiedAction"],"picked":"ReplayTheSpireMod:Corrosion Curse","floor":8},{"not_picked":["Rupture","Replay:Undeath\u0027s Touch"],"picked":"ReplayTheSpireMod:LeadingStrike","floor":10},{"not_picked":["Sword Boomerang","Replay:Undeath\u0027s Touch"],"picked":"Armaments","floor":11},{"not_picked":["Dark Embrace","Defy Death"],"picked":"hubris:ReadiedAction","floor":13},{"not_picked":["Hemogenesis","Corruption"],"picked":"Exhume","floor":16},{"not_picked":["Pommel Strike","Cleave+1"],"picked":"Warcry","floor":18},{"not_picked":["Replay:Undeath\u0027s Touch","Infernal Blade+1"],"picked":"Intimidate","floor":24},{"not_picked":["hubris:ReadiedAction+1","Sever Soul","Perfected Strike+1"],"picked":"SKIP","floor":28},{"not_picked":["Berserk","Armaments","ReplayTheSpireMod:Limb From Limb"],"picked":"SKIP","floor":29},{"not_picked":["Blood for Blood","Havoc"],"picked":"Massacre+1","floor":30},{"not_picked":["Shrug It Off","Cleave+1"],"picked":"Sword Boomerang+1","floor":31},{"not_picked":["Replay:Many Hands","Eclipse"],"picked":"Limit Break","floor":33},{"not_picked":["hubris:SharpeningStone","Bloodletting","Warcry"],"picked":"SKIP","floor":35},{"not_picked":["Armaments","hubris:CleavingFinish"],"picked":"Shrug It Off+1","floor":37},{"not_picked":["Abandon+1","ReplayReversal+1"],"picked":"Heavy Blade+1","floor":38},{"not_picked":["Disarm+1","Searing Blow+1"],"picked":"ReplayTheSpireMod:Muscle Training+1","floor":42},{"not_picked":["Flame Barrier+1","Iron Wave+1"],"picked":"Twin Strike","floor":45},{"not_picked":["Flex","Anger+1"],"picked":"Spot Weakness+1","floor":46},{"not_picked":["ReplayTheSpireMod:Strike From Hell","Wild Strike+1","Body Slam"],"picked":"SKIP","floor":47},{"not_picked":["Havoc","Exhume"],"picked":"Headbutt+1","floor":48},{"not_picked":["Feel No Pain+1","Pommel Strike"],"picked":"Flex+1","floor":54}],"player_experience":99567,"relics_obtained":[{"floor":8,"key":"Boot"},{"floor":11,"key":"Bottled Lightning"},{"floor":12,"key":"Ring of Searing"},{"floor":12,"key":"Ring of Peace"},{"floor":13,"key":"Onion Ring"},{"floor":24,"key":"Orichalcum"},{"floor":26,"key":"Nunchaku"},{"floor":28,"key":"Lantern"},{"floor":42,"key":"Chameleon Ring"},{"floor":43,"key":"hubris:CrystalStatue"},{"floor":45,"key":"Replay:Ringing Soul"},{"floor":48,"key":"Mirror"},{"floor":54,"key":"Oddly Smooth Stone"}],"event_choices":[{"damage_healed":0,"gold_gain":0,"player_choice":"Success","damage_taken":12,"relics_obtained":["PreservedInsect"],"max_hp_gain":0,"max_hp_loss":0,"event_name":"Scrap Ooze","floor":4,"gold_loss":0},{"cards_removed":["Defend_R"],"damage_healed":0,"gold_gain":0,"player_choice":"Card Removal","damage_taken":0,"max_hp_gain":0,"max_hp_loss":0,"event_name":"The Cleric","floor":5,"gold_loss":50},{"damage_healed":0,"gold_gain":74,"player_choice":"Gained Gold","damage_taken":0,"max_hp_gain":0,"max_hp_loss":0,"event_name":"Golden Wing","floor":14,"gold_loss":0},{"damage_healed":0,"gold_gain":0,"player_choice":"Shed Blood","damage_taken":20,"max_hp_gain":5,"max_hp_loss":0,"event_name":"Forgotten Altar","floor":19,"gold_loss":0},{"damage_healed":0,"gold_gain":99,"player_choice":"Stole From Cult","damage_taken":0,"max_hp_gain":0,"max_hp_loss":0,"event_name":"Nest","floor":20,"gold_loss":0},{"damage_healed":0,"gold_gain":0,"player_choice":"Upgraded","damage_taken":0,"max_hp_gain":0,"max_hp_loss":0,"event_name":"Upgrade Shrine","floor":36,"gold_loss":0,"cards_upgraded":["Limit Break"]},{"cards_removed":["ReplayTheSpireMod:LeadingStrike"],"damage_healed":3,"gold_gain":0,"player_choice":"Offered Uncommon","damage_taken":0,"max_hp_gain":0,"max_hp_loss":0,"event_name":"Bonfire Elementals","floor":41,"gold_loss":0}],"is_beta":false,"boss_relics":[{"not_picked":["Kintsugi","hubris:Stopwatch"],"picked":"Fusion Hammer"},{"not_picked":["Replay:Bronze Core","Ring of Chaos"],"picked":"Cursed Key"}],"items_purged_floors":[2,21,39],"is_endless":false,"potions_floor_spawned":[1,7,8,13,16,18,29,31,35,38,48],"killed_by":"The Heart","ascension_level":1}}