{"host":"pvf7uj918he10jir","time":1611598985,"event":{"mods":["AchievementEnabler","BaseMod","Colored Map","Colored Powertips","Highlight Path","Minty Spire (QoL Compilation)","Relic Stats","Slay the Relics Exporter","everything is the same but u backflip on backflip"],"gold_per_floor":[119,119,130,147,147,147,176,28,28,53,53,80,80,5,5,104,104,117,42,42,60,60,93,110,142,142,158,158,178,178,204,204,308,308,325,325,340,340,41,51,76,89,89,121,133,159,196,218,230,242,254,266,46,78,78],"floor_reached":56,"language":"ENG","playtime":3670,"items_purged":["Strike_B"],"score":1626,"play_id":"04690a1f-e275-4428-bb26-4f0b2c310145","local_time":"20210125132305","is_ascension_mode":true,"campfire_choices":[{"data":"Beam Cell","floor":6,"key":"SMITH"},{"floor":11,"key":"REST"},{"floor":13,"key":"REST"},{"data":"Seek","floor":15,"key":"SMITH"},{"floor":28,"key":"REST"},{"data":"Skim","floor":30,"key":"SMITH"},{"data":"Beam Cell","floor":32,"key":"SMITH"},{"floor":45,"key":"REST"},{"floor":49,"key":"RECALL"},{"floor":52,"key":"REST"}],"circlet_count":0,"master_deck":["Strike_B","Defend_B","Defend_B","Defend_B","Zap+1","Dualcast+1","Auto Shields","Gash","Beam Cell+1","Hologram","Gash","Hologram","Go for the Eyes","Seek+1","Rebound","Leap+1","All For One","Gash","Beam Cell+1","Rebound","Skim+1","Gash","Steam Power+1","All For One"],"relics":["Cracked Core","NeowsBlessing","StrikeDummy","Orrery","Blood Vial","Pen Nib","PreservedInsect","Black Star","HornCleat","Boot","Question Card","Singing Bowl","Eternal Feather","Orichalcum","Kunai","Fusion Hammer","ClockworkSouvenir","Omamori","Cables","Bag of Preparation","Toy Ornithopter","MawBank","Mummified Hand","Sundial","DollysMirror","War Paint","Symbiotic Virus"],"acts_visited":["Exordium","TheCity","TheBeyond","TheEnding"],"potions_floor_usage":[12,24,55,55,55,55],"damage_taken":[{"damage":0,"enemies":"2 Louse","floor":1,"turns":1},{"damage":0,"enemies":"Cultist","floor":3,"turns":1},{"damage":0,"enemies":"Small Slimes","floor":4,"turns":1},{"damage":26,"enemies":"Lagavulin","floor":7,"turns":8},{"damage":20,"enemies":"3 Sentries","floor":10,"turns":7},{"damage":20,"enemies":"Gremlin Nob","floor":12,"turns":4},{"damage":39,"enemies":"The Guardian","floor":16,"turns":8},{"damage":22,"enemies":"2 Thieves","floor":18,"turns":4},{"damage":1,"enemies":"Chosen","floor":21,"turns":3},{"damage":18,"enemies":"Slavers","floor":23,"turns":3},{"damage":7,"enemies":"Shelled Parasite and Fungi","floor":24,"turns":3},{"damage":0,"enemies":"Gremlin Leader","floor":25,"turns":5},{"damage":25,"enemies":"Snake Plant","floor":27,"turns":3},{"damage":0,"enemies":"Centurion and Healer","floor":29,"turns":3},{"damage":4,"enemies":"Book of Stabbing","floor":31,"turns":3},{"damage":58,"enemies":"Collector","floor":33,"turns":7},{"damage":8,"enemies":"Orb Walker","floor":35,"turns":2},{"damage":3,"enemies":"3 Shapes","floor":37,"turns":3},{"damage":18,"enemies":"Writhing Mass","floor":40,"turns":3},{"damage":21,"enemies":"Nemesis","floor":41,"turns":5},{"damage":0,"enemies":"Spire Growth","floor":42,"turns":1},{"damage":0,"enemies":"Giant Head","floor":44,"turns":3},{"damage":3,"enemies":"Sphere and 2 Shapes","floor":46,"turns":4},{"damage":11,"enemies":"Reptomancer","floor":47,"turns":3},{"damage":15,"enemies":"3 Darklings","floor":48,"turns":2},{"damage":52,"enemies":"Donu and Deca","floor":50,"turns":6},{"damage":63,"enemies":"Shield and Spear","floor":54,"turns":4},{"damage":76,"enemies":"The Heart","floor":55,"turns":4}],"seed_played":"3605133993057888055","potions_obtained":[{"floor":1,"key":"BlessingOfTheForge"},{"floor":3,"key":"Block Potion"},{"floor":4,"key":"Ancient Potion"},{"floor":10,"key":"EntropicBrew"},{"floor":21,"key":"Block Potion"},{"floor":24,"key":"Strength Potion"},{"floor":29,"key":"FairyPotion"},{"floor":37,"key":"LiquidMemories"}],"is_trial":false,"path_per_floor":["M","?","M","M","?","R","E","$","T","E","R","E","R","$","R","B",null,"M","?","$","M","?","E","M","E","T","M","R","M","R","E","R","B",null,"M","?","M","?","$","M","E","M","T","E","R","M","E","M","R","B",null,"R","$","E","B",null],"character_chosen":"DEFECT","items_purchased":["Orrery","Rebound","Leap","ClockworkSouvenir","Omamori","DollysMirror"],"campfire_rested":5,"item_purchase_floors":[8,14,14,39,39,53],"current_hp_per_floor":[75,75,75,75,75,75,49,49,49,31,53,35,57,57,57,20,75,53,53,53,54,54,38,33,37,37,16,51,53,65,65,77,23,83,77,77,78,78,78,62,45,49,49,53,89,88,81,70,82,32,95,95,95,34,38],"gold":78,"neow_bonus":"THREE_ENEMY_KILL","is_daily":false,"chose_seed":false,"campfire_upgraded":4,"win_rate":0.0,"timestamp":1611598985,"path_taken":["M","?","M","?","?","R","E","$","T","E","R","E","R","$","R","BOSS","M","?","$","M","?","E","M","E","T","M","R","M","R","E","R","BOSS","M","?","M","?","$","M","E","M","T","E","R","M","E","M","R","BOSS","R","$","E","BOSS"],"items_purchased_type":["Relic","Card","Card","Relic","Relic","Relic"],"build_version":"2020-12-22","purchased_purges":1,"victory":true,"max_hp_per_floor":[75,75,75,75,75,75,75,75,75,75,75,75,75,75,75,75,75,75,75,75,75,75,75,75,77,77,79,79,79,79,81,81,83,83,85,81,83,83,83,83,85,87,87,89,89,91,93,95,95,95,95,95,95,97,97],"relic_stats":{"Singing Bowl":26,"counters":[28,104],"Eternal Feather":60,"Pen Nib":[38],"PreservedInsect":425,"Bag of Preparation":[16],"Orichalcum":[30],"War Paint":["Leap","Dualcast"],"Boot":[183],"Question Card":14,"MawBank":108,"Cables":[15,15,0,0,0],"Blood Vial":40,"Mummified Hand":[0],"Sundial":[0],"Black Star":7,"Kunai":[67],"obtain_stats":[{"Singing Bowl":25,"Bag of Preparation":41,"Boot":23,"ClockworkSouvenir":39,"Blood Vial":9,"HornCleat":23,"Mummified Hand":47,"Sundial":47,"DollysMirror":53,"Fusion Hammer":34,"Kunai":31,"Cracked Core":0,"NeowsBlessing":0,"Eternal Feather":26,"Pen Nib":10,"PreservedInsect":12,"Omamori":39,"Orichalcum":31,"War Paint":54,"Question Card":25,"MawBank":44,"Cables":41,"Orrery":8,"Black Star":17,"StrikeDummy":7,"Symbiotic Virus":54,"Toy Ornithopter":44},{"Singing Bowl":12,"Bag of Preparation":20,"Boot":10,"ClockworkSouvenir":18,"Blood Vial":4,"HornCleat":10,"Mummified Hand":24,"Sundial":24,"DollysMirror":26,"Fusion Hammer":16,"Kunai":15,"Cracked Core":0,"NeowsBlessing":0,"Eternal Feather":12,"Pen Nib":5,"PreservedInsect":6,"Omamori":18,"Orichalcum":15,"War Paint":27,"Question Card":12,"MawBank":22,"Cables":20,"Orrery":4,"Black Star":7,"StrikeDummy":4,"Symbiotic Virus":27,"Toy Ornithopter":22},{"Singing Bowl":48,"Bag of Preparation":77,"Boot":40,"ClockworkSouvenir":69,"Blood Vial":11,"HornCleat":40,"Mummified Hand":88,"Sundial":88,"DollysMirror":96,"Fusion Hammer":64,"Kunai":57,"Cracked Core":0,"NeowsBlessing":0,"Eternal Feather":48,"Pen Nib":18,"PreservedInsect":22,"Omamori":69,"Orichalcum":57,"War Paint":100,"Question Card":48,"MawBank":81,"Cables":77,"Orrery":11,"Black Star":30,"StrikeDummy":11,"Symbiotic Virus":100,"Toy Ornithopter":81}],"Toy Ornithopter":20},"card_choices":[{"not_picked":["Chaos","Coolheaded"],"picked":"Auto Shields","floor":1},{"not_picked":["Capacitor","Steam"],"picked":"Gash","floor":3},{"not_picked":["Turbo","Lockon"],"picked":"Beam Cell","floor":4},{"not_picked":["Glacier","Sweeping Beam"],"picked":"Hologram","floor":7},{"not_picked":["Scrape","Fusion"],"picked":"Gash","floor":8},{"not_picked":["Static Discharge","Barrage"],"picked":"Hologram","floor":8},{"not_picked":["Beam Cell","Barrage"],"picked":"Go for the Eyes","floor":10},{"not_picked":["Melter","Coolheaded"],"picked":"Seek","floor":12},{"not_picked":["Machine Learning","Creative AI"],"picked":"All For One","floor":16},{"not_picked":["Redo","Force Field"],"picked":"Gash","floor":18},{"not_picked":["Barrage+1","Cold Snap+1"],"picked":"Beam Cell","floor":21},{"not_picked":["Buffer","Redo"],"picked":"Rebound","floor":23},{"not_picked":["Rebound","Compile Driver"],"picked":"Skim","floor":24},{"not_picked":["Auto Shields","Coolheaded","Aggregate+1"],"picked":"Singing Bowl","floor":25},{"not_picked":["Auto Shields+1","Streamline+1","Sweeping Beam","Compile Driver"],"picked":"Singing Bowl","floor":27},{"not_picked":["Sweeping Beam","Lockon","Compile Driver"],"picked":"Gash","floor":29},{"not_picked":["Stack+1","Sweeping Beam+1","Lockon+1","Compile Driver"],"picked":"Singing Bowl","floor":31},{"not_picked":["Core Surge","Machine Learning","Thunder Strike","Electrodynamics"],"picked":"Singing Bowl","floor":33},{"not_picked":["Genetic Algorithm+1","Force Field","Redo","Turbo"],"picked":"Singing Bowl","floor":35},{"not_picked":["Cold Snap+1","Chill+1","Beam Cell","Reinforced Body"],"picked":"Singing Bowl","floor":37},{"not_picked":["Conserve Battery+1","Barrage+1","Gash+1"],"picked":"Steam Power+1","floor":40},{"not_picked":["Beam Cell","Barrage","Stack+1","Conserve Battery"],"picked":"Singing Bowl","floor":41},{"not_picked":["Meteor Strike","Sunder","Streamline","Turbo+1"],"picked":"Singing Bowl","floor":42},{"not_picked":["Skim+1","Leap+1","Aggregate+1","Barrage"],"picked":"Singing Bowl","floor":44},{"not_picked":["Genetic Algorithm","Redo+1","Beam Cell+1","Leap+1"],"picked":"Singing Bowl","floor":46},{"not_picked":["Sweeping Beam+1","Chill+1","Undo+1","Echo Form"],"picked":"Singing Bowl","floor":47},{"not_picked":["Rip and Tear+1","Go for the Eyes+1","Cold Snap","Reprogram+1"],"picked":"Singing Bowl","floor":48},{"not_picked":["Sweeping Beam","Turbo+1","Leap","Ball Lightning+1"],"picked":"Singing Bowl","floor":54}],"player_experience":155539,"relics_obtained":[{"floor":7,"key":"StrikeDummy"},{"floor":9,"key":"Blood Vial"},{"floor":10,"key":"Pen Nib"},{"floor":12,"key":"PreservedInsect"},{"floor":23,"key":"HornCleat"},{"floor":23,"key":"Boot"},{"floor":25,"key":"Question Card"},{"floor":25,"key":"Singing Bowl"},{"floor":26,"key":"Eternal Feather"},{"floor":31,"key":"Orichalcum"},{"floor":31,"key":"Kunai"},{"floor":41,"key":"Cables"},{"floor":41,"key":"Bag of Preparation"},{"floor":44,"key":"Toy Ornithopter"},{"floor":44,"key":"MawBank"},{"floor":47,"key":"Mummified Hand"},{"floor":47,"key":"Sundial"},{"floor":54,"key":"War Paint"},{"floor":54,"key":"Symbiotic Virus"}],"event_choices":[{"cards_removed":["Strike_B"],"damage_healed":0,"gold_gain":0,"player_choice":"Purged","damage_taken":0,"max_hp_gain":0,"max_hp_loss":0,"event_name":"Purifier","floor":2,"gold_loss":0},{"damage_healed":0,"gold_gain":0,"player_choice":"Grow","damage_taken":0,"max_hp_gain":0,"max_hp_loss":0,"event_name":"Living Wall","floor":5,"gold_loss":0,"cards_upgraded":["Zap"]},{"cards_removed":["Defend_B"],"damage_healed":0,"gold_gain":0,"player_choice":"Gave Gold","damage_taken":0,"max_hp_gain":0,"max_hp_loss":0,"event_name":"Beggar","floor":19,"gold_loss":75},{"cards_removed":["Strike_B"],"damage_healed":0,"gold_gain":0,"player_choice":"Offered Basic","damage_taken":0,"max_hp_gain":0,"max_hp_loss":0,"event_name":"Bonfire Elementals","floor":22,"gold_loss":0},{"damage_healed":0,"gold_gain":0,"player_choice":"Max HP","damage_taken":0,"max_hp_gain":0,"max_hp_loss":4,"event_name":"Winding Halls","floor":36,"gold_loss":0},{"damage_healed":0,"gold_gain":0,"player_choice":"Ignored","damage_taken":0,"max_hp_gain":0,"max_hp_loss":0,"event_name":"Tomb of Lord Red Mask","floor":38,"gold_loss":0}],"is_beta":false,"boss_relics":[{"not_picked":["SlaversCollar","Velvet Choker"],"picked":"Black Star"},{"not_picked":["Snecko Eye","Coffee Dripper"],"picked":"Fusion Hammer"}],"items_purged_floors":[53],"is_endless":false,"potions_floor_spawned":[1,3,4,10,21,24,29,31,37,40,42,44,47],"ascension_level":4}}