{"host":"b4vwm7jq6jdk6nca","time":1611592379,"event":{"mods":["Act Like it!","BaseMod","Downfall","Minty Spire (QoL Compilation)","Quick Restart","Relic Filter Mod","StSLib","TestMod","The Cursed","[IsaacMod]以撒尖塔"],"gold_per_floor":[130,130,180,195,208,237,237,250,250,293,310,322,25,36,36,122,122,142,156,206,48,61,61,80,122,122,132,132,132,82,95,95,172,172,189,205,205,205,205],"floor_reached":38,"language":"ZHS","playtime":2525,"items_purged":["Strike_G","Defend_G"],"score":1070,"play_id":"70d23249-c98c-4211-880a-b1530451a3fa","local_time":"20210126003259","is_ascension_mode":true,"campfire_choices":[{"data":"Cloak And Dagger","floor":7.0,"key":"SMITH"},{"data":"Footwork","floor":15.0,"key":"SMITH"},{"data":"Neutralize","floor":23.0,"key":"SMITH"},{"data":"Acrobatics","floor":29.0,"key":"SMITH"},{"data":"Riddle With Holes","floor":32.0,"key":"SMITH"}],"circlet_count":0,"master_deck":["AscendersBane","Strike_G","Strike_G","Strike_G","Defend_G","Defend_G","Defend_G","Survivor","Neutralize+1","BettingIsNotGood","Quick Slash","Footwork+1","Cloak And Dagger+1","All Out Attack","Terror","Prepared","Leg Sweep","Riddle With Holes+1","Dash","Storm of Steel","Acrobatics+1","Cloak And Dagger+1","Backflip","Burst"],"relics":["Ring of the Snake","testmod-TestBox","HushsDoor","DeadEye","testmod-Fanaticism","UnicornStump","testmod-AssaultLearning","Smiling Mask","GuppysHead","Gremlin Horn","Sling","testmod-Temperance","GuppysPaw","Chemical X","AnarchistCookbook","InkBottle","NeowsBlessing","testmod-Nine","BelialBook","SatanicBible"],"acts_visited":["Exordium","TheCity","TheBeyond"],"potions_floor_usage":[],"damage_taken":[{"damage":0.0,"enemies":"Small Slimes","floor":1.0,"turns":2.0},{"damage":0.0,"enemies":"Hiden Room Battle","floor":3.0,"turns":1.0},{"damage":0.0,"enemies":"Jaw Worm","floor":4.0,"turns":1.0},{"damage":0.0,"enemies":"Cultist","floor":5.0,"turns":3.0},{"damage":0.0,"enemies":"Gremlin Nob","floor":6.0,"turns":1.0},{"damage":0.0,"enemies":"Lots of Slimes","floor":8.0,"turns":2.0},{"damage":3.0,"enemies":"Lagavulin","floor":10.0,"turns":3.0},{"damage":2.0,"enemies":"Large Slime","floor":11.0,"turns":4.0},{"damage":10.0,"enemies":"2 Fungi Beasts","floor":12.0,"turns":2.0},{"damage":0.0,"enemies":"Blue Slaver","floor":14.0,"turns":1.0},{"damage":0.0,"enemies":"The Guardian","floor":16.0,"turns":8.0},{"damage":11.0,"enemies":"2 Thieves","floor":18.0,"turns":3.0},{"damage":8.0,"enemies":"3 Byrds","floor":19.0,"turns":2.0},{"damage":2.0,"enemies":"Snecko","floor":22.0,"turns":3.0},{"damage":0.0,"enemies":"3 Cultists","floor":24.0,"turns":2.0},{"damage":16.0,"enemies":"Book of Stabbing","floor":25.0,"turns":4.0},{"damage":2.0,"enemies":"Centurion and Healer","floor":27.0,"turns":4.0},{"damage":0.0,"enemies":"Shelled Parasite and Fungi","floor":31.0,"turns":1.0},{"damage":0.0,"enemies":"Automaton","floor":33.0,"turns":1.0},{"damage":0.0,"enemies":"3 Darklings","floor":35.0,"turns":1.0},{"damage":0.0,"enemies":"3 Shapes","floor":36.0,"turns":1.0},{"damage":0,"enemies":"Writhing Mass","floor":38,"turns":1}],"seed_played":"3525792644245697809","potions_obtained":[{"floor":3.0,"key":"EssenceOfSteel"},{"floor":4.0,"key":"testmod-EscapePotion"},{"floor":6.0,"key":"SkillPotion"},{"floor":8.0,"key":"Dexterity Potion"},{"floor":16.0,"key":"Fire Potion"},{"floor":24.0,"key":"Strength Potion"},{"floor":25.0,"key":"Swift Potion"},{"floor":33.0,"key":"Strength Potion"}],"is_trial":false,"path_per_floor":["M","?","?","M","M","E","R","M","T","E","M","M","$","M","R","B",null,"M","M","?","$","M","R","M","E","T","M","?","R","$","M","R","B",null,"M","M","?","M"],"character_chosen":"THE_SILENT","items_purchased":["Sling","Dash","GuppysPaw","Chemical X","BelialBook","SatanicBible"],"campfire_rested":0,"item_purchase_floors":[13,13,17,21,34,34],"current_hp_per_floor":[59,52,37,37,42,42,42,42,42,39,42,32,32,32,32,32,50,40,36,36,36,34,34,34,45,45,43,43,43,43,43,43,43,36,36,36,36,36,36],"gold":205,"neow_bonus":"THREE_ENEMY_KILL","is_daily":false,"chose_seed":false,"campfire_upgraded":5,"win_rate":0.0,"timestamp":1611592379,"path_taken":["M","?","?","M","M","E","R","M","T","E","M","M","$","M","R","BOSS","M","M","?","$","M","R","M","E","T","M","?","R","$","?","R","BOSS","M","M","?","M"],"items_purchased_type":["Relic","Card","Relic","Relic","Relic","Relic"],"build_version":"2020-12-22","purchased_purges":2,"victory":false,"max_hp_per_floor":[66,66,66,66,66,66,66,66,66,66,66,66,66,66,66,66,56,56,56,56,56,56,56,56,56,56,56,56,56,56,56,56,56,36,36,36,36,36,36],"card_choices":[{"not_picked":[],"picked":"BettingIsNotGood","floor":0.0},{"not_picked":["Sucker Punch","Deadly Poison"],"picked":"Quick Slash","floor":1.0},{"not_picked":["Tactician","Deadly Poison"],"picked":"Footwork","floor":3.0},{"not_picked":["Masterful Stab","Acrobatics"],"picked":"Cloak And Dagger","floor":4.0},{"not_picked":["Blur","Outmaneuver"],"picked":"All Out Attack","floor":5.0},{"not_picked":["Choke","Grand Finale"],"picked":"Terror","floor":6.0},{"not_picked":["PiercingWail","Bane"],"picked":"Prepared","floor":8.0},{"not_picked":["Blur","Expertise"],"picked":"Leg Sweep","floor":10.0},{"not_picked":["Backflip","Predator"],"picked":"Riddle With Holes","floor":11.0},{"not_picked":["Deflect","Predator","Sucker Punch"],"picked":"SKIP","floor":12.0},{"not_picked":["Storm of Steel","Dagger Spray","Dash"],"picked":"SKIP","floor":14.0},{"not_picked":["Malaise","Wraith Form v2"],"picked":"Storm of Steel","floor":16.0},{"not_picked":["Riddle With Holes","Blade Dance"],"picked":"Acrobatics","floor":18.0},{"not_picked":["Quick Slash","Flying Knee","Catalyst+1"],"picked":"SKIP","floor":19.0},{"not_picked":["Flying Knee","Slice","Dash"],"picked":"SKIP","floor":22.0},{"not_picked":["Slice+1","Outmaneuver+1"],"picked":"Cloak And Dagger+1","floor":24.0},{"not_picked":["Calculated Gamble","Leg Sweep","Bane"],"picked":"SKIP","floor":25.0},{"not_picked":["Tools of the Trade","Endless Agony","Dagger Throw"],"picked":"SKIP","floor":27.0},{"not_picked":["Reflex","Poisoned Stab"],"picked":"Backflip","floor":31.0},{"not_picked":["Storm of Steel","Bullet Time"],"picked":"Burst","floor":33.0},{"not_picked":["Dodge and Roll","Cloak And Dagger","Leg Sweep"],"picked":"SKIP","floor":35.0},{"not_picked":["Outmaneuver","Dodge and Roll","Bane+1"],"picked":"SKIP","floor":36.0}],"player_experience":297468,"relics_obtained":[{"floor":3.0,"key":"UnicornStump"},{"floor":3.0,"key":"testmod-AssaultLearning"},{"floor":6.0,"key":"Smiling Mask"},{"floor":9.0,"key":"GuppysHead"},{"floor":10.0,"key":"Gremlin Horn"},{"floor":25.0,"key":"AnarchistCookbook"},{"floor":26.0,"key":"InkBottle"}],"event_choices":[{"cards_removed":["Strike_G"],"damage_healed":0.0,"max_hp_gain":0.0,"max_hp_loss":0.0,"gold_gain":0.0,"event_name":"Golden Wing","player_choice":"Card Removal","floor":2.0,"gold_loss":0.0,"damage_taken":7.0},{"damage_healed":0.0,"max_hp_gain":0.0,"max_hp_loss":0.0,"gold_gain":0.0,"event_name":"HidenRoomEvent","player_choice":"Fight","floor":3.0,"gold_loss":0.0,"damage_taken":0.0},{"damage_healed":0.0,"max_hp_gain":0.0,"max_hp_loss":0.0,"gold_gain":50.0,"event_name":"Nest","player_choice":"Stole From Cult","floor":20.0,"gold_loss":0.0,"damage_taken":0.0},{"damage_healed":0.0,"max_hp_gain":0.0,"max_hp_loss":0.0,"gold_gain":0.0,"event_name":"给自己的盒子","player_choice":"Swap Relic","floor":28.0,"relics_lost":["NeowsBlessing"],"gold_loss":0.0,"damage_taken":0.0,"relics_obtained":["NeowsBlessing"]},{"damage_healed":0.0,"max_hp_gain":0.0,"max_hp_loss":0.0,"gold_gain":0.0,"event_name":"Tomb of Lord Red Mask","player_choice":"Ignored","floor":37.0,"gold_loss":0.0,"damage_taken":0.0}],"is_beta":false,"boss_relics":[{"not_picked":["testmod-EnergyCheck","Astrolabe"],"picked":"testmod-Temperance"},{"not_picked":[]},{"not_picked":["bronze:MakeshiftBattery","testmod-CardMagician"],"picked":"testmod-Nine"},{"not_picked":[]}],"items_purged_floors":[13,30],"is_endless":false,"potions_floor_spawned":[3,4,6,8,16,24,25,31,33,36],"killed_by":"Writhing Mass","ascension_level":20}}