{"host":"bpkhhmvsfrvlto2l","time":1611588977,"event":{"mods":["2.2 Compatiblity","AchievementEnabler","Act Like it!","AlwaysNeverKeys","Aspiration","BaseMod","Better Silent Start","Challenge The Spire","Colored Map","Colored Powertips","Custom Start","Energized Spire","Friendly Minions","GifTheSpireLib","Halation","Hubris","Infinite Spire","Ironclad Rager","Mimic Mod","Minty Spire (QoL Compilation)","Permanent Neow","Quick Restart","Random Character Button","Relic Sorter","Replay The Spire","Spikes Relics","StSLib","Stuff the Spire","Swap Starting Deck Mod","Trackpad"],"gold_per_floor":[115,115,115,129,148,148,177,190,241,256,271,89,116,191,191,289,289,309,328,345,364,61,71,104,104,104,119,119,150,150,150,150,251,251,271,281,1,1,19,19,52,52,52,52,67,81,81,111,111,111],"floor_reached":51,"language":"ENG","playtime":1424,"items_purged":["Shame"],"score":1071,"play_id":"04e53608-c6b2-4c80-814e-79132755a5e5","local_time":"20210125103617","is_ascension_mode":true,"campfire_choices":[{"data":"Fire Breathing","floor":6,"key":"SMITH"},{"data":"Wild Strike","floor":15,"key":"SMITH"},{"data":"StuffTheSpire:Harmony","floor":28,"key":"SMITH"},{"floor":32,"key":"DIG"},{"data":"Fire Breathing","floor":40,"key":"SMITH"},{"data":"Fire Breathing","floor":42,"key":"SMITH"},{"data":"Power Through","floor":49,"key":"SMITH"}],"circlet_count":0,"master_deck":["Reckless Charge","Reckless Charge","Reckless Charge","Reckless Charge","Wild Strike+1","Power Through","Power Through","Power Through","Power Through+1","Fire Breathing+1","Battle Trance+1","Feed+1","StuffTheSpire:Harmony+1","Fire Breathing+1","Fire Breathing+1"],"relics":["Black Blood","SpikesRelics:DaevaFist","Golden Egg","StuffTheSpire:Rhapsscallions","trackpad:Mousetrap","StuffTheSpire:Experiment12","Akabeko","Coffee Dripper","StuffTheSpire:Saxophone","hubris:ToyBattleship","Lantern","Omamori","WizardHat","aspiration:SeaSaltIceCream","aspiration:Nostalgia","Iron Core","halation:LostSnail","infinitespire:Lucky Rock","Membership Card","infinitespire:Broken Mirror","Ancient Tea Set","Toxic Egg 2","ReplayFunnel","Shuriken"],"acts_visited":["Exordium","TheCity","TheBeyond"],"potions_floor_usage":[16,24,27,33,33,50,50],"damage_taken":[{"damage":0,"enemies":"Jaw Worm","floor":1,"turns":4},{"damage":14,"enemies":"infinitespire:Voidling","floor":4,"turns":3},{"damage":3,"enemies":"2 Louse","floor":5,"turns":3},{"damage":12,"enemies":"Lagavulin","floor":7,"turns":5},{"damage":0,"enemies":"Looter","floor":8,"turns":2},{"damage":0,"enemies":"Gremlin Gang","floor":10,"turns":3},{"damage":0,"enemies":"Red Slaver","floor":11,"turns":2},{"damage":0,"enemies":"Replay:BlueRogue","floor":13,"turns":3},{"damage":15,"enemies":"Hexaghost","floor":16,"turns":6},{"damage":0,"enemies":"Spheric Guardian","floor":18,"turns":3},{"damage":0,"enemies":"Chosen","floor":19,"turns":2},{"damage":16,"enemies":"Snecko","floor":20,"turns":5},{"damage":0,"enemies":"Shelled Parasite and Fungi","floor":21,"turns":3},{"damage":0,"enemies":"Cultist and Chosen","floor":23,"turns":5},{"damage":6,"enemies":"Book of Stabbing","floor":24,"turns":4},{"damage":22,"enemies":"Sentry and Sphere","floor":27,"turns":4},{"damage":23,"enemies":"Gremlin Leader","floor":29,"turns":5},{"damage":0,"enemies":"Champ","floor":33,"turns":7},{"damage":0,"enemies":"Orb Walker","floor":35,"turns":2},{"damage":8,"enemies":"3 Shapes","floor":36,"turns":3},{"damage":5,"enemies":"Maw","floor":39,"turns":5},{"damage":0,"enemies":"R_Hoarder","floor":41,"turns":6},{"damage":0,"enemies":"3 Darklings","floor":45,"turns":2},{"damage":5,"enemies":"Sphere and 2 Shapes","floor":46,"turns":4},{"damage":4,"enemies":"Reptomancer","floor":48,"turns":4},{"damage":32,"enemies":"Time Eater","floor":50,"turns":7}],"seed_played":"-2041008801063179354","potions_obtained":[{"floor":1,"key":"BlessingOfTheForge"},{"floor":4,"key":"Explosive Potion"},{"floor":13,"key":"CultistPotion"},{"floor":16,"key":"Explosive Potion"},{"floor":23,"key":"FearPotion"},{"floor":24,"key":"SkillPotion"},{"floor":27,"key":"Weak Potion"},{"floor":29,"key":"Flashbang"},{"floor":35,"key":"infinitespire:BlackPotion"},{"floor":41,"key":"BlessingOfTheForge"}],"is_trial":false,"path_per_floor":["M","?","?","M","M","R","E","M","T","M","M","$","E","?","R","B",null,"M","M","M","M","$","M","E","?","T","M","R","E","?","AVR","R_BF","B",null,"M","M","$","?","M","R","E","R","T","?","M","M","AVR","E","R","B",null],"character_chosen":"IRONCLAD","items_purchased":["Battle Trance","StuffTheSpire:Experiment12","StuffTheSpire:Saxophone","hubris:ToyBattleship","Membership Card","infinitespire:Broken Mirror"],"campfire_rested":0,"item_purchase_floors":[12,12,22,22,37,37],"current_hp_per_floor":[60,60,60,52,55,55,55,61,61,66,66,66,66,55,55,46,66,70,70,60,66,66,70,70,70,70,54,54,38,38,38,38,45,70,70,74,74,74,74,74,74,74,74,74,74,74,74,74,74,54],"gold":111,"neow_bonus":"","is_daily":false,"chose_seed":false,"campfire_upgraded":6,"win_rate":0.0,"timestamp":1611588977,"path_taken":["M","?","?","M","M","R","E","M","T","?","M","$","E","?","R","BOSS","M","M","M","M","$","M","E","?","T","M","R","E","?","AVR","R_BF","BOSS","M","M","$","?","M","R","E","R","T","?","M","M","AVR","E","R","BOSS"],"items_purchased_type":["Card","Relic","Relic","Relic","Relic","Relic"],"build_version":"2020-12-22","purchased_purges":1,"victory":true,"max_hp_per_floor":[60,60,60,60,60,60,66,66,66,66,66,66,66,66,66,66,66,70,70,70,70,70,70,70,70,70,70,70,70,70,70,70,70,70,70,74,74,74,74,74,74,74,74,74,74,74,74,74,74,74],"card_choices":[{"not_picked":["Headbutt","hubris:SharpeningStone","Twin Strike"],"picked":"SKIP","floor":4},{"not_picked":["Inflame","True Grit","StuffTheSpire:Incineration"],"picked":"SKIP","floor":7},{"not_picked":["Hemogenesis","Demon Form"],"picked":"Feed","floor":16},{"not_picked":["hubris:CleavingFinish+1","Power Through","Infernal Blade"],"picked":"SKIP","floor":19},{"not_picked":["Metallicize","Limit Break"],"picked":"Fire Breathing","floor":29},{"not_picked":["ReplayTheSpireMod:Muscle Training","Rage"],"picked":"Fire Breathing","floor":39},{"not_picked":["Warcry+1","Battle Trance+1","Shrug It Off+1"],"picked":"SKIP","floor":45}],"player_experience":108244,"relics_obtained":[{"floor":7,"key":"StuffTheSpire:Rhapsscallions"},{"floor":9,"key":"trackpad:Mousetrap"},{"floor":13,"key":"Akabeko"},{"floor":24,"key":"Lantern"},{"floor":26,"key":"WizardHat"},{"floor":29,"key":"aspiration:SeaSaltIceCream"},{"floor":32,"key":"infinitespire:Lucky Rock"},{"floor":41,"key":"Ancient Tea Set"},{"floor":43,"key":"Toxic Egg 2"},{"floor":48,"key":"Shuriken"}],"event_choices":[{"damage_healed":0,"gold_gain":0,"player_choice":"Gave Potion","damage_taken":0,"relics_obtained":["Golden Egg"],"max_hp_gain":0,"max_hp_loss":0,"event_name":"WeMeetAgain","floor":3,"gold_loss":0},{"damage_healed":0,"gold_gain":75,"player_choice":"Gather Gold","damage_taken":11,"max_hp_gain":0,"max_hp_loss":0,"event_name":"World of Goop","floor":14,"gold_loss":0},{"damage_healed":0,"gold_gain":0,"player_choice":"Stole Relic","damage_taken":0,"relics_obtained":["Omamori"],"max_hp_gain":0,"max_hp_loss":0,"event_name":"Addict","floor":25,"gold_loss":0,"cards_obtained":["Shame"]},{"damage_healed":0,"gold_gain":0,"player_choice":"Smashed Altar","damage_taken":0,"max_hp_gain":0,"max_hp_loss":0,"event_name":"Forgotten Altar","floor":30,"gold_loss":0,"cards_obtained":["Decay"]},{"damage_healed":0,"gold_gain":0,"player_choice":"Ignored","damage_taken":0,"max_hp_gain":0,"max_hp_loss":0,"event_name":"Transmorgrifier","floor":44,"gold_loss":0}],"is_beta":false,"boss_relics":[{"not_picked":["StuffTheSpire:RunicHypercube","hubris:GrandSneckoEye"],"picked":"Coffee Dripper"},{"not_picked":["SlaversCollar","energizedSpire:SpiderWeb"],"picked":"Black Blood"}],"items_purged_floors":[31],"is_endless":false,"potions_floor_spawned":[1,4,13,16,23,24,27,29,35,41,45],"ascension_level":4}}