{"host":"uv5ws9rdk87e8i5k","time":1611539205,"event":{"mods":["AchievementEnabler","BaseMod","Colored Map","Minty Spire (QoL Compilation)","StSLib","SuperFastMode","The Necromancer"],"gold_per_floor":[113,126,139,150,13,47,47,58,58,78,107,121,121,146,146,250,250,267,287,301,301,40,71,71,71,71,71,102,120,133,133,133],"floor_reached":31,"language":"ENG","playtime":672,"items_purged":[],"score":329,"play_id":"d75b2d34-475a-4227-ad2b-b60a03d0db36","local_time":"20210124194645","is_ascension_mode":true,"campfire_choices":[{"data":"Necrotic_Claws","floor":7,"key":"SMITH"},{"data":"Summon_Undead_Army","floor":13,"key":"SMITH"},{"data":"Summon_Vampire_Lady","floor":15,"key":"SMITH"},{"data":"Blood_Wake","floor":24,"key":"SMITH"},{"data":"Summon_Lich","floor":27,"key":"SMITH"}],"circlet_count":0,"master_deck":["Strike_W","Strike_W","Strike_W","Strike_W","Defend_W","Defend_W","Defend_W","Defend_W","Negative_Energy_Arrows","Bone_Wall","Hellfire","Necrotic_Claws+1","Grasp_Heart","Vampiric_Strike","Summon_Undead_Army+1","Bone_Shift","Summon_Vampire_Lady+1","Blood_Wake+1","Summon_Undead+1","Bone_Armor","Vampiric_Strike","Summon_Lich+1"],"relics":["Vampire_Amulet","Omamori","Tiny Chest","Regal Pillow","InkBottle","Cursed Key","HornCleat","Smiling Mask","White Beast Statue","Pocketwatch"],"acts_visited":["Exordium","TheCity"],"potions_floor_usage":[6,6,11,11,14,19,19,19,23,29,31,31],"damage_taken":[{"damage":0.0,"enemies":"Cultist","floor":1.0,"turns":3.0},{"damage":4.0,"enemies":"Jaw Worm","floor":2.0,"turns":2.0},{"damage":0.0,"enemies":"2 Louse","floor":3.0,"turns":2.0},{"damage":6.0,"enemies":"Looter","floor":4.0,"turns":2.0},{"damage":14,"enemies":"3 Sentries","floor":6,"turns":7},{"damage":0,"enemies":"2 Fungi Beasts","floor":8,"turns":2},{"damage":1,"enemies":"3 Louse","floor":10,"turns":2},{"damage":16,"enemies":"Lagavulin","floor":11,"turns":5},{"damage":3,"enemies":"Looter","floor":12,"turns":2},{"damage":18,"enemies":"3 Sentries","floor":14,"turns":5},{"damage":18,"enemies":"Slime Boss","floor":16,"turns":5},{"damage":22,"enemies":"Spheric Guardian","floor":18,"turns":4},{"damage":22,"enemies":"2 Thieves","floor":19,"turns":4},{"damage":17,"enemies":"Snake Plant","floor":20,"turns":3},{"damage":41,"enemies":"Slavers","floor":23,"turns":4},{"damage":18,"enemies":"Book of Stabbing","floor":28,"turns":4},{"damage":29,"enemies":"Centurion and Healer","floor":29,"turns":5},{"damage":4,"enemies":"Snecko","floor":30,"turns":3},{"damage":30,"enemies":"Slavers","floor":31,"turns":3}],"seed_played":"4287990257862033090","potions_obtained":[{"floor":1.0,"key":"Weak Potion"},{"floor":2.0,"key":"Swift Potion"},{"floor":4.0,"key":"BlessingOfTheForge"},{"floor":6,"key":"DistilledChaos"},{"floor":10,"key":"SpeedPotion"},{"floor":18,"key":"EntropicBrew"},{"floor":28,"key":"DuplicationPotion"},{"floor":29,"key":"ColorlessPotion"},{"floor":30,"key":"LiquidBronze"}],"is_trial":false,"path_per_floor":["M","M","M","M","$","E","R","M","T","M","E","M","R","E","R","B",null,"M","M","M","?","$","E","R","?","T","R","E","M","M","E"],"character_chosen":"NECROMANCER","items_purchased":["Grasp_Heart","HornCleat"],"campfire_rested":0,"item_purchase_floors":[5,22],"current_hp_per_floor":[75,73,75,71,71,63,63,67,67,72,60,59,59,49,49,41,75,59,62,54,54,54,30,30,30,30,30,26,9,12,0,0],"gold":133,"neow_bonus":"ONE_RANDOM_RARE_CARD","is_daily":false,"chose_seed":false,"campfire_upgraded":5,"win_rate":0.0,"timestamp":1611539205,"path_taken":["M","M","?","M","$","E","R","?","T","M","E","M","R","E","R","BOSS","M","M","M","?","$","E","R","?","T","R","E","M","M","E"],"items_purchased_type":["Card","Relic"],"build_version":"2020-12-22","purchased_purges":0,"victory":false,"max_hp_per_floor":[75,75,75,75,75,75,75,75,75,75,75,75,75,75,75,75,75,75,75,75,75,75,75,75,75,75,75,75,75,75,75,75],"card_choices":[{"not_picked":["Life_Drain","Life_Tap"],"picked":"Necrotic_Claws","floor":1.0},{"not_picked":["Death_March_Dance","Death_Knell","Blood_Curse"],"picked":"SKIP","floor":2.0},{"not_picked":["Death_March_Dance","Toxic_Smoke_Screen","Chill_Blood"],"picked":"SKIP","floor":3.0},{"not_picked":["Bones_to_Steel","Blood_Curse","Negative_Energy_Shield"],"picked":"SKIP","floor":4.0},{"not_picked":["Blood_Curse","Violent_Necrosis","Reap_The_Weak"],"picked":"SKIP","floor":6},{"not_picked":["Blood_for_Blood","Consume_Illness"],"picked":"Vampiric_Strike","floor":8},{"not_picked":["Bone_Spikes","Death_March_Dance"],"picked":"Summon_Undead_Army","floor":10},{"not_picked":["Shackles_Of_Pain","Scare","Blood_for_Blood"],"picked":"SKIP","floor":11},{"not_picked":["Life_Drain","Flesh_Made_Foul"],"picked":"Bone_Shift","floor":12},{"not_picked":["Bone_Spikes","Blood_Curse"],"picked":"Summon_Vampire_Lady","floor":14},{"not_picked":["Cloudkill","Blood_Magic"],"picked":"Blood_Wake","floor":16},{"not_picked":["Toxic_Smoke_Screen","Finger_Of_Death"],"picked":"Summon_Undead+1","floor":18},{"not_picked":["Consume_Illness+1","Blood_Whip+1"],"picked":"Bone_Armor","floor":19},{"not_picked":["Thousand_Bone_Knives+1","Bone_Shift"],"picked":"Vampiric_Strike","floor":20},{"not_picked":["Acid_Javelin","Blood_Shield","Death_March_Dance"],"picked":"SKIP","floor":23},{"not_picked":["Death_Coil","Cloudkill","Negative_Energy_Shield"],"picked":"SKIP","floor":28},{"not_picked":["Finger_Of_Death+1","Toxic_Smoke_Screen","Negative_Energy_Javelin"],"picked":"SKIP","floor":29},{"not_picked":["Negative_Energy_Mist","Finger_Of_Death","Toxic_Smoke_Screen"],"picked":"SKIP","floor":30}],"player_experience":247442,"relics_obtained":[{"floor":6,"key":"Omamori"},{"floor":9,"key":"Tiny Chest"},{"floor":11,"key":"Regal Pillow"},{"floor":14,"key":"InkBottle"},{"floor":23,"key":"Smiling Mask"},{"floor":26,"key":"White Beast Statue"},{"floor":28,"key":"Pocketwatch"}],"event_choices":[{"damage_healed":0,"gold_gain":0,"player_choice":"Ignored","damage_taken":0,"max_hp_gain":0,"max_hp_loss":0,"event_name":"Ghosts","floor":21,"gold_loss":0},{"damage_healed":0,"gold_gain":0,"player_choice":"Read","damage_taken":0,"max_hp_gain":0,"max_hp_loss":0,"event_name":"The Library","floor":25,"gold_loss":0,"cards_obtained":["Summon_Lich"]}],"is_beta":false,"boss_relics":[{"not_picked":["Fusion Hammer","Tiny House"],"picked":"Cursed Key"}],"items_purged_floors":[],"is_endless":false,"potions_floor_spawned":[1,2,4,6,10,18,28,29,30],"killed_by":"Slavers","ascension_level":2}}