{"host":"iph0xvuia0glosgr","time":1611606530,"event":{"mods":["AchievementEnabler","BaseMod","Minty Spire (QoL Compilation)"],"gold_per_floor":[117,117,134,9,9,9,37,51,51,78,108,108,108,33,33,137,137,150,150,168,168,187,187,187,187],"floor_reached":24,"language":"ENG","playtime":1549,"items_purged":["True Grit"],"score":202,"play_id":"f121ebd8-70cd-4b05-91c3-a756517c5e10","local_time":"20210125202850","is_ascension_mode":false,"campfire_choices":[{"floor":6,"key":"RECALL"},{"floor":12,"key":"REST"},{"floor":15,"key":"REST"},{"floor":23,"key":"REST"}],"circlet_count":0,"master_deck":["Strike_R","Strike_R","Strike_R","Strike_R","Defend_R","Defend_R","Defend_R","Defend_R","Bash","Perfected Strike+1","Pummel","Thunderclap","Pummel","Cleave","Warcry","Headbutt","Second Wind","Reaper","Power Through+1","Iron Wave","Wild Strike"],"relics":["Burning Blood","WingedGreaves","Happy Flower","Bag of Preparation","Odd Mushroom","Philosopher\u0027s Stone","Mango"],"acts_visited":["Exordium","TheCity"],"potions_floor_usage":[10,16,16],"damage_taken":[{"damage":3,"enemies":"Jaw Worm","floor":1,"turns":6},{"damage":5,"enemies":"2 Louse","floor":3,"turns":3},{"damage":39,"enemies":"Lagavulin","floor":7,"turns":8},{"damage":0,"enemies":"Cultist","floor":8,"turns":3},{"damage":25,"enemies":"Gremlin Nob","floor":10,"turns":4},{"damage":16,"enemies":"The Mushroom Lair","floor":11,"turns":4},{"damage":49,"enemies":"Slime Boss","floor":16,"turns":10},{"damage":31,"enemies":"Shell Parasite","floor":18,"turns":4},{"damage":14,"enemies":"3 Byrds","floor":20,"turns":4},{"damage":36,"enemies":"Snake Plant","floor":22,"turns":5},{"damage":86,"enemies":"Book of Stabbing","floor":24,"turns":6}],"seed_played":"8221253278757901486","potions_obtained":[{"floor":7,"key":"Ancient Potion"},{"floor":8,"key":"Weak Potion"},{"floor":11,"key":"ColorlessPotion"}],"is_trial":false,"path_per_floor":["M","?","M","$","?","R","E","M","T","E","?","R","?","$","R","B",null,"M","?","M","T","M","R","E"],"character_chosen":"IRONCLAD","items_purchased":["Thunderclap","Pummel"],"campfire_rested":3,"item_purchase_floors":[4,4],"current_hp_per_floor":[80,62,63,63,63,63,30,36,36,17,7,31,31,31,55,12,80,55,55,57,71,45,73,0,0],"gold":187,"neow_bonus":"TRANSFORM_CARD","is_daily":false,"chose_seed":false,"campfire_upgraded":0,"win_rate":0.0,"timestamp":1611606530,"path_taken":["M","?","M","$","?","R","E","?","T","E","?","R","?","$","R","BOSS","M","?","M","?","M","R","E"],"items_purchased_type":["Card","Card"],"build_version":"2020-12-22","purchased_purges":1,"victory":false,"max_hp_per_floor":[80,80,80,80,80,80,80,80,80,80,80,80,80,80,80,80,80,80,80,80,94,94,94,94,94],"card_choices":[{"not_picked":["Heavy Blade","Iron Wave"],"picked":"Perfected Strike","floor":1},{"not_picked":["Clash","Havoc"],"picked":"Pummel","floor":3},{"not_picked":["Anger","Shrug It Off"],"picked":"Cleave","floor":7},{"not_picked":["Entrench","Clash"],"picked":"Warcry","floor":8},{"not_picked":["Brutality","True Grit"],"picked":"Headbutt","floor":10},{"not_picked":["Flex","Armaments"],"picked":"Second Wind","floor":11},{"not_picked":["Immolate","Brutality"],"picked":"Reaper","floor":16},{"not_picked":["Clash","Anger"],"picked":"Power Through+1","floor":18},{"not_picked":["Pommel Strike","Body Slam"],"picked":"Iron Wave","floor":20},{"not_picked":["Iron Wave","Ghostly Armor"],"picked":"Wild Strike","floor":22}],"player_experience":258448,"relics_obtained":[{"floor":7,"key":"Happy Flower"},{"floor":10,"key":"Bag of Preparation"},{"floor":11,"key":"Odd Mushroom"},{"floor":21,"key":"Mango"}],"event_choices":[{"damage_healed":0,"gold_gain":0,"player_choice":"Success","damage_taken":18,"relics_obtained":["WingedGreaves"],"max_hp_gain":0,"max_hp_loss":0,"event_name":"Scrap Ooze","floor":2,"gold_loss":0},{"damage_healed":0,"gold_gain":0,"player_choice":"Upgraded","damage_taken":0,"max_hp_gain":0,"max_hp_loss":0,"event_name":"Upgrade Shrine","floor":5,"gold_loss":0,"cards_upgraded":["Perfected Strike"]},{"damage_healed":0,"gold_gain":0,"player_choice":"Fought Mushrooms","damage_taken":0,"max_hp_gain":0,"max_hp_loss":0,"event_name":"Mushrooms","floor":11,"gold_loss":0},{"damage_healed":0,"gold_gain":0,"player_choice":"Ignored","damage_taken":0,"max_hp_gain":0,"max_hp_loss":0,"event_name":"Shining Light","floor":13,"gold_loss":0},{"damage_healed":0,"gold_gain":0,"player_choice":"Ignored","damage_taken":0,"max_hp_gain":0,"max_hp_loss":0,"event_name":"Vampires","floor":19,"gold_loss":0}],"is_beta":false,"boss_relics":[{"not_picked":["Ectoplasm","Pandora\u0027s Box"],"picked":"Philosopher\u0027s Stone"}],"items_purged_floors":[14],"is_endless":false,"potions_floor_spawned":[7,8,11],"killed_by":"Book of Stabbing","ascension_level":0}}