{"host":"j4g6ia6asvpyu2b0","time":1611535328,"event":{"mods":["BaseMod","Colored Map","Minty Spire (QoL Compilation)","Permanent Neow","Quick Restart","Relic Stats","StSLib","Unceasing Turn Reminder"],"gold_per_floor":[111,123,6,24,34,60,60,60,111,111,124,140,166,197,209,221,221],"floor_reached":16,"language":"ENG","playtime":473,"items_purged":["Strike_R"],"score":222,"play_id":"3957831c-c9c8-41a1-841f-43ad3b7558b4","local_time":"20210124174208","is_ascension_mode":true,"campfire_choices":[{"data":"Bash","floor":7,"key":"SMITH"},{"data":"Anger","floor":10,"key":"SMITH"},{"floor":15,"key":"REST"}],"circlet_count":0,"master_deck":["AscendersBane","Strike_R","Strike_R","Strike_R","Strike_R","Defend_R","Defend_R","Defend_R","Defend_R","Bash+1","Anger+1","Pummel","Clothesline","Flame Barrier","Shockwave","Evolve","Hemokinesis","Armaments","Twin Strike","Whirlwind","Immolate"],"relics":["Burning Blood","Gremlin Horn","MawBank"],"acts_visited":["Exordium"],"potions_floor_usage":[6],"damage_taken":[{"damage":0.0,"enemies":"Cultist","floor":1.0,"turns":3.0},{"damage":3.0,"enemies":"2 Louse","floor":2.0,"turns":3.0},{"damage":2.0,"enemies":"Small Slimes","floor":4.0,"turns":4.0},{"damage":3.0,"enemies":"2 Fungi Beasts","floor":5.0,"turns":3.0},{"damage":27,"enemies":"Lagavulin","floor":6,"turns":7},{"damage":7,"enemies":"Exordium Wildlife","floor":11,"turns":4},{"damage":14,"enemies":"Looter","floor":12,"turns":3},{"damage":42,"enemies":"3 Sentries","floor":13,"turns":7},{"damage":13,"enemies":"Large Slime","floor":14,"turns":5},{"damage":35,"enemies":"The Guardian","floor":16,"turns":9}],"seed_played":"7055479113100366878","potions_obtained":[{"floor":1.0,"key":"FearPotion"},{"floor":2.0,"key":"LiquidMemories"},{"floor":13,"key":"Weak Potion"}],"is_trial":false,"path_per_floor":["M","M","$","M","M","E","R","?","T","R","M","M","E","M","R","B"],"character_chosen":"IRONCLAD","items_purchased":["Flame Barrier"],"campfire_rested":1,"item_purchase_floors":[3],"current_hp_per_floor":[74,75,75,75,75,54,54,59,59,59,58,50,14,7,31,0,0],"gold":221,"neow_bonus":"THREE_CARDS","is_daily":false,"chose_seed":false,"campfire_upgraded":2,"win_rate":0.0,"timestamp":1611535328,"path_taken":["M","M","?","M","M","E","R","?","T","R","M","M","E","M","R","BOSS"],"items_purchased_type":["Card"],"build_version":"2020-12-22","purchased_purges":1,"victory":false,"max_hp_per_floor":[75,75,75,75,75,75,75,80,80,80,80,80,80,80,80,80,80],"relic_stats":{"Gremlin Horn":[4,4],"counters":[10,48],"MawBank":36,"obtain_stats":[{"Gremlin Horn":6,"MawBank":13,"Burning Blood":0},{"Gremlin Horn":5,"MawBank":8,"Burning Blood":0},{"Gremlin Horn":20,"MawBank":34,"Burning Blood":0}],"Burning Blood":45},"card_choices":[{"not_picked":["Twin Strike","Ghostly Armor"],"picked":"Anger","floor":0.0},{"not_picked":["Second Wind","Fire Breathing"],"picked":"Pummel","floor":1.0},{"not_picked":["Armaments","Wild Strike"],"picked":"Clothesline","floor":2.0},{"not_picked":["Havoc","Perfected Strike"],"picked":"Shockwave","floor":4.0},{"not_picked":["True Grit","Thunderclap"],"picked":"Evolve","floor":5.0},{"not_picked":["Cleave","Shrug It Off"],"picked":"Hemokinesis","floor":6},{"not_picked":["Havoc","Searing Blow"],"picked":"Armaments","floor":11},{"not_picked":["Heavy Blade","Armaments"],"picked":"Twin Strike","floor":12},{"not_picked":["Dual Wield","Warcry"],"picked":"Whirlwind","floor":13},{"not_picked":["Combust","Sword Boomerang"],"picked":"Immolate","floor":14}],"player_experience":997877,"relics_obtained":[{"floor":6,"key":"Gremlin Horn"},{"floor":13,"key":"MawBank"}],"event_choices":[{"damage_healed":0,"gold_gain":0,"player_choice":"Donut","damage_taken":0,"max_hp_gain":5,"max_hp_loss":0,"event_name":"Big Fish","floor":8,"gold_loss":0}],"is_beta":false,"boss_relics":[],"items_purged_floors":[3],"is_endless":false,"potions_floor_spawned":[1,2,13,14],"killed_by":"The Guardian","ascension_level":19}}