{"host":"bm1qfstn98p1odmu","time":1611538901,"event":{"mods":["AchievementEnabler","BaseMod","Bestiary","Block Reminder","Colored Map","Colored Powertips","DeckTracker","Highlight Path","Minty Spire (QoL Compilation)","Relic Stats","StS++","StSLib"],"gold_per_floor":[119,119,139,139,64,97,124,124,173,173,204,232,266,23,23,126,126,156,31,49,80,80,110,138,138,138,168,168,195,212,228,228,324,324,335,141,169,169,169,169,214,214,214,239,264,114,140,172,172,172,172,172,21,51,51,51],"floor_reached":55,"language":"ENG","playtime":4700,"items_purged":["Pain","Strike_G","Wraith Form v2","Defend_G"],"score":872,"play_id":"83578280-7918-4a2f-9962-a9bb45c73b05","local_time":"20210125034141","is_ascension_mode":true,"campfire_choices":[{"data":"Bouncing Flask","floor":8,"key":"SMITH"},{"data":"Footwork","floor":15,"key":"SMITH"},{"floor":32,"key":"REST"},{"floor":40,"key":"RECALL"},{"data":"Apotheosis","floor":42,"key":"SMITH"},{"data":"Deflect","floor":49,"key":"SMITH"},{"data":"Neutralize","floor":52,"key":"SMITH"}],"circlet_count":0,"master_deck":["Strike_G","Strike_G","Strike_G","Strike_G","Defend_G","Defend_G","Defend_G","Defend_G","Survivor","Neutralize+1","Backflip","Deflect+1","Bouncing Flask+1","Catalyst","Poisoned Stab","StSpp:PoisonousPunch","Footwork+1","Deadly Poison","Crippling Poison+1","Prepared+1","Apotheosis+1","StSpp:Dive+1","Poisoned Stab","Envenom"],"relics":["Ring of the Snake","NeowsBlessing","Orichalcum","WarpedTongs","StSpp:PetrifiedCaterpillar","Omamori","StSpp:WoodenStick","Tough Bandages","Lee\u0027s Waffle","Cursed Key","PreservedInsect","Kunai","Mummified Hand","MealTicket","The Specimen","Busted Crown","Lantern","Strawberry","Snake Skull","StSpp:WoodenPendulum"],"acts_visited":["Exordium","TheCity","TheBeyond","TheEnding"],"potions_floor_usage":[16,16,27,44,44,55,55,55],"damage_taken":[{"damage":0,"enemies":"Jaw Worm","floor":1,"turns":1},{"damage":0,"enemies":"2 Louse","floor":3,"turns":1},{"damage":0,"enemies":"Gremlin Nob","floor":6,"turns":1},{"damage":0,"enemies":"Cultist","floor":7,"turns":4},{"damage":16,"enemies":"Lagavulin","floor":11,"turns":4},{"damage":0,"enemies":"3 Louse","floor":12,"turns":3},{"damage":8,"enemies":"3 Sentries","floor":13,"turns":8},{"damage":17,"enemies":"Hexaghost","floor":16,"turns":7},{"damage":0,"enemies":"Spheric Guardian","floor":18,"turns":3},{"damage":18,"enemies":"3 Byrds","floor":20,"turns":5},{"damage":0,"enemies":"Centurion and Healer","floor":21,"turns":7},{"damage":8,"enemies":"Book of Stabbing","floor":23,"turns":6},{"damage":0,"enemies":"Chosen and Byrds","floor":24,"turns":7},{"damage":7,"enemies":"Gremlin Leader","floor":27,"turns":6},{"damage":4,"enemies":"Book of Stabbing","floor":29,"turns":4},{"damage":2,"enemies":"Cultist and Chosen","floor":30,"turns":4},{"damage":9,"enemies":"Snecko","floor":31,"turns":5},{"damage":18,"enemies":"Automaton","floor":33,"turns":9},{"damage":4,"enemies":"3 Darklings","floor":35,"turns":4},{"damage":0,"enemies":"Orb Walker","floor":37,"turns":3},{"damage":0,"enemies":"Giant Head","floor":41,"turns":6},{"damage":17,"enemies":"Nemesis","floor":44,"turns":7},{"damage":0,"enemies":"Spire Growth","floor":45,"turns":3},{"damage":0,"enemies":"Jaw Worm Horde","floor":47,"turns":4},{"damage":0,"enemies":"Transient","floor":48,"turns":5},{"damage":64,"enemies":"Donu and Deca","floor":50,"turns":9},{"damage":28,"enemies":"Shield and Spear","floor":54,"turns":5},{"damage":57,"enemies":"The Heart","floor":55,"turns":6}],"seed_played":"-1081010457108227219","potions_obtained":[{"floor":3,"key":"Strength Potion"},{"floor":7,"key":"StSpp:ScatteredWeakPotion"},{"floor":11,"key":"Explosive Potion"},{"floor":12,"key":"SpeedPotion"},{"floor":18,"key":"Dexterity Potion"},{"floor":20,"key":"Strength Potion"},{"floor":27,"key":"StSpp:ScatteredWeakPotion"},{"floor":33,"key":"SkillPotion"},{"floor":45,"key":"FearPotion"},{"floor":48,"key":"GhostInAJar"}],"is_trial":false,"path_per_floor":["M","?","M","?","$","E","M","R","T","?","E","M","E","$","R","B",null,"M","$","M","M","?","E","M","?","T","E","?","E","M","M","R","B",null,"M","$","M","?","$","R","E","R","T","E","M","$","M","M","R","B",null,"R","$","E","B"],"character_chosen":"THE_SILENT","items_purchased":["Lee\u0027s Waffle","Apotheosis","Snake Skull"],"campfire_rested":1,"item_purchase_floors":[14,36,53],"current_hp_per_floor":[70,67,67,67,67,67,67,67,67,67,51,51,43,77,77,60,77,77,77,59,59,59,51,51,51,51,44,44,40,38,29,52,34,77,73,77,77,77,77,77,77,77,77,67,67,82,82,82,82,18,84,84,84,56,0,0],"gold":51,"neow_bonus":"THREE_ENEMY_KILL","is_daily":false,"chose_seed":false,"campfire_upgraded":5,"win_rate":0.0,"timestamp":1611538901,"path_taken":["M","?","M","?","$","E","?","R","T","?","E","M","E","$","R","BOSS","M","$","?","M","?","E","M","?","T","E","?","E","?","M","R","BOSS","M","$","?","?","?","R","E","R","T","E","M","$","M","M","R","BOSS","R","$","E","BOSS"],"items_purchased_type":["Relic","Card","Relic"],"build_version":"2020-12-22","purchased_purges":4,"victory":false,"max_hp_per_floor":[70,70,70,70,70,70,70,70,70,70,70,70,70,77,77,77,77,77,77,77,77,77,77,77,77,77,77,77,77,77,77,77,77,77,77,77,77,77,77,77,77,77,77,84,84,84,84,84,84,84,84,84,84,84,84,84],"relic_stats":{"Lee\u0027s Waffle":34,"counters":[28,137],"PreservedInsect":334,"Snake Skull":[31],"Orichalcum":[162],"Cursed Key":2,"WarpedTongs":[105],"Tough Bandages":[120],"Busted Crown":16,"Mummified Hand":[17],"MealTicket":19,"Kunai":[15],"obtain_stats":[{"Lee\u0027s Waffle":14,"Lantern":41,"NeowsBlessing":0,"The Specimen":29,"StSpp:WoodenPendulum":54,"PreservedInsect":23,"Snake Skull":53,"Omamori":9,"StSpp:PetrifiedCaterpillar":6,"Orichalcum":2,"Cursed Key":17,"WarpedTongs":4,"Tough Bandages":13,"Busted Crown":34,"Mummified Hand":27,"Strawberry":44,"MealTicket":28,"Kunai":26,"StSpp:WoodenStick":11,"Ring of the Snake":0},{"Lee\u0027s Waffle":7,"Lantern":21,"NeowsBlessing":0,"The Specimen":15,"StSpp:WoodenPendulum":27,"PreservedInsect":12,"Snake Skull":26,"Omamori":4,"StSpp:PetrifiedCaterpillar":3,"Orichalcum":1,"Cursed Key":8,"WarpedTongs":2,"Tough Bandages":7,"Busted Crown":18,"Mummified Hand":14,"Strawberry":22,"MealTicket":14,"Kunai":13,"StSpp:WoodenStick":5,"Ring of the Snake":0},{"Lee\u0027s Waffle":22,"Lantern":98,"NeowsBlessing":0,"The Specimen":67,"StSpp:WoodenPendulum":131,"PreservedInsect":50,"Snake Skull":126,"Omamori":7,"StSpp:PetrifiedCaterpillar":3,"Orichalcum":1,"Cursed Key":29,"WarpedTongs":2,"Tough Bandages":22,"Busted Crown":85,"Mummified Hand":63,"Strawberry":105,"MealTicket":63,"Kunai":57,"StSpp:WoodenStick":11,"Ring of the Snake":0}],"Ring of the Snake":[56]},"card_choices":[{"not_picked":["Flying Knee","Predator"],"picked":"Backflip","floor":1},{"not_picked":["Skewer","StSpp:CorrosivePoison"],"picked":"Deflect","floor":3},{"not_picked":["Endless Agony","StSpp:Anticipation"],"picked":"Bouncing Flask","floor":6},{"not_picked":["Underhanded Strike","StSpp:Lure"],"picked":"Catalyst","floor":7},{"not_picked":["Flechettes","Calculated Gamble","Sucker Punch"],"picked":"SKIP","floor":11},{"not_picked":["StSpp:StrikeFirst","Storm of Steel"],"picked":"StSpp:PoisonousPunch","floor":12},{"not_picked":["StSpp:Throw","Heel Hook"],"picked":"Footwork","floor":13},{"not_picked":["Underhanded Strike","Slice+1","Sucker Punch"],"picked":"SKIP","floor":18},{"not_picked":["Sucker Punch","Quick Slash","Underhanded Strike"],"picked":"SKIP","floor":20},{"not_picked":["Sucker Punch","Prepared+1","Outmaneuver"],"picked":"SKIP","floor":21},{"not_picked":["Leg Sweep","Prepared","Underhanded Strike"],"picked":"SKIP","floor":23},{"not_picked":["Acrobatics","PiercingWail","Venomology"],"picked":"SKIP","floor":24},{"not_picked":["Backflip","Accuracy","StSpp:CorrosivePoison+1"],"picked":"SKIP","floor":27},{"not_picked":["Flechettes","Outmaneuver"],"picked":"Crippling Poison+1","floor":29},{"not_picked":["StSpp:Dive","Dodge and Roll","Leg Sweep"],"picked":"SKIP","floor":30},{"not_picked":["Acrobatics","StSpp:Dive","Bane+1"],"picked":"SKIP","floor":31},{"not_picked":[],"picked":"Prepared+1","floor":35},{"not_picked":["Cloak And Dagger"],"picked":"SKIP","floor":37},{"not_picked":["Prepared"],"picked":"SKIP","floor":41},{"not_picked":["Infinite Blades+1"],"picked":"SKIP","floor":44},{"not_picked":[],"picked":"StSpp:Dive+1","floor":45},{"not_picked":["Dodge and Roll+1"],"picked":"SKIP","floor":47},{"not_picked":[],"picked":"Poisoned Stab","floor":48},{"not_picked":[],"picked":"Envenom","floor":54}],"player_experience":70967,"relics_obtained":[{"floor":6,"key":"StSpp:PetrifiedCaterpillar"},{"floor":9,"key":"Omamori"},{"floor":11,"key":"StSpp:WoodenStick"},{"floor":13,"key":"Tough Bandages"},{"floor":23,"key":"PreservedInsect"},{"floor":26,"key":"Kunai"},{"floor":27,"key":"Mummified Hand"},{"floor":28,"key":"MealTicket"},{"floor":29,"key":"The Specimen"},{"floor":41,"key":"Lantern"},{"floor":44,"key":"Strawberry"},{"floor":54,"key":"StSpp:WoodenPendulum"}],"event_choices":[{"damage_healed":0,"gold_gain":0,"player_choice":"Success","damage_taken":3,"relics_obtained":["Orichalcum"],"max_hp_gain":0,"max_hp_loss":0,"event_name":"Scrap Ooze","floor":2,"gold_loss":0},{"damage_healed":0,"gold_gain":0,"player_choice":"Rummage","damage_taken":0,"relics_obtained":["WarpedTongs"],"max_hp_gain":0,"max_hp_loss":0,"event_name":"Accursed Blacksmith","floor":4,"gold_loss":0,"cards_obtained":["Pain"]},{"damage_healed":0,"gold_gain":0,"player_choice":"2 cards matched","damage_taken":0,"max_hp_gain":0,"max_hp_loss":0,"event_name":"Match and Keep!","floor":10,"gold_loss":0,"cards_obtained":["Wraith Form v2","Poisoned Stab"]},{"damage_healed":0,"gold_gain":0,"player_choice":"Read","damage_taken":0,"max_hp_gain":0,"max_hp_loss":0,"event_name":"The Library","floor":22,"gold_loss":0,"cards_obtained":["Deadly Poison"]},{"damage_healed":0,"gold_gain":0,"player_choice":"Ignored","damage_taken":0,"max_hp_gain":0,"max_hp_loss":0,"event_name":"Ghosts","floor":25,"gold_loss":0},{"damage_healed":0,"gold_gain":0,"player_choice":"Relic","damage_taken":0,"max_hp_gain":0,"max_hp_loss":0,"event_name":"Wheel of Change","floor":28,"gold_loss":0},{"damage_healed":0,"gold_gain":0,"player_choice":"Ignored","damage_taken":0,"max_hp_gain":0,"max_hp_loss":0,"event_name":"Tomb of Lord Red Mask","floor":38,"gold_loss":0}],"is_beta":false,"boss_relics":[{"not_picked":["SacredBark","WristBlade"],"picked":"Cursed Key"},{"not_picked":["StSpp:PileOfSugar","StSpp:CrystalBall"],"picked":"Busted Crown"}],"items_purged_floors":[5,14,19,46],"is_endless":false,"potions_floor_spawned":[3,7,11,12,18,20,27,33,37,45,48],"killed_by":"The Heart","ascension_level":1}}