{"host":"6jrd8fn9k88n08be","time":1611550721,"event":{"mods":["BaseMod","Minty Spire (QoL Compilation)","StSLib"],"gold_per_floor":[116,134,134,134,134,173,173,173,253,294,310,330,348,348,348,479,479,503,517,517,266,286,286,286],"floor_reached":23,"language":"ENG","playtime":1559,"items_purged":["Deadly Poison"],"score":260,"play_id":"7ba26ee4-8634-45aa-b123-1c9b598b9e11","local_time":"20210124235841","is_ascension_mode":true,"campfire_choices":[{"floor":8.0,"key":"REST"},{"data":"A Thousand Cuts","floor":15.0,"key":"SMITH"}],"circlet_count":0,"master_deck":["Survivor","Neutralize","Leg Sweep","Blade Dance","Cloak And Dagger","Escape Plan","A Thousand Cuts+1","Malaise","Glass Knife","Flying Knee","Choke","Burst","Leg Sweep","Terror","Footwork","Crippling Poison","Blade Dance","Blade Dance","Apotheosis","Envenom"],"relics":["Ring of the Snake","NeowsBlessing","Golden Idol","Juzu Bracelet","Question Card","Ninja Scroll","Pantograph","Pandora\u0027s Box"],"acts_visited":["Exordium","TheCity"],"potions_floor_usage":[],"damage_taken":[{"damage":0.0,"enemies":"Cultist","floor":1.0,"turns":1.0},{"damage":0.0,"enemies":"Small Slimes","floor":2.0,"turns":1.0},{"damage":0.0,"enemies":"Lagavulin","floor":6.0,"turns":1.0},{"damage":11.0,"enemies":"Gremlin Nob","floor":10.0,"turns":4.0},{"damage":0.0,"enemies":"2 Louse","floor":11.0,"turns":1.0},{"damage":3.0,"enemies":"Red Slaver","floor":12.0,"turns":3.0},{"damage":5.0,"enemies":"Exordium Wildlife","floor":13.0,"turns":3.0},{"damage":17.0,"enemies":"Hexaghost","floor":16.0,"turns":13.0},{"damage":4.0,"enemies":"3 Byrds","floor":18.0,"turns":3.0},{"damage":19,"enemies":"Shell Parasite","floor":19,"turns":6},{"damage":22,"enemies":"Snake Plant","floor":22,"turns":4},{"damage":31,"enemies":"Book of Stabbing","floor":23,"turns":2}],"seed_played":"9165015848469470499","potions_obtained":[{"floor":2.0,"key":"ColorlessPotion"},{"floor":5.0,"key":"CultistPotion"},{"floor":5.0,"key":"Ancient Potion"},{"floor":5.0,"key":"Strength Potion"},{"floor":22,"key":"Fire Potion"}],"is_trial":false,"path_per_floor":["M","M","?","?","?","E","?","R","T","E","M","M","M","T","R","B",null,"M","M","?","$","M","E"],"character_chosen":"THE_SILENT","items_purchased":["Apotheosis"],"campfire_rested":1,"item_purchase_floors":[21],"current_hp_per_floor":[70,70,63,46,46,46,32,53,53,42,42,39,34,34,34,42,70,66,47,47,47,25,0,0],"gold":286,"neow_bonus":"THREE_ENEMY_KILL","is_daily":false,"chose_seed":false,"campfire_upgraded":1,"win_rate":0.0,"timestamp":1611550721,"path_taken":["M","M","?","?","?","E","?","R","T","E","M","M","M","?","R","BOSS","M","M","?","$","M","E"],"items_purchased_type":["Card"],"build_version":"2020-12-22","purchased_purges":1,"victory":false,"max_hp_per_floor":[70,70,70,70,70,70,70,70,70,70,70,70,70,70,70,70,70,70,70,70,70,70,70,70],"card_choices":[{"not_picked":["Quick Slash","Acrobatics"],"picked":"Leg Sweep","floor":1.0},{"not_picked":["Sucker Punch","Prepared"],"picked":"Blade Dance","floor":2.0},{"not_picked":["Flying Knee","All Out Attack"],"picked":"Cloak And Dagger","floor":6.0},{"not_picked":["PiercingWail","Skewer","Cloak And Dagger"],"picked":"Escape Plan","floor":10.0},{"not_picked":["Sucker Punch","Distraction","Deflect","Underhanded Strike"],"picked":"SKIP","floor":11.0},{"not_picked":["Sucker Punch","Distraction","Deflect","Underhanded Strike"],"picked":"SKIP","floor":11.0},{"not_picked":["Blur","Infinite Blades","Leg Sweep"],"picked":"A Thousand Cuts","floor":12.0},{"not_picked":["Skewer","Deadly Poison","Outmaneuver","Catalyst"],"picked":"SKIP","floor":13.0},{"not_picked":["Phantasmal Killer","Unload","Doppelganger"],"picked":"Malaise","floor":16.0},{"not_picked":["Backflip+1","Backstab","Poisoned Stab"],"picked":"Blade Dance","floor":18.0},{"not_picked":["Calculated Gamble","Acrobatics","Quick Slash"],"picked":"Blade Dance","floor":19},{"not_picked":["Escape Plan","Eviscerate","Blur"],"picked":"Envenom","floor":22}],"player_experience":118641,"relics_obtained":[{"floor":6.0,"key":"Juzu Bracelet"},{"floor":9.0,"key":"Question Card"},{"floor":10.0,"key":"Ninja Scroll"},{"floor":14.0,"key":"Pantograph"}],"event_choices":[{"cards_removed":["Strike_G"],"damage_healed":0.0,"max_hp_gain":0.0,"max_hp_loss":0.0,"gold_gain":0.0,"event_name":"Golden Wing","player_choice":"Card Removal","floor":3.0,"gold_loss":0.0,"damage_taken":7.0},{"damage_healed":0.0,"max_hp_gain":0.0,"max_hp_loss":0.0,"gold_gain":0.0,"event_name":"Golden Idol","player_choice":"Take Damage","floor":4.0,"gold_loss":0.0,"damage_taken":17.0,"relics_obtained":["Golden Idol"]},{"damage_healed":0.0,"max_hp_gain":0.0,"max_hp_loss":0.0,"gold_gain":0.0,"event_name":"Lab","player_choice":"Got Potions","floor":5.0,"gold_loss":0.0,"damage_taken":0.0},{"damage_healed":0.0,"max_hp_gain":0.0,"max_hp_loss":0.0,"gold_gain":0.0,"event_name":"Shining Light","player_choice":"Entered Light","floor":7.0,"gold_loss":0.0,"damage_taken":14.0,"cards_upgraded":["Defend_G","Strike_G"]},{"damage_healed":0,"gold_gain":0,"player_choice":"Ignored","damage_taken":0,"max_hp_gain":0,"max_hp_loss":0,"event_name":"Ghosts","floor":20,"gold_loss":0}],"is_beta":false,"boss_relics":[{"not_picked":["SlaversCollar","Runic Dome"],"picked":"Pandora\u0027s Box"}],"items_purged_floors":[21],"is_endless":false,"potions_floor_spawned":[2,22],"killed_by":"Book of Stabbing","ascension_level":3}}