{"host":"f5gffvlv6a66yqkd","time":1611572480,"event":{"mods":["2.2 Compatiblity","BaseMod","Colored Map","Custom Start","DeckTracker","Keyboard Shortcuts","Minty Spire (QoL Compilation)","Permanent Neow","Quick Restart","Relic Stats","StSLib","SuperFastMode"],"gold_per_floor":[117,192,204,223,223,223,249,249,249,249,249,249,288,361,361,454,454,474,474,495,511,64,64,64,64],"floor_reached":24,"language":"KOR","playtime":565,"items_purged":["Strike_G"],"score":504,"play_id":"e9d8a94f-f105-4da6-9cb2-ced342d93dc7","local_time":"20210125200120","is_ascension_mode":true,"campfire_choices":[{"floor":6.0,"key":"REST"},{"floor":8.0,"key":"REST"},{"data":"Blade Dance","floor":10.0,"key":"SMITH"},{"data":"Deadly Poison","floor":15.0,"key":"SMITH"},{"data":"Phantasmal Killer","floor":23.0,"key":"SMITH"}],"circlet_count":0,"master_deck":["AscendersBane","Strike_G","Strike_G","Strike_G","Defend_G","Defend_G+1","Defend_G","Defend_G","Defend_G","Survivor","Neutralize","Dagger Spray+1","Acrobatics","Slice","Blade Dance+1","Deadly Poison+1","Burst","Adrenaline","Blur","Reflex+1","Prepared","Footwork","Phantasmal Killer+1"],"relics":["Ring of the Snake","Thread and Needle","HornCleat","Golden Idol","Tough Bandages","FossilizedHelix","Sozu","TwistedFunnel"],"acts_visited":["Exordium","TheCity"],"potions_floor_usage":[24],"damage_taken":[{"damage":8.0,"enemies":"2 Louse","floor":1.0,"turns":5.0},{"damage":0.0,"enemies":"Small Slimes","floor":3.0,"turns":3.0},{"damage":1.0,"enemies":"Cultist","floor":4.0,"turns":5.0},{"damage":24.0,"enemies":"Gremlin Nob","floor":7.0,"turns":4.0},{"damage":10.0,"enemies":"Lagavulin","floor":13.0,"turns":5.0},{"damage":0.0,"enemies":"3 Sentries","floor":14.0,"turns":4.0},{"damage":0.0,"enemies":"Hexaghost","floor":16.0,"turns":9.0},{"damage":0.0,"enemies":"2 Thieves","floor":18.0,"turns":4.0},{"damage":0.0,"enemies":"Chosen","floor":20.0,"turns":5.0},{"damage":0.0,"enemies":"Centurion and Healer","floor":21.0,"turns":8.0},{"damage":58,"enemies":"Gremlin Leader","floor":24,"turns":6}],"seed_played":"-6610449817921757784","potions_obtained":[{"floor":0.0,"key":"Strength Potion"},{"floor":0.0,"key":"DuplicationPotion"},{"floor":1.0,"key":"Explosive Potion"},{"floor":7.0,"key":"Poison Potion"},{"floor":14.0,"key":"Weak Potion"},{"floor":16.0,"key":"EssenceOfSteel"}],"is_trial":false,"path_per_floor":["M","?","M","M","?","R","E","R","T","R","?","?","E","?","R","B",null,"M","?","M","M","$","R","E"],"character_chosen":"THE_SILENT","items_purchased":["Footwork","Phantasmal Killer","TwistedFunnel"],"campfire_rested":2,"item_purchase_floors":[22,22,22],"current_hp_per_floor":[51,40,40,39,19,38,14,33,33,33,33,33,23,23,23,23,51,51,51,51,51,51,51,0,0],"gold":64,"neow_bonus":"THREE_SMALL_POTIONS","is_daily":false,"chose_seed":false,"campfire_upgraded":3,"win_rate":0.0,"timestamp":1611572480,"path_taken":["M","?","M","M","?","R","E","R","T","R","?","?","E","?","R","BOSS","M","?","M","?","$","R","E"],"items_purchased_type":["Card","Card","Relic"],"build_version":"2020-12-22","purchased_purges":1,"victory":false,"max_hp_per_floor":[66,66,66,66,66,66,66,66,66,66,66,60,60,60,60,60,60,60,60,60,60,60,60,60,60],"relic_stats":{"Sozu":1,"Tough Bandages":[45],"counters":[11,58],"Golden Idol":47,"obtain_stats":[{"Sozu":17,"TwistedFunnel":22,"Tough Bandages":13,"HornCleat":9,"Golden Idol":12,"Thread and Needle":7,"FossilizedHelix":14,"Ring of the Snake":0},{"Sozu":7,"TwistedFunnel":10,"Tough Bandages":5,"HornCleat":4,"Golden Idol":4,"Thread and Needle":4,"FossilizedHelix":6,"Ring of the Snake":0},{"Sozu":35,"TwistedFunnel":52,"Tough Bandages":22,"HornCleat":17,"Golden Idol":17,"Thread and Needle":17,"FossilizedHelix":26,"Ring of the Snake":0}],"Ring of the Snake":[22]},"card_choices":[{"not_picked":["Expertise","Underhanded Strike"],"picked":"Dagger Spray","floor":1.0},{"not_picked":["Outmaneuver","Slice"],"picked":"Acrobatics","floor":3.0},{"not_picked":["Bane","Quick Slash"],"picked":"Slice","floor":4.0},{"not_picked":["Backstab","Leg Sweep"],"picked":"Blade Dance","floor":7.0},{"not_picked":["Sucker Punch","Terror"],"picked":"Burst","floor":13.0},{"not_picked":["A Thousand Cuts","Glass Knife"],"picked":"Adrenaline","floor":16.0},{"not_picked":["Deadly Poison","Blade Dance"],"picked":"Blur","floor":18.0},{"not_picked":["Acrobatics","Poisoned Stab"],"picked":"Reflex+1","floor":20.0},{"not_picked":["Crippling Poison+1","Escape Plan"],"picked":"Prepared","floor":21.0}],"player_experience":1615649,"relics_obtained":[{"floor":7.0,"key":"Thread and Needle"},{"floor":9.0,"key":"HornCleat"},{"floor":13.0,"key":"Tough Bandages"},{"floor":14.0,"key":"FossilizedHelix"}],"event_choices":[{"damage_healed":0.0,"max_hp_gain":0.0,"max_hp_loss":0.0,"gold_gain":75.0,"event_name":"World of Goop","player_choice":"Gather Gold","floor":2.0,"gold_loss":0.0,"damage_taken":11.0},{"damage_healed":0.0,"max_hp_gain":0.0,"max_hp_loss":0.0,"gold_gain":0.0,"event_name":"Shining Light","player_choice":"Entered Light","floor":5.0,"gold_loss":0.0,"damage_taken":20.0,"cards_upgraded":["Defend_G","Dagger Spray"]},{"damage_healed":0.0,"max_hp_gain":0.0,"max_hp_loss":0.0,"gold_gain":0.0,"cards_transformed":["Strike_G"],"event_name":"Living Wall","player_choice":"Change","floor":11.0,"gold_loss":0.0,"damage_taken":0.0,"cards_obtained":["Deadly Poison"]},{"damage_healed":0.0,"max_hp_gain":0.0,"max_hp_loss":6.0,"gold_gain":0.0,"event_name":"Golden Idol","player_choice":"Lose Max HP","floor":12.0,"gold_loss":0.0,"damage_taken":0.0,"relics_obtained":["Golden Idol"]},{"damage_healed":0.0,"max_hp_gain":0.0,"max_hp_loss":0.0,"gold_gain":30.0,"event_name":"Dead Adventurer","player_choice":"Searched \u00272\u0027 times","floor":14.0,"gold_loss":0.0,"damage_taken":0.0},{"damage_healed":0.0,"max_hp_gain":0.0,"max_hp_loss":0.0,"gold_gain":0.0,"event_name":"N\u0027loth","player_choice":"Ignored","floor":19.0,"gold_loss":0.0,"damage_taken":0.0}],"is_beta":false,"boss_relics":[{"not_picked":["Fusion Hammer","Runic Pyramid"],"picked":"Sozu"}],"items_purged_floors":[22],"is_endless":false,"potions_floor_spawned":[1,7,14,16,21],"killed_by":"Gremlin Leader","ascension_level":20}}