{"host":"v3mpq6flurzldi5g","time":1611532875,"event":{"mods":["AchievementEnabler","BaseMod","Colored Powertips","Highlight Path","Minty Spire (QoL Compilation)","StSLib"],"gold_per_floor":[110,130,55,67,81,81,95,95,95,130,146,146,181,198,198,294,294,284,284,284,304,320,320,330,330,357,357,77,109,125,137,137,137,137],"floor_reached":33,"language":"ENG","playtime":1532,"items_purged":["Exhume","Strike_R"],"score":450,"play_id":"52ec2f57-ea4b-48a5-9fd3-1338b25d08e0","local_time":"20210124190115","is_ascension_mode":true,"campfire_choices":[{"data":"Perfected Strike","floor":6.0,"key":"SMITH"},{"data":"Defend_R","floor":8.0,"key":"SMITH"},{"data":"Defend_R","floor":12.0,"key":"SMITH"},{"data":"Defend_R","floor":15.0,"key":"SMITH"},{"data":"Defend_R","floor":23,"key":"SMITH"},{"floor":25,"key":"REST"},{"data":"Rampage","floor":27,"key":"SMITH"},{"floor":32,"key":"REST"}],"circlet_count":0,"master_deck":["AscendersBane","Strike_R","Strike_R","Strike_R","Strike_R","Defend_R+1","Defend_R+1","Defend_R+1","Defend_R+1","Bash","Perfected Strike+1","Infernal Blade","Rampage+1","Cleave","Pommel Strike","Shrug It Off","Bludgeon","Berserk","CurseOfTheBell","Shockwave+1","Power Through+1","Impervious+1","Metallicize"],"relics":["Burning Blood","Singing Bowl","Paper Frog","CaptainsWheel","Calling Bell","Pen Nib","Toxic Egg 2","Ginger","MutagenicStrength","Bag of Marbles","Membership Card","Tiny Chest","White Beast Statue"],"acts_visited":["Exordium","TheCity"],"potions_floor_usage":[18,33],"damage_taken":[{"damage":9.0,"enemies":"Cultist","floor":1.0,"turns":5.0},{"damage":0.0,"enemies":"2 Louse","floor":2.0,"turns":2.0},{"damage":0.0,"enemies":"Small Slimes","floor":4.0,"turns":3.0},{"damage":6.0,"enemies":"2 Fungi Beasts","floor":5.0,"turns":4.0},{"damage":0.0,"enemies":"3 Louse","floor":7.0,"turns":2.0},{"damage":5.0,"enemies":"Gremlin Nob","floor":10.0,"turns":3.0},{"damage":13.0,"enemies":"Blue Slaver","floor":11.0,"turns":4.0},{"damage":24.0,"enemies":"Lagavulin","floor":13.0,"turns":6.0},{"damage":4.0,"enemies":"Exordium Wildlife","floor":14.0,"turns":5.0},{"damage":36.0,"enemies":"Slime Boss","floor":16.0,"turns":12.0},{"damage":17,"enemies":"2 Thieves","floor":18,"turns":4},{"damage":7,"enemies":"Spheric Guardian","floor":21,"turns":4},{"damage":18,"enemies":"Snake Plant","floor":22,"turns":3},{"damage":4,"enemies":"Centurion and Healer","floor":24,"turns":5},{"damage":32,"enemies":"Gremlin Leader","floor":29,"turns":7},{"damage":30,"enemies":"Chosen and Byrds","floor":30,"turns":6},{"damage":2,"enemies":"Snecko","floor":31,"turns":5},{"damage":81,"enemies":"Automaton","floor":33,"turns":6}],"seed_played":"-2915441262124472589","potions_obtained":[{"floor":7.0,"key":"Fire Potion"},{"floor":11.0,"key":"SkillPotion"},{"floor":14.0,"key":"Strength Potion"},{"floor":16.0,"key":"Strength Potion"},{"floor":21,"key":"SmokeBomb"},{"floor":30,"key":"LiquidBronze"}],"is_trial":false,"path_per_floor":["M","M","$","M","M","R","M","R","T","E","M","R","E","M","R","B",null,"M","?","?","M","M","R","M","R","T","R","$","E","M","M","R","B"],"character_chosen":"IRONCLAD","items_purchased":["Membership Card","Tiny Chest"],"campfire_rested":2,"item_purchase_floors":[28,28],"current_hp_per_floor":[69,75,75,80,80,80,80,80,80,80,75,75,59,61,61,31,71,62,62,62,61,51,51,53,79,79,79,79,53,31,35,62,0,0],"gold":137,"neow_bonus":"ONE_RANDOM_RARE_CARD","is_daily":false,"chose_seed":false,"campfire_upgraded":6,"win_rate":0.0,"timestamp":1611532875,"path_taken":["M","M","$","?","M","R","M","R","T","E","M","R","E","M","R","BOSS","M","?","?","M","M","R","M","R","T","R","$","E","M","M","R","BOSS"],"items_purchased_type":["Relic","Relic"],"build_version":"2020-12-22","purchased_purges":2,"victory":false,"max_hp_per_floor":[80,80,80,80,80,80,80,80,80,80,82,82,84,84,84,84,84,86,86,86,86,88,88,88,88,88,88,88,88,90,90,90,90,90],"card_choices":[{"not_picked":["Warcry","Iron Wave"],"picked":"Perfected Strike","floor":1.0},{"not_picked":["Rupture","Bloodletting"],"picked":"Infernal Blade","floor":2.0},{"not_picked":["Shockwave","Iron Wave"],"picked":"Rampage","floor":4.0},{"not_picked":["Uppercut","Body Slam"],"picked":"Cleave","floor":5.0},{"not_picked":["Bloodletting","Thunderclap"],"picked":"Pommel Strike","floor":7.0},{"not_picked":["Evolve","Body Slam"],"picked":"Shrug It Off","floor":10.0},{"not_picked":["Wild Strike","Rupture","Whirlwind"],"picked":"Singing Bowl","floor":11.0},{"not_picked":["Rupture","Pommel Strike","Warcry"],"picked":"Singing Bowl","floor":13.0},{"not_picked":["Sentinel","Wild Strike"],"picked":"Bludgeon","floor":14.0},{"not_picked":["Barricade","Limit Break"],"picked":"Berserk","floor":16.0},{"not_picked":["Searing Blow","Body Slam+1","Sever Soul"],"picked":"Singing Bowl","floor":18},{"not_picked":["Perfected Strike+1","Cleave"],"picked":"Shockwave+1","floor":21},{"not_picked":["Perfected Strike","True Grit+1","Thunderclap"],"picked":"Singing Bowl","floor":22},{"not_picked":["Clash","Rage+1"],"picked":"Power Through+1","floor":24},{"not_picked":["Clash","Thunderclap+1"],"picked":"Impervious+1","floor":29},{"not_picked":["Cleave","Heavy Blade","Headbutt"],"picked":"Singing Bowl","floor":30},{"not_picked":["Rupture","Shrug It Off+1"],"picked":"Metallicize","floor":31}],"player_experience":1037577,"relics_obtained":[{"floor":9.0,"key":"Singing Bowl"},{"floor":10.0,"key":"Paper Frog"},{"floor":13.0,"key":"CaptainsWheel"},{"floor":17.0,"key":"Pen Nib"},{"floor":17.0,"key":"Toxic Egg 2"},{"floor":17.0,"key":"Ginger"},{"floor":26,"key":"Bag of Marbles"},{"floor":29,"key":"White Beast Statue"}],"event_choices":[{"damage_healed":0,"gold_gain":0,"player_choice":"Ignored","damage_taken":0,"max_hp_gain":0,"max_hp_loss":0,"event_name":"Ghosts","floor":19,"gold_loss":0},{"damage_healed":0,"gold_gain":0,"player_choice":"Inject Mutagens","damage_taken":0,"relics_obtained":["MutagenicStrength"],"max_hp_gain":0,"max_hp_loss":0,"event_name":"Drug Dealer","floor":20,"gold_loss":0}],"is_beta":false,"boss_relics":[{"not_picked":["Busted Crown","Runic Dome"],"picked":"Calling Bell"}],"items_purged_floors":[3,28],"is_endless":false,"potions_floor_spawned":[7,11,14,16,21,30,31],"killed_by":"Automaton","ascension_level":12}}