{"host":"3a1ypf1irl30q4k8","time":1611592221,"event":{"mods":["AchievementEnabler","BaseMod","Bestiary","Colored Map","Minty Spire (QoL Compilation)","Relic Stats"],"gold_per_floor":[417,436,77,89,101,101,158,188,188,218,218,246,257,237,237,337,337,348,263,111,122,122,122,156,169,244,257,257,268,279,305,305,409,409,429,429,429,429],"floor_reached":37,"language":"ENG","playtime":2982,"items_purged":["Regret","Strike_R"],"score":615,"play_id":"386b13cf-8de1-4a17-96f5-98a1ab0f0296","local_time":"20210125163021","is_ascension_mode":true,"campfire_choices":[{"data":"Sword Boomerang","floor":6.0,"key":"SMITH"},{"floor":11.0,"key":"REST"},{"data":"Uppercut","floor":15.0,"key":"SMITH"},{"data":"Feed","floor":23.0,"key":"SMITH"},{"data":"Clothesline","floor":28.0,"key":"SMITH"},{"data":"Ghostly Armor","floor":32.0,"key":"SMITH"}],"circlet_count":0,"master_deck":["Strike_R","Strike_R","Strike_R","Strike_R","Defend_R","Defend_R","Defend_R","Defend_R","Bash","Thunderclap","Spot Weakness","Inflame","Twin Strike","Sword Boomerang+1","Clothesline+1","Armaments","Burning Pact","Battle Trance","Uppercut+1","Offering","Ghostly Armor+1","Feed+1","Whirlwind+1","Shrug It Off+1","Ghostly+1","Ghostly+1","Ghostly+1","Ghostly+1","Ghostly+1","Impervious+1","Dual Wield+1","Headbutt+1","Burning Pact+1","Headbutt+1","Juggernaut","Shrug It Off+1"],"relics":["Burning Blood","Old Coin","Toolbox","Pantograph","Odd Mushroom","Mummified Hand","MealTicket","Omamori","Snecko Eye","Toxic Egg 2","Champion Belt","Molten Egg 2","Matryoshka","Fusion Hammer"],"acts_visited":["Exordium","TheCity","TheBeyond"],"potions_floor_usage":[36],"damage_taken":[{"damage":8.0,"enemies":"2 Louse","floor":1.0,"turns":4.0},{"damage":2.0,"enemies":"Small Slimes","floor":2.0,"turns":4.0},{"damage":0.0,"enemies":"Jaw Worm","floor":4.0,"turns":3.0},{"damage":0.0,"enemies":"Looter","floor":5.0,"turns":2.0},{"damage":26.0,"enemies":"Lagavulin Event","floor":7.0,"turns":4.0},{"damage":12.0,"enemies":"The Mushroom Lair","floor":8.0,"turns":4.0},{"damage":35.0,"enemies":"Lagavulin","floor":10.0,"turns":4.0},{"damage":0.0,"enemies":"Gremlin Nob","floor":12.0,"turns":2.0},{"damage":11.0,"enemies":"Blue Slaver","floor":13.0,"turns":3.0},{"damage":32.0,"enemies":"Slime Boss","floor":16.0,"turns":8.0},{"damage":24.0,"enemies":"Shell Parasite","floor":18.0,"turns":8.0},{"damage":6.0,"enemies":"Chosen","floor":21.0,"turns":3.0},{"damage":0.0,"enemies":"Gremlin Leader","floor":24.0,"turns":6.0},{"damage":14.0,"enemies":"3 Cultists","floor":25.0,"turns":6.0},{"damage":2.0,"enemies":"Sentry and Sphere","floor":27.0,"turns":5.0},{"damage":6.0,"enemies":"Snecko","floor":29.0,"turns":4.0},{"damage":0.0,"enemies":"Snake Plant","floor":30.0,"turns":3.0},{"damage":19.0,"enemies":"Book of Stabbing","floor":31.0,"turns":6.0},{"damage":25.0,"enemies":"Automaton","floor":33.0,"turns":9.0},{"damage":0.0,"enemies":"3 Shapes","floor":35.0,"turns":3.0},{"damage":3,"enemies":"3 Darklings","floor":36,"turns":5},{"damage":48,"enemies":"Maw","floor":37,"turns":7}],"seed_played":"-8472492419507521429","potions_obtained":[{"floor":4.0,"key":"SmokeBomb"},{"floor":5.0,"key":"LiquidMemories"},{"floor":7.0,"key":"SkillPotion"},{"floor":8.0,"key":"Dexterity Potion"},{"floor":12.0,"key":"SteroidPotion"},{"floor":18.0,"key":"ElixirPotion"},{"floor":27.0,"key":"LiquidMemories"},{"floor":31.0,"key":"ColorlessPotion"}],"is_trial":false,"path_per_floor":["M","M","$","M","M","R","?","?","T","E","R","E","M","?","R","B",null,"M","?","$","M","?","R","E","M","T","M","R","M","M","E","R","B",null,"M","M","M"],"character_chosen":"IRONCLAD","items_purchased":["Inflame","Twin Strike","Sword Boomerang","Toolbox","Shrug It Off+1"],"campfire_rested":1,"item_purchase_floors":[3,3,3,3,20],"current_hp_per_floor":[78,80,80,80,80,80,60,54,54,25,49,55,50,50,50,49,80,65,65,80,80,41,41,41,33,33,37,37,37,41,28,28,22,41,41,41,0,0],"gold":429,"neow_bonus":"ONE_RARE_RELIC","is_daily":false,"chose_seed":false,"campfire_upgraded":5,"win_rate":0.0,"timestamp":1611592221,"path_taken":["M","M","$","M","M","R","?","?","T","E","R","E","M","?","R","BOSS","M","?","$","M","?","R","E","M","T","M","R","M","M","E","R","BOSS","M","M","M"],"items_purchased_type":["Card","Card","Card","Relic","Card"],"build_version":"2020-12-22","purchased_purges":2,"victory":false,"max_hp_per_floor":[80,80,80,80,80,80,80,80,80,80,80,80,80,80,80,80,80,83,83,83,83,41,41,41,41,41,41,41,41,41,41,41,41,41,41,41,41,41],"relic_stats":{"counters":[22,103],"Mummified Hand":[34],"Pantograph":38,"Snecko Eye":[124,130,136,135],"MealTicket":15,"Champion Belt":[23],"obtain_stats":[{"Omamori":12,"Odd Mushroom":8,"Burning Blood":0,"Old Coin":0,"Matryoshka":31,"Mummified Hand":9,"Pantograph":7,"Toolbox":3,"Snecko Eye":17,"MealTicket":10,"Molten Egg 2":26,"Fusion Hammer":34,"Champion Belt":24,"Toxic Egg 2":19},{"Omamori":8,"Odd Mushroom":6,"Burning Blood":0,"Old Coin":0,"Matryoshka":18,"Mummified Hand":6,"Pantograph":5,"Toolbox":2,"Snecko Eye":10,"MealTicket":7,"Molten Egg 2":14,"Fusion Hammer":19,"Champion Belt":13,"Toxic Egg 2":11},{"Omamori":27,"Odd Mushroom":21,"Burning Blood":0,"Old Coin":0,"Matryoshka":79,"Mummified Hand":21,"Pantograph":17,"Toolbox":8,"Snecko Eye":38,"MealTicket":25,"Molten Egg 2":61,"Fusion Hammer":88,"Champion Belt":55,"Toxic Egg 2":46}],"Burning Blood":95},"card_choices":[{"not_picked":["True Grit","Wild Strike"],"picked":"Thunderclap","floor":1.0},{"not_picked":["Pommel Strike","Perfected Strike"],"picked":"Spot Weakness","floor":2.0},{"not_picked":["Intimidate","Dark Embrace"],"picked":"Clothesline","floor":4.0},{"not_picked":["Body Slam","Rupture"],"picked":"Armaments","floor":5.0},{"not_picked":["Rage","Clothesline"],"picked":"Burning Pact","floor":7.0},{"not_picked":["Intimidate","Armaments"],"picked":"Battle Trance","floor":8.0},{"not_picked":["Evolve","Battle Trance"],"picked":"Uppercut","floor":10.0},{"not_picked":["Rage","Heavy Blade"],"picked":"Offering","floor":12.0},{"not_picked":["Rupture","Dual Wield"],"picked":"Ghostly Armor","floor":13.0},{"not_picked":["Berserk","Barricade"],"picked":"Feed","floor":16.0},{"not_picked":["Heavy Blade","Clash+1"],"picked":"Whirlwind+1","floor":18.0},{"not_picked":["Clash","Flex+1","Body Slam"],"picked":"SKIP","floor":21.0},{"not_picked":["Entrench+1","Inflame"],"picked":"Impervious+1","floor":24.0},{"not_picked":["Anger","Headbutt","Flex+1"],"picked":"SKIP","floor":25.0},{"not_picked":["Warcry+1","Headbutt+1"],"picked":"Dual Wield+1","floor":27.0},{"not_picked":["Warcry+1","Sword Boomerang+1"],"picked":"Headbutt+1","floor":29.0},{"not_picked":["Sword Boomerang+1","Twin Strike+1"],"picked":"Burning Pact+1","floor":30.0},{"not_picked":["Second Wind+1","Barricade"],"picked":"Headbutt+1","floor":31.0},{"not_picked":["Barricade","Impervious+1"],"picked":"Juggernaut","floor":33.0},{"not_picked":["Thunderclap+1","Twin Strike+1"],"picked":"Shrug It Off+1","floor":35.0}],"player_experience":1207612,"relics_obtained":[{"floor":7.0,"key":"Pantograph"},{"floor":8.0,"key":"Odd Mushroom"},{"floor":9.0,"key":"Mummified Hand"},{"floor":10.0,"key":"MealTicket"},{"floor":12.0,"key":"Omamori"},{"floor":24.0,"key":"Champion Belt"},{"floor":26.0,"key":"Molten Egg 2"},{"floor":31.0,"key":"Matryoshka"}],"event_choices":[{"damage_healed":0.0,"max_hp_gain":0.0,"max_hp_loss":0.0,"gold_gain":0.0,"event_name":"Dead Adventurer","player_choice":"Searched \u00272\u0027 times","floor":7.0,"gold_loss":0.0,"damage_taken":0.0},{"damage_healed":0.0,"max_hp_gain":0.0,"max_hp_loss":0.0,"gold_gain":0.0,"event_name":"Mushrooms","player_choice":"Fought Mushrooms","floor":8.0,"gold_loss":0.0,"damage_taken":0.0},{"damage_healed":0.0,"max_hp_gain":0.0,"max_hp_loss":0.0,"gold_gain":0.0,"event_name":"World of Goop","player_choice":"Left Gold","floor":14.0,"gold_loss":20.0,"damage_taken":0.0},{"damage_healed":0.0,"max_hp_gain":0.0,"max_hp_loss":0.0,"gold_gain":0.0,"event_name":"Addict","player_choice":"Obtained Relic","floor":19.0,"gold_loss":85.0,"damage_taken":0.0,"relics_obtained":["Toxic Egg 2"]},{"damage_healed":0.0,"max_hp_gain":0.0,"max_hp_loss":42.0,"gold_gain":0.0,"event_name":"Ghosts","player_choice":"Became a Ghost","floor":22.0,"gold_loss":0.0,"damage_taken":0.0,"cards_obtained":["Ghostly","Ghostly","Ghostly","Ghostly","Ghostly"]}],"is_beta":false,"boss_relics":[{"not_picked":["Black Star","Runic Dome"],"picked":"Snecko Eye"},{"not_picked":["Coffee Dripper","SacredBark"],"picked":"Fusion Hammer"}],"items_purged_floors":[3,20],"is_endless":false,"potions_floor_spawned":[4,5,7,8,12,18,25,27,29,31,36],"killed_by":"Maw","ascension_level":4}}