{"host":"ljmxc81w1zg7qdd2","time":1611615204,"event":{"mods":["BaseMod","BetterRewards","Colored Map","Hubris","Minty Spire (QoL Compilation)","Replay The Spire","Shop Mod","StSLib","The Animator","The Construct","The Cursed","The Necromancer","The Servant 0.9.4"],"gold_per_floor":[116,130,130,130,143,143,143,167,220,220,235,270,270,38,38,38,38],"floor_reached":16,"language":"ENG","playtime":1038,"items_purged":["Strike_B"],"score":100,"play_id":"ed0836b6-667a-4be9-9cd7-04199c574b76","local_time":"20210125145324","is_ascension_mode":false,"campfire_choices":[{"data":"Genetic Algorithm","floor":13,"key":"SMITH"},{"data":"Zap","floor":15,"key":"SMITH"}],"circlet_count":0,"master_deck":["Strike_B","Strike_B+1","Defend_B","Defend_B","Defend_B","Defend_B","Zap+1","Dualcast","Genetic Algorithm+1","Aggregate","Leap+1","Strike_W","Redo","Panic Button","Glacier"],"relics":["Cracked Core","Geode","Bronze Scales","Golden Idol","Lantern","Nunchaku","Juzu Bracelet"],"acts_visited":["Exordium"],"potions_floor_usage":[8,12,12],"damage_taken":[{"damage":6,"enemies":"Jaw Worm","floor":1,"turns":4},{"damage":0,"enemies":"2 Louse","floor":2,"turns":2},{"damage":4,"enemies":"Small Slimes","floor":5,"turns":3},{"damage":0,"enemies":"Exordium Thugs","floor":8,"turns":4},{"damage":1,"enemies":"2 Fungi Beasts","floor":11,"turns":2},{"damage":9,"enemies":"Lagavulin","floor":12,"turns":8},{"damage":29,"enemies":"The Guardian","floor":16,"turns":17}],"seed_played":"-3656542100370784572","potions_obtained":[{"floor":1,"key":"SkillPotion"},{"floor":8,"key":"FearPotion"},{"floor":11,"key":"SpeedPotion"}],"is_trial":false,"path_per_floor":["M","M","?","?","M","?","?","M","T","?","M","E","R","$","R","B"],"character_chosen":"DEFECT","items_purchased":["Juzu Bracelet"],"campfire_rested":0,"item_purchase_floors":[14],"current_hp_per_floor":[69,69,51,33,29,14,14,14,14,39,38,29,29,29,29,0,0],"gold":38,"neow_bonus":"RANDOM_COMMON_RELIC","is_daily":false,"chose_seed":false,"campfire_upgraded":2,"win_rate":0.0,"timestamp":1611615204,"path_taken":["M","M","?","?","M","?","?","?","T","?","M","E","R","$","R","BOSS"],"items_purchased_type":["Relic"],"build_version":"2020-12-22","purchased_purges":1,"victory":false,"max_hp_per_floor":[75,75,75,75,75,75,75,75,75,75,75,75,75,75,75,75,75],"card_choices":[{"not_picked":["ReplaySort","Leap"],"picked":"Genetic Algorithm","floor":1},{"not_picked":["ReplayTheSpireMod:GoodbyeWorld","Rip and Tear"],"picked":"Aggregate","floor":2},{"not_picked":["Go for the Eyes","BasicCrystalCard"],"picked":"Leap","floor":5},{"not_picked":["ReplaySort","Rebound"],"picked":"Redo","floor":8},{"not_picked":["Force Field","Turbo"],"picked":"Panic Button","floor":11},{"not_picked":["Force Field","Reinforced Body"],"picked":"Glacier","floor":12}],"player_experience":98529,"relics_obtained":[{"floor":9,"key":"Lantern"},{"floor":12,"key":"Nunchaku"}],"event_choices":[{"damage_healed":0,"gold_gain":0,"player_choice":"Success","damage_taken":18,"relics_obtained":["Bronze Scales"],"max_hp_gain":0,"max_hp_loss":0,"event_name":"Scrap Ooze","floor":3,"gold_loss":0},{"damage_healed":0,"gold_gain":0,"player_choice":"Take Damage","damage_taken":18,"relics_obtained":["Golden Idol"],"max_hp_gain":0,"max_hp_loss":0,"event_name":"Golden Idol","floor":4,"gold_loss":0},{"damage_healed":0,"gold_gain":0,"player_choice":"Entered Light","damage_taken":15,"max_hp_gain":0,"max_hp_loss":0,"event_name":"Shining Light","floor":6,"gold_loss":0,"cards_upgraded":["Strike_B","Leap"]},{"cards_removed":["Strike_B"],"damage_healed":0,"gold_gain":0,"player_choice":"Took Card","damage_taken":0,"max_hp_gain":0,"max_hp_loss":0,"event_name":"NoteForYourself","floor":7,"gold_loss":0,"cards_obtained":["Strike_W"]},{"damage_healed":25,"gold_gain":0,"player_choice":"Banana","damage_taken":0,"max_hp_gain":0,"max_hp_loss":0,"event_name":"Big Fish","floor":10,"gold_loss":0}],"is_beta":false,"boss_relics":[],"items_purged_floors":[14],"is_endless":false,"potions_floor_spawned":[1,8,11],"killed_by":"The Guardian","ascension_level":0}}