{"host":"t7mx8yfj1no5p62f","time":1611557992,"event":{"mods":["BaseMod","Bestiary","Colored Map","Colored Powertips","Minty Spire (QoL Compilation)","Relic Stats","StSLib","ojb\u0027s Info Mod"],"gold_per_floor":[116,130,55,55,86,123,135,197,235,259,271,299,311,341,353,442,454,478,507,529,228,228,228,228,228],"floor_reached":24,"language":"ENG","playtime":792,"items_purged":["Strike_G"],"score":396,"play_id":"41f2f68d-e100-44eb-bccc-8ea59a1a8501","local_time":"20210125015952","is_ascension_mode":true,"campfire_choices":[{"data":"Dash","floor":7.0,"key":"SMITH"},{"data":"Deadly Poison","floor":11.0,"key":"SMITH"},{"data":"Blade Dance","floor":13.0,"key":"SMITH"},{"data":"Leg Sweep","floor":15.0,"key":"SMITH"},{"data":"Wraith Form v2","floor":23.0,"key":"SMITH"}],"circlet_count":0,"master_deck":["AscendersBane","Defend_G","Defend_G+1","Defend_G+1","Defend_G","Survivor","Neutralize","Poisoned Stab","Deadly Poison+1","Poisoned Stab","Dash+1","Blade Dance+1","Leg Sweep+1","Wraith Form v2","Escape Plan+1","Bouncing Flask+1","Bane+1","Backflip","Acrobatics","Wraith Form v2+1","Footwork"],"relics":["Coffee Dripper","MawBank","Bird Faced Urn","War Paint","Astrolabe","DollysMirror"],"acts_visited":["Exordium","TheCity"],"potions_floor_usage":[24],"damage_taken":[{"damage":1.0,"enemies":"Small Slimes","floor":1.0,"turns":4.0},{"damage":0.0,"enemies":"Cultist","floor":2.0,"turns":3.0},{"damage":0.0,"enemies":"Jaw Worm","floor":5.0,"turns":4.0},{"damage":37.0,"enemies":"3 Sentries","floor":6.0,"turns":11.0},{"damage":0.0,"enemies":"Exordium Wildlife","floor":10.0,"turns":2.0},{"damage":1.0,"enemies":"Large Slime","floor":12.0,"turns":5.0},{"damage":0.0,"enemies":"Red Slaver","floor":14.0,"turns":3.0},{"damage":2.0,"enemies":"Hexaghost","floor":16.0,"turns":9.0},{"damage":6.0,"enemies":"Spheric Guardian","floor":18.0,"turns":4.0},{"damage":0.0,"enemies":"2 Thieves","floor":19.0,"turns":3.0},{"damage":18.0,"enemies":"Sentry and Sphere","floor":20.0,"turns":5.0},{"damage":63,"enemies":"Gremlin Leader","floor":24,"turns":9}],"seed_played":"-6441210216893747232","potions_obtained":[{"floor":2.0,"key":"Ancient Potion"},{"floor":6.0,"key":"Fire Potion"},{"floor":10.0,"key":"Block Potion"},{"floor":16.0,"key":"FairyPotion"},{"floor":20.0,"key":"FearPotion"}],"is_trial":false,"path_per_floor":["M","M","?","?","M","E","R","?","T","M","R","M","R","M","R","B",null,"M","M","M","$","?","R","E"],"character_chosen":"THE_SILENT","items_purchased":["DollysMirror","Footwork"],"campfire_rested":0,"item_purchase_floors":[21,21],"current_hp_per_floor":[58,58,58,53,53,16,16,16,16,16,16,15,15,15,15,13,53,47,47,31,31,31,31,0,0],"gold":228,"neow_bonus":"BOSS_RELIC","is_daily":false,"chose_seed":false,"campfire_upgraded":5,"win_rate":0.0,"timestamp":1611557992,"path_taken":["M","M","?","?","M","E","R","?","T","M","R","?","R","M","R","BOSS","M","M","?","$","?","R","E"],"items_purchased_type":["Relic","Card"],"build_version":"2020-12-22","purchased_purges":1,"victory":false,"max_hp_per_floor":[66,66,66,66,66,66,66,66,66,66,66,66,66,66,66,66,66,66,66,66,66,66,66,66,66],"relic_stats":{"counters":[12,62],"Bird Faced Urn":[8],"Astrolabe":["Escape Plan","Bouncing Flask","Bane"],"War Paint":["Defend_G","Defend_G"],"MawBank":204,"obtain_stats":[{"DollysMirror":21,"Bird Faced Urn":6,"Astrolabe":17,"Coffee Dripper":0,"War Paint":9,"MawBank":4,"Ring of the Snake":0},{"DollysMirror":11,"Bird Faced Urn":4,"Astrolabe":8,"Coffee Dripper":0,"War Paint":4,"MawBank":2,"Ring of the Snake":0},{"DollysMirror":53,"Bird Faced Urn":22,"Astrolabe":41,"Coffee Dripper":0,"War Paint":22,"MawBank":7,"Ring of the Snake":0}]},"card_choices":[{"not_picked":["Slice","Blur"],"picked":"Poisoned Stab","floor":1.0},{"not_picked":["Underhanded Strike","Poisoned Stab"],"picked":"Deadly Poison","floor":2.0},{"not_picked":["Prepared","Dodge and Roll"],"picked":"Poisoned Stab","floor":5.0},{"not_picked":["Burst","Skewer"],"picked":"Dash","floor":6.0},{"not_picked":["Dodge and Roll","Deflect"],"picked":"Blade Dance","floor":10.0},{"not_picked":["Well Laid Plans","Calculated Gamble"],"picked":"Leg Sweep","floor":12.0},{"not_picked":["Finisher","Quick Slash","Outmaneuver"],"picked":"SKIP","floor":14.0},{"not_picked":["Doppelganger","Unload"],"picked":"Wraith Form v2","floor":16.0},{"not_picked":["Dagger Throw","Concentrate"],"picked":"Backflip","floor":18.0},{"not_picked":["Deadly Poison+1","Escape Plan"],"picked":"Acrobatics","floor":19.0},{"not_picked":["Flying Knee","Skewer","Bane"],"picked":"SKIP","floor":20.0}],"player_experience":1851177,"relics_obtained":[{"floor":6.0,"key":"Bird Faced Urn"},{"floor":9.0,"key":"War Paint"}],"event_choices":[{"cards_removed":["Strike_G"],"damage_healed":0.0,"max_hp_gain":0.0,"max_hp_loss":0.0,"gold_gain":0.0,"event_name":"The Cleric","player_choice":"Card Removal","floor":3.0,"gold_loss":75.0,"damage_taken":0.0},{"damage_healed":0.0,"max_hp_gain":0.0,"max_hp_loss":0.0,"gold_gain":0.0,"event_name":"Scrap Ooze","player_choice":"Success","floor":4.0,"gold_loss":0.0,"damage_taken":5.0,"relics_obtained":["MawBank"]},{"damage_healed":0.0,"max_hp_gain":0.0,"max_hp_loss":0.0,"gold_gain":50.0,"event_name":"Golden Shrine","player_choice":"Pray","floor":8.0,"gold_loss":0.0,"damage_taken":0.0},{"cards_removed":["Defend_G"],"damage_healed":0.0,"max_hp_gain":0.0,"max_hp_loss":0.0,"gold_gain":0.0,"event_name":"Back to Basics","player_choice":"Elegance","floor":22.0,"gold_loss":0.0,"damage_taken":0.0}],"is_beta":false,"boss_relics":[{"not_picked":["WristBlade","Ectoplasm"],"picked":"Astrolabe"}],"items_purged_floors":[21],"is_endless":false,"potions_floor_spawned":[2,6,10,16,20],"killed_by":"Gremlin Leader","ascension_level":20}}