{"host":"rwd7yp9nr3nfpfre","time":1611582192,"event":{"mods":["Act Like it!","BaseMod","Hallownest","Minty Spire (QoL Compilation)","StSLib","The Bug Knight","The Senshi"],"gold_per_floor":[116,127,127,11,11,11,27,27,27,43,43,43,20,30,30,131,131,114,65,76,1,1,1],"floor_reached":22,"language":"ENG","playtime":2492,"items_purged":[],"score":174,"play_id":"e6f77b31-4aa2-4c1b-80a1-3ce0cb8af50d","local_time":"20210125144312","is_ascension_mode":false,"campfire_choices":[{"floor":6,"key":"REST"},{"floor":12,"key":"REST"},{"data":"HollowMod:FocusHealStart","floor":15,"key":"SMITH"}],"circlet_count":0,"master_deck":["HollowMod:NailStrikeStart","HollowMod:NailStrikeStart","HollowMod:NailStrikeStart","HollowMod:NailStrikeStart","HollowMod:QuickDashStart","HollowMod:QuickDashStart","HollowMod:QuickDashStart","HollowMod:QuickDashStart","HollowMod:FocusHealStart+1","HollowMod:PogoStrike","HollowMod:HornetsHelp+1","HollowMod:SoulSplash","HollowMod:DoubleDash","HollowMod:SoulEater","HollowMod:CrystalDash","HollowMod:ChannelNail","HollowMod:InfectedCysts","HollowMod:ElderbugsWisdom","HollowMod:MidwifesHunger","HollowMod:MonarchWings","HollowMod:HowlingWraiths","HollowMod:SharpenedNail"],"relics":["HollowMod:VesselMask","White Beast Statue","Regal Pillow","Hallownest:DreamNailRelic","Hallownest:SalubrasBlessingRelic","Juzu Bracelet","Black Star"],"acts_visited":["Hallownest:Greenpath","TheCity"],"potions_floor_usage":[7,7,7,10,14,16,16,22],"damage_taken":[{"damage":18,"enemies":"Hallownest:monsterHuskGuard","floor":1,"turns":4},{"damage":0,"enemies":"Hallownest:monsterHuskWarrior","floor":2,"turns":2},{"damage":1,"enemies":"Hallownest:2_Tiktiks_and_1_Crawlid","floor":7,"turns":1},{"damage":3,"enemies":"Hallownest:monsterFoolEater","floor":10,"turns":6},{"damage":13,"enemies":"Hallownest:2_Tiktiks_1_Baldur_1_Crawlid","floor":14,"turns":2},{"damage":57,"enemies":"Hallownest:BossBrokenVessel","floor":16,"turns":16},{"damage":16,"enemies":"2 Thieves","floor":18,"turns":5},{"damage":54,"enemies":"3 Byrds","floor":20,"turns":6},{"damage":21,"enemies":"Snake Plant","floor":22,"turns":2}],"seed_played":"1637942716305254818","potions_obtained":[{"floor":2,"key":"EntropicBrew"},{"floor":7,"key":"Strength Potion"},{"floor":10,"key":"LiquidMemories"},{"floor":14,"key":"PowerPotion"},{"floor":16,"key":"SteroidPotion"},{"floor":18,"key":"BlessingOfTheForge"},{"floor":20,"key":"SteroidPotion"}],"is_trial":false,"path_per_floor":["M","M","?","$","?","R","M","?","T","M","?","R","$","M","R","B",null,"M","$","M","?","M"],"character_chosen":"THE_BUGKNIGHT","items_purchased":["HollowMod:SoulEater","HollowMod:CrystalDash","HollowMod:InfectedCysts","HollowMod:HowlingWraiths"],"campfire_rested":2,"item_purchase_floors":[4,4,13,19],"current_hp_per_floor":[57,57,3,3,3,40,39,39,39,42,42,77,77,64,64,19,77,61,61,7,12,0,0],"gold":1,"neow_bonus":"ONE_RANDOM_RARE_CARD","is_daily":false,"chose_seed":false,"campfire_upgraded":1,"win_rate":0.0,"timestamp":1611582192,"path_taken":["M","M","?","$","?","R","?","?","T","M","?","R","$","M","R","BOSS","M","$","M","?","M"],"items_purchased_type":["Card","Card","Card","Card"],"build_version":"2020-12-22","purchased_purges":0,"victory":false,"max_hp_per_floor":[75,75,75,75,75,75,75,75,75,75,75,77,77,77,77,77,77,77,77,77,82,82,82],"card_choices":[{"not_picked":["HollowMod:NewJinnsSoul","HollowMod:VengefulVoid"],"picked":"HollowMod:SoulSplash","floor":1},{"not_picked":["HollowMod:ChannelNail","HollowMod:FallenFury"],"picked":"HollowMod:DoubleDash","floor":2},{"not_picked":["HollowMod:MawleksShell","HollowMod:SiblingsSouls"],"picked":"HollowMod:ChannelNail","floor":7},{"not_picked":["HollowMod:VengefulVoid","HollowMod:NewJinnsSoul","HollowMod:InfectedAttack"],"picked":"SKIP","floor":10},{"not_picked":["HollowMod:FastStrike","HollowMod:HuntersJournal"],"picked":"HollowMod:ElderbugsWisdom","floor":14},{"not_picked":["HollowMod:ElderbugsWisdom","HollowMod:VoidDash"],"picked":"HollowMod:MidwifesHunger","floor":16},{"not_picked":["HollowMod:LifebloodCocoon","HollowMod:SiblingsShadow"],"picked":"HollowMod:MonarchWings","floor":18},{"not_picked":["HollowMod:InfectedCysts","HollowMod:InfectionAssault"],"picked":"HollowMod:SharpenedNail","floor":20}],"player_experience":362481,"relics_obtained":[{"floor":9,"key":"Juzu Bracelet"}],"event_choices":[],"is_beta":false,"boss_relics":[{"not_picked":["Philosopher\u0027s Stone","Busted Crown"],"picked":"Black Star"}],"items_purged_floors":[],"is_endless":false,"potions_floor_spawned":[2,7,10,14,16,18,20],"killed_by":"Snake Plant","ascension_level":0}}