{"host":"och2iitg9ibgz06n","time":1611598298,"event":{"mods":["Abigail Mod","AchievementEnabler","Aspiration","BaseMod","Colored Powertips","Dio Mod","Hubris","Hyrulean Relics","Infinite Spire","Minty Spire (QoL Compilation)","Replay The Spire","Small Relic Pack","StSLib","The Animator","The Bug Knight","The Hierophant","The Jungle","The Saiyan","TheHero","Wandering Minibosses","everything is the same but u backflip on backflip","slay the spire mod where everything is the same but ironclad has a cowboy hat"],"gold_per_floor":[216,235,200,200,219,219,249,264,290,305,319,319,333,362,362,459,459,479,479,586,586,289,289,318,318,342,373,392,38,38,38,38,134,134,152,170,181,72,122,122,122],"floor_reached":40,"language":"ENG","playtime":2006,"items_purged":[],"score":524,"play_id":"a63b5d53-29f9-4f98-ba91-dc0c63161f5c","local_time":"20210125121138","is_ascension_mode":true,"campfire_choices":[{"data":"Deadly Poison","floor":6,"key":"SMITH"},{"floor":12,"key":"REST"},{"floor":15,"key":"REST"},{"floor":23,"key":"RECALL"},{"floor":25,"key":"REST"},{"floor":30,"key":"REST"}],"circlet_count":0,"master_deck":["Strike_G","Strike_G","Strike_G","Strike_G","Strike_G","Defend_G","Defend_G","Defend_G","Defend_G","Defend_G","Survivor","Neutralize+1","Toxin Wave","Slice","Deadly Poison+1","PiercingWail","Deflect","Deadly Poison","Sneak Up","Prepared","Catalyst","Adrenaline","Outmaneuver","Cloak And Dagger","Accuracy","Footwork","Burst","ReplayTheSpireMod:Scrap Shanks+1","Backflip","Caltrops","Toxin Wave","Adrenaline","Deadly Poison+1","Terror+1","Dagger Spray","Burst","Burst","Cloak And Dagger+1"],"relics":["Ring of the Snake","Pen Nib","Boot","Omamori","hubris:Backtick","Torii","relicPack:OneForAll","MutagenicStrength","aspiration:SneckoTail","hubris:SlimyHat","infinitespire:Satchel","infinitespire:WardingShard","Painkiller Herb","Replay:Kaleidoscope"],"acts_visited":["Exordium","TheCity","TheBeyond"],"potions_floor_usage":[8,14,14,39,40],"damage_taken":[{"damage":1,"enemies":"Small Slimes","floor":1,"turns":4},{"damage":2,"enemies":"Cultist","floor":2,"turns":5},{"damage":0,"enemies":"2 Louse","floor":5,"turns":3},{"damage":24,"enemies":"3 Sentries","floor":7,"turns":10},{"damage":9,"enemies":"Large Slime","floor":8,"turns":5},{"damage":0,"enemies":"Blue Slaver","floor":10,"turns":4},{"damage":0,"enemies":"3 Louse","floor":11,"turns":2},{"damage":0,"enemies":"Exordium Wildlife","floor":13,"turns":4},{"damage":26,"enemies":"Gremlin Nob","floor":14,"turns":4},{"damage":27,"enemies":"The Guardian","floor":16,"turns":9},{"damage":0,"enemies":"Chosen","floor":18,"turns":4},{"damage":13,"enemies":"Book of Stabbing","floor":24,"turns":7},{"damage":19,"enemies":"Replay:Snechameleon","floor":27,"turns":10},{"damage":8,"enemies":"3 Byrds","floor":28,"turns":5},{"damage":36,"enemies":"StardustCrusaders","floor":33,"turns":10},{"damage":3,"enemies":"3 Darklings","floor":35,"turns":5},{"damage":1,"enemies":"Orb Walker","floor":36,"turns":4},{"damage":36,"enemies":"Writhing Mass","floor":37,"turns":5},{"damage":0,"enemies":"Mind Bloom Boss Battle","floor":39,"turns":9},{"damage":45,"enemies":"Giant Head","floor":40,"turns":5}],"seed_played":"-8846141374102651956","potions_obtained":[{"floor":1,"key":"SteroidPotion"},{"floor":2,"key":"Fire Potion"},{"floor":11,"key":"Elixir"},{"floor":13,"key":"SteroidPotion"},{"floor":14,"key":"Milkshake"},{"floor":18,"key":"Regen Potion"},{"floor":35,"key":"Fire Potion"},{"floor":36,"key":"Cursed Concoction"}],"is_trial":false,"path_per_floor":["M","M","?","?","M","R","E","M","T","M","M","R","M","E","R","B",null,"M","?","?","?","$","R","E","R","T","E","M","$","R","AVR","R","B",null,"?","?","?","T","?","E"],"character_chosen":"THE_SILENT","items_purchased":["aspiration:SneckoTail","Caltrops","infinitespire:WardingShard","Toxin Wave","Burst"],"campfire_rested":4,"item_purchase_floors":[22,29,29,29,38],"current_hp_per_floor":[69,67,70,70,70,70,46,37,37,37,37,58,58,32,53,26,70,70,70,53,53,53,53,40,61,61,42,34,34,55,55,70,34,70,67,66,30,30,45,0,0],"gold":122,"neow_bonus":"HUNDRED_GOLD","is_daily":false,"chose_seed":false,"campfire_upgraded":1,"win_rate":0.0,"timestamp":1611598298,"path_taken":["M","M","?","?","?","R","E","M","T","M","?","R","M","E","R","BOSS","M","?","?","?","$","R","E","R","T","E","M","?","R","AVR","R","BOSS","?","?","?","T","?","E"],"items_purchased_type":["Relic","Card","Relic","Card","Card"],"build_version":"2020-12-22","purchased_purges":0,"victory":false,"max_hp_per_floor":[70,70,70,70,70,70,70,70,70,70,70,70,70,70,70,70,70,70,70,70,70,70,70,70,70,70,70,70,70,70,70,70,70,70,70,70,70,70,70,70,70],"card_choices":[{"not_picked":["Dodge and Roll","Quick Slash"],"picked":"Toxin Wave","floor":1},{"not_picked":["Expertise","Venomology"],"picked":"Slice","floor":2},{"not_picked":["Bane","Backflip"],"picked":"Deadly Poison","floor":5},{"not_picked":["Skewer","Hidden Blade"],"picked":"PiercingWail","floor":7},{"not_picked":["Masterful Stab","Setup"],"picked":"Deflect","floor":8},{"not_picked":["Bane","Hidden Blade"],"picked":"Deadly Poison","floor":10},{"not_picked":["PiercingWail","Acrobatics"],"picked":"Sneak Up","floor":11},{"not_picked":["Bane","Sucker Punch"],"picked":"Prepared","floor":13},{"not_picked":["Heel Hook","Doppelganger"],"picked":"Catalyst","floor":14},{"not_picked":["Poison Darts","aspiration:Lunge"],"picked":"Adrenaline","floor":16},{"not_picked":["PiercingWail","Bane"],"picked":"Outmaneuver","floor":18},{"not_picked":["Dash","Outmaneuver+1"],"picked":"Cloak And Dagger","floor":20},{"not_picked":["Acrobatics+1","Hidden Blade"],"picked":"Accuracy","floor":20},{"not_picked":["Acrobatics","Deadly Poison+1"],"picked":"Footwork","floor":20},{"not_picked":["Backflip","Eviscerate+1"],"picked":"Burst","floor":24},{"not_picked":["Prepared+1","Poisoned Stab"],"picked":"ReplayTheSpireMod:Scrap Shanks","floor":27},{"not_picked":["Replay:Poison Smokescreen","Riddle With Holes+1"],"picked":"Backflip","floor":28},{"not_picked":["Doppelganger","aspiration:Lunge"],"picked":"Adrenaline","floor":33},{"not_picked":["Prepared+1","Hidden Blade"],"picked":"Deadly Poison+1","floor":35},{"not_picked":["Outmaneuver","hubris:SlightOfHand"],"picked":"Terror+1","floor":36},{"not_picked":["Outmaneuver","Backflip"],"picked":"Dagger Spray","floor":37},{"not_picked":["Outmaneuver+1","Dagger Throw"],"picked":"Cloak And Dagger+1","floor":39}],"player_experience":468577,"relics_obtained":[{"floor":7,"key":"Pen Nib"},{"floor":9,"key":"Boot"},{"floor":14,"key":"Omamori"},{"floor":24,"key":"hubris:SlimyHat"},{"floor":27,"key":"infinitespire:Satchel"},{"floor":39,"key":"Replay:Kaleidoscope"}],"event_choices":[{"damage_healed":17,"gold_gain":0,"player_choice":"Healed","damage_taken":0,"max_hp_gain":0,"max_hp_loss":0,"event_name":"The Cleric","floor":3,"gold_loss":35},{"damage_healed":0,"gold_gain":0,"player_choice":"Upgraded","damage_taken":0,"max_hp_gain":0,"max_hp_loss":0,"event_name":"Upgrade Shrine","floor":4,"gold_loss":0,"cards_upgraded":["Neutralize"]},{"damage_healed":0,"gold_gain":0,"player_choice":"Inject Mutagens","damage_taken":0,"relics_obtained":["MutagenicStrength"],"max_hp_gain":0,"max_hp_loss":0,"event_name":"Drug Dealer","floor":21,"gold_loss":0},{"damage_healed":0,"gold_gain":0,"player_choice":"Fight","damage_taken":0,"max_hp_gain":0,"max_hp_loss":0,"event_name":"MindBloom","floor":39,"gold_loss":0}],"is_beta":false,"boss_relics":[{"not_picked":["Velvet Choker","relicPack:StarArrow"],"picked":"hubris:Backtick"},{"not_picked":["Replay:Fungal Core","Sozu"],"picked":"Painkiller Herb"}],"items_purged_floors":[],"is_endless":false,"potions_floor_spawned":[1,2,11,13,14,18,27,35,36],"killed_by":"Giant Head","ascension_level":3}}