{"host":"w2kjv12xyhtt0cv2","time":1611594760,"event":{"mods":["Act Like it!","BaseMod","Colored Map","Friendly Minions","Gensokyo","GifTheSpireLib","Highlight Path","Hubris","Kiyohime（清姬）","Marisa（F雨　魔理沙）","Minty Spire (QoL Compilation)","Quick Restart","Reimu（博丽灵梦）","Relic Stats","Replay The Spire","RumiaBox-露米娅的神秘盒子","Shop Mod","Spicy Shops","StSLib","The Cursed","The Servant 0.9.4","UnlockEverythingMod","Waifu the Spire","[功能]功能增强和修复MOD","vexMod","【功能Mod】Neow奖励","【遗物卡牌】REMEMod","没有小屋子和绿帽子啦"],"gold_per_floor":[111,42,42,42,42,42,19,32,32,12,12],"floor_reached":10,"language":"ZHS","playtime":641,"items_purged":[],"score":84,"play_id":"ff1fa9eb-db74-493a-945f-b36f0e5b5b71","local_time":"20210126011240","is_ascension_mode":true,"campfire_choices":[{"data":"TheCursedMod:SpitefulPlan","floor":6.0,"key":"SMITH"}],"circlet_count":0,"master_deck":["TheCursedMod:Strike_TheCursed","TheCursedMod:Strike_TheCursed","TheCursedMod:Strike_TheCursed","TheCursedMod:Strike_TheCursed","TheCursedMod:Defend_TheCursed","TheCursedMod:Defend_TheCursed+1","TheCursedMod:Defend_TheCursed+1","TheCursedMod:CursedWand+1","TheCursedMod:CleanUpWorkshop+1","TheCursedMod:Dregs","Creative AI+1","TheCursedMod:SpitefulPlan+1","Poor:ReiMu","Gensokyo:AllTheWorldsEvil"],"relics":["REME_ComplimentaryCards","vexMod:ImprovementManual","Nunchaku","YidongShenshe:ReiMu","Ring of Peace","REME_LimitBreaker"],"acts_visited":["Exordium"],"potions_floor_usage":[],"damage_taken":[{"damage":0.0,"enemies":"Small Slimes","floor":1.0,"turns":3.0},{"damage":7.0,"enemies":"The Mushroom Lair","floor":7.0,"turns":5.0},{"damage":42.0,"enemies":"3 Sentries","floor":8.0,"turns":13.0},{"damage":6,"enemies":"Gremlin Nob","floor":10,"turns":4}],"seed_played":"-5678184713371463511","potions_obtained":[{"floor":1.0,"key":"BlessingOfTheForge"},{"floor":8.0,"key":"Milkshake"}],"is_trial":false,"path_per_floor":["M","$","?","?","?","R","?","E","T","E"],"character_chosen":"THE_CURSED","items_purchased":["Nunchaku"],"campfire_rested":0,"item_purchase_floors":[2],"current_hp_per_floor":[68,68,68,68,68,68,61,19,19,13,13],"gold":12,"neow_bonus":"BOSS_RELIC","is_daily":false,"chose_seed":false,"campfire_upgraded":1,"win_rate":0.0,"timestamp":1611594760,"path_taken":["M","$","?","?","?","R","?","E","T","E"],"items_purchased_type":["Relic"],"build_version":"2020-12-22","purchased_purges":0,"victory":false,"max_hp_per_floor":[75,75,75,75,75,75,75,75,75,75,75],"relic_stats":{"Nunchaku":[3],"counters":[4,25],"obtain_stats":[{"TheCursedMod:BlackMagic101":0,"Nunchaku":2,"Ring of Peace":5,"YidongShenshe:ReiMu":3,"REME_LimitBreaker":8,"vexMod:ImprovementManual":0,"REME_ComplimentaryCards":0},{"TheCursedMod:BlackMagic101":0,"Nunchaku":1,"Ring of Peace":1,"YidongShenshe:ReiMu":1,"REME_LimitBreaker":3,"vexMod:ImprovementManual":0,"REME_ComplimentaryCards":0},{"TheCursedMod:BlackMagic101":0,"Nunchaku":3,"Ring of Peace":3,"YidongShenshe:ReiMu":3,"REME_LimitBreaker":21,"vexMod:ImprovementManual":0,"REME_ComplimentaryCards":0}]},"card_choices":[{"not_picked":["TheCursedMod:SoulReap","TheCursedMod:SpitefulPray"],"picked":"TheCursedMod:SpitefulPlan","floor":1.0},{"not_picked":["TheCursedMod:WearCloak","TheCursedMod:PrepareRite","TheCursedMod:CursedArmor"],"picked":"SKIP","floor":8.0}],"player_experience":212172,"relics_obtained":[{"floor":5.0,"key":"Ring of Peace"},{"floor":8.0,"key":"REME_LimitBreaker"}],"event_choices":[{"damage_healed":0.0,"max_hp_gain":0.0,"max_hp_loss":0.0,"gold_gain":0.0,"event_name":"yidonshenshe","player_choice":"带走神社","floor":3.0,"gold_loss":0.0,"damage_taken":0.0,"relics_obtained":["YidongShenshe:ReiMu"],"cards_obtained":["Poor:ReiMu"]},{"damage_healed":0.0,"max_hp_gain":0.0,"max_hp_loss":0.0,"gold_gain":0.0,"event_name":"Mushrooms","player_choice":"Fought Mushrooms","floor":7.0,"gold_loss":0.0,"damage_taken":0.0}],"is_beta":false,"boss_relics":[],"items_purged_floors":[],"is_endless":false,"potions_floor_spawned":[1,8],"killed_by":"Gremlin Nob","ascension_level":7}}