{"host":"3y2rtlgteqp2nuo3","time":1611585415,"event":{"mods":["2.2 Compatiblity","AchievementEnabler","BaseMod","Colored Map","DeckTracker","Highlight Path","Keyboard Shortcuts","Minty Spire (QoL Compilation)","Permanent Neow","Quick Restart","StSLib","SuperFastMode","everything is the same but u backflip on backflip"],"gold_per_floor":[112,132,45,45,65,65,75,75,75,75,0,150,150,163,163,242,242,256,256,71,83,83,83],"floor_reached":22,"language":"KOR","playtime":441,"items_purged":["Strike_G","Strike_G"],"score":313,"play_id":"6461540a-7163-4bfb-9fcc-6fec817f55b3","local_time":"20210125233655","is_ascension_mode":true,"campfire_choices":[{"data":"Deadly Poison","floor":6,"key":"SMITH"},{"data":"Poisoned Stab","floor":8,"key":"SMITH"},{"floor":13,"key":"REST"},{"floor":15,"key":"REST"}],"circlet_count":0,"master_deck":["AscendersBane","Strike_G","Strike_G","Strike_G","Defend_G","Defend_G","Defend_G","Defend_G","Defend_G","Survivor","Neutralize+1","Tools of the Trade","Poisoned Stab+1","Deadly Poison+1","Catalyst+1","Eviscerate","Doubt","Burst","Necronomicurse","Leg Sweep"],"relics":["Ring of the Serpent","Sundial","Necronomicon"],"acts_visited":["Exordium","TheCity"],"potions_floor_usage":[18],"damage_taken":[{"damage":0,"enemies":"Cultist","floor":1,"turns":5},{"damage":3,"enemies":"2 Louse","floor":2,"turns":3},{"damage":9,"enemies":"Small Slimes","floor":5,"turns":4},{"damage":8,"enemies":"3 Louse","floor":7,"turns":3},{"damage":7,"enemies":"2 Fungi Beasts","floor":14,"turns":4},{"damage":40,"enemies":"Slime Boss","floor":16,"turns":12},{"damage":10,"enemies":"Chosen","floor":18,"turns":6},{"damage":20,"enemies":"3 Byrds","floor":21,"turns":6},{"damage":4,"enemies":"3 Cultists","floor":22,"turns":2}],"seed_played":"3749078058256597105","potions_obtained":[{"floor":14,"key":"Block Potion"},{"floor":16,"key":"ColorlessPotion"},{"floor":21,"key":"Block Potion"}],"is_trial":false,"path_per_floor":["M","M","$","?","M","R","M","R","T","?","$","?","R","M","R","B",null,"M","?","$","M","M"],"character_chosen":"THE_SILENT","items_purchased":["Catalyst","Leg Sweep"],"campfire_rested":2,"item_purchase_floors":[3,20],"current_hp_per_floor":[59,56,56,56,47,47,39,39,39,19,19,19,38,31,50,10,52,42,21,21,1,0,0],"gold":83,"neow_bonus":"ONE_RANDOM_RARE_CARD","is_daily":false,"chose_seed":false,"campfire_upgraded":2,"win_rate":0.0,"timestamp":1611585415,"path_taken":["M","M","$","?","M","R","M","R","T","?","$","?","R","M","R","BOSS","M","?","$","M","M"],"items_purchased_type":["Card","Card"],"build_version":"2020-12-22","purchased_purges":2,"victory":false,"max_hp_per_floor":[66,66,66,66,66,66,66,66,66,66,66,66,66,66,66,66,66,66,66,66,66,66,66],"card_choices":[{"not_picked":["Dagger Spray","Backflip"],"picked":"Poisoned Stab","floor":1},{"not_picked":["Catalyst","Dagger Spray"],"picked":"Deadly Poison","floor":2},{"not_picked":["Reflex","Skewer"],"picked":"Eviscerate","floor":5},{"not_picked":["Deadly Poison","Bane","Dodge and Roll"],"picked":"SKIP","floor":7},{"not_picked":["Endless Agony","Deadly Poison","Dagger Spray"],"picked":"SKIP","floor":14},{"not_picked":["Phantasmal Killer","Doppelganger"],"picked":"Burst","floor":16},{"not_picked":["Cloak And Dagger+1","Dodge and Roll","Infinite Blades"],"picked":"SKIP","floor":18},{"not_picked":["Accuracy","Blade Dance","PiercingWail"],"picked":"SKIP","floor":21}],"player_experience":721475,"relics_obtained":[{"floor":9,"key":"Sundial"},{"floor":19,"key":"Necronomicon"}],"event_choices":[{"damage_healed":0,"gold_gain":0,"player_choice":"Leave","damage_taken":0,"max_hp_gain":0,"max_hp_loss":0,"event_name":"The Cleric","floor":4,"gold_loss":0},{"damage_healed":0,"gold_gain":0,"player_choice":"Entered Light","damage_taken":20,"max_hp_gain":0,"max_hp_loss":0,"event_name":"Shining Light","floor":10,"gold_loss":0,"cards_upgraded":["Neutralize","Catalyst"]},{"damage_healed":0,"gold_gain":150,"player_choice":"AGREE","damage_taken":0,"max_hp_gain":0,"max_hp_loss":0,"event_name":"Liars Game","floor":12,"gold_loss":0,"cards_obtained":["Doubt"]},{"damage_healed":0,"gold_gain":0,"player_choice":"Obtained Book","damage_taken":21,"max_hp_gain":0,"max_hp_loss":0,"event_name":"Cursed Tome","floor":19,"gold_loss":0}],"is_beta":false,"boss_relics":[{"not_picked":["Calling Bell","Fusion Hammer"],"picked":"Ring of the Serpent"}],"items_purged_floors":[11,20],"is_endless":false,"potions_floor_spawned":[14,16,21],"killed_by":"3 Cultists","ascension_level":16}}