{"host":"w2kjv12xyhtt0cv2","time":1611596111,"event":{"mods":["Act Like it!","BaseMod","Colored Map","Friendly Minions","Gensokyo","GifTheSpireLib","Highlight Path","Hubris","Kiyohime（清姬）","Marisa（F雨　魔理沙）","Minty Spire (QoL Compilation)","Quick Restart","Reimu（博丽灵梦）","Relic Stats","Replay The Spire","RumiaBox-露米娅的神秘盒子","Shop Mod","Spicy Shops","StSLib","The Cursed","The Servant 0.9.4","UnlockEverythingMod","Waifu the Spire","[功能]功能增强和修复MOD","vexMod","【功能Mod】Neow奖励","【遗物卡牌】REMEMod","没有小屋子和绿帽子啦"],"gold_per_floor":[130,205,205,11,43,43,376,376,458,472,472],"floor_reached":10,"language":"ZHS","playtime":544,"items_purged":[],"score":86,"play_id":"e982689f-507d-4c8f-a45e-0bb295372abb","local_time":"20210126013511","is_ascension_mode":true,"campfire_choices":[{"data":"TheCursedMod:CursedStaff","floor":6.0,"key":"SMITH"},{"data":"TheCursedMod:CleanUpWorkshop","floor":8.0,"key":"SMITH"}],"circlet_count":0,"master_deck":["TheCursedMod:Strike_TheCursed","TheCursedMod:Strike_TheCursed","TheCursedMod:Strike_TheCursed","TheCursedMod:Strike_TheCursed","TheCursedMod:Defend_TheCursed","TheCursedMod:Defend_TheCursed","TheCursedMod:Defend_TheCursed","TheCursedMod:Defend_TheCursed","TheCursedMod:CursedWand","TheCursedMod:CleanUpWorkshop+1","TheCursedMod:Dregs","Robbery","TheCursedMod:CursedBlade","TheCursedMod:CursedStaff+1","TheCursedMod:CursedArmor","TheCursedMod:SpitefulPray"],"relics":["REME_ComplimentaryCards","hubris:TerracottaHorce","Old Coin","Replay:Bottled Flurry"],"acts_visited":["Exordium"],"potions_floor_usage":[],"damage_taken":[{"damage":2.0,"enemies":"Small Slimes","floor":1.0,"turns":3.0},{"damage":0.0,"enemies":"Cultist","floor":5.0,"turns":3.0},{"damage":15.0,"enemies":"3 Sentries","floor":7.0,"turns":10.0}],"seed_played":"-4255884107344364260","potions_obtained":[{"floor":3.0,"key":"Block Potion"},{"floor":3.0,"key":"Explosive Potion"},{"floor":3.0,"key":"GamblersBrew"},{"floor":5.0,"key":"LiquidMemories"},{"floor":7.0,"key":"Swift Potion"}],"is_trial":false,"path_per_floor":["M","?","?","$","M","R","E","R","T","E"],"character_chosen":"THE_CURSED","items_purchased":["TheCursedMod:CursedStaff","TheCursedMod:CursedArmor"],"campfire_rested":0,"item_purchase_floors":[4,4],"current_hp_per_floor":[66,55,55,55,55,55,40,40,40,3,3],"gold":472,"neow_bonus":"BOSS_RELIC","is_daily":false,"chose_seed":false,"campfire_upgraded":2,"win_rate":0.0,"timestamp":1611596111,"path_taken":["M","?","?","$","?","R","E","R","T","E"],"items_purchased_type":["Card","Card"],"build_version":"2020-12-22","purchased_purges":0,"victory":false,"max_hp_per_floor":[75,75,75,75,75,75,75,75,75,75,75],"relic_stats":{"counters":[4,23],"obtain_stats":[{"TheCursedMod:BlackMagic101":0,"Replay:Bottled Flurry":9,"REME_ComplimentaryCards":0,"hubris:TerracottaHorce":0,"Old Coin":7},{"TheCursedMod:BlackMagic101":0,"Replay:Bottled Flurry":3,"REME_ComplimentaryCards":0,"hubris:TerracottaHorce":0,"Old Coin":3},{"TheCursedMod:BlackMagic101":0,"Replay:Bottled Flurry":16,"REME_ComplimentaryCards":0,"hubris:TerracottaHorce":0,"Old Coin":16}]},"card_choices":[{"not_picked":["TheCursedMod:HellfireBreathing","TheCursedMod:SurpriseAttack"],"picked":"TheCursedMod:CursedBlade","floor":1.0},{"not_picked":["TheCursedMod:Hemoplague","TheCursedMod:RavingStaff"],"picked":"TheCursedMod:SpitefulPray","floor":5.0},{"not_picked":["TheCursedMod:SurpriseAttack","TheCursedMod:CircleOfCorruption","TheCursedMod:Mangle"],"picked":"SKIP","floor":7.0}],"player_experience":213006,"relics_obtained":[{"floor":7.0,"key":"Old Coin"},{"floor":9.0,"key":"Replay:Bottled Flurry"}],"event_choices":[{"damage_healed":0.0,"max_hp_gain":0.0,"max_hp_loss":0.0,"gold_gain":75.0,"event_name":"World of Goop","player_choice":"Gather Gold","floor":2.0,"gold_loss":0.0,"damage_taken":11.0},{"damage_healed":0.0,"max_hp_gain":0.0,"max_hp_loss":0.0,"gold_gain":0.0,"event_name":"Lab","player_choice":"Got Potions","floor":3.0,"gold_loss":0.0,"damage_taken":0.0}],"is_beta":false,"boss_relics":[],"items_purged_floors":[],"is_endless":false,"potions_floor_spawned":[5,7],"killed_by":"Lagavulin","ascension_level":7}}