{"host":"iqi2f1z1yw5mc6j3","time":1611536825,"event":{"mods":["BaseMod","Colored Powertips","Minty Spire (QoL Compilation)","Replay The Spire","StSLib"],"gold_per_floor":[114,114,125,139,139,172,172,172,172,186,210,229,229,250,250,375,375,393,393,413,434,434,434,374,374,401,417,430,430,470,263,263,263,263],"floor_reached":33,"language":"ENG","playtime":2504,"items_purged":["Defend_R"],"score":269,"play_id":"9120d8ff-d1c5-4694-8132-abd239cdb81d","local_time":"20210124200705","is_ascension_mode":false,"campfire_choices":[{"floor":7,"key":"REST"},{"data":"Armaments","floor":15,"key":"SMITH"},{"floor":23,"key":"REST"},{"floor":29,"key":"REST"},{"floor":32,"key":"REST"}],"circlet_count":0,"master_deck":["Strike_R","Strike_R","Strike_R+1","Strike_R","Strike_R+1","Defend_R","Defend_R","Defend_R","Bash","Cleave","Armaments+1","Dropkick","Headbutt","Blood for Blood+1","Twin Strike+1","Flame Barrier","Anger+1","Body Slam+1","ReplayTheSpireMod:LeadingStrike+1","Clothesline+1","Sword Boomerang+1","Battle Trance","Cleave+1","Armaments","Perfected Strike+1","Shockwave"],"relics":["Burning Blood","Whetstone","FaceOfCleric","Golden Idol","Calipers","Molten Egg 2","Ring of Chaos","Nilry\u0027s Codex","Centennial Puzzle","Shuriken"],"acts_visited":["Exordium","TheCity"],"potions_floor_usage":[6,6,11,16,16,27,28,33],"damage_taken":[{"damage":5,"enemies":"Small Slimes","floor":1,"turns":3},{"damage":1,"enemies":"Cultist","floor":3,"turns":3},{"damage":3,"enemies":"Jaw Worm","floor":4,"turns":3},{"damage":40,"enemies":"Lagavulin","floor":6,"turns":9},{"damage":5,"enemies":"Gremlin Gang","floor":10,"turns":4},{"damage":5,"enemies":"Large Slime","floor":11,"turns":4},{"damage":10,"enemies":"Exordium Thugs","floor":12,"turns":3},{"damage":5,"enemies":"Looter","floor":14,"turns":3},{"damage":32,"enemies":"Hexaghost","floor":16,"turns":7},{"damage":5,"enemies":"Chosen","floor":18,"turns":4},{"damage":13,"enemies":"Spheric Guardian","floor":20,"turns":4},{"damage":22,"enemies":"Centurion and Healer","floor":21,"turns":7},{"damage":16,"enemies":"Snake Plant","floor":27,"turns":3},{"damage":14,"enemies":"3 Cultists","floor":28,"turns":6},{"damage":27,"enemies":"Book of Stabbing","floor":30,"turns":5},{"damage":110,"enemies":"Collector","floor":33,"turns":10}],"seed_played":"-8858869141851781579","potions_obtained":[{"floor":3,"key":"SkillPotion"},{"floor":4,"key":"Reflective Coating"},{"floor":10,"key":"FearPotion"},{"floor":11,"key":"Swift Potion"},{"floor":14,"key":"Block Potion"},{"floor":18,"key":"EssenceOfSteel"},{"floor":21,"key":"SkillPotion"},{"floor":30,"key":"BlessingOfTheForge"}],"is_trial":false,"path_per_floor":["M","?","M","M","?","E","R","?","T","M","M","M","?","M","R","B",null,"M","?","M","M","?","R","?","?","T","M","M","R","E","$","R","B"],"character_chosen":"IRONCLAD","items_purchased":["Perfected Strike+1","Shockwave"],"campfire_rested":4,"item_purchase_floors":[31,31],"current_hp_per_floor":[80,80,81,82,82,49,73,73,73,75,77,74,86,87,87,62,88,89,89,83,68,52,79,79,79,79,70,63,90,70,70,94,0,0],"gold":263,"neow_bonus":"RANDOM_COMMON_RELIC","is_daily":false,"chose_seed":false,"campfire_upgraded":1,"win_rate":0.0,"timestamp":1611536825,"path_taken":["M","?","M","?","?","E","R","?","T","M","?","M","?","M","R","BOSS","M","?","M","M","?","R","?","?","T","M","?","R","E","$","R","BOSS"],"items_purchased_type":["Card","Card"],"build_version":"2020-12-22","purchased_purges":1,"victory":false,"max_hp_per_floor":[80,80,81,82,82,83,83,83,83,84,85,86,86,87,87,88,88,89,89,90,91,91,91,91,91,91,92,93,93,94,94,94,94,94],"card_choices":[{"not_picked":["Twin Strike","Run Through"],"picked":"Cleave","floor":1},{"not_picked":["True Grit","ReplayTheSpireMod:Strike From Hell"],"picked":"Armaments","floor":3},{"not_picked":["Second Wind","Wild Strike"],"picked":"Dropkick","floor":4},{"not_picked":["Reckless Charge","Shrug It Off"],"picked":"Headbutt","floor":6},{"not_picked":["Shrug It Off","Replay:Undeath\u0027s Touch+1"],"picked":"Blood for Blood+1","floor":10},{"not_picked":["Heavy Blade+1","Brutality"],"picked":"Twin Strike+1","floor":11},{"not_picked":["Carnage+1","ReplayTheSpireMod:Strike From Hell+1"],"picked":"Flame Barrier","floor":12},{"not_picked":["True Grit","Spot Weakness"],"picked":"Anger+1","floor":14},{"not_picked":["ReplayTheSpireMod:Strike From Hell+1","Blood for Blood+1"],"picked":"Body Slam+1","floor":18},{"not_picked":["Carnage+1","Headbutt+1"],"picked":"Clothesline+1","floor":20},{"not_picked":["Metallicize","Replay:Undeath\u0027s Touch+1"],"picked":"Sword Boomerang+1","floor":21},{"not_picked":["Searing Blow+1","Armaments"],"picked":"Battle Trance","floor":27},{"not_picked":["ReplayTheSpireMod:Strike From Hell+1","Corruption"],"picked":"Cleave+1","floor":28},{"not_picked":["ReplayTheSpireMod:Strike From Hell+1","Heavy Blade+1"],"picked":"Armaments","floor":30}],"player_experience":51308,"relics_obtained":[{"floor":6,"key":"Calipers"},{"floor":9,"key":"Molten Egg 2"},{"floor":22,"key":"Nilry\u0027s Codex"},{"floor":26,"key":"Centennial Puzzle"},{"floor":30,"key":"Shuriken"}],"event_choices":[{"damage_healed":0,"gold_gain":0,"player_choice":"Trade","damage_taken":0,"relics_obtained":["FaceOfCleric"],"max_hp_gain":0,"max_hp_loss":0,"event_name":"FaceTrader","floor":2,"gold_loss":0},{"damage_healed":0,"gold_gain":0,"player_choice":"Take Wound","damage_taken":0,"relics_obtained":["Golden Idol"],"max_hp_gain":0,"max_hp_loss":0,"event_name":"Golden Idol","floor":5,"gold_loss":0,"cards_obtained":["Injury"]},{"cards_removed":["Injury"],"damage_healed":0,"gold_gain":0,"player_choice":"Removed Curses","damage_taken":0,"max_hp_gain":0,"max_hp_loss":0,"event_name":"Fountain of Cleansing","floor":8,"gold_loss":0},{"damage_healed":12,"gold_gain":0,"player_choice":"Full Heal","damage_taken":0,"max_hp_gain":0,"max_hp_loss":0,"event_name":"Wheel of Change","floor":13,"gold_loss":0},{"damage_healed":0,"gold_gain":0,"player_choice":"Read","damage_taken":0,"max_hp_gain":0,"max_hp_loss":0,"event_name":"The Library","floor":19,"gold_loss":0,"cards_obtained":["ReplayTheSpireMod:LeadingStrike"]},{"damage_healed":0,"gold_gain":0,"player_choice":"Obtained Book","damage_taken":16,"max_hp_gain":0,"max_hp_loss":0,"event_name":"Cursed Tome","floor":22,"gold_loss":0}],"is_beta":false,"boss_relics":[{"not_picked":["Mark of Pain","Runic Cube"],"picked":"Ring of Chaos"}],"items_purged_floors":[31],"is_endless":false,"potions_floor_spawned":[3,4,10,11,14,18,21,30],"killed_by":"Collector","ascension_level":0}}