{"host":"3xls0xm49ftugio7","time":1611578288,"event":{"mods":["2.2 Compatiblity","AchievementEnabler","Act Like it!","BaseMod","Bestiary","Colored Powertips","Infinite Spire","Minty Spire (QoL Compilation)","Quick Restart","StSLib"],"gold_per_floor":[119,134,134,134,3,3,33,33,33,33,33,33],"floor_reached":11,"language":"ENG","playtime":297,"items_purged":["Shame"],"score":138,"play_id":"3bcbef8e-bf62-45e4-87d0-f21b3bc786d0","local_time":"20210125143808","is_ascension_mode":true,"campfire_choices":[{"data":"Multi-Cast","floor":6,"key":"SMITH"},{"floor":10,"key":"REST"}],"circlet_count":0,"master_deck":["AscendersBane","Strike_B","Strike_B","Strike_B","Strike_B","Defend_B","Defend_B","Defend_B","Defend_B","Zap","Dualcast","Multi-Cast+1","Rebound","Chaos+1","Coolheaded","Rainbow"],"relics":["PureWater","infinitespire:Cubic Diamond","Juzu Bracelet","Turnip","Mummified Hand"],"acts_visited":["Exordium"],"potions_floor_usage":[7,11],"damage_taken":[{"damage":11,"enemies":"Jaw Worm","floor":1,"turns":4},{"damage":13,"enemies":"2 Louse","floor":2,"turns":3},{"damage":30,"enemies":"Lagavulin","floor":7,"turns":8},{"damage":38,"enemies":"Gremlin Nob","floor":11,"turns":3}],"seed_played":"-4629695236847207235","potions_obtained":[{"floor":1,"key":"SteroidPotion"},{"floor":7,"key":"LiquidMemories"}],"is_trial":false,"path_per_floor":["M","M","?","?","$","R","E","?","T","R","E"],"character_chosen":"DEFECT","items_purchased":["Coolheaded"],"campfire_rested":1,"item_purchase_floors":[5],"current_hp_per_floor":[53,40,40,40,40,40,10,10,10,31,0,0],"gold":33,"neow_bonus":"THREE_RARE_CARDS","is_daily":false,"chose_seed":false,"campfire_upgraded":1,"win_rate":0.0,"timestamp":1611578288,"path_taken":["M","M","?","?","$","R","E","?","T","R","E"],"items_purchased_type":["Card"],"build_version":"2020-12-22","purchased_purges":1,"victory":false,"max_hp_per_floor":[71,71,71,71,71,71,71,71,71,71,71,71],"card_choices":[{"not_picked":["Thunder Strike","Fission"],"picked":"Multi-Cast","floor":0},{"not_picked":["Sweeping Beam","Go for the Eyes"],"picked":"Rebound","floor":1},{"not_picked":["Heatsinks","Beam Cell"],"picked":"Chaos","floor":2},{"not_picked":["Coolheaded","Consume"],"picked":"Rainbow","floor":7}],"player_experience":727167,"relics_obtained":[{"floor":7,"key":"Juzu Bracelet"},{"floor":9,"key":"Mummified Hand"}],"event_choices":[{"damage_healed":0,"gold_gain":0,"player_choice":"Grow","damage_taken":0,"max_hp_gain":0,"max_hp_loss":0,"event_name":"Living Wall","floor":4,"gold_loss":0,"cards_upgraded":["Chaos"]},{"damage_healed":0,"gold_gain":0,"player_choice":"Searched \u00271\u0027 times","damage_taken":0,"relics_obtained":["Turnip"],"max_hp_gain":0,"max_hp_loss":0,"event_name":"Dead Adventurer","floor":8,"gold_loss":0}],"is_beta":false,"boss_relics":[],"items_purged_floors":[5],"is_endless":false,"potions_floor_spawned":[1,7],"killed_by":"Gremlin Nob","ascension_level":20}}