{"host":"3498uni0c31c9bdm","time":1611556040,"event":{"mods":["BaseMod","Better Third Choice","Minty Spire (QoL Compilation)","Replay The Spire","StSLib"],"gold_per_floor":[116,291,72,92,92,92,108,78,78,78,89,89,89,89],"floor_reached":13,"language":"ENG","playtime":289,"items_purged":["Doubt"],"score":99,"play_id":"41c404aa-162e-4f94-a845-81b5973c2f62","local_time":"20210125172720","is_ascension_mode":true,"campfire_choices":[{"floor":6,"key":"RECALL"},{"floor":10,"key":"REST"}],"circlet_count":0,"master_deck":["Strike_P","Strike_P","Strike_P","Strike_P","Defend_P","Defend_P","Defend_P","Defend_P","Eruption","Vigilance","BowlingBash","EmptyBody","Pain","Replay:Cycle","WaveOfTheHand","FlurryOfBlows"],"relics":["PureWater","NeowsBlessing","Strange Spoon","WarpedTongs","ReplayTheSpireMod:TigerMarble"],"acts_visited":["Exordium"],"potions_floor_usage":[13],"damage_taken":[{"damage":0,"enemies":"2 Louse","floor":1,"turns":1},{"damage":0,"enemies":"Cultist","floor":4,"turns":1},{"damage":2,"enemies":"Small Slimes","floor":7,"turns":1},{"damage":13,"enemies":"Looter","floor":8,"turns":4},{"damage":17,"enemies":"Blue Slaver","floor":11,"turns":8},{"damage":88,"enemies":"Gremlin Nob","floor":13,"turns":5}],"seed_played":"7820023181786669900","potions_obtained":[{"floor":4,"key":"Cursed Concoction"},{"floor":11,"key":"Elixir"}],"is_trial":false,"path_per_floor":["M","?","$","M","?","R","M","M","T","R","M","$","E"],"character_chosen":"WATCHER","items_purchased":["Strange Spoon"],"campfire_rested":1,"item_purchase_floors":[3],"current_hp_per_floor":[65,65,65,65,65,65,63,50,50,71,54,54,0,0],"gold":89,"neow_bonus":"THREE_ENEMY_KILL","is_daily":false,"chose_seed":false,"campfire_upgraded":0,"win_rate":0.0,"timestamp":1611556040,"path_taken":["M","?","$","M","?","R","M","M","T","R","?","$","E"],"items_purchased_type":["Relic"],"build_version":"2020-12-22","purchased_purges":1,"victory":false,"max_hp_per_floor":[72,72,72,72,72,72,72,72,72,72,72,72,72,72],"card_choices":[{"not_picked":["Replay:Battleflow","FlyingSleeves"],"picked":"BowlingBash","floor":1},{"not_picked":["JustLucky","ClearTheMind"],"picked":"EmptyBody","floor":4},{"not_picked":["Replay:BluntJabs","ClearTheMind"],"picked":"Replay:Cycle","floor":7},{"not_picked":["EmptyFist","Replay:Hum"],"picked":"WaveOfTheHand","floor":8},{"not_picked":["Replay:Hum","Replay:AtTheReady"],"picked":"FlurryOfBlows","floor":11}],"player_experience":734883,"relics_obtained":[{"floor":9,"key":"ReplayTheSpireMod:TigerMarble"}],"event_choices":[{"damage_healed":0,"gold_gain":175,"player_choice":"AGREE","damage_taken":116,"max_hp_gain":0,"max_hp_loss":0,"event_name":"betterThird:BetterSerpent","floor":2,"gold_loss":0},{"damage_healed":0,"gold_gain":0,"player_choice":"Rummage","damage_taken":0,"relics_obtained":["WarpedTongs"],"max_hp_gain":0,"max_hp_loss":0,"event_name":"Accursed Blacksmith","floor":5,"gold_loss":0,"cards_obtained":["Pain"]}],"is_beta":false,"boss_relics":[],"items_purged_floors":[3],"is_endless":false,"potions_floor_spawned":[4,11],"killed_by":"Gremlin Nob","ascension_level":7}}