{"host":"dlyy4wv9zatha4f7","time":1611593959,"event":{"mods":["BaseMod","Better Third Choice","Colored Map","GifTheSpireLib","Minty Spire (QoL Compilation)","Spicy Shops","StSLib","SuperFastMode","Unceasing Turn Reminder"],"gold_per_floor":[110,110,60,13,13,44,107,151,151,151,195,195,195,236,236,367,367,387,401,28,28,41,80,80,124,174,207,207,122,122,47,47,170,170,195,195,37,61,75,111,130,130,130,144,144,144,144,144,144,144],"floor_reached":51,"language":"ENG","playtime":2011,"items_purged":["Strike_G"],"score":1384,"play_id":"00f9c118-09bc-4168-be31-a02c7e9974ba","local_time":"20210125185919","is_ascension_mode":true,"campfire_choices":[{"data":"Quick Slash","floor":10,"key":"SMITH"},{"data":"Deadly Poison","floor":12,"key":"SMITH"},{"data":"Neutralize","floor":15,"key":"SMITH"},{"data":"Phantasmal Killer","floor":24,"key":"SMITH"},{"data":"Tools of the Trade","floor":28,"key":"SMITH"},{"data":"Dash","floor":30,"key":"SMITH"},{"data":"Bane","floor":32,"key":"SMITH"},{"data":"Phantasmal Killer","floor":42,"key":"SMITH"},{"floor":45,"key":"DIG"},{"floor":47,"key":"DIG"},{"floor":49,"key":"DIG"}],"circlet_count":0,"master_deck":["Defend_G","Defend_G","Defend_G+1","Defend_G","Survivor","Neutralize+1","Blade Dance","Deadly Poison+1","Deflect+1","Quick Slash+1","Endless Agony","Phantasmal Killer+1","Tools of the Trade+1","Dash+1","All Out Attack+1","Crippling Poison+1","Backstab","Corpse Explosion","Bane+1","Dodge and Roll+1","Venomology","Choke+1","Backflip+1","Heel Hook+1","Phantasmal Killer+1","Panacea","Blade Dance","Bane+1","Cloak And Dagger+1","Blade Dance+1","Dodge and Roll+1","Flash of Steel","Discovery"],"relics":["Ring of the Snake","NeowsBlessing","Golden Idol","PreservedInsect","Shuriken","Mango","Eternal Feather","Bag of Preparation","Paper Crane","Coffee Dripper","Lantern","TwistedFunnel","Orrery","Dream Catcher","Bottled Lightning","Smiling Mask","Pear","Regal Pillow","Astrolabe","Darkstone Periapt","Shovel","Anchor","Kunai","Mummified Hand"],"acts_visited":["Exordium","TheCity","TheBeyond"],"potions_floor_usage":[8,11,11,23,40,41,44,50,50,50,50],"damage_taken":[{"damage":0.0,"enemies":"Jaw Worm","floor":1.0,"turns":1.0},{"damage":0,"enemies":"Gremlin Nob","floor":6,"turns":1},{"damage":0,"enemies":"3 Sentries","floor":7,"turns":1},{"damage":14,"enemies":"Lagavulin","floor":8,"turns":7},{"damage":1,"enemies":"3 Sentries","floor":11,"turns":7},{"damage":8,"enemies":"Gremlin Nob","floor":14,"turns":3},{"damage":0,"enemies":"The Guardian","floor":16,"turns":10},{"damage":8,"enemies":"Shell Parasite","floor":18,"turns":4},{"damage":0,"enemies":"Spheric Guardian","floor":19,"turns":2},{"damage":0,"enemies":"Cultist and Chosen","floor":22,"turns":3},{"damage":1,"enemies":"Book of Stabbing","floor":23,"turns":3},{"damage":0,"enemies":"Slavers","floor":25,"turns":1},{"damage":0,"enemies":"Gremlin Leader","floor":27,"turns":2},{"damage":0,"enemies":"Collector","floor":33,"turns":6},{"damage":0,"enemies":"3 Shapes","floor":35,"turns":3},{"damage":0,"enemies":"3 Darklings","floor":38,"turns":2},{"damage":0,"enemies":"Sphere and 2 Shapes","floor":39,"turns":2},{"damage":0,"enemies":"Nemesis","floor":40,"turns":3},{"damage":32,"enemies":"Maw","floor":41,"turns":5},{"damage":0,"enemies":"4 Shapes","floor":44,"turns":1},{"damage":21,"enemies":"Awakened One","floor":50,"turns":7}],"seed_played":"6932769199400058529","potions_obtained":[{"floor":7,"key":"EssenceOfSteel"},{"floor":8,"key":"GamblersBrew"},{"floor":11,"key":"Fruit Juice"},{"floor":16,"key":"Dexterity Potion"},{"floor":18,"key":"Poison Potion"},{"floor":23,"key":"Regen Potion"},{"floor":33,"key":"FairyPotion"},{"floor":39,"key":"PowerPotion"}],"is_trial":false,"path_per_floor":["M","$","?","$","?","E","?","E","T","R","E","R","?","E","R","B",null,"M","M","$","?","M","E","R","E","T","E","R","?","R","?","R","B",null,"M","?","$","M","M","E","M","R","T","M","R","?","R","?","R","B",null],"character_chosen":"THE_SILENT","items_purchased":["Deadly Poison","Lantern","TwistedFunnel","Orrery","Blade Dance"],"campfire_rested":0,"item_purchase_floors":[4,20,20,20,37],"current_hp_per_floor":[63,63,63,63,46,46,46,46,46,55,59,68,50,42,51,51,80,72,72,72,72,72,71,86,86,86,96,99,99,99,99,99,99,99,99,99,99,99,99,99,67,85,85,85,99,94,94,84,94,73],"gold":144,"neow_bonus":"THREE_ENEMY_KILL","is_daily":false,"chose_seed":false,"campfire_upgraded":8,"win_rate":0.0,"timestamp":1611593959,"path_taken":["M","$","?","$","?","E","?","E","T","R","E","R","?","E","R","BOSS","M","M","$","?","M","E","R","E","T","E","R","?","R","?","R","BOSS","M","?","$","?","?","E","M","R","T","M","R","?","R","?","R","BOSS"],"items_purchased_type":["Card","Relic","Relic","Relic","Card"],"build_version":"2020-12-22","purchased_purges":1,"victory":true,"max_hp_per_floor":[70,70,70,70,70,70,70,84,84,84,89,89,89,89,89,89,89,89,89,89,89,89,89,89,89,89,99,99,99,99,99,99,99,99,99,99,99,99,99,99,99,99,99,99,99,94,94,94,94,94],"card_choices":[{"not_picked":["Deflect","Footwork"],"picked":"Blade Dance","floor":1.0},{"not_picked":["Calculated Gamble","Eviscerate","Prepared"],"picked":"SKIP","floor":6},{"not_picked":["Skewer","Caltrops"],"picked":"Deflect","floor":7},{"not_picked":["Dagger Spray","Finisher"],"picked":"Quick Slash","floor":8},{"not_picked":["Acrobatics","Flying Knee"],"picked":"Endless Agony","floor":11},{"not_picked":["Backflip","Slice","Caltrops"],"picked":"SKIP","floor":14},{"not_picked":["After Image","Venomology"],"picked":"Phantasmal Killer","floor":16},{"not_picked":["Cloak And Dagger","Distraction","Poisoned Stab"],"picked":"SKIP","floor":18},{"not_picked":["Cloak And Dagger","Distraction","Poisoned Stab"],"picked":"SKIP","floor":18},{"not_picked":["Deadly Poison","Acrobatics+1"],"picked":"Tools of the Trade","floor":19},{"not_picked":["Well Laid Plans","Outmaneuver+1"],"picked":"Dash","floor":20},{"not_picked":["Outmaneuver","Deadly Poison"],"picked":"All Out Attack+1","floor":20},{"not_picked":["Cloak And Dagger","Blade Dance"],"picked":"Crippling Poison+1","floor":20},{"not_picked":["Expertise","Sucker Punch"],"picked":"Backstab","floor":20},{"not_picked":["Quick Slash","Dagger Throw"],"picked":"Bane","floor":22},{"not_picked":["Envenom","Choke"],"picked":"Dodge and Roll+1","floor":23},{"not_picked":["Calculated Gamble","Prepared","Bane"],"picked":"SKIP","floor":25},{"not_picked":["Endless Agony+1","Prepared","Distraction"],"picked":"SKIP","floor":27},{"not_picked":["Unload","A Thousand Cuts"],"picked":"Venomology","floor":33},{"not_picked":["Quick Slash","Poisoned Stab","Expertise+1"],"picked":"SKIP","floor":35},{"not_picked":["Deflect","Poisoned Stab"],"picked":"Bane+1","floor":38},{"not_picked":["Choke","Poisoned Stab"],"picked":"Cloak And Dagger+1","floor":39},{"not_picked":["Crippling Poison","Distraction+1","Prepared"],"picked":"SKIP","floor":40},{"not_picked":["Heel Hook","Quick Slash+1"],"picked":"Blade Dance+1","floor":41},{"not_picked":["Poisoned Stab","Choke+1"],"picked":"Dodge and Roll+1","floor":44},{"not_picked":["Violence","HandOfGreed"],"picked":"Flash of Steel","floor":48},{"not_picked":["Mind Blast","Blind"],"picked":"Discovery","floor":48}],"player_experience":2258647,"relics_obtained":[{"floor":6,"key":"PreservedInsect"},{"floor":7,"key":"Shuriken"},{"floor":8,"key":"Mango"},{"floor":9,"key":"Eternal Feather"},{"floor":11,"key":"Bag of Preparation"},{"floor":14,"key":"Paper Crane"},{"floor":23,"key":"Dream Catcher"},{"floor":25,"key":"Bottled Lightning"},{"floor":26,"key":"Smiling Mask"},{"floor":27,"key":"Pear"},{"floor":40,"key":"Darkstone Periapt"},{"floor":43,"key":"Shovel"},{"floor":45,"key":"Anchor"},{"floor":47,"key":"Kunai"},{"floor":49,"key":"Mummified Hand"}],"event_choices":[{"cards_removed":["Strike_G"],"damage_healed":0,"gold_gain":0,"player_choice":"Card Removal","damage_taken":0,"max_hp_gain":0,"max_hp_loss":0,"event_name":"The Cleric","floor":3,"gold_loss":50},{"damage_healed":0,"gold_gain":0,"player_choice":"Take Damage","damage_taken":17,"relics_obtained":["Golden Idol"],"max_hp_gain":0,"max_hp_loss":0,"event_name":"Golden Idol","floor":5,"gold_loss":0},{"damage_healed":0,"gold_gain":30,"player_choice":"Searched \u00273\u0027 times","damage_taken":0,"max_hp_gain":0,"max_hp_loss":0,"event_name":"Dead Adventurer","floor":7,"gold_loss":0},{"damage_healed":68,"gold_gain":0,"player_choice":"Upgrade","damage_taken":18,"max_hp_gain":0,"max_hp_loss":89,"event_name":"betterThird:BetterShining","floor":13,"gold_loss":0,"cards_upgraded":["Deflect","Defend_G"]},{"damage_healed":0,"gold_gain":0,"player_choice":"Read","damage_taken":0,"max_hp_gain":0,"max_hp_loss":0,"event_name":"The Library","floor":21,"gold_loss":0,"cards_obtained":["Corpse Explosion"]},{"damage_healed":0,"gold_gain":0,"player_choice":"Obtained Relic","damage_taken":0,"relics_obtained":["Regal Pillow"],"max_hp_gain":0,"max_hp_loss":0,"event_name":"Addict","floor":29,"gold_loss":85},{"cards_removed":["Strike_G"],"damage_healed":0,"gold_gain":0,"player_choice":"Gave Gold","damage_taken":0,"max_hp_gain":0,"max_hp_loss":0,"event_name":"Beggar","floor":31,"gold_loss":75},{"damage_healed":0,"gold_gain":0,"player_choice":"2 cards matched","damage_taken":0,"max_hp_gain":0,"max_hp_loss":0,"event_name":"Match and Keep!","floor":36,"gold_loss":0,"cards_obtained":["Phantasmal Killer","Panacea"]},{"damage_healed":0,"gold_gain":0,"player_choice":"Max HP","damage_taken":0,"max_hp_gain":0,"max_hp_loss":5,"event_name":"Winding Halls","floor":46,"gold_loss":0},{"damage_healed":0,"gold_gain":0,"player_choice":"Memory 3","damage_taken":10,"max_hp_gain":0,"max_hp_loss":0,"event_name":"SensoryStone","floor":48,"gold_loss":0}],"is_beta":false,"boss_relics":[{"not_picked":["Pandora\u0027s Box","Ectoplasm"],"picked":"Coffee Dripper"},{"not_picked":["Velvet Choker","Snecko Eye"],"picked":"Astrolabe"}],"items_purged_floors":[37],"is_endless":false,"potions_floor_spawned":[7,8,11,16,18,23,33,39],"ascension_level":9}}