{"host":"lnt5dzsuhru0aonl","time":1611580175,"event":{"mods":["2.2 Compatiblity","BaseMod","Colored Map","Colored Powertips","DeckTracker","Keyboard Shortcuts","Minty Spire (QoL Compilation)","Permanent Neow","Rare Cards Sparkle","StSLib","SuperFastMode","everything is the same but u backflip on backflip"],"gold_per_floor":[119,139,153,171,191,191,223,223,223,236,3,16,16,36,36,113,113,125,175,175,195,28,54,54,54,77,103,0,16,16,16,16],"floor_reached":31,"language":"KOR","playtime":680,"items_purged":["Strike_B"],"score":550,"play_id":"7087220e-b509-40f2-a9ac-3b1decf54b4b","local_time":"20210125220935","is_ascension_mode":true,"campfire_choices":[{"data":"Hyperbeam","floor":6,"key":"SMITH"},{"floor":8,"key":"REST"},{"data":"Glacier","floor":13,"key":"SMITH"},{"data":"Electrodynamics","floor":15,"key":"SMITH"},{"data":"Dualcast","floor":24,"key":"SMITH"}],"circlet_count":0,"master_deck":["AscendersBane","Defend_B","Defend_B","Defend_B+1","Defend_B","Zap+1","Dualcast+1","Hyperbeam+1","Ball Lightning","Genetic Algorithm","Cold Snap","Beam Cell","Glacier+1","Electrodynamics+1","Compile Driver","Sweeping Beam","Cold Snap","Self Repair","Skim","FTL","Turbo","Blizzard"],"relics":["FrozenCore","War Paint","Boot","TheAbacus","Odd Mushroom","Art of War","Bronze Scales","Orichalcum","Mercury Hourglass","Pantograph"],"acts_visited":["Exordium","TheCity"],"potions_floor_usage":[7,7,16,16,23,31],"damage_taken":[{"damage":0,"enemies":"Cultist","floor":1,"turns":2},{"damage":2,"enemies":"Jaw Worm","floor":2,"turns":2},{"damage":0,"enemies":"2 Louse","floor":3,"turns":1},{"damage":8,"enemies":"Blue Slaver","floor":4,"turns":4},{"damage":0,"enemies":"3 Louse","floor":5,"turns":1},{"damage":34,"enemies":"Lagavulin","floor":7,"turns":5},{"damage":0,"enemies":"Looter","floor":10,"turns":3},{"damage":0,"enemies":"Red Slaver","floor":12,"turns":2},{"damage":0,"enemies":"The Mushroom Lair","floor":14,"turns":2},{"damage":19,"enemies":"The Guardian","floor":16,"turns":13},{"damage":11,"enemies":"Spheric Guardian","floor":18,"turns":4},{"damage":0,"enemies":"3 Byrds","floor":21,"turns":3},{"damage":13,"enemies":"Book of Stabbing","floor":23,"turns":4},{"damage":15,"enemies":"Gremlin Leader","floor":27,"turns":7},{"damage":13,"enemies":"3 Cultists","floor":29,"turns":3},{"damage":13,"enemies":"Book of Stabbing","floor":31,"turns":5}],"seed_played":"-2557129819765807064","potions_obtained":[{"floor":3,"key":"Weak Potion"},{"floor":4,"key":"AttackPotion"},{"floor":5,"key":"PowerPotion"},{"floor":10,"key":"SteroidPotion"},{"floor":14,"key":"SteroidPotion"},{"floor":21,"key":"DuplicationPotion"},{"floor":29,"key":"Weak Potion"}],"is_trial":false,"path_per_floor":["M","M","M","M","M","R","E","R","T","M","$","M","R","?","R","B",null,"M","?","?","M","$","E","R","?","T","E","$","M","T","E"],"character_chosen":"DEFECT","items_purchased":["TheAbacus","Art of War","FTL","Turbo"],"campfire_rested":1,"item_purchase_floors":[11,22,28,28],"current_hp_per_floor":[46,44,44,36,36,36,2,23,23,23,23,23,23,23,23,4,54,43,43,43,43,43,30,30,30,30,22,22,9,9,0,0],"gold":16,"neow_bonus":"THREE_RARE_CARDS","is_daily":false,"chose_seed":false,"campfire_upgraded":4,"win_rate":0.0,"timestamp":1611580175,"path_taken":["M","M","M","?","M","R","E","R","T","?","$","M","R","?","R","BOSS","M","?","?","M","$","E","R","?","T","E","$","M","?","E"],"items_purchased_type":["Relic","Relic","Card","Card"],"build_version":"2020-12-22","purchased_purges":1,"victory":false,"max_hp_per_floor":[71,71,71,71,71,71,71,71,71,71,71,71,71,71,71,71,71,71,71,71,71,71,71,71,71,71,71,71,71,71,71,71],"card_choices":[{"not_picked":["Amplify","Biased Cognition"],"picked":"Hyperbeam","floor":0},{"not_picked":["Consume","Force Field"],"picked":"Ball Lightning","floor":1},{"not_picked":["Beam Cell","Stack","White Noise"],"picked":"SKIP","floor":2},{"not_picked":["Rebound","Darkness"],"picked":"Genetic Algorithm","floor":3},{"not_picked":["Hello World","Redo"],"picked":"Cold Snap","floor":4},{"not_picked":["Hologram","Ball Lightning"],"picked":"Beam Cell","floor":5},{"not_picked":["Leap","Ball Lightning"],"picked":"Glacier","floor":7},{"not_picked":["Streamline","Aggregate","Auto Shields"],"picked":"SKIP","floor":10},{"not_picked":["Blizzard","Skim"],"picked":"Electrodynamics","floor":12},{"not_picked":["Redo","Doom and Gloom"],"picked":"Compile Driver","floor":14},{"not_picked":["Cold Snap","Hologram","Compile Driver"],"picked":"SKIP","floor":18},{"not_picked":["Gash","Glacier"],"picked":"Sweeping Beam","floor":21},{"not_picked":["Cold Snap","Tempest","Leap"],"picked":"SKIP","floor":23},{"not_picked":["Sweeping Beam","Ball Lightning"],"picked":"Skim","floor":27},{"not_picked":["Skim","Genetic Algorithm"],"picked":"Blizzard","floor":29}],"player_experience":763485,"relics_obtained":[{"floor":7,"key":"War Paint"},{"floor":9,"key":"Boot"},{"floor":14,"key":"Odd Mushroom"},{"floor":23,"key":"Bronze Scales"},{"floor":26,"key":"Orichalcum"},{"floor":27,"key":"Mercury Hourglass"},{"floor":30,"key":"Pantograph"}],"event_choices":[{"damage_healed":0,"gold_gain":0,"player_choice":"Fought Mushrooms","damage_taken":0,"max_hp_gain":0,"max_hp_loss":0,"event_name":"Mushrooms","floor":14,"gold_loss":0},{"damage_healed":0,"gold_gain":50,"player_choice":"Stole From Cult","damage_taken":0,"max_hp_gain":0,"max_hp_loss":0,"event_name":"Nest","floor":19,"gold_loss":0},{"cards_removed":["Strike_B"],"damage_healed":0,"gold_gain":0,"player_choice":"Elegance","damage_taken":0,"max_hp_gain":0,"max_hp_loss":0,"event_name":"Back to Basics","floor":20,"gold_loss":0},{"damage_healed":0,"gold_gain":0,"cards_transformed":["Strike_B","Strike_B"],"player_choice":"Became Test Subject","damage_taken":0,"max_hp_gain":0,"max_hp_loss":0,"event_name":"Drug Dealer","floor":25,"gold_loss":0,"cards_obtained":["Cold Snap","Self Repair"]}],"is_beta":false,"boss_relics":[{"not_picked":["Empty Cage","Busted Crown"],"picked":"FrozenCore"}],"items_purged_floors":[11],"is_endless":false,"potions_floor_spawned":[3,4,5,10,14,21,29],"killed_by":"Book of Stabbing","ascension_level":20}}