{"host":"3c27c697js19kaoo","time":1611574812,"event":{"mods":["ATMod(°¢èªMod)","Aspiration","BaseMod","CapriCore","Dota2Spire","Hermit","Minty Spire (QoL Compilation)","Quick Restart","Replay The Spire","Spicy Shops","StSLib","The Alterego","The Cursed","The Marked","The Runesmith","The Servant 0.9.4","¡¾¹¦ÄÜMod¡¿»ìãçÖ®»·ÐÞ¸´²¹¶¡","¡¾ÒÅÎï¿¨ÅÆ¡¿REMEMod"],"gold_per_floor":[114,114,114,129,192,192,207,237,262,277,292,307,337,352,352,452,452,467,17,17,32,47,77,92,92,92,107,137,152,152,152,152,167,167,267,267,282,282,282,297,72,102,102,146,221,236,236,251,266,116,116,116],"floor_reached":53,"language":"ZHS","playtime":1159,"items_purged":[],"score":818,"play_id":"977fad8d-6029-4a2d-abbb-ab7c3f4ea994","local_time":"20210125194012","daily_mods":["Chimera","Colorless Cards","Lethality"],"is_ascension_mode":false,"campfire_choices":[{"data":"AT_KingSlayer","floor":6,"key":"SMITH"},{"floor":15,"key":"REST"},{"data":"Secret Technique","floor":25,"key":"SMITH"},{"data":"TheCursedMod:CircleOfFlame","floor":34,"key":"SMITH"},{"data":"TheWorld","floor":43,"key":"SMITH"},{"data":"TheCursedMod:SurpriseAttack","floor":47,"key":"SMITH"},{"data":"Dark Shackles","floor":51,"key":"SMITH"}],"circlet_count":0,"master_deck":["Bash","Survivor+1","Zap","Eruption","Strike_R+1","Defend_R+1","Defend_G","Defend_P","AT_KingSlayer+1","alterego_mod:Valentines","TheCursedMod:Wield","TheCursedMod:SurpriseAttack+1","TheCursedMod:Stretching","TheCursedMod:CircleOfFlame+1","TheCursedMod:TacticalStrike","Secret Technique+1","Replace+1","Dramatic Entrance+1","Revamp+1","Dark Shackles+1","TheWorld+1","TheCursedMod:SurpriseAttack+1","TheCursedMod:CircleOfCorruption+1"],"relics":["TheCursedMod:BlackMagic101","REME_ComplimentaryCards","AT_ATBox","Orichalcum","Dream Catcher","Dota2Spire:EchoSabre","Replay:Grab Bag","SlaversCollar","ChewingGum","aspiration:ServantSkillbook","Lee\u0027s Waffle","Blue Doll","Omamori","REME_HandOfSuture","StrikeDummy","Simple Rune","Empty Cage","Dota2Spire:MantaStyle","REME_CardOfGreed","Strange Spoon","Replay:Wax Seal","Dota2Spire:MonkeyKingBar","BranchBurnRelic","ReplayTheSpireMod:TigerMarble"],"acts_visited":["Exordium","TheCity","TheBeyond"],"potions_floor_usage":[11],"damage_taken":[{"damage":0,"enemies":"Cultist","floor":1,"turns":3},{"damage":10,"enemies":"2 Louse","floor":4,"turns":2},{"damage":3,"enemies":"Small Slimes","floor":7,"turns":2},{"damage":0,"enemies":"Gremlin Nob","floor":8,"turns":2},{"damage":0,"enemies":"Exordium Thugs","floor":10,"turns":1},{"damage":33,"enemies":"Exordium Wildlife","floor":11,"turns":3},{"damage":0,"enemies":"Looter","floor":12,"turns":1},{"damage":16,"enemies":"Lagavulin","floor":13,"turns":3},{"damage":0,"enemies":"2 Fungi Beasts","floor":14,"turns":1},{"damage":0,"enemies":"Hexaghost","floor":16,"turns":1},{"damage":11,"enemies":"Chosen","floor":18,"turns":3},{"damage":0,"enemies":"Spheric Guardian","floor":21,"turns":2},{"damage":0,"enemies":"3 Cultists","floor":22,"turns":3},{"damage":0,"enemies":"Replay:Snechameleon","floor":23,"turns":1},{"damage":0,"enemies":"Snake Plant","floor":24,"turns":1},{"damage":0,"enemies":"Sentry and Sphere","floor":27,"turns":1},{"damage":0,"enemies":"REME_1_Revenger","floor":28,"turns":2},{"damage":12,"enemies":"Cultist and Chosen","floor":29,"turns":3},{"damage":0,"enemies":"Snake Plant","floor":33,"turns":1},{"damage":0,"enemies":"Automaton","floor":35,"turns":2},{"damage":0,"enemies":"Orb Walker","floor":37,"turns":1},{"damage":0,"enemies":"3 Darklings","floor":40,"turns":2},{"damage":0,"enemies":"Giant Head","floor":42,"turns":1},{"damage":0,"enemies":"2 Orb Walkers","floor":44,"turns":1},{"damage":3,"enemies":"Sphere and 2 Shapes","floor":46,"turns":1},{"damage":0,"enemies":"Spire Growth","floor":48,"turns":1},{"damage":9,"enemies":"4 Shapes","floor":49,"turns":1},{"damage":0,"enemies":"Replay:Hell Engine","floor":52,"turns":1}],"seed_played":"7295166269203286773","potions_obtained":[{"floor":1,"key":"Elixir"},{"floor":7,"key":"Ancient Potion"},{"floor":8,"key":"SkillPotion"},{"floor":12,"key":"Dota2Spire:Clarity"},{"floor":18,"key":"FairyPotion"},{"floor":40,"key":"ColorlessPotion"},{"floor":49,"key":"AttackPotion"}],"is_trial":false,"path_per_floor":["M","?","?","M","?","R","M","E","T","M","M","M","E","M","R","B",null,"M","$","?","M","M","E","M","R","T","M","E","M","?","PTL","PTL","M","R","B",null,"M","?","T","M","$","E","R","?","T","M","R","M","M","$","R","B",null],"character_chosen":"THE_CURSED","items_purchased":["Lee\u0027s Waffle","Blue Doll","Omamori","REME_CardOfGreed","Strange Spoon","ReplayTheSpireMod:TigerMarble"],"campfire_rested":1,"item_purchase_floors":[19,19,19,41,41,50],"current_hp_per_floor":[75,75,75,65,65,65,62,62,62,62,29,29,13,13,35,35,75,64,82,82,82,82,82,82,82,82,82,82,82,82,82,82,82,82,82,82,82,82,82,82,82,82,82,82,82,79,79,79,70,70,70,70],"gold":116,"neow_bonus":"","is_daily":true,"chose_seed":false,"campfire_upgraded":6,"win_rate":0.0,"timestamp":1611574812,"path_taken":["M","?","?","M","?","R","M","E","T","M","M","M","E","M","R","BOSS","M","$","?","?","M","E","M","R","T","M","E","M","?","PTL","PTL","M","R","BOSS","M","?","?","M","?","E","R","?","T","M","R","M","M","$","R","BOSS"],"items_purchased_type":["Relic","Relic","Relic","Relic","Relic","Relic"],"build_version":"2020-12-22","purchased_purges":0,"victory":true,"max_hp_per_floor":[75,75,75,75,75,75,75,75,75,75,75,75,75,75,75,75,75,75,82,82,82,82,82,82,82,82,82,82,82,82,82,82,82,82,82,82,82,82,82,82,82,82,82,82,82,82,82,82,82,82,82,82],"card_choices":[{"not_picked":["AT_CelerityRune","TheCursedMod:Torture","TheCursedMod:TroublousMinions"],"picked":"SKIP","floor":1},{"not_picked":["TheCursedMod:Stigma","TheCursedMod:TacticalStrike"],"picked":"TheCursedMod:Wield","floor":4},{"not_picked":["TheCursedMod:CursedBlade","TheCursedMod:Stigma"],"picked":"TheCursedMod:SurpriseAttack","floor":7},{"not_picked":["TheCursedMod:Obscuration","TheCursedMod:RavingStaff","ReplayTheSpireMod:Brewmster"],"picked":"SKIP","floor":8},{"not_picked":["Replay:BasicMightCard","TheCursedMod:Obscuration"],"picked":"TheCursedMod:Stretching","floor":10},{"not_picked":["TheCursedMod:Torture","TheCursedMod:BloodBarrier","TheCursedMod:CursedBoomerang"],"picked":"SKIP","floor":11},{"not_picked":["Jack Of All Trades","REME_FirmDetermination"],"picked":"TheCursedMod:CircleOfFlame","floor":12},{"not_picked":["TheCursedMod:Torture","Madness","TheCursedMod:SpitefulStrike"],"picked":"SKIP","floor":13},{"not_picked":["TheCursedMod:HellfireBreathing","TheCursedMod:Stretching","TheCursedMod:SoulCrush"],"picked":"SKIP","floor":14},{"not_picked":["TheCursedMod:RavingStaff","TheCursedMod:SmokeScreen"],"picked":"TheCursedMod:TacticalStrike","floor":15},{"not_picked":["TheCursedMod:Neurasthenia","TheCursedMod:ManaCirculation"],"picked":"Secret Technique","floor":16},{"not_picked":["TheCursedMod:CircleOfFocus","TheCursedMod:TacticalStrike+1","TheCursedMod:WearCloak","Sabotage"],"picked":"SKIP","floor":18},{"not_picked":["TheCursedMod:LuckyCharm+1","TheCursedMod:AbyssShockwave","Defy"],"picked":"Replace+1","floor":21},{"not_picked":["TheCursedMod:CursedAmulet+1","TheCursedMod:CursedBlade+1","Flash of Steel"],"picked":"Dramatic Entrance+1","floor":22},{"not_picked":["REME_ShortnessOfBreath","TheCursedMod:CursedMace","TheCursedMod:SoulCrush","Snipe"],"picked":"SKIP","floor":23},{"not_picked":["Ricochet","Moondial","TheCursedMod:CursedShiv","TheCursedMod:CursedBlade+1"],"picked":"SKIP","floor":24},{"not_picked":["Rearm+1","TheCursedMod:CursedRelics","WasteNot+1","FastForward"],"picked":"SKIP","floor":27},{"not_picked":["SilverBlades+1","TheCursedMod:TacticalStrike+1","Foresight"],"picked":"Revamp+1","floor":28},{"not_picked":["TheCursedMod:WearCloak+1","Replay:BasicMightCard","Discovery","TheCursedMod:ReleasedStrength+1"],"picked":"SKIP","floor":29},{"not_picked":["Bandage Up","TheCursedMod:Mangle+1","TheCursedMod:FleshFromBone","TheCursedMod:Wield"],"picked":"SKIP","floor":33},{"not_picked":["Solidify","ReplayTheSpireMod:Brewmster","TheCursedMod:ForbiddenAlchemy"],"picked":"TheWorld","floor":35},{"not_picked":["Potential","DoubleEdge","TheCursedMod:CircleOfFlame","ShatteredReality"],"picked":"SKIP","floor":37},{"not_picked":["FastForward+1","TheCursedMod:CursedAmulet","Alleviate+1"],"picked":"TheCursedMod:SurpriseAttack+1","floor":40},{"not_picked":["TheCursedMod:CursedArmor+1","REME_MagicPocketWatch+1","TheCursedMod:FleshFromBone","TheCursedMod:CollectTribute"],"picked":"SKIP","floor":42},{"not_picked":["Ricochet+1","REME_FirmDetermination+1","Starlight+1","Good Instincts+1"],"picked":"SKIP","floor":46},{"not_picked":["TheCursedMod:SpitefulStrike+1","TheCursedMod:CircleOfBlood","ShatteredReality","TheCursedMod:CursedAmulet"],"picked":"SKIP","floor":48},{"not_picked":["TheCursedMod:HellsGateOpen","TheCursedMod:CircleOfFlame","Rewind"],"picked":"TheCursedMod:CircleOfCorruption+1","floor":49}],"player_experience":218170,"relics_obtained":[{"floor":8,"key":"Orichalcum"},{"floor":9,"key":"Dream Catcher"},{"floor":13,"key":"Dota2Spire:EchoSabre"},{"floor":23,"key":"REME_HandOfSuture"},{"floor":26,"key":"StrikeDummy"},{"floor":28,"key":"Simple Rune"},{"floor":39,"key":"Dota2Spire:MantaStyle"},{"floor":42,"key":"Replay:Wax Seal"},{"floor":44,"key":"Dead Branch"},{"floor":45,"key":"Dota2Spire:MonkeyKingBar"}],"event_choices":[{"damage_healed":0,"gold_gain":63,"player_choice":"Gained Gold","damage_taken":0,"max_hp_gain":0,"max_hp_loss":0,"event_name":"Golden Wing","floor":5,"gold_loss":0},{"damage_healed":0,"gold_gain":0,"player_choice":"Leave","damage_taken":0,"max_hp_gain":0,"max_hp_loss":0,"event_name":"FaceTrader","floor":20,"gold_loss":0},{"damage_healed":0,"gold_gain":0,"player_choice":"1 cards matched","damage_taken":0,"max_hp_gain":0,"max_hp_loss":0,"event_name":"Match and Keep!","floor":30,"gold_loss":0,"cards_obtained":["Dark Shackles"]},{"damage_healed":0,"gold_gain":0,"player_choice":"Ignored","damage_taken":0,"max_hp_gain":0,"max_hp_loss":0,"event_name":"Tomb of Lord Red Mask","floor":38,"gold_loss":0},{"damage_healed":0,"gold_gain":0,"player_choice":"Fight","damage_taken":0,"max_hp_gain":0,"max_hp_loss":0,"event_name":"Mysterious Sphere","floor":44,"gold_loss":0}],"is_beta":false,"boss_relics":[{"not_picked":["Abe\u0027s Treasure","aspiration:RunicSpoon"],"picked":"Replay:Grab Bag"},{"not_picked":["Sozu","Coffee Dripper"],"picked":"SlaversCollar"},{"not_picked":["Cursed Key","Velvet Choker"],"picked":"ChewingGum"},{"not_picked":["Snecko Heart","aspiration:SecretTechniqueScroll"],"picked":"aspiration:ServantSkillbook"},{"not_picked":["Painkiller Herb","Tiny House"],"picked":"Empty Cage"}],"items_purged_floors":[],"is_endless":false,"potions_floor_spawned":[1,7,8,10,12,18,24,28,33,40,49],"ascension_level":0}}