{"host":"vex7walpoxzv48nx","time":1611581302,"event":{"mods":["BaseMod","Bestiary","Minty Spire (QoL Compilation)","Permanent Neow","Quick Restart","Relic Stats"],"gold_per_floor":[119,132,152,4,4,29,29,55,55,68,68,103,103,117,117,216,216,216],"floor_reached":17,"language":"ENG","playtime":1186,"items_purged":["Strike_P"],"score":275,"play_id":"2f3f13ec-aaf4-4a95-b4f3-36892445b2b2","local_time":"20210125142822","is_ascension_mode":true,"campfire_choices":[{"data":"SashWhip","floor":11.0,"key":"SMITH"},{"floor":15.0,"key":"REST"}],"circlet_count":0,"master_deck":["Eruption","Vigilance","FlyingSleeves","BattleHymn","CutThroughFate+1","Protect","SashWhip+1","Ragnarok","EmptyMind","Meditate+1","FearNoEvil","Swivel","Ragnarok","Evaluate","Establishment","Evaluate","CarveReality","DevaForm","WheelKick","ForeignInfluence"],"relics":["Cursed Key","Pandora\u0027s Box"],"acts_visited":["Exordium","TheCity"],"potions_floor_usage":[16],"damage_taken":[{"damage":0.0,"enemies":"2 Louse","floor":1.0,"turns":2.0},{"damage":0.0,"enemies":"Jaw Worm","floor":2.0,"turns":3.0},{"damage":0.0,"enemies":"Cultist","floor":3.0,"turns":2.0},{"damage":0.0,"enemies":"Gremlin Nob","floor":6.0,"turns":3.0},{"damage":22.0,"enemies":"3 Sentries","floor":8.0,"turns":5.0},{"damage":10.0,"enemies":"Red Slaver","floor":10.0,"turns":2.0},{"damage":19.0,"enemies":"Lagavulin","floor":12.0,"turns":5.0},{"damage":0.0,"enemies":"2 Fungi Beasts","floor":14.0,"turns":2.0},{"damage":0,"enemies":"The Guardian","floor":16,"turns":6}],"seed_played":"6194119079471758278","potions_obtained":[{"floor":6.0,"key":"Weak Potion"},{"floor":12.0,"key":"PowerPotion"},{"floor":14.0,"key":"Fire Potion"}],"is_trial":false,"path_per_floor":["M","M","M","$","?","E","$","E","T","M","R","E","?","M","R","B",null],"character_chosen":"WATCHER","items_purchased":["Protect","SashWhip"],"campfire_rested":1,"item_purchase_floors":[4,4],"current_hp_per_floor":[72,72,72,72,72,72,72,50,50,40,40,21,7,7,28,28,72,72],"gold":216,"neow_bonus":"BOSS_RELIC","is_daily":false,"chose_seed":false,"campfire_upgraded":1,"win_rate":0.0,"timestamp":1611581302,"path_taken":["M","M","M","$","?","E","$","E","T","M","R","E","?","M","R","BOSS"],"items_purchased_type":["Card","Card"],"build_version":"2020-12-22","purchased_purges":1,"victory":false,"max_hp_per_floor":[72,72,72,72,72,72,72,72,72,72,72,72,72,72,72,72,72,72],"relic_stats":{"counters":[9,30],"Pandora\u0027s Box":["Evaluate","Establishment","Evaluate","CarveReality","DevaForm","WheelKick","ForeignInfluence"],"Cursed Key":0,"obtain_stats":[{"Pandora\u0027s Box":17,"PureWater":0,"Cursed Key":0},{"Pandora\u0027s Box":9,"PureWater":0,"Cursed Key":0},{"Pandora\u0027s Box":30,"PureWater":0,"Cursed Key":0}]},"card_choices":[{"not_picked":["ThirdEye","JustLucky"],"picked":"FlyingSleeves","floor":1.0},{"not_picked":["EmptyBody","JustLucky"],"picked":"BattleHymn","floor":2.0},{"not_picked":["ThirdEye","PathToVictory"],"picked":"CutThroughFate","floor":3.0},{"not_picked":["ThirdEye","Evaluate"],"picked":"Ragnarok","floor":6.0},{"not_picked":["Worship","CutThroughFate"],"picked":"EmptyMind","floor":8.0},{"not_picked":["ForeignInfluence","Protect"],"picked":"Meditate","floor":10.0},{"not_picked":["Evaluate","BattleHymn"],"picked":"FearNoEvil","floor":12.0},{"not_picked":["SignatureMove","Perseverance"],"picked":"Swivel","floor":14.0},{"not_picked":["Devotion","ConjureBlade"],"picked":"Ragnarok","floor":16}],"player_experience":207634,"relics_obtained":[],"event_choices":[{"damage_healed":0.0,"max_hp_gain":0.0,"max_hp_loss":0.0,"gold_gain":0.0,"event_name":"Liars Game","player_choice":"Ignored","floor":5.0,"gold_loss":0.0,"damage_taken":0.0},{"damage_healed":0.0,"max_hp_gain":0.0,"max_hp_loss":0.0,"gold_gain":0.0,"event_name":"Shining Light","player_choice":"Entered Light","floor":13.0,"gold_loss":0.0,"damage_taken":14.0,"cards_upgraded":["Meditate","CutThroughFate"]}],"is_beta":false,"boss_relics":[{"not_picked":["Sozu","Busted Crown"],"picked":"Pandora\u0027s Box"}],"items_purged_floors":[4],"is_endless":false,"potions_floor_spawned":[6,12,14],"ascension_level":2}}