{"host":"3a1ypf1irl30q4k8","time":1611614102,"event":{"mods":["AchievementEnabler","BaseMod","Bestiary","Colored Map","Minty Spire (QoL Compilation)","Relic Stats"],"gold_per_floor":[13,23,39,39,58,58,88,98,148,51,51,62,62,140,140,238,238,255,255,272,272,295,324,344,344,367,367,367,402,402,419,419,520,520,534,534,534,546,562,562,597,616,690,395,395,422,422,433,433,433,433,433,60,92,92,92],"floor_reached":55,"language":"ENG","playtime":4307,"items_purged":["Strike_G","Well Laid Plans","Defend_G"],"score":909,"play_id":"e71b8960-1319-459c-ae65-4e8bcb3619b9","local_time":"20210125223502","is_ascension_mode":true,"campfire_choices":[{"data":"Neutralize","floor":6.0,"key":"SMITH"},{"floor":13.0,"key":"REST"},{"data":"Noxious Fumes","floor":15.0,"key":"SMITH"},{"floor":25.0,"key":"REST"},{"data":"Adrenaline","floor":27.0,"key":"SMITH"},{"data":"Leg Sweep","floor":32.0,"key":"SMITH"},{"data":"Bane","floor":40.0,"key":"SMITH"},{"data":"After Image","floor":45.0,"key":"SMITH"},{"data":"Finesse","floor":47.0,"key":"SMITH"},{"floor":49,"key":"RECALL"},{"data":"Blur","floor":52,"key":"SMITH"}],"circlet_count":0,"master_deck":["Defend_G","Defend_G","Survivor","Neutralize+1","Deflect","Noxious Fumes+1","Escape Plan","Blur+1","Glass Knife+1","Bane+1","PiercingWail","Adrenaline+1","Dodge and Roll+1","Footwork+1","Malaise+1","Poisoned Stab+1","Deflect+1","Calculated Gamble","Glass Knife","PiercingWail+1","After Image+1","Leg Sweep+1","Corpse Explosion","Finesse+1","Calculated Gamble+1","PiercingWail+1","Quick Slash","After Image+1","Backflip+1"],"relics":["Ring of the Snake","Calipers","Lantern","Regal Pillow","Meat on the Bone","Astrolabe","Whetstone","Letter Opener","Smiling Mask","Blood Vial","Runic Pyramid","The Specimen","ClockworkSouvenir","Centennial Puzzle","Oddly Smooth Stone","DollysMirror","Incense Burner"],"acts_visited":["Exordium","TheCity","TheBeyond","TheEnding"],"potions_floor_usage":[50,50,55],"damage_taken":[{"damage":2.0,"enemies":"Cultist","floor":1.0,"turns":4.0},{"damage":4.0,"enemies":"Small Slimes","floor":2.0,"turns":4.0},{"damage":0.0,"enemies":"Jaw Worm","floor":3.0,"turns":6.0},{"damage":0.0,"enemies":"Blue Slaver","floor":5.0,"turns":6.0},{"damage":21.0,"enemies":"Gremlin Nob","floor":7.0,"turns":6.0},{"damage":11.0,"enemies":"Exordium Wildlife","floor":8.0,"turns":7.0},{"damage":1.0,"enemies":"2 Fungi Beasts","floor":12.0,"turns":3.0},{"damage":27.0,"enemies":"Hexaghost","floor":16.0,"turns":11.0},{"damage":0.0,"enemies":"Chosen","floor":18.0,"turns":7.0},{"damage":1.0,"enemies":"Spheric Guardian","floor":20.0,"turns":7.0},{"damage":15.0,"enemies":"Book of Stabbing","floor":23.0,"turns":9.0},{"damage":18.0,"enemies":"3 Cultists","floor":24.0,"turns":5.0},{"damage":1.0,"enemies":"Gremlin Leader","floor":29.0,"turns":7.0},{"damage":0.0,"enemies":"Snecko","floor":31.0,"turns":6.0},{"damage":0.0,"enemies":"Automaton","floor":33.0,"turns":14.0},{"damage":9.0,"enemies":"3 Darklings","floor":35.0,"turns":4.0},{"damage":0.0,"enemies":"3 Shapes","floor":38.0,"turns":2.0},{"damage":0.0,"enemies":"Writhing Mass","floor":39.0,"turns":8.0},{"damage":1.0,"enemies":"Nemesis","floor":41.0,"turns":9.0},{"damage":0.0,"enemies":"4 Shapes","floor":42.0,"turns":5.0},{"damage":0.0,"enemies":"Reptomancer","floor":46.0,"turns":5.0},{"damage":13.0,"enemies":"Sphere and 2 Shapes","floor":48.0,"turns":4.0},{"damage":3,"enemies":"Time Eater","floor":50,"turns":17},{"damage":8,"enemies":"Shield and Spear","floor":54,"turns":8},{"damage":75,"enemies":"The Heart","floor":55,"turns":15}],"seed_played":"-1848419492570271866","potions_obtained":[{"floor":3.0,"key":"CultistPotion"},{"floor":5.0,"key":"Block Potion"},{"floor":8.0,"key":"SneckoOil"},{"floor":24.0,"key":"LiquidBronze"},{"floor":33.0,"key":"SkillPotion"},{"floor":38.0,"key":"EssenceOfSteel"},{"floor":42.0,"key":"EntropicBrew"},{"floor":46.0,"key":"AttackPotion"},{"floor":54,"key":"Explosive Potion"}],"is_trial":false,"path_per_floor":["M","M","M","?","M","R","E","M","T","$","?","M","R","T","R","B",null,"M","?","M","?","T","E","M","R","T","R","?","E","?","M","R","B",null,"M","?","?","M","M","R","E","M","T","$","R","E","R","M","R","B",null,"R","$","E","B"],"character_chosen":"THE_SILENT","items_purchased":["Bane","ClockworkSouvenir","GhostInAJar","Quick Slash","Oddly Smooth Stone","DollysMirror"],"campfire_rested":2,"item_purchase_floors":[10,44,44,53,53,53],"current_hp_per_floor":[68,64,64,64,64,64,43,32,32,32,32,31,67,67,67,40,70,70,70,69,69,69,54,36,70,70,70,57,56,56,58,58,60,75,66,61,61,63,65,65,66,68,68,68,68,70,70,59,59,58,75,75,75,67,0,0],"gold":92,"neow_bonus":"ONE_RARE_RELIC","is_daily":false,"chose_seed":false,"campfire_upgraded":8,"win_rate":0.0,"timestamp":1611614102,"path_taken":["M","M","?","?","M","R","E","M","T","$","?","M","R","?","R","BOSS","M","?","M","?","?","E","?","R","T","R","?","E","?","M","R","BOSS","M","?","?","M","M","R","E","M","T","$","R","E","R","M","R","BOSS","R","$","E","BOSS"],"items_purchased_type":["Card","Relic","Potion","Card","Relic","Relic"],"build_version":"2020-12-22","purchased_purges":3,"victory":false,"max_hp_per_floor":[70,70,70,70,70,70,70,70,70,70,70,70,70,70,70,70,70,70,70,70,70,70,70,70,70,70,70,75,75,75,75,75,75,75,75,75,75,75,75,75,75,75,75,75,75,75,75,75,75,75,75,75,75,75,75,75],"relic_stats":{"Blood Vial":20,"Regal Pillow":28,"Centennial Puzzle":[12],"counters":[25,179],"Astrolabe":["Dodge and Roll","Footwork","Malaise"],"Whetstone":["Poisoned Stab","Glass Knife"],"Letter Opener":[436],"Smiling Mask":125,"obtain_stats":[{"Lantern":7,"Regal Pillow":9,"Calipers":0,"The Specimen":41,"Astrolabe":17,"Oddly Smooth Stone":53,"Incense Burner":54,"Whetstone":22,"Letter Opener":23,"Smiling Mask":26,"ClockworkSouvenir":44,"Blood Vial":29,"Centennial Puzzle":46,"DollysMirror":53,"Ring of the Snake":0,"Meat on the Bone":14,"Runic Pyramid":34},{"Lantern":5,"Regal Pillow":6,"Calipers":0,"The Specimen":19,"Astrolabe":8,"Oddly Smooth Stone":23,"Incense Burner":24,"Whetstone":10,"Letter Opener":11,"Smiling Mask":12,"ClockworkSouvenir":20,"Blood Vial":13,"Centennial Puzzle":21,"DollysMirror":23,"Ring of the Snake":0,"Meat on the Bone":7,"Runic Pyramid":15},{"Lantern":26,"Regal Pillow":33,"Calipers":0,"The Specimen":125,"Astrolabe":47,"Oddly Smooth Stone":156,"Incense Burner":164,"Whetstone":61,"Letter Opener":70,"Smiling Mask":75,"ClockworkSouvenir":130,"Blood Vial":82,"Centennial Puzzle":135,"DollysMirror":156,"Ring of the Snake":0,"Meat on the Bone":36,"Runic Pyramid":102}],"Ring of the Snake":[50],"Meat on the Bone":0},"card_choices":[{"not_picked":["Blade Dance","Reflex"],"picked":"Deflect","floor":1.0},{"not_picked":["Deflect","PiercingWail"],"picked":"Well Laid Plans","floor":2.0},{"not_picked":["Poisoned Stab","Bane"],"picked":"Noxious Fumes","floor":3.0},{"not_picked":["Outmaneuver","Deflect"],"picked":"Escape Plan","floor":5.0},{"not_picked":["Poisoned Stab","Distraction"],"picked":"Blur","floor":7.0},{"not_picked":["Calculated Gamble","Riddle With Holes"],"picked":"Glass Knife","floor":8.0},{"not_picked":["Concentrate","Backstab"],"picked":"PiercingWail","floor":12.0},{"not_picked":["Corpse Explosion","Burst"],"picked":"Adrenaline","floor":16.0},{"not_picked":["Deflect","Blade Dance+1"],"picked":"Poisoned Stab","floor":18.0},{"not_picked":["Sucker Punch","Deadly Poison"],"picked":"Deflect+1","floor":20.0},{"not_picked":["Setup","Slice"],"picked":"PiercingWail+1","floor":23.0},{"not_picked":["Endless Agony","Distraction","Quick Slash"],"picked":"SKIP","floor":24.0},{"not_picked":["Underhanded Strike+1","Dash"],"picked":"After Image","floor":29.0},{"not_picked":["Cloak And Dagger+1","Poisoned Stab+1"],"picked":"Leg Sweep","floor":31.0},{"not_picked":["A Thousand Cuts","Malaise"],"picked":"Corpse Explosion","floor":33.0},{"not_picked":["Flying Knee","Bane","Sucker Punch+1"],"picked":"SKIP","floor":35.0},{"not_picked":["Flying Knee","Bane","Sucker Punch+1"],"picked":"SKIP","floor":35.0},{"not_picked":["Trip","Purity"],"picked":"Finesse","floor":36.0},{"not_picked":["Dagger Throw+1","Dagger Spray+1"],"picked":"Calculated Gamble+1","floor":38.0},{"not_picked":["Underhanded Strike+1","Riddle With Holes+1"],"picked":"PiercingWail+1","floor":39.0},{"not_picked":["Poisoned Stab+1","Concentrate","Flying Knee+1"],"picked":"SKIP","floor":41.0},{"not_picked":["Prepared","All Out Attack","Acrobatics+1"],"picked":"SKIP","floor":42.0},{"not_picked":["Cloak And Dagger","Tactician","Expertise"],"picked":"SKIP","floor":46.0},{"not_picked":["Calculated Gamble","Choke","A Thousand Cuts"],"picked":"SKIP","floor":48.0},{"not_picked":["Venomology","Slice"],"picked":"Backflip+1","floor":54}],"player_experience":1210594,"relics_obtained":[{"floor":7.0,"key":"Lantern"},{"floor":9.0,"key":"Regal Pillow"},{"floor":14.0,"key":"Meat on the Bone"},{"floor":22.0,"key":"Whetstone"},{"floor":23.0,"key":"Letter Opener"},{"floor":26.0,"key":"Smiling Mask"},{"floor":29.0,"key":"Blood Vial"},{"floor":41.0,"key":"The Specimen"},{"floor":46.0,"key":"Centennial Puzzle"},{"floor":54,"key":"Incense Burner"}],"event_choices":[{"damage_healed":0.0,"max_hp_gain":0.0,"max_hp_loss":0.0,"gold_gain":0.0,"event_name":"Shining Light","player_choice":"Ignored","floor":4.0,"gold_loss":0.0,"damage_taken":0.0},{"damage_healed":0.0,"max_hp_gain":0.0,"max_hp_loss":0.0,"gold_gain":0.0,"event_name":"Liars Game","player_choice":"Ignored","floor":11.0,"gold_loss":0.0,"damage_taken":0.0},{"cards_removed":["Strike_G"],"damage_healed":0.0,"max_hp_gain":0.0,"max_hp_loss":0.0,"gold_gain":0.0,"event_name":"Back to Basics","player_choice":"Elegance","floor":19.0,"gold_loss":0.0,"damage_taken":0.0},{"damage_healed":0.0,"max_hp_gain":0.0,"max_hp_loss":0.0,"gold_gain":0.0,"cards_transformed":["Defend_G","Defend_G"],"event_name":"Drug Dealer","player_choice":"Became Test Subject","floor":21.0,"gold_loss":0.0,"damage_taken":0.0,"cards_obtained":["Calculated Gamble","Glass Knife"]},{"damage_healed":0.0,"max_hp_gain":5.0,"max_hp_loss":0.0,"gold_gain":0.0,"event_name":"Forgotten Altar","player_choice":"Shed Blood","floor":28.0,"gold_loss":0.0,"damage_taken":18.0},{"damage_healed":0.0,"max_hp_gain":0.0,"max_hp_loss":0.0,"gold_gain":0.0,"event_name":"Cursed Tome","player_choice":"Ignored","floor":30.0,"gold_loss":0.0,"damage_taken":0.0},{"damage_healed":0.0,"max_hp_gain":0.0,"max_hp_loss":0.0,"gold_gain":0.0,"event_name":"SensoryStone","player_choice":"Memory 2","floor":36.0,"gold_loss":0.0,"damage_taken":5.0},{"damage_healed":0.0,"max_hp_gain":0.0,"max_hp_loss":0.0,"gold_gain":0.0,"event_name":"Tomb of Lord Red Mask","player_choice":"Ignored","floor":37.0,"gold_loss":0.0,"damage_taken":0.0}],"is_beta":false,"boss_relics":[{"not_picked":["Sozu","Coffee Dripper"],"picked":"Astrolabe"},{"not_picked":["Ring of the Serpent","Velvet Choker"],"picked":"Runic Pyramid"}],"items_purged_floors":[10,44,53],"is_endless":false,"potions_floor_spawned":[3,5,8,24,33,38,42,46,54],"killed_by":"The Heart","ascension_level":3}}