{"host":"0awa854l6bexpjrv","time":1611557906,"event":{"mods":["BaseMod","Block Reminder","Colored Map","Colored Powertips","Downfall","Highlight Path","Minty Spire (QoL Compilation)","Quick Restart","Rare Cards Sparkle","StSLib","SuperFastMode"],"gold_per_floor":[99,136,136,6,6,6,6,23,23,57,76,76,76,93,107,207,207,207,223,73,23,23,36,59,76,86,97,117,117,146,146,160,160,160,160],"floor_reached":33,"language":"ENG","playtime":3280,"items_purged":["bronze:Strike"],"score":269,"play_id":"26eaa078-0fd0-41be-bcda-f777c2f9926c","local_time":"20210124225826","is_ascension_mode":false,"campfire_choices":[{"data":"bronze:Goto","floor":1.0,"key":"SMITH"},{"data":"bronze:Invalidate","floor":6.0,"key":"SMITH"},{"floor":9.0,"key":"REST"},{"floor":13.0,"key":"REST"},{"data":"bronze:HyperBeam","floor":18.0,"key":"SMITH"},{"floor":29.0,"key":"REST"}],"circlet_count":0,"master_deck":["bronze:Strike","bronze:Defend","bronze:Defend","bronze:Defend","bronze:Defend","bronze:Replicate","bronze:Goto+1","Jack Of All Trades","bronze:Invalidate+1","bronze:Spike","bronze:Overheat+1","bronze:ClassDefault","bronze:Repulsor","bronze:Safeguard","bronze:FineTuning","bronze:FollowUp","bronze:WildBeam","bronze:HyperBeam+1","bronze:ThunderWave","bronze:CutThrough","Ghostly","bronze:Shield","bronze:ItsAFeature","bronze:Overheat","bronze:CloningBeam","bronze:AlphaBuild","bronze:Boost+1","bronze:Iterate","bronze:WhirlingStrike"],"relics":["bronze:BronzeCore","Bottled Tornado","Happy Flower","Akabeko","Snecko Eye","Omamori","Regal Pillow"],"acts_visited":["TheCity"],"potions_floor_usage":[30,30,30,33],"damage_taken":[{"damage":6.0,"enemies":"Jaw Worm","floor":2.0,"turns":3.0},{"damage":14.0,"enemies":"Jaw Worm","floor":3.0,"turns":4.0},{"damage":0.0,"enemies":"downfall:FleeingMerchant","floor":4.0,"turns":4.0},{"damage":15.0,"enemies":"Small Slimes","floor":8.0,"turns":2.0},{"damage":35.0,"enemies":"Lagavulin","floor":10.0,"turns":4.0},{"damage":7.0,"enemies":"2 Louse","floor":11.0,"turns":3.0},{"damage":5.0,"enemies":"Exordium Thugs","floor":14.0,"turns":4.0},{"damage":0.0,"enemies":"Large Slime","floor":15.0,"turns":4.0},{"damage":17.0,"enemies":"SI_SHIV_ARCHETYPE","floor":16.0,"turns":5.0},{"damage":0.0,"enemies":"Spheric Guardian","floor":19.0,"turns":2.0},{"damage":10.0,"enemies":"downfall:FleeingMerchant","floor":21.0,"turns":4.0},{"damage":2.0,"enemies":"Cultist and Chosen","floor":23.0,"turns":2.0},{"damage":5.0,"enemies":"Centurion and Healer","floor":25.0,"turns":3.0},{"damage":0.0,"enemies":"3 Cultists","floor":26.0,"turns":2.0},{"damage":0.0,"enemies":"Snake Plant","floor":27.0,"turns":3.0},{"damage":0.0,"enemies":"Centurion and Healer","floor":28.0,"turns":2.0},{"damage":13,"enemies":"Slavers","floor":30,"turns":5},{"damage":12,"enemies":"3 Cultists","floor":32,"turns":3},{"damage":49,"enemies":"WA_ARCHETYPE_CALM","floor":33,"turns":8}],"seed_played":"-5623286475263061531","potions_obtained":[{"floor":10.0,"key":"champ:CounterPotion"},{"floor":11.0,"key":"bronze:CleanCodePotion"},{"floor":16.0,"key":"EssenceOfSteel"},{"floor":25.0,"key":"FearPotion"},{"floor":27.0,"key":"Ancient Potion"},{"floor":30,"key":"Weak Potion"},{"floor":32,"key":"SteroidPotion"}],"is_trial":false,"path_per_floor":["R","M","?","$","?","R","T","M","R","E","M","T","R","M","M","B",null,"R","M","?","$","?","M","T","M","M","M","M","R","E","?","M","B"],"character_chosen":"THE_AUTOMATON","items_purchased":["bronze:Repulsor","bronze:ItsAFeature"],"campfire_rested":3,"item_purchase_floors":[4,21],"current_hp_per_floor":[70,64,50,50,50,50,50,35,56,21,14,14,35,30,30,13,70,70,70,70,60,60,58,58,53,53,53,53,70,57,57,45,0,0,0],"gold":160,"neow_bonus":"RANDOM_COLORLESS","is_daily":false,"chose_seed":false,"campfire_upgraded":3,"win_rate":0.0,"timestamp":1611557906,"path_taken":["R","M","?","$","?","R","T","M","R","E","M","?","R","M","M","BOSS","R","M","?","$","?","M","T","M","?","M","M","R","E","?","M","BOSS"],"items_purchased_type":["Card","Card"],"build_version":"2020-12-22","purchased_purges":1,"victory":false,"max_hp_per_floor":[70,70,70,70,70,70,70,70,70,70,70,70,70,70,70,70,70,70,70,70,70,70,70,70,70,70,70,70,70,70,70,70,70,70,70],"card_choices":[{"not_picked":["Purity","Blind"],"picked":"Jack Of All Trades","floor":0.0},{"not_picked":["bronze:BitShift","bronze:DelayedGuard"],"picked":"bronze:Invalidate","floor":2.0},{"not_picked":[],"picked":"bronze:Spike","floor":3.0},{"not_picked":["bronze:Branch","bronze:Iterate"],"picked":"bronze:Overheat","floor":3.0},{"not_picked":["bronze:BuggyMess","bronze:WhirlingStrike"],"picked":"bronze:ClassDefault","floor":4.0},{"not_picked":["bronze:DelayedGuard","bronze:WildBeam"],"picked":"bronze:Safeguard","floor":8.0},{"not_picked":["bronze:Backtrace","bronze:ClassDefault"],"picked":"bronze:FineTuning","floor":10.0},{"not_picked":["bronze:BronzeArmor","bronze:Branch"],"picked":"bronze:FollowUp","floor":11.0},{"not_picked":["bronze:FollowUp","bronze:DigitalCarnage"],"picked":"bronze:WildBeam","floor":14.0},{"not_picked":["bronze:FineTuning","bronze:Frontload"],"picked":"bronze:HyperBeam","floor":15.0},{"not_picked":["bronze:SpaghettiCode","bronze:Format"],"picked":"bronze:ThunderWave","floor":16.0},{"not_picked":["bronze:WhirlingStrike+1","bronze:FineTuning+1"],"picked":"bronze:CutThrough","floor":19.0},{"not_picked":["bronze:Repulsor","bronze:OilSpill"],"picked":"bronze:Shield","floor":21.0},{"not_picked":["bronze:BronzeArmor","bronze:WildBeam"],"picked":"bronze:CloningBeam","floor":23.0},{"not_picked":["bronze:Boost","bronze:Deprecate","bronze:Allocate"],"picked":"SKIP","floor":25.0},{"not_picked":["bronze:DarkDash+1","bronze:Iterate+1"],"picked":"bronze:AlphaBuild","floor":26.0},{"not_picked":["bronze:Separator","bronze:Invalidate+1"],"picked":"bronze:Boost+1","floor":27.0},{"not_picked":["bronze:Terminator","bronze:Boost","bronze:Overheat"],"picked":"SKIP","floor":28.0},{"not_picked":["bronze:OilSpill+1","bronze:Shell","bronze:DelayedGuard"],"picked":"SKIP","floor":30},{"not_picked":["bronze:DelayedGuard","bronze:CutThrough","bronze:Iterate"],"picked":"SKIP","floor":32}],"player_experience":628125,"relics_obtained":[{"floor":7.0,"key":"Bottled Tornado"},{"floor":10.0,"key":"Happy Flower"},{"floor":12.0,"key":"Akabeko"},{"floor":24.0,"key":"Omamori"},{"floor":30,"key":"Regal Pillow"}],"event_choices":[{"damage_healed":0.0,"max_hp_gain":0.0,"max_hp_loss":0.0,"gold_gain":0.0,"event_name":"Living Wall","player_choice":"Grow","floor":5.0,"gold_loss":0.0,"damage_taken":0.0,"cards_upgraded":["bronze:Overheat"]},{"damage_healed":0.0,"max_hp_gain":0.0,"max_hp_loss":0.0,"gold_gain":0.0,"event_name":"The Library","player_choice":"Read","floor":22.0,"gold_loss":0.0,"damage_taken":0.0,"cards_obtained":["bronze:Overheat"]},{"damage_healed":0,"gold_gain":0,"cards_transformed":["bronze:Strike","bronze:Strike"],"player_choice":"Became Test Subject","damage_taken":0,"max_hp_gain":0,"max_hp_loss":0,"event_name":"Drug Dealer","floor":31,"gold_loss":0,"cards_obtained":["bronze:Iterate","bronze:WhirlingStrike"]}],"is_beta":false,"boss_relics":[{"not_picked":["Tiny House","Empty Cage"],"picked":"Snecko Eye"}],"items_purged_floors":[4],"is_endless":false,"potions_floor_spawned":[10,11,16,25,27,30,32],"killed_by":"WA_ARCHETYPE_CALM","ascension_level":0}}