{"host":"y24pqu7jih1n8m3t","time":1611561907,"event":{"mods":["AchievementEnabler","BaseMod","Bestiary","Block Reminder","Colored Map","Colored Powertips","DeckTracker","Highlight Path","Minty Spire (QoL Compilation)","Permanent Neow","Quick Restart","Rare Cards Sparkle","Relic Stats"],"gold_per_floor":[113,123,123,8,8,46,60,96,96,42,42,85,85,99,99,229,229,244,269,304,49,49,92,130,171,171,190,209,209,225,244,244,374,374,398,411,411,69,88,88,88,88,114,132,153,176,17,33,33,33,33,33,33,76,76],"floor_reached":56,"language":"ENG","playtime":5161,"items_purged":["Regret","Strike_P","Defend_P"],"score":1259,"play_id":"b9ff1202-e33d-4081-9d62-c278ae48f53d","local_time":"20210125030507","is_ascension_mode":false,"campfire_choices":[{"floor":11,"key":"RECALL"},{"floor":13,"key":"REST"},{"floor":15,"key":"REST"},{"floor":29,"key":"REST"},{"floor":32,"key":"REST"},{"floor":40,"key":"REST"},{"floor":42,"key":"REST"},{"floor":49,"key":"REST"},{"floor":52,"key":"REST"}],"circlet_count":0,"master_deck":["Strike_P","Strike_P","Defend_P","Defend_P","Defend_P","Eruption","Vigilance","WindmillStrike","Prostrate","ReachHeaven","FollowUp","WindmillStrike","Halt","ClearTheMind","WheelKick","CrushJoints","DevaForm","Halt+1","ReachHeaven","SignatureMove+1","SandsOfTime","Tantrum","FlyingSleeves+1","Perseverance+1","TalkToTheHand","CutThroughFate+1","DeceiveReality+1","EmptyFist","WindmillStrike","DevaForm","Evaluate+1","Perseverance","ThirdEye","BattleHymn+1","SashWhip","Evaluate+1","Protect","MentalFortress","Halt"],"relics":["Fusion Hammer","WingedGreaves","Golden Idol","Gremlin Horn","White Beast Statue","HornCleat","Centennial Puzzle","Snecko Eye","Red Mask","Kunai","Pen Nib","Ornamental Fan","Matryoshka","Shuriken","Bronze Scales","Busted Crown","Unceasing Top","Blue Candle","Dead Branch"],"acts_visited":["Exordium","TheCity","TheBeyond","TheEnding"],"potions_floor_usage":[14,18,20,20,23,24,27,30,30,33,33,39,39,41,46,55,55],"damage_taken":[{"damage":0,"enemies":"Small Slimes","floor":1,"turns":2},{"damage":3,"enemies":"Jaw Worm","floor":2,"turns":2},{"damage":13,"enemies":"3 Sentries","floor":6,"turns":6},{"damage":0,"enemies":"2 Louse","floor":7,"turns":2},{"damage":8,"enemies":"Gremlin Nob","floor":8,"turns":3},{"damage":6,"enemies":"3 Sentries","floor":12,"turns":4},{"damage":0,"enemies":"Gremlin Gang","floor":14,"turns":2},{"damage":0,"enemies":"Slime Boss","floor":16,"turns":4},{"damage":0,"enemies":"3 Byrds","floor":18,"turns":3},{"damage":3,"enemies":"Chosen","floor":19,"turns":2},{"damage":5,"enemies":"Masked Bandits","floor":20,"turns":3},{"damage":2,"enemies":"Slavers","floor":23,"turns":3},{"damage":14,"enemies":"Book of Stabbing","floor":24,"turns":3},{"damage":1,"enemies":"Gremlin Leader","floor":25,"turns":4},{"damage":0,"enemies":"Centurion and Healer","floor":27,"turns":1},{"damage":0,"enemies":"Snecko","floor":28,"turns":3},{"damage":0,"enemies":"Snake Plant","floor":30,"turns":2},{"damage":0,"enemies":"Centurion and Healer","floor":31,"turns":2},{"damage":12,"enemies":"Champ","floor":33,"turns":4},{"damage":0,"enemies":"Orb Walker","floor":35,"turns":2},{"damage":0,"enemies":"3 Shapes","floor":36,"turns":2},{"damage":6,"enemies":"Writhing Mass","floor":39,"turns":3},{"damage":0,"enemies":"Nemesis","floor":41,"turns":2},{"damage":7,"enemies":"4 Shapes","floor":44,"turns":3},{"damage":0,"enemies":"Jaw Worm Horde","floor":45,"turns":3},{"damage":1,"enemies":"Maw","floor":46,"turns":5},{"damage":0,"enemies":"4 Shapes","floor":48,"turns":3},{"damage":8,"enemies":"Donu and Deca","floor":50,"turns":6},{"damage":14,"enemies":"Shield and Spear","floor":54,"turns":5},{"damage":33,"enemies":"The Heart","floor":55,"turns":6}],"seed_played":"1525744719014713008","potions_obtained":[{"floor":2,"key":"Dexterity Potion"},{"floor":7,"key":"GamblersBrew"},{"floor":8,"key":"Block Potion"},{"floor":12,"key":"AttackPotion"},{"floor":14,"key":"Explosive Potion"},{"floor":18,"key":"StancePotion"},{"floor":19,"key":"AttackPotion"},{"floor":20,"key":"BottledMiracle"},{"floor":23,"key":"PowerPotion"},{"floor":24,"key":"SmokeBomb"},{"floor":25,"key":"Fire Potion"},{"floor":27,"key":"Block Potion"},{"floor":28,"key":"DuplicationPotion"},{"floor":30,"key":"ColorlessPotion"},{"floor":31,"key":"Block Potion"},{"floor":33,"key":"Block Potion"},{"floor":35,"key":"Energy Potion"},{"floor":39,"key":"Dexterity Potion"},{"floor":44,"key":"GamblersBrew"},{"floor":45,"key":"FearPotion"},{"floor":46,"key":"SteroidPotion"},{"floor":48,"key":"CultistPotion"},{"floor":54,"key":"BottledMiracle"}],"is_trial":false,"path_per_floor":["M","M","?","$","?","E","M","E","T","$","R","E","R","M","R","B",null,"M","M","?","$","?","E","E","E","T","M","M","R","M","M","R","B",null,"M","M","?","$","M","R","E","R","T","M","M","M","$","M","R","B",null,"R","$","E","B",null],"character_chosen":"WATCHER","items_purchased":["ReachHeaven","ClearTheMind","SandsOfTime","Tantrum","Unceasing Top","ThirdEye","MentalFortress"],"campfire_rested":8,"item_purchase_floors":[4,10,21,21,38,38,47],"current_hp_per_floor":[72,69,69,69,67,54,54,46,46,46,46,40,60,60,67,67,67,67,64,59,59,59,57,43,42,42,42,42,62,62,62,67,55,67,67,67,67,67,61,67,67,67,67,60,60,59,59,59,67,59,67,67,67,53,20],"gold":76,"neow_bonus":"BOSS_RELIC","is_daily":false,"chose_seed":false,"campfire_upgraded":0,"win_rate":0.0,"timestamp":1611561907,"path_taken":["M","M","?","$","?","E","M","E","T","$","R","E","R","M","R","BOSS","M","M","?","$","?","E","E","E","T","M","M","R","M","M","R","BOSS","M","M","?","$","M","R","E","R","T","M","?","M","?","M","R","BOSS","R","$","E","BOSS"],"items_purchased_type":["Card","Card","Card","Card","Relic","Card","Card"],"build_version":"2020-12-22","purchased_purges":3,"victory":true,"max_hp_per_floor":[72,72,72,72,67,67,67,67,67,67,67,67,67,67,67,67,67,67,67,67,67,67,67,67,67,67,67,67,67,67,67,67,67,67,67,67,67,67,67,67,67,67,67,67,67,67,67,67,67,67,67,67,67,67,67],"relic_stats":{"Gremlin Horn":[30,30],"counters":[30,95],"Golden Idol":230,"Blue Candle":[0],"Dead Branch":[14],"Pen Nib":[19],"Centennial Puzzle":[36],"Busted Crown":16,"Ornamental Fan":[184],"Shuriken":[44],"Bronze Scales":[139],"Snecko Eye":[128,141,135,136],"Kunai":[49],"obtain_stats":[{"Gremlin Horn":6,"Golden Idol":5,"Blue Candle":43,"Dead Branch":54,"Pen Nib":23,"White Beast Statue":8,"Centennial Puzzle":12,"HornCleat":9,"Matryoshka":25,"Busted Crown":34,"Ornamental Fan":24,"Shuriken":26,"Bronze Scales":26,"Snecko Eye":17,"Fusion Hammer":0,"WingedGreaves":3,"Red Mask":20,"Kunai":22,"PureWater":0,"Unceasing Top":38},{"Gremlin Horn":3,"Golden Idol":2,"Blue Candle":23,"Dead Branch":29,"Pen Nib":12,"White Beast Statue":5,"Centennial Puzzle":6,"HornCleat":5,"Matryoshka":14,"Busted Crown":19,"Ornamental Fan":13,"Shuriken":14,"Bronze Scales":14,"Snecko Eye":8,"Fusion Hammer":0,"WingedGreaves":2,"Red Mask":11,"Kunai":11,"PureWater":0,"Unceasing Top":21},{"Gremlin Horn":10,"Golden Idol":4,"Blue Candle":64,"Dead Branch":89,"Pen Nib":36,"White Beast Statue":15,"Centennial Puzzle":19,"HornCleat":15,"Matryoshka":43,"Busted Crown":55,"Ornamental Fan":39,"Shuriken":43,"Bronze Scales":43,"Snecko Eye":25,"Fusion Hammer":0,"WingedGreaves":4,"Red Mask":33,"Kunai":33,"PureWater":0,"Unceasing Top":59}],"Unceasing Top":[1]},"card_choices":[{"not_picked":["JustLucky","ForeignInfluence"],"picked":"WindmillStrike","floor":1},{"not_picked":["PathToVictory","ForeignInfluence"],"picked":"Prostrate","floor":2},{"not_picked":["WaveOfTheHand","JustLucky"],"picked":"FollowUp","floor":6},{"not_picked":["Swivel","Omniscience"],"picked":"WindmillStrike","floor":7},{"not_picked":["Sanctity","JustLucky"],"picked":"Halt","floor":8},{"not_picked":["FollowUp","Pray"],"picked":"WheelKick","floor":12},{"not_picked":["FlurryOfBlows","PathToVictory"],"picked":"CrushJoints","floor":14},{"not_picked":["Omniscience","SpiritShield"],"picked":"DevaForm","floor":16},{"not_picked":["Protect","EmptyBody"],"picked":"Halt+1","floor":18},{"not_picked":["JustLucky","CrushJoints"],"picked":"ReachHeaven","floor":19},{"not_picked":["ClearTheMind","ForeignInfluence"],"picked":"SignatureMove+1","floor":20},{"not_picked":["Protect","Pray"],"picked":"FlyingSleeves+1","floor":23},{"not_picked":["WindmillStrike","ClearTheMind"],"picked":"Perseverance+1","floor":24},{"not_picked":["FlurryOfBlows","FollowUp+1"],"picked":"TalkToTheHand","floor":25},{"not_picked":["Halt","CarveReality"],"picked":"CutThroughFate+1","floor":27},{"not_picked":["Nirvana","Sanctity+1"],"picked":"DeceiveReality+1","floor":28},{"not_picked":["ThirdEye","FlurryOfBlows"],"picked":"EmptyFist","floor":30},{"not_picked":["BowlingBash","Pray"],"picked":"WindmillStrike","floor":31},{"not_picked":["LessonLearned","DeusExMachina"],"picked":"DevaForm","floor":33},{"not_picked":[],"picked":"Evaluate+1","floor":35},{"not_picked":[],"picked":"Perseverance","floor":36},{"not_picked":[],"picked":"BattleHymn+1","floor":39},{"not_picked":[],"picked":"SashWhip","floor":44},{"not_picked":[],"picked":"Evaluate+1","floor":45},{"not_picked":[],"picked":"Protect","floor":46},{"not_picked":["ThirdEye"],"picked":"SKIP","floor":48},{"not_picked":[],"picked":"Halt","floor":54}],"player_experience":168389,"relics_obtained":[{"floor":6,"key":"Gremlin Horn"},{"floor":8,"key":"White Beast Statue"},{"floor":9,"key":"HornCleat"},{"floor":12,"key":"Centennial Puzzle"},{"floor":20,"key":"Red Mask"},{"floor":23,"key":"Pen Nib"},{"floor":24,"key":"Ornamental Fan"},{"floor":25,"key":"Matryoshka"},{"floor":26,"key":"Shuriken"},{"floor":26,"key":"Bronze Scales"},{"floor":43,"key":"Blue Candle"},{"floor":54,"key":"Dead Branch"}],"event_choices":[{"damage_healed":0,"gold_gain":0,"player_choice":"Box","damage_taken":0,"relics_obtained":["WingedGreaves"],"max_hp_gain":0,"max_hp_loss":0,"event_name":"Big Fish","floor":3,"gold_loss":0,"cards_obtained":["Regret"]},{"damage_healed":0,"gold_gain":0,"player_choice":"Lose Max HP","damage_taken":0,"relics_obtained":["Golden Idol"],"max_hp_gain":0,"max_hp_loss":5,"event_name":"Golden Idol","floor":5,"gold_loss":0},{"damage_healed":0,"gold_gain":0,"player_choice":"Fought Bandits","damage_taken":0,"max_hp_gain":0,"max_hp_loss":0,"event_name":"Masked Bandits","floor":20,"gold_loss":0},{"damage_healed":0,"gold_gain":0,"player_choice":"Opened","damage_taken":0,"relics_obtained":["Kunai"],"max_hp_gain":0,"max_hp_loss":0,"event_name":"The Mausoleum","floor":22,"gold_loss":0},{"cards_removed":["Strike_P"],"damage_healed":0,"gold_gain":0,"player_choice":"Offered Basic","damage_taken":0,"max_hp_gain":0,"max_hp_loss":0,"event_name":"Bonfire Elementals","floor":37,"gold_loss":0}],"is_beta":false,"boss_relics":[{"not_picked":["Sozu","SlaversCollar"],"picked":"Snecko Eye"},{"not_picked":["SacredBark","Runic Dome"],"picked":"Busted Crown"}],"items_purged_floors":[4,21,47],"is_endless":false,"potions_floor_spawned":[2,7,8,12,14,16,18,19,20,23,24,25,27,28,30,31,33,35,36,39,41,44,45,46,48,54],"ascension_level":0}}