{"host":"jegehu1t82aiec5j","time":1611580967,"event":{"mods":["BaseMod","Colored Map","Minty Spire (QoL Compilation)","Relic Stats","StSLib"],"gold_per_floor":[114,125,125,1,1,1,43,43,67,7,27,27,63,91,91,174,174,203,203,226,151,151,151,192,192,192,217,242,254,296,64,64,152,152,181,209,222,222,34,34,75,75,102,102,0,0,9,9,9],"floor_reached":48,"language":"ENG","playtime":1583,"items_purged":["Strike_G","Strike_G+1","Strike_G+1","Strike_G+1"],"score":1044,"play_id":"76795b61-3a38-4b37-93fa-e47b54f42285","local_time":"20210125082247","is_ascension_mode":true,"campfire_choices":[{"data":"Accuracy","floor":6,"key":"SMITH"},{"floor":8,"key":"REST"},{"data":"Caltrops","floor":15,"key":"SMITH"},{"floor":23,"key":"REST"},{"floor":25,"key":"REST"},{"data":"Well Laid Plans","floor":32,"key":"SMITH"},{"floor":40,"key":"REST"},{"floor":42,"key":"REST"},{"data":"Footwork","floor":44,"key":"SMITH"}],"circlet_count":0,"master_deck":["AscendersBane","Defend_G+1","Defend_G+1","Defend_G+1","Defend_G+1","Defend_G+1","Survivor","Neutralize","Deadly Poison","Well Laid Plans+1","Accuracy+1","Venomology","Footwork+1","Wraith Form v2","Caltrops+1","Envenom","Cloak And Dagger","Leg Sweep","All Out Attack","Cloak And Dagger+1","Prepared","Accuracy","After Image","PiercingWail","Backflip","Finisher","Noxious Fumes","Panacea"],"relics":["Ring of the Snake","WarpedTongs","Centennial Puzzle","The Courier","CeramicFish","Orichalcum","Pen Nib","Boot","Lantern","Philosopher\u0027s Stone","MealTicket","Vajra","Smiling Mask","Anchor","WristBlade","Nunchaku","ClockworkSouvenir","Meat on the Bone","Potion Belt"],"acts_visited":["Exordium","TheCity","TheBeyond"],"potions_floor_usage":[13,13,14,16,16,20,24,27,28,29,30,36,37,48,48,48],"damage_taken":[{"damage":0,"enemies":"Cultist","floor":1,"turns":4},{"damage":1,"enemies":"Small Slimes","floor":2,"turns":3},{"damage":15,"enemies":"Lagavulin","floor":7,"turns":7},{"damage":2,"enemies":"Jaw Worm","floor":11,"turns":3},{"damage":2,"enemies":"Gremlin Nob","floor":13,"turns":3},{"damage":5,"enemies":"Blue Slaver","floor":14,"turns":3},{"damage":23,"enemies":"The Guardian","floor":16,"turns":10},{"damage":13,"enemies":"Chosen","floor":18,"turns":5},{"damage":11,"enemies":"2 Thieves","floor":20,"turns":4},{"damage":9,"enemies":"Gremlin Leader","floor":24,"turns":7},{"damage":0,"enemies":"Snecko","floor":27,"turns":4},{"damage":13,"enemies":"Book of Stabbing","floor":28,"turns":5},{"damage":0,"enemies":"Centurion and Healer","floor":29,"turns":5},{"damage":3,"enemies":"Slavers","floor":30,"turns":5},{"damage":18,"enemies":"Collector","floor":33,"turns":10},{"damage":0,"enemies":"3 Darklings","floor":35,"turns":4},{"damage":13,"enemies":"3 Shapes","floor":36,"turns":9},{"damage":72,"enemies":"Writhing Mass","floor":37,"turns":6},{"damage":40,"enemies":"Reptomancer","floor":41,"turns":6},{"damage":53,"enemies":"Transient","floor":48,"turns":3}],"seed_played":"8644514657036600345","potions_obtained":[{"floor":7,"key":"Weak Potion"},{"floor":13,"key":"FearPotion"},{"floor":18,"key":"SteroidPotion"},{"floor":36,"key":"PowerPotion"},{"floor":41,"key":"PowerPotion"}],"is_trial":false,"path_per_floor":["M","M","T","$","?","R","E","R","T","$","M","T","E","M","R","B",null,"M","?","M","?","?","R","E","R","T","M","E","M","E","$","R","B",null,"M","M","M","?","$","R","E","R","T","R","$","?","?","M"],"character_chosen":"THE_SILENT","items_purchased":["Well Laid Plans","Accuracy","Anchor","Accuracy","ClockworkSouvenir","Noxious Fumes"],"campfire_rested":5,"item_purchase_floors":[4,4,31,31,39,45],"current_hp_per_floor":[59,58,58,58,32,32,17,36,36,36,34,34,32,27,27,19,54,41,35,24,24,24,43,34,53,53,53,40,40,37,52,52,34,58,58,45,19,19,34,53,13,32,32,32,47,47,47,0,0],"gold":9,"neow_bonus":"RANDOM_COMMON_RELIC","is_daily":false,"chose_seed":false,"campfire_upgraded":4,"win_rate":0.0,"timestamp":1611580967,"path_taken":["M","M","?","$","?","R","E","R","T","$","M","?","E","M","R","BOSS","M","?","?","?","?","R","E","R","T","M","E","M","E","$","R","BOSS","M","M","M","?","?","R","E","R","T","R","$","?","?","M"],"items_purchased_type":["Card","Card","Relic","Card","Relic","Card"],"build_version":"2020-12-22","purchased_purges":4,"victory":false,"max_hp_per_floor":[66,66,66,66,66,66,66,66,66,66,66,66,66,66,66,66,66,66,66,66,66,66,66,66,66,66,66,66,66,66,66,66,66,66,66,66,66,66,66,66,66,66,66,66,66,66,66,66,66],"relic_stats":{"counters":[20,106],"CeramicFish":153,"Pen Nib":[19],"Orichalcum":[96],"Boot":[27],"Smiling Mask":150,"WarpedTongs":[105],"Centennial Puzzle":[48],"Nunchaku":[1],"MealTicket":45,"obtain_stats":[{"Potion Belt":43,"Lantern":13,"CeramicFish":5,"Vajra":26,"The Courier":3,"Pen Nib":9,"Orichalcum":7,"Boot":12,"Smiling Mask":28,"WarpedTongs":0,"ClockworkSouvenir":39,"Centennial Puzzle":0,"Anchor":31,"Nunchaku":38,"WristBlade":34,"Philosopher\u0027s Stone":17,"MealTicket":24,"Ring of the Snake":0,"Meat on the Bone":41},{"Potion Belt":19,"Lantern":5,"CeramicFish":2,"Vajra":10,"The Courier":2,"Pen Nib":3,"Orichalcum":3,"Boot":4,"Smiling Mask":12,"WarpedTongs":0,"ClockworkSouvenir":18,"Centennial Puzzle":0,"Anchor":14,"Nunchaku":18,"WristBlade":15,"Philosopher\u0027s Stone":7,"MealTicket":10,"Ring of the Snake":0,"Meat on the Bone":19},{"Potion Belt":103,"Lantern":20,"CeramicFish":7,"Vajra":49,"The Courier":7,"Pen Nib":14,"Orichalcum":14,"Boot":17,"Smiling Mask":58,"WarpedTongs":0,"ClockworkSouvenir":97,"Centennial Puzzle":0,"Anchor":68,"Nunchaku":97,"WristBlade":78,"Philosopher\u0027s Stone":33,"MealTicket":49,"Ring of the Snake":0,"Meat on the Bone":103}],"Ring of the Snake":[40],"Meat on the Bone":0},"card_choices":[{"not_picked":["Deflect","Cloak And Dagger"],"picked":"Blade Dance","floor":1},{"not_picked":["Endless Agony","Predator"],"picked":"Deadly Poison","floor":2},{"not_picked":["Cloak And Dagger","Deflect"],"picked":"Venomology","floor":7},{"not_picked":["Outmaneuver","Dodge and Roll"],"picked":"Footwork","floor":11},{"not_picked":["Cloak And Dagger","Choke"],"picked":"Wraith Form v2","floor":13},{"not_picked":["Bane","Sucker Punch"],"picked":"Caltrops","floor":14},{"not_picked":["Doppelganger","Bullet Time"],"picked":"Envenom","floor":16},{"not_picked":["Dagger Spray","Accuracy"],"picked":"Cloak And Dagger","floor":18},{"not_picked":["Flying Knee","Skewer"],"picked":"Leg Sweep","floor":20},{"not_picked":["Bane","Well Laid Plans"],"picked":"All Out Attack","floor":24},{"not_picked":["Flying Knee","Deflect"],"picked":"Cloak And Dagger+1","floor":27},{"not_picked":["Deadly Poison","Skewer","Slice"],"picked":"SKIP","floor":28},{"not_picked":["Caltrops","Poisoned Stab","Escape Plan"],"picked":"SKIP","floor":29},{"not_picked":["Reflex","Well Laid Plans+1"],"picked":"Prepared","floor":30},{"not_picked":["Storm of Steel","A Thousand Cuts"],"picked":"After Image","floor":33},{"not_picked":["Dagger Throw","Bane+1"],"picked":"PiercingWail","floor":35},{"not_picked":["Well Laid Plans","Tactician"],"picked":"Backflip","floor":36},{"not_picked":["Underhanded Strike","Eviscerate","Poisoned Stab+1"],"picked":"SKIP","floor":37},{"not_picked":["Glass Knife","Poisoned Stab"],"picked":"Finisher","floor":41},{"not_picked":["Mayhem","Enlightenment"],"picked":"Panacea","floor":47}],"player_experience":2543098,"relics_obtained":[{"floor":3,"key":"The Courier"},{"floor":7,"key":"Orichalcum"},{"floor":9,"key":"Pen Nib"},{"floor":12,"key":"Boot"},{"floor":13,"key":"Lantern"},{"floor":24,"key":"MealTicket"},{"floor":26,"key":"Vajra"},{"floor":28,"key":"Smiling Mask"},{"floor":41,"key":"Meat on the Bone"},{"floor":43,"key":"Potion Belt"}],"event_choices":[{"damage_healed":0,"gold_gain":0,"player_choice":"Success","damage_taken":26,"relics_obtained":["CeramicFish"],"max_hp_gain":0,"max_hp_loss":0,"event_name":"Scrap Ooze","floor":5,"gold_loss":0},{"damage_healed":0,"gold_gain":0,"player_choice":"","damage_taken":6,"max_hp_gain":0,"max_hp_loss":0,"event_name":"Knowing Skull","floor":19,"potions_obtained":[],"gold_loss":0,"cards_obtained":[]},{"cards_removed":["Strike_G"],"damage_healed":0,"gold_gain":0,"player_choice":"Gave Gold","damage_taken":0,"max_hp_gain":0,"max_hp_loss":0,"event_name":"Beggar","floor":21,"gold_loss":75},{"damage_healed":0,"gold_gain":0,"player_choice":"Simplicity","damage_taken":0,"max_hp_gain":0,"max_hp_loss":0,"event_name":"Back to Basics","floor":22,"gold_loss":0,"cards_upgraded":["Strike_G","Strike_G","Strike_G","Defend_G","Defend_G","Defend_G","Defend_G","Defend_G"]},{"damage_healed":0,"gold_gain":0,"player_choice":"Gave Potion","damage_taken":0,"relics_obtained":["Nunchaku"],"max_hp_gain":0,"max_hp_loss":0,"event_name":"WeMeetAgain","floor":38,"gold_loss":0},{"cards_removed":["Blade Dance"],"damage_healed":0,"gold_gain":0,"player_choice":"Removed Skill","damage_taken":0,"max_hp_gain":0,"max_hp_loss":0,"event_name":"Falling","floor":46,"gold_loss":0},{"damage_healed":0,"gold_gain":0,"player_choice":"Memory 1","damage_taken":0,"max_hp_gain":0,"max_hp_loss":0,"event_name":"SensoryStone","floor":47,"gold_loss":0}],"is_beta":false,"boss_relics":[{"not_picked":["HoveringKite","Runic Pyramid"],"picked":"Philosopher\u0027s Stone"},{"not_picked":["Cursed Key","Black Star"],"picked":"WristBlade"}],"items_purged_floors":[10,31,39,45],"is_endless":false,"potions_floor_spawned":[7,11,13,18,20,33,36,41],"killed_by":"Transient","ascension_level":20}}