{"host":"hszimsrtxxc2k25w","time":1611533460,"event":{"mods":["AchievementEnabler","BaseMod","Colored Map","DeckTracker","Minty Spire (QoL Compilation)","Rare Cards Sparkle","SuperFastMode"],"gold_per_floor":[119,136,136,61,109,109,136,154,206,206,219,237,257,157,157,157,157],"floor_reached":16,"language":"KOR","playtime":286,"items_purged":["Strike_G","Strike_G"],"score":175,"play_id":"a4e2badb-b5bd-47a7-bfce-bfe4f1c24180","local_time":"20210125091100","is_ascension_mode":true,"campfire_choices":[{"data":"Adrenaline","floor":6.0,"key":"SMITH"},{"data":"Blade Dance","floor":10.0,"key":"SMITH"},{"data":"Storm of Steel","floor":15,"key":"SMITH"}],"circlet_count":0,"master_deck":["AscendersBane","Strike_G","Defend_G","Defend_G","Defend_G","Defend_G","Defend_G","Survivor","Neutralize","Dagger Spray","Acrobatics","Adrenaline+1","Prepared","Blade Dance+1","Storm of Steel+1","Tactician"],"relics":["Ring of the Snake","Boot","Odd Mushroom","Centennial Puzzle"],"acts_visited":["Exordium"],"potions_floor_usage":[],"damage_taken":[{"damage":7.0,"enemies":"2 Louse","floor":1.0,"turns":4.0},{"damage":1.0,"enemies":"Cultist","floor":2.0,"turns":4.0},{"damage":1.0,"enemies":"The Mushroom Lair","floor":7.0,"turns":3.0},{"damage":2.0,"enemies":"Jaw Worm","floor":8.0,"turns":5.0},{"damage":0.0,"enemies":"3 Louse","floor":11.0,"turns":3.0},{"damage":12.0,"enemies":"Exordium Wildlife","floor":12.0,"turns":2.0},{"damage":4.0,"enemies":"Blue Slaver","floor":13.0,"turns":2.0},{"damage":9,"enemies":"The Guardian","floor":16,"turns":3}],"seed_played":"5395210642250191591","potions_obtained":[{"floor":11.0,"key":"EssenceOfSteel"},{"floor":12.0,"key":"Strength Potion"}],"is_trial":false,"path_per_floor":["M","M","?","$","T","R","?","M","T","R","M","M","M","$","R","B"],"character_chosen":"THE_SILENT","items_purchased":[],"campfire_rested":0,"item_purchase_floors":[],"current_hp_per_floor":[52,51,51,51,51,51,50,48,48,48,48,36,32,32,32,23,23],"gold":157,"neow_bonus":"REMOVE_CARD","is_daily":false,"chose_seed":false,"campfire_upgraded":3,"win_rate":0.0,"timestamp":1611533460,"path_taken":["M","M","?","?","?","R","?","M","T","R","M","M","?","$","R","BOSS"],"items_purchased_type":[],"build_version":"2020-12-22","purchased_purges":2,"victory":false,"max_hp_per_floor":[66,66,66,66,66,66,66,66,66,66,66,66,66,66,66,66,66],"card_choices":[{"not_picked":["PiercingWail","Cloak And Dagger"],"picked":"Dagger Spray","floor":1.0},{"not_picked":["PiercingWail","Bane"],"picked":"Acrobatics","floor":2.0},{"not_picked":["Backflip","Deflect"],"picked":"Prepared","floor":7.0},{"not_picked":["Catalyst","Deflect"],"picked":"Blade Dance","floor":8.0},{"not_picked":["Prepared","Noxious Fumes"],"picked":"Storm of Steel","floor":11.0},{"not_picked":["Underhanded Strike","Poisoned Stab","Sucker Punch"],"picked":"SKIP","floor":12.0},{"not_picked":["Dagger Throw","Bouncing Flask"],"picked":"Tactician","floor":13.0}],"player_experience":643271,"relics_obtained":[{"floor":5.0,"key":"Boot"},{"floor":7.0,"key":"Odd Mushroom"},{"floor":9.0,"key":"Centennial Puzzle"}],"event_choices":[{"damage_healed":0.0,"max_hp_gain":0.0,"max_hp_loss":0.0,"gold_gain":0.0,"cards_transformed":["Strike_G"],"event_name":"Transmorgrifier","player_choice":"Transformed","floor":3.0,"gold_loss":0.0,"damage_taken":0.0,"cards_obtained":["Adrenaline"]},{"damage_healed":0.0,"max_hp_gain":0.0,"max_hp_loss":0.0,"gold_gain":0.0,"event_name":"Mushrooms","player_choice":"Fought Mushrooms","floor":7.0,"gold_loss":0.0,"damage_taken":0.0}],"is_beta":false,"boss_relics":[],"items_purged_floors":[4,14],"is_endless":false,"potions_floor_spawned":[11,12],"killed_by":"The Guardian","ascension_level":18}}