{"host":"Arid","time":1611602388,"event":{"mods":["AchievementEnabler","Arknights The Spire","BaseMod","Downfall","Hermit","Jorbs\u0027s Wanderer Trilogy","Minty Spire (QoL Compilation)","StSLib"],"gold_per_floor":[116,135,135,152,166,166,185,185,185,220,230,244,15,15,15,116,116,132,132,147,157,256,288,305,339,366,366,399,414,414,56,56,157,157,172,145,0,12,32,63,88,121,121,121,135,163,163,63,63,63,63,63,63,98,98,98],"floor_reached":55,"language":"ENG","playtime":4612,"items_purged":["ats:Strike V","downfall:Malfunctioning","downfall:Bewildered"],"score":867,"play_id":"d406c272-12bd-47ad-a4b2-92143c23ddd4","local_time":"20210125141948","is_ascension_mode":false,"campfire_choices":[{"data":"ats:Emotion Absorption","floor":6,"key":"SMITH"},{"data":"ats:Spore Proliferation","floor":8,"key":"SMITH"},{"data":"ats:Mental Burst","floor":15,"key":"SMITH"},{"data":"ats:Armor Crushing Shot","floor":30,"key":"SMITH"},{"data":"ats:Volcano","floor":32,"key":"SMITH"},{"data":"ats:Mental Burst","floor":44,"key":"SMITH"},{"floor":49,"key":"RECALL"},{"data":"ats:Shell Defense","floor":52,"key":"SMITH"}],"circlet_count":0,"master_deck":["ats:Strike C","ats:Strike G","ats:Strike S","ats:Armor Crushing Shot+1","ats:Defend","ats:Defend","ats:Defend+1","ats:Defend+1","ats:Emotion Absorption+1","ats:Spore Proliferation+1","ats:Sword Rain","ats:Ignite","ats:Shell Defense+1","ats:Mental Burst+1","ats:Flexible Camouflage+1","ats:Volcano+1","ats:Flame Of Heaven+1","Ghostly+1","Ghostly+1","Ghostly+1","Ghostly+1","Ghostly+1","ats:Hook Shot+1","ats:Curse Doll+1","ats:Literary Storm+1","ats:Flame Of Heaven+1","ats:Absolute Focus+1","ats:Calcification+1","ats:Absolute Focus+1","ats:Mental Burst+1","ats:Burning Ground+1","ats:Demon Strength+1","ats:Echo Reverb+1","downfall:Malfunctioning","ats:Guardian Obelisk+1"],"relics":["ats:Sanity","Toxic Egg 2","ats:Originium","Meat on the Bone","Oddly Smooth Stone","Ornamental Fan","Cursed Key","ats:Lavender","The Courier","Guardian:PocketSentry","Tiny Chest","ats:Hidden Killer","Frozen Eye","ats:Omniscience","Red Mask","Art of War","Lantern","Blue Candle","Ancient Tea Set","War Paint"],"acts_visited":["Exordium","TheCity","TheBeyond","TheEnding"],"potions_floor_usage":[7,10,18,25,33,33,55],"damage_taken":[{"damage":7,"enemies":"2 Louse","floor":1,"turns":3},{"damage":2,"enemies":"Small Slimes","floor":2,"turns":4},{"damage":5,"enemies":"Jaw Worm","floor":4,"turns":5},{"damage":1,"enemies":"Exordium Wildlife","floor":5,"turns":3},{"damage":6,"enemies":"Large Slime","floor":7,"turns":3},{"damage":10,"enemies":"3 Sentries","floor":10,"turns":10},{"damage":17,"enemies":"Exordium Thugs","floor":11,"turns":4},{"damage":0,"enemies":"Blue Slaver","floor":12,"turns":5},{"damage":23,"enemies":"Hexaghost","floor":16,"turns":13},{"damage":5,"enemies":"3 Byrds","floor":18,"turns":4},{"damage":0,"enemies":"Spheric Guardian","floor":20,"turns":3},{"damage":0,"enemies":"Centurion and Healer","floor":21,"turns":5},{"damage":7,"enemies":"Book of Stabbing","floor":23,"turns":7},{"damage":0,"enemies":"Snake Plant","floor":24,"turns":4},{"damage":4,"enemies":"Gremlin Leader","floor":25,"turns":6},{"damage":20,"enemies":"Book of Stabbing","floor":28,"turns":6},{"damage":1,"enemies":"Snecko","floor":29,"turns":5},{"damage":2,"enemies":"Automaton","floor":33,"turns":6},{"damage":0,"enemies":"3 Shapes","floor":35,"turns":3},{"damage":0,"enemies":"Orb Walker","floor":38,"turns":4},{"damage":0,"enemies":"3 Darklings","floor":39,"turns":3},{"damage":3,"enemies":"Nemesis","floor":40,"turns":7},{"damage":0,"enemies":"Giant Head","floor":42,"turns":6},{"damage":4,"enemies":"Writhing Mass","floor":45,"turns":4},{"damage":3,"enemies":"Nemesis","floor":46,"turns":4},{"damage":18,"enemies":"Awakened One","floor":50,"turns":10},{"damage":0,"enemies":"Shield and Spear","floor":54,"turns":4},{"damage":71,"enemies":"The Heart","floor":55,"turns":8}],"seed_played":"-1710348492518763442","potions_obtained":[{"floor":1,"key":"Slimebound:ThreeZeroPotion"},{"floor":2,"key":"SteroidPotion"},{"floor":5,"key":"champ:CounterPotion"},{"floor":12,"key":"Weak Potion"},{"floor":16,"key":"FairyPotion"},{"floor":18,"key":"LiquidMemories"},{"floor":24,"key":"Swift Potion"},{"floor":29,"key":"bronze:BurnAndBuffPotion"},{"floor":35,"key":"Block Potion"}],"is_trial":false,"path_per_floor":["M","M","?","M","M","R","M","R","T","E","M","M","$","?","R","B",null,"M","?","M","M","?","E","M","E","T","?","E","M","R","$","R","B",null,"M","$","?","M","M","E","T","E","T","R","M","E","T","$","R","B",null,"R","$","E","B"],"character_chosen":"DOCTOR_CLASS","items_purchased":["Oddly Smooth Stone","ats:Absolute Focus+1","ats:Hidden Killer","Frozen Eye","ats:Mental Burst"],"campfire_rested":0,"item_purchase_floors":[13,31,31,31,36],"current_hp_per_floor":[72,70,75,70,69,69,63,63,63,59,44,47,47,44,44,39,84,82,42,42,42,42,38,42,42,42,36,24,29,29,29,29,36,47,47,47,47,47,47,47,47,47,47,47,43,43,43,43,43,30,47,47,47,47,0,0],"gold":98,"neow_bonus":"TEN_PERCENT_HP_BONUS","is_daily":false,"chose_seed":false,"campfire_upgraded":7,"win_rate":0.0,"timestamp":1611602388,"path_taken":["M","M","?","M","M","R","M","R","T","E","M","M","$","?","R","BOSS","M","?","M","M","?","E","M","E","T","?","E","?","R","$","R","BOSS","M","$","?","M","M","E","?","E","T","R","M","E","?","?","R","BOSS","R","$","E","BOSS"],"items_purchased_type":["Relic","Card","Relic","Relic","Card"],"build_version":"2020-12-18","purchased_purges":3,"victory":false,"max_hp_per_floor":[79,79,84,84,84,84,84,84,84,84,84,84,84,84,84,84,84,84,42,42,42,42,42,42,42,42,47,47,47,47,47,47,47,47,47,47,47,47,47,47,47,47,47,47,47,47,47,47,47,47,47,47,47,47,47,47],"card_choices":[{"not_picked":["ats:Revitalization","ats:Healing Drone"],"picked":"ats:Spore Proliferation","floor":1},{"not_picked":["ats:Rapid Magazine","ats:Charging Defense"],"picked":"ats:Sword Rain","floor":2},{"not_picked":["ats:Composite Medical Shells","ats:Explosion Area Strengthen"],"picked":"ats:Ignite","floor":4},{"not_picked":["ats:Leaping Hammer","ats:Explosion Area Strengthen","ats:Absolute Focus"],"picked":"SKIP","floor":5},{"not_picked":["ats:Flexible Camouflage","ats:Beaten Up"],"picked":"ats:Shell Defense","floor":7},{"not_picked":["ats:Leaping Hammer","ats:Sunburst"],"picked":"ats:Mental Burst","floor":10},{"not_picked":["ats:Leaping Hammer","ats:Beaten Up+1"],"picked":"ats:Flexible Camouflage+1","floor":11},{"not_picked":["ats:Ignite","ats:Magnetic Hammer","ats:Healing Strengthening"],"picked":"SKIP","floor":12},{"not_picked":["ats:Durian+1","ats:Disruption Kick"],"picked":"ats:Volcano","floor":16},{"not_picked":["ats:Leaping Hammer","ats:Blood Oath"],"picked":"ats:Flame Of Heaven+1","floor":18},{"not_picked":["ats:Cat Scratch","ats:Automatic Cover+1","ats:Leaping Hammer"],"picked":"SKIP","floor":20},{"not_picked":["ats:Phantom+1","ats:Very Hot Blade"],"picked":"ats:Hook Shot+1","floor":21},{"not_picked":["ats:Poison Spread","ats:Beaten Up+1","ats:Rapid Magazine"],"picked":"SKIP","floor":23},{"not_picked":["ats:Rapid Magazine","ats:Leaping Hammer"],"picked":"ats:Curse Doll+1","floor":24},{"not_picked":["ats:Powerful Strike","ats:Apocalypse+1"],"picked":"ats:Literary Storm+1","floor":25},{"not_picked":["ats:Flexible Camouflage+1","ats:Very Hot Blade+1"],"picked":"ats:Flame Of Heaven+1","floor":28},{"not_picked":["ats:Healing Strengthening","ats:Shadow Raid+1","ats:Powerful Strike+1"],"picked":"SKIP","floor":29},{"not_picked":["ats:Rat Pack+1","ats:Disruption Kick"],"picked":"ats:Calcification+1","floor":33},{"not_picked":["ats:Very Hot Blade+1","ats:Explosion Area Strengthen+1"],"picked":"ats:Absolute Focus+1","floor":35},{"not_picked":["ats:Blood Oath","ats:Assault Order+1","ats:Closed Bolt Burst Fire"],"picked":"SKIP","floor":38},{"not_picked":["ats:Shell Defense+1","ats:Composite Medical Shells"],"picked":"ats:Burning Ground+1","floor":39},{"not_picked":["ats:Demon Strength+1","ats:Serious Mode+1","ats:Composite Medical Shells"],"picked":"SKIP","floor":40},{"not_picked":["ats:Serious Mode+1","ats:Composite Medical Shells"],"picked":"ats:Demon Strength+1","floor":40},{"not_picked":["ats:Absolute Focus+1","ats:Explosion Area Strengthen+1"],"picked":"ats:Echo Reverb+1","floor":42},{"not_picked":["ats:Directed Diagnosis+1","ats:Soul Absorption+1","ats:Revitalization+1"],"picked":"SKIP","floor":45},{"not_picked":["ats:Assault Order+1","ats:Guard Mode+1","ats:Chain Hook"],"picked":"SKIP","floor":46},{"not_picked":["ats:Shadow Raid+1","ats:Flexible Camouflage+1"],"picked":"ats:Guardian Obelisk+1","floor":54}],"player_experience":364709,"relics_obtained":[{"floor":9,"key":"Toxic Egg 2"},{"floor":10,"key":"ats:Originium"},{"floor":10,"key":"Meat on the Bone"},{"floor":23,"key":"ats:Originium"},{"floor":23,"key":"ats:Lavender"},{"floor":25,"key":"ats:Originium"},{"floor":25,"key":"The Courier"},{"floor":26,"key":"Guardian:PocketSentry"},{"floor":28,"key":"ats:Originium"},{"floor":28,"key":"Tiny Chest"},{"floor":40,"key":"Art of War"},{"floor":41,"key":"Lantern"},{"floor":42,"key":"Blue Candle"},{"floor":46,"key":"Ancient Tea Set"},{"floor":54,"key":"War Paint"}],"event_choices":[{"damage_healed":0,"gold_gain":0,"player_choice":"Donut","damage_taken":0,"max_hp_gain":5,"max_hp_loss":0,"event_name":"Big Fish","floor":3,"gold_loss":0},{"damage_healed":0,"gold_gain":0,"player_choice":"Success","damage_taken":3,"relics_obtained":["Ornamental Fan"],"max_hp_gain":0,"max_hp_loss":0,"event_name":"Scrap Ooze","floor":14,"gold_loss":0},{"damage_healed":0,"gold_gain":0,"player_choice":"Became a Ghost","damage_taken":0,"max_hp_gain":0,"max_hp_loss":42,"event_name":"Ghosts","floor":19,"gold_loss":0,"cards_obtained":["Ghostly","Ghostly","Ghostly","Ghostly","Ghostly"]},{"damage_healed":0,"gold_gain":99,"player_choice":"Stole From Cult","damage_taken":0,"max_hp_gain":0,"max_hp_loss":0,"event_name":"Nest","floor":22,"gold_loss":0},{"damage_healed":0,"gold_gain":0,"player_choice":"Shed Blood","damage_taken":11,"max_hp_gain":5,"max_hp_loss":0,"event_name":"Forgotten Altar","floor":27,"gold_loss":0},{"damage_healed":0,"gold_gain":0,"player_choice":"Paid","damage_taken":0,"relics_obtained":["Red Mask"],"max_hp_gain":0,"max_hp_loss":0,"event_name":"Tomb of Lord Red Mask","floor":37,"gold_loss":145}],"is_beta":true,"boss_relics":[{"not_picked":["ats:Sanity Plus","Runic Dome"],"picked":"Cursed Key"},{"not_picked":["Pandora\u0027s Box","Velvet Choker"],"picked":"ats:Omniscience"}],"items_purged_floors":[13,31,48],"is_endless":false,"potions_floor_spawned":[1,2,5,12,16,18,24,29,35],"killed_by":"The Heart","ascension_level":0}}