{"host":"qg654vxoo1kzp6cj","time":1611617761,"event":{"mods":["100% Spire Juice","2.2 Compatiblity","Act Like it!","Aspiration","BaseMod","Better Altar","Better Skull","Better Third Choice","Better Vampires","Conspire","Dio Mod","Displayed Cursed Tome","Downfall","Elementarium","Gensokyo","GifTheSpireLib","Hallownest","Hermit","HololiveMod","Hubris","Ironclad Rager","Jedi Mod","KinomotoSakuraMod(????)","Menagerie","Minty Spire (QoL Compilation)","MostiFishMod","Pale of the Ancients","Reliquary","Replay The Spire","Retaliation","Spicy Shops","Spikes Relics","StSLib","Strawberry Spire","Stuff the Spire","The Alterego","The Animator","The Bug Knight","The Death Knight","The Runesmith","The Senshi","The Wild Card","TheHero","TheVelvet","Trackpad","Wandering Minibosses","WarShipGirlsR/????R mod"],"gold_per_floor":[99,99,99,99,99,129,176,15,30,44,55,81,91,117,127,127,127,127],"floor_reached":16,"language":"ENG","playtime":859,"items_purged":[],"score":125,"play_id":"2c33e761-458b-493a-9614-358d22367b6b","local_time":"20210125183601","is_ascension_mode":true,"campfire_choices":[{"floor":1,"key":"RECALL"}],"circlet_count":0,"master_deck":["champ:Strike","champ:Strike","champ:Strike","champ:Strike","champ:Defend","champ:Defend","champ:Defend","champ:Defend","champ:Execute+1","champ:Taunt","champ:PreciseThrust","champ:CrownThrow","champ:Encircle","champ:LastStand","champ:RecklessLeap","champ:TornadoPunch","champ:StanceDance","champ:Endure","champ:ArenaPreparation","champ:CrookedStrike","champ:FanOfKnives","champ:Parry"],"relics":["champ:ChampionCrown","DaveBox","Eternal Feather","downfall:HeartsMalice","ReplayTheSpireMod:TigerMarble","Gremlin Food","trackpad:IceCube","jedi:firstaidkit"],"acts_visited":["Exordium"],"potions_floor_usage":[12,12,14,15,16],"damage_taken":[{"damage":0,"enemies":"Menagerie:StygianBoar","floor":2,"turns":1},{"damage":0,"enemies":"Menagerie:WhisperingWraith","floor":3,"turns":1},{"damage":0,"enemies":"Menagerie:2_RABBITS","floor":5,"turns":1},{"damage":39,"enemies":"Menagerie:Hydra","floor":6,"turns":5},{"damage":15,"enemies":"downfall:FleeingMerchant","floor":8,"turns":4},{"damage":20,"enemies":"Menagerie:BEAST_MAGE_AND_PROWLING_AMALGAM","floor":9,"turns":6},{"damage":24,"enemies":"Menagerie:KEEPER_AND_YOUNG_SUNEATER","floor":10,"turns":5},{"damage":8,"enemies":"Menagerie:DREAD_MOTH_AND_GRAFTED_WORMS","floor":11,"turns":2},{"damage":15,"enemies":"Menagerie:VoidReaper","floor":12,"turns":4},{"damage":15,"enemies":"Menagerie:RedMage","floor":13,"turns":5},{"damage":32,"enemies":"Menagerie:MaskedSummoner","floor":14,"turns":6},{"damage":2,"enemies":"Menagerie:MENAGERIE_WILDLIFE","floor":15,"turns":2},{"damage":6,"enemies":"WA_ARCHETYPE_RETAIN","floor":16,"turns":2}],"seed_played":"8919277833099096545","potions_obtained":[{"floor":9,"key":"Swift Potion"},{"floor":11,"key":"hexamod:SoulburnPotion"},{"floor":12,"key":"DDmod:CleansePotion"},{"floor":13,"key":"hexamod:SoulburnPotion"},{"floor":14,"key":"jedi:StrikingPotion"},{"floor":15,"key":"Elixir"}],"is_trial":false,"path_per_floor":["R","M","M","?","M","E","T","$","M","M","M","E","M","E","M","B"],"character_chosen":"THE_CHAMP","items_purchased":["Gremlin Food"],"campfire_rested":0,"item_purchase_floors":[8],"current_hp_per_floor":[90,90,90,90,90,61,61,56,56,32,24,19,23,3,1,0,0,0],"gold":127,"neow_bonus":"THREE_ENEMY_KILL","is_daily":false,"chose_seed":false,"campfire_upgraded":0,"win_rate":0.0,"timestamp":1611617761,"path_taken":["R","M","M","?","?","E","T","$","M","M","M","E","M","E","M","BOSS"],"items_purchased_type":["Relic"],"build_version":"2020-12-22","purchased_purges":0,"victory":false,"max_hp_per_floor":[90,90,90,90,90,90,90,90,90,90,90,90,90,90,90,90,90,90],"card_choices":[{"not_picked":["champ:FlashCut","champ:FocusedDefense"],"picked":"champ:PreciseThrust","floor":2},{"not_picked":["champ:Circumvent","champ:FocusedBerserking"],"picked":"champ:CrownThrow","floor":3},{"not_picked":["champ:EndlessRage","champ:EnragedBash"],"picked":"champ:Encircle","floor":5},{"not_picked":["champ:FocusedDefense","champ:CrownThrow"],"picked":"champ:LastStand","floor":6},{"not_picked":["champ:BerserkersShout","champ:Backstep"],"picked":"champ:RecklessLeap","floor":8},{"not_picked":["champ:Shatter","champ:EndlessRage"],"picked":"champ:TornadoPunch","floor":9},{"not_picked":["champ:FocusedDefense","champ:Haymaker"],"picked":"champ:StanceDance","floor":10},{"not_picked":["champ:StanceDance","champ:AdrenalArmor"],"picked":"champ:Endure","floor":11},{"not_picked":["champ:FancyFootwork","champ:Improvising"],"picked":"champ:ArenaPreparation","floor":12},{"not_picked":["champ:Encircle","champ:FanOfKnives"],"picked":"champ:CrookedStrike","floor":13},{"not_picked":["champ:RecklessLeap","champ:GladiatorStyle"],"picked":"champ:FanOfKnives","floor":14},{"not_picked":["champ:BringItOn","champ:BerserkersShout"],"picked":"champ:Parry","floor":15}],"player_experience":889670,"relics_obtained":[{"floor":6,"key":"ReplayTheSpireMod:TigerMarble"},{"floor":12,"key":"trackpad:IceCube"},{"floor":14,"key":"jedi:firstaidkit"}],"event_choices":[{"damage_healed":0,"gold_gain":0,"player_choice":"Forge","damage_taken":0,"max_hp_gain":0,"max_hp_loss":0,"event_name":"Accursed Blacksmith","floor":4,"gold_loss":0,"cards_upgraded":["champ:Execute"]}],"is_beta":false,"boss_relics":[],"items_purged_floors":[],"is_endless":false,"potions_floor_spawned":[9,11,12,13,14,15],"killed_by":"WA_ARCHETYPE_RETAIN","ascension_level":1}}