{"host":"78zdngn0u28jm0pp","time":1611601881,"event":{"mods":["BaseMod","Jorbs\u0027s Wanderer Trilogy","Minty Spire (QoL Compilation)","Permanent Neow","Quick Restart","Relic Stats","StSLib","Unceasing Turn Reminder"],"gold_per_floor":[117,117,67,78,78,78,113,132,132,164,164,183,27,37,37,132,132,132,132],"floor_reached":18,"language":"ENG","playtime":478,"items_purged":[],"score":254,"play_id":"38d44fad-598b-443c-81cb-6158553b23f9","local_time":"20210125121121","is_ascension_mode":true,"campfire_choices":[{"data":"True Grit","floor":6.0,"key":"SMITH"},{"data":"Uppercut","floor":15.0,"key":"SMITH"}],"circlet_count":0,"master_deck":["Strike_R","Strike_R","Strike_R","Strike_R","Defend_R","Defend_R","Defend_R","Bash+1","True Grit+1","Feel No Pain","Reckless Charge","Fire Breathing","Second Wind","Battle Trance","Reckless Charge","Seeing Red","Uppercut+1","Berserk"],"relics":["Burning Blood","NeowsBlessing","Ornamental Fan","Sundial","Shuriken","Ancient Tea Set","SlaversCollar"],"acts_visited":["Exordium","TheCity"],"potions_floor_usage":[],"damage_taken":[{"damage":0.0,"enemies":"2 Louse","floor":1.0,"turns":1.0},{"damage":0.0,"enemies":"Small Slimes","floor":4.0,"turns":1.0},{"damage":0.0,"enemies":"3 Sentries","floor":7.0,"turns":1.0},{"damage":1.0,"enemies":"Cultist","floor":8.0,"turns":3.0},{"damage":16.0,"enemies":"Gremlin Nob","floor":10.0,"turns":4.0},{"damage":2.0,"enemies":"3 Louse","floor":12.0,"turns":2.0},{"damage":3.0,"enemies":"2 Fungi Beasts","floor":14.0,"turns":3.0},{"damage":15.0,"enemies":"The Guardian","floor":16.0,"turns":10.0},{"damage":0,"enemies":"3 Byrds","floor":18,"turns":1}],"seed_played":"-1526660630147384504","potions_obtained":[{"floor":1.0,"key":"EntropicBrew"},{"floor":8.0,"key":"Swift Potion"},{"floor":14.0,"key":"LiquidBronze"}],"is_trial":false,"path_per_floor":["M","?","?","M","?","R","E","M","T","E","?","M","$","M","R","B",null,"M"],"character_chosen":"IRONCLAD","items_purchased":["Reckless Charge","Seeing Red"],"campfire_rested":0,"item_purchase_floors":[13,13],"current_hp_per_floor":[78,71,71,77,52,52,58,63,63,53,53,57,57,60,60,51,73,73,73],"gold":132,"neow_bonus":"THREE_ENEMY_KILL","is_daily":false,"chose_seed":false,"campfire_upgraded":2,"win_rate":0.0,"timestamp":1611601881,"path_taken":["M","?","?","M","?","R","E","M","T","E","?","M","$","M","R","BOSS","M"],"items_purchased_type":["Card","Card"],"build_version":"2020-12-22","purchased_purges":0,"victory":false,"max_hp_per_floor":[80,80,80,80,80,80,80,80,80,80,80,80,80,80,80,80,80,80,80],"relic_stats":{"counters":[9,25],"Ornamental Fan":[24],"Sundial":[4],"Shuriken":[5],"obtain_stats":[{"SlaversCollar":17,"NeowsBlessing":0,"Ornamental Fan":5,"Sundial":7,"Shuriken":9,"Ancient Tea Set":10,"Burning Blood":0},{"SlaversCollar":8,"NeowsBlessing":0,"Ornamental Fan":2,"Sundial":3,"Shuriken":4,"Ancient Tea Set":5,"Burning Blood":0},{"SlaversCollar":25,"NeowsBlessing":0,"Ornamental Fan":2,"Sundial":3,"Shuriken":6,"Ancient Tea Set":10,"Burning Blood":0}],"Burning Blood":48},"card_choices":[{"not_picked":["Second Wind","Flame Barrier"],"picked":"True Grit","floor":1.0},{"not_picked":["Shrug It Off","Clash"],"picked":"Feel No Pain","floor":4.0},{"not_picked":["Shockwave","Headbutt"],"picked":"Reckless Charge","floor":7.0},{"not_picked":["Havoc","Headbutt"],"picked":"Fire Breathing","floor":8.0},{"not_picked":["Thunderclap","Headbutt"],"picked":"Second Wind","floor":10.0},{"not_picked":["Havoc","Whirlwind"],"picked":"Battle Trance","floor":12.0},{"not_picked":["True Grit","Bloodletting"],"picked":"Uppercut","floor":14.0},{"not_picked":["Corruption","Juggernaut"],"picked":"Berserk","floor":16.0}],"player_experience":245295,"relics_obtained":[{"floor":7.0,"key":"Sundial"},{"floor":9.0,"key":"Shuriken"},{"floor":10.0,"key":"Ancient Tea Set"}],"event_choices":[{"cards_removed":["Strike_R"],"damage_healed":0.0,"max_hp_gain":0.0,"max_hp_loss":0.0,"gold_gain":0.0,"event_name":"Golden Wing","player_choice":"Card Removal","floor":2.0,"gold_loss":0.0,"damage_taken":7.0},{"cards_removed":["Defend_R"],"damage_healed":0.0,"max_hp_gain":0.0,"max_hp_loss":0.0,"gold_gain":0.0,"event_name":"The Cleric","player_choice":"Card Removal","floor":3.0,"gold_loss":50.0,"damage_taken":0.0},{"damage_healed":0.0,"max_hp_gain":0.0,"max_hp_loss":0.0,"gold_gain":0.0,"event_name":"Scrap Ooze","player_choice":"Success","floor":5.0,"gold_loss":0.0,"damage_taken":25.0,"relics_obtained":["Ornamental Fan"]},{"damage_healed":0.0,"max_hp_gain":0.0,"max_hp_loss":0.0,"gold_gain":0.0,"event_name":"Upgrade Shrine","player_choice":"Upgraded","floor":11.0,"gold_loss":0.0,"damage_taken":0.0,"cards_upgraded":["Bash"]}],"is_beta":false,"boss_relics":[{"not_picked":["Runic Cube","Busted Crown"],"picked":"SlaversCollar"}],"items_purged_floors":[],"is_endless":false,"potions_floor_spawned":[1,8,14],"killed_by":"3 Byrds","ascension_level":6}}