{"host":"qeogwbudlaqzb6hy","time":1611533502,"event":{"mods":["BaseMod","Downfall","Minty Spire (QoL Compilation)","StSLib"],"gold_per_floor":[99,116,129,144,161,161,161,187,199,196,234,266,278,310,341,451,463,475,498,510,533,230,230,230,230],"floor_reached":23,"language":"ENG","playtime":1612,"items_purged":["hexamod:Strike"],"score":195,"play_id":"9136dd22-f065-454c-b539-80b7300ced36","local_time":"20210125101142","is_ascension_mode":false,"campfire_choices":[{"data":"hexamod:Sear","floor":1,"key":"SMITH"},{"data":"hexamod:BurningTouch","floor":6,"key":"SMITH"},{"data":"hexamod:RadiantFlame","floor":9,"key":"SMITH"},{"data":"hexamod:SoulSteal","floor":13,"key":"SMITH"},{"data":"hexamod:SearingWound","floor":18,"key":"SMITH"}],"circlet_count":0,"master_deck":["hexamod:Strike","hexamod:Strike","hexamod:Strike","hexamod:Defend","hexamod:Defend","hexamod:Defend","hexamod:Defend","hexamod:Sear+1","hexamod:Float","hexamod:AdvancingGuard","hexamod:BacktrackSmack","hexamod:RadiantFlame+1","hexamod:BurningTouch+1","hexamod:SpectersWail","hexamod:SearingWound+1","hexamod:Again","hexamod:SoulSteal+1","hexamod:Rewind","hexamod:GhostflameInferno","hexamod:BurningTouch+1","hexamod:DynamicBlow","hexamod:DynamicBlow","hexamod:EmpoweredFlame"],"relics":["hexamod:SpiritBrand","MawBank","hexamod:InflammatoryLetter","Philosopher\u0027s Stone","Pantograph","Bronze Scales"],"acts_visited":["Exordium","TheCity"],"potions_floor_usage":[16],"damage_taken":[{"damage":0,"enemies":"Cultist","floor":2,"turns":3},{"damage":0,"enemies":"Small Slimes","floor":3,"turns":4},{"damage":0,"enemies":"2 Louse","floor":4,"turns":2},{"damage":7,"enemies":"2 Fungi Beasts","floor":5,"turns":4},{"damage":0,"enemies":"Red Slaver","floor":8,"turns":3},{"damage":0,"enemies":"downfall:FleeingMerchant","floor":10,"turns":4},{"damage":21,"enemies":"3 Sentries","floor":11,"turns":7},{"damage":0,"enemies":"2 Fungi Beasts","floor":12,"turns":3},{"damage":6,"enemies":"Large Slime","floor":14,"turns":3},{"damage":9,"enemies":"Blue Slaver","floor":15,"turns":3},{"damage":18,"enemies":"SI_SHIV_ARCHETYPE","floor":16,"turns":7},{"damage":36,"enemies":"Shell Parasite","floor":19,"turns":6},{"damage":13,"enemies":"Centurion and Healer","floor":21,"turns":3},{"damage":10,"enemies":"downfall:FleeingMerchant","floor":22,"turns":4},{"damage":19,"enemies":"Shelled Parasite and Fungi","floor":23,"turns":2}],"seed_played":"2099810445380318728","potions_obtained":[{"floor":2,"key":"LiquidBronze"},{"floor":12,"key":"Ancient Potion"},{"floor":15,"key":"hexamod:SoulburnPotion"},{"floor":16,"key":"hexamod:DoubleChargePotion"}],"is_trial":false,"path_per_floor":["R","M","M","M","M","R","T","M","R","$","E","M","R","M","M","B",null,"R","M","T","M","$","M"],"character_chosen":"THE_SPIRIT","items_purchased":["hexamod:EmpoweredFlame","Bronze Scales"],"campfire_rested":0,"item_purchase_floors":[22,22],"current_hp_per_floor":[77,77,77,77,70,70,70,70,70,70,49,49,49,43,34,16,77,77,41,41,28,18,0,0,0],"gold":230,"neow_bonus":"TEN_PERCENT_HP_BONUS","is_daily":false,"chose_seed":false,"campfire_upgraded":5,"win_rate":0.0,"timestamp":1611533502,"path_taken":["R","M","M","M","M","R","T","?","R","$","E","M","R","M","M","BOSS","R","M","?","M","$","M"],"items_purchased_type":["Card","Relic"],"build_version":"2020-12-22","purchased_purges":1,"victory":false,"max_hp_per_floor":[77,77,77,77,77,77,77,77,77,77,77,77,77,77,77,77,77,77,77,77,77,77,77,77,77],"card_choices":[{"not_picked":["hexamod:StepThrough","hexamod:Again"],"picked":"hexamod:AdvancingGuard","floor":2},{"not_picked":["hexamod:RetreatToShadows","hexamod:ThermalTransfer"],"picked":"hexamod:BacktrackSmack","floor":3},{"not_picked":["hexamod:BurningTouch","hexamod:NightmareGuise"],"picked":"hexamod:RadiantFlame","floor":4},{"not_picked":["hexamod:AdvancingGuard","hexamod:BacktrackSmack"],"picked":"hexamod:BurningTouch","floor":5},{"not_picked":["hexamod:GhostShield","hexamod:AdvancingGuard"],"picked":"hexamod:SpectersWail","floor":8},{"not_picked":["hexamod:GhostflameBarrier","hexamod:FastForward"],"picked":"hexamod:SearingWound","floor":10},{"not_picked":["hexamod:FastForward","hexamod:FirstSeal"],"picked":"hexamod:Again","floor":11},{"not_picked":["hexamod:NecessarySacrifice","hexamod:SpectralAdrenaline"],"picked":"hexamod:SoulSteal","floor":12},{"not_picked":["hexamod:BacktrackSmack","hexamod:NightmareGuise"],"picked":"hexamod:Rewind","floor":14},{"not_picked":["hexamod:RecurringNightmare","hexamod:NecessarySacrifice","hexamod:ShieldOfDarkness"],"picked":"SKIP","floor":15},{"not_picked":["hexamod:TurnItUp","hexamod:ParanormalForm"],"picked":"hexamod:GhostflameInferno","floor":16},{"not_picked":["hexamod:BacktrackSmack+1","hexamod:NightmareStrike+1"],"picked":"hexamod:BurningTouch+1","floor":19},{"not_picked":["hexamod:NightmareGuise","hexamod:TurnItUp"],"picked":"hexamod:DynamicBlow","floor":21},{"not_picked":["hexamod:BurningTouch","hexamod:SkipABeat"],"picked":"hexamod:DynamicBlow","floor":22}],"player_experience":304969,"relics_obtained":[{"floor":7,"key":"MawBank"},{"floor":11,"key":"hexamod:InflammatoryLetter"},{"floor":20,"key":"Pantograph"}],"event_choices":[],"is_beta":false,"boss_relics":[{"not_picked":["Astrolabe","Tiny House"],"picked":"Philosopher\u0027s Stone"}],"items_purged_floors":[22],"is_endless":false,"potions_floor_spawned":[2,12,15,16,21],"killed_by":"Shelled Parasite and Fungi","ascension_level":0}}