{"host":"sc0o2qwpf9j16a4i","time":1611579816,"event":{"mods":["AchievementEnabler","BaseMod","BetterRewards","Block Reminder","Colored Map","Colored Powertips","Custom Start","Highlight Path","Minty Spire (QoL Compilation)","Relic Stats"],"gold_per_floor":[131,158,170,182,212,224,265,297,385,413,445,47,0,30,30,105,105,122,72,72,72],"floor_reached":20,"language":"ENG","playtime":603,"items_purged":["Decay"],"score":352,"play_id":"f4280c40-e9c4-4f2b-907f-f5ad7a5586f1","local_time":"20210125150336","is_ascension_mode":true,"campfire_choices":[{"data":"Streamline","floor":6,"key":"SMITH"},{"floor":15,"key":"REST"}],"circlet_count":0,"master_deck":["AscendersBane","Strike_B","Strike_B","Strike_B","Strike_B","Defend_B","Defend_B","Defend_B","Defend_B","Zap","Dualcast","Coolheaded","Streamline+1","Beam Cell","Reinforced Body","Go for the Eyes","Conserve Battery","Glacier","Apotheosis","Capacitor","Glacier","Cold Snap","Electrodynamics"],"relics":["Cracked Core","MawBank","Lizard Tail","Blue Candle","Odd Mushroom","Busted Crown"],"acts_visited":["Exordium","TheCity"],"potions_floor_usage":[7,14,19,19,20],"damage_taken":[{"damage":7,"enemies":"Jaw Worm","floor":1,"turns":3},{"damage":0,"enemies":"Cultist","floor":2,"turns":3},{"damage":1,"enemies":"2 Louse","floor":5,"turns":2},{"damage":13,"enemies":"Lagavulin","floor":7,"turns":6},{"damage":9,"enemies":"Looter","floor":8,"turns":3},{"damage":11,"enemies":"Blue Slaver","floor":10,"turns":2},{"damage":5,"enemies":"2 Fungi Beasts","floor":11,"turns":5},{"damage":2,"enemies":"The Mushroom Lair","floor":14,"turns":5},{"damage":24,"enemies":"Hexaghost","floor":16,"turns":15},{"damage":28,"enemies":"Chosen","floor":18,"turns":7},{"damage":20,"enemies":"2 Thieves","floor":19,"turns":5},{"damage":48,"enemies":"Masked Bandits","floor":20,"turns":3}],"seed_played":"-6715273166164133501","potions_obtained":[{"floor":5,"key":"Weak Potion"},{"floor":7,"key":"LiquidMemories"},{"floor":10,"key":"DuplicationPotion"},{"floor":18,"key":"SneckoOil"},{"floor":19,"key":"GamblersBrew"}],"is_trial":false,"path_per_floor":["M","M","?","?","M","R","E","M","T","M","M","$","?","?","R","B",null,"M","M","?"],"character_chosen":"DEFECT","items_purchased":["Apotheosis","Capacitor","Glacier"],"campfire_rested":1,"item_purchase_floors":[12,12,12],"current_hp_per_floor":[57,57,57,57,56,56,43,34,34,23,18,18,18,16,37,13,57,29,9,0,0],"gold":72,"neow_bonus":"RANDOM_COMMON_RELIC","is_daily":false,"chose_seed":false,"campfire_upgraded":1,"win_rate":0.0,"timestamp":1611579816,"path_taken":["M","M","?","?","M","R","E","M","T","M","?","?","?","?","R","BOSS","M","M","?"],"items_purchased_type":["Card","Card","Card"],"build_version":"2020-12-22","purchased_purges":1,"victory":false,"max_hp_per_floor":[71,71,71,71,71,71,71,71,71,71,71,71,71,71,71,71,71,71,71,71,71],"relic_stats":{"Lizard Tail":35,"Busted Crown":4,"counters":[12,59],"Blue Candle":[0],"MawBank":144,"obtain_stats":[{"Lizard Tail":7,"Busted Crown":17,"Blue Candle":9,"Odd Mushroom":14,"Cracked Core":0,"MawBank":0},{"Lizard Tail":4,"Busted Crown":9,"Blue Candle":5,"Odd Mushroom":8,"Cracked Core":0,"MawBank":0},{"Lizard Tail":14,"Busted Crown":44,"Blue Candle":17,"Odd Mushroom":29,"Cracked Core":0,"MawBank":0}]},"card_choices":[{"not_picked":["Beam Cell","Heatsinks"],"picked":"Coolheaded","floor":1},{"not_picked":["Conserve Battery","Leap"],"picked":"Streamline","floor":2},{"not_picked":["Conserve Battery","Capacitor"],"picked":"Beam Cell","floor":5},{"not_picked":["Meteor Strike","Melter"],"picked":"Reinforced Body","floor":7},{"not_picked":["Beam Cell","Rip and Tear"],"picked":"Go for the Eyes","floor":8},{"not_picked":["Redo","Coolheaded"],"picked":"Conserve Battery","floor":10},{"not_picked":["Compile Driver","Storm"],"picked":"Glacier","floor":11},{"not_picked":["Gash","Compile Driver"],"picked":"Cold Snap","floor":14},{"not_picked":["Core Surge","Multi-Cast"],"picked":"Electrodynamics","floor":16},{"not_picked":["Steam"],"picked":"SKIP","floor":18},{"not_picked":["Reinforced Body+1"],"picked":"SKIP","floor":19}],"player_experience":943208,"relics_obtained":[{"floor":7,"key":"Lizard Tail"},{"floor":9,"key":"Blue Candle"},{"floor":14,"key":"Odd Mushroom"}],"event_choices":[{"damage_healed":0,"gold_gain":0,"player_choice":"Ignored","damage_taken":0,"max_hp_gain":0,"max_hp_loss":0,"event_name":"Liars Game","floor":3,"gold_loss":0},{"damage_healed":0,"gold_gain":0,"player_choice":"Cursed","damage_taken":0,"max_hp_gain":0,"max_hp_loss":0,"event_name":"Wheel of Change","floor":4,"gold_loss":0,"cards_obtained":["Decay"]},{"damage_healed":0,"gold_gain":0,"player_choice":"Left Gold","damage_taken":0,"max_hp_gain":0,"max_hp_loss":0,"event_name":"World of Goop","floor":13,"gold_loss":47},{"damage_healed":0,"gold_gain":0,"player_choice":"Fought Mushrooms","damage_taken":0,"max_hp_gain":0,"max_hp_loss":0,"event_name":"Mushrooms","floor":14,"gold_loss":0},{"damage_healed":0,"gold_gain":0,"player_choice":"Fought Bandits","damage_taken":0,"max_hp_gain":0,"max_hp_loss":0,"event_name":"Masked Bandits","floor":20,"gold_loss":0}],"is_beta":false,"boss_relics":[{"not_picked":["Coffee Dripper","Ectoplasm"],"picked":"Busted Crown"}],"items_purged_floors":[12],"is_endless":false,"potions_floor_spawned":[5,7,10,11,18,19],"killed_by":"Masked Bandits","ascension_level":20}}