{"host":"up0yrwoki2hbybns","time":1611563988,"event":{"mods":["BaseMod","Downfall","Hermit","Infinite Spire","Minty Spire (QoL Compilation)","Quick Restart","Replay The Spire","StSLib","The Runesmith"],"gold_per_floor":[116,116,135,151,3,3,30,42,42,77,77,88,108,128,128,225,225,237,237,237,237,253,253,271,271,346,445,469,482,499,499,499,516,516,651,651,711,772,834,834,901,901,901,971,971,971,971,1048,1145,846,846,846],"floor_reached":53,"language":"ENG","playtime":6141,"items_purged":["downfall:Bewildered","Voices"],"score":678,"play_id":"2bc2c84c-c596-4441-9853-4e67d5f4a97a","local_time":"20210125133948","is_ascension_mode":false,"campfire_choices":[{"data":"Runesmith:FrozenChisel","floor":6,"key":"SMITH"},{"data":"Runesmith:Firewall","floor":11,"key":"SMITH"},{"data":"Runesmith:Strike_RS","floor":15,"key":"PURGE"},{"data":"Runesmith:ReplicatingBarrier","floor":23,"key":"SMITH"},{"data":"Runesmith:GrandSlam","floor":25,"key":"SMITH"},{"data":"Runesmith:CraftMagma","floor":34,"key":"SMITH"},{"data":"Runesmith:HammerThrow","floor":42,"key":"SMITH"},{"data":"Runesmith:BackupBattery+1","floor":46,"key":"SMITH"}],"circlet_count":0,"master_deck":["Runesmith:Strike_RS+1","Runesmith:Strike_RS+1","Runesmith:Defend_RS+1","Runesmith:Defend_RS+1","Runesmith:Defend_RS+1","Runesmith:Defend_RS+1","Runesmith:CraftFirestone","Runesmith:Fortify","Runesmith:CraftIncendium","Runesmith:FrozenChisel+1","Runesmith:CraftSpiculum+1","Runesmith:Firewall+1","Runesmith:RuneHurl+1","Runesmith:CraftMagma+1","Runesmith:GrandSlam+1","Runesmith:ChiselStab","Runesmith:ReplicatingBarrier+1","Runesmith:HammerThrow+1","Runesmith:StaticCage","Runesmith:Grindstone+1","Runesmith:EarthShield+1","Runesmith:CraftProtectio+1","Runesmith:RuneHurl","Runesmith:GrandSlam+1","Runesmith:CraftMagma+1","Runesmith:PoweredAnvil+1","Runesmith:PoweredAnvil+1","Parasite","Runesmith:BackupBattery+2","Runesmith:PoweredAnvil"],"relics":["Runesmith:BrokenRuby","NeowsBlessing","PreservedInsect","Pantograph","Meat on the Bone","ReplayFunnel","Runic Dome","sneckomod:BabySnecko","Enchiridion","Quantum Egg","infinitespire:EvilPickle","Replay:Bronze Core","ReplayTheSpireMod:Ring of Exchange","Ring of Fangs","Torii","Toolbox","Whetstone","infinitespire:Satchel"],"acts_visited":["Exordium","TheCity","TheBeyond"],"potions_floor_usage":[35,35,52],"damage_taken":[{"damage":0,"enemies":"Cultist","floor":1,"turns":1},{"damage":0,"enemies":"infinitespire:Voidling","floor":3,"turns":1},{"damage":0,"enemies":"Small Slimes","floor":4,"turns":1},{"damage":21,"enemies":"Gremlin Nob","floor":7,"turns":4},{"damage":5,"enemies":"Looter","floor":8,"turns":3},{"damage":8,"enemies":"Lagavulin","floor":10,"turns":5},{"damage":0,"enemies":"3 Louse","floor":12,"turns":4},{"damage":0,"enemies":"Large Slime","floor":13,"turns":5},{"damage":12,"enemies":"Gremlin Gang","floor":14,"turns":3},{"damage":36,"enemies":"Hexaghost","floor":16,"turns":8},{"damage":1,"enemies":"Shell Parasite","floor":18,"turns":4},{"damage":0,"enemies":"Chosen","floor":22,"turns":4},{"damage":9,"enemies":"Centurion and Healer","floor":24,"turns":7},{"damage":6,"enemies":"Snake Plant","floor":29,"turns":4},{"damage":0,"enemies":"Shelled Parasite and Fungi","floor":30,"turns":5},{"damage":0,"enemies":"Centurion and Healer","floor":33,"turns":6},{"damage":44,"enemies":"Pondfish","floor":35,"turns":12},{"damage":4,"enemies":"Orb Walker","floor":37,"turns":4},{"damage":0,"enemies":"3 Shapes","floor":38,"turns":7},{"damage":15,"enemies":"Sphere and 2 Shapes","floor":39,"turns":7},{"damage":25,"enemies":"Writhing Mass","floor":41,"turns":5},{"damage":0,"enemies":"Transient","floor":44,"turns":5},{"damage":0,"enemies":"Spire Growth","floor":48,"turns":5},{"damage":6,"enemies":"Nightmare","floor":49,"turns":8},{"damage":1,"enemies":"Replay:Hell Engine","floor":52,"turns":18}],"seed_played":"-4203974955879517037","potions_obtained":[{"floor":1,"key":"BlessingOfTheForge"},{"floor":8,"key":"Adrenaline Potion"},{"floor":12,"key":"Block Potion"},{"floor":30,"key":"infinitespire:BlackPotion"},{"floor":37,"key":"Languid Potion"},{"floor":39,"key":"SteroidPotion"},{"floor":44,"key":"Milkshake"}],"is_trial":false,"path_per_floor":["M","$","M","M","$","R","E","M","T","E","R","M","M","M","R","B",null,"M","?","?","?","M","R","M","R","T","?","T","M","M","PTL","PTL","M","R","B",null,"M","M","M","?","M","R","?","M","T","R","AVR","M","NM","$","R","B",null],"character_chosen":"RUNESMITH_CLASS","items_purchased":["PreservedInsect","infinitespire:Satchel","Runesmith:PoweredAnvil"],"campfire_rested":0,"item_purchase_floors":[5,50,50],"current_hp_per_floor":[70,70,70,70,70,70,49,44,44,36,36,36,36,36,36,37,70,69,69,69,53,53,53,44,44,44,44,44,38,38,38,38,38,38,31,70,66,66,51,51,38,38,38,38,38,38,38,38,44,44,65,69],"gold":846,"neow_bonus":"THREE_ENEMY_KILL","is_daily":false,"chose_seed":false,"campfire_upgraded":7,"win_rate":0.0,"timestamp":1611563988,"path_taken":["M","$","M","?","$","R","E","M","T","E","R","M","M","?","R","BOSS","M","?","?","?","M","R","M","R","T","?","?","M","M","PTL","PTL","M","R","BOSS","M","?","?","?","M","R","?","M","T","R","AVR","M","NM","$","R","BOSS"],"items_purchased_type":["Relic","Relic","Card"],"build_version":"2020-12-22","purchased_purges":2,"victory":true,"max_hp_per_floor":[70,70,70,70,70,70,70,70,70,70,70,70,70,70,70,70,70,70,70,70,70,70,70,70,70,70,70,70,70,70,70,70,70,70,70,70,70,70,70,70,70,70,70,70,70,70,70,70,70,70,70,70],"card_choices":[{"not_picked":["Runesmith:HammerThrow","Runesmith:MakeshiftArmor"],"picked":"Runesmith:CraftIncendium","floor":1},{"not_picked":["Runesmith:StaticCage","Runesmith:CraftIncendium"],"picked":"Runesmith:FrozenChisel","floor":3},{"not_picked":["Runesmith:CraftMagma","Runesmith:HeatExchange","Runesmith:Repurpose"],"picked":"SKIP","floor":4},{"not_picked":["Runesmith:ShiftingStrike","Runesmith:Refine"],"picked":"Runesmith:CraftSpiculum","floor":7},{"not_picked":["Runesmith:FissionHammer","Runesmith:FrozenChisel"],"picked":"Runesmith:Firewall","floor":8},{"not_picked":["Runesmith:Electrocute","Runesmith:HeatExchange"],"picked":"Runesmith:RuneHurl","floor":10},{"not_picked":["Runesmith:EnergizedChisel","Runesmith:HammerTime"],"picked":"Runesmith:CraftMagma","floor":12},{"not_picked":["Runesmith:Repurpose","Runesmith:ShiftingStrike"],"picked":"Runesmith:GrandSlam","floor":13},{"not_picked":["Runesmith:Repurpose","Runesmith:UnstableHammer"],"picked":"Runesmith:ChiselStab","floor":14},{"not_picked":["Runesmith:FissionHammer","Runesmith:CraftPrismatica"],"picked":"Runesmith:ReplicatingBarrier","floor":16},{"not_picked":["Runesmith:ShiftingStrike","Runesmith:ChiselStab"],"picked":"Runesmith:HammerThrow","floor":18},{"not_picked":["Runesmith:ShiftingStrike","Runesmith:ChargedHammer"],"picked":"Runesmith:StaticCage","floor":22},{"not_picked":["Runesmith:LastStand","Runesmith:HammerTime"],"picked":"Runesmith:Grindstone+1","floor":24},{"not_picked":["Runesmith:ShiftingStrike+1","Runesmith:Overpower"],"picked":"Runesmith:EarthShield+1","floor":29},{"not_picked":["Runesmith:MakeshiftArmor","Runesmith:ElementalConversion"],"picked":"Runesmith:CraftProtectio+1","floor":30},{"not_picked":["Runesmith:UnstableHammer+1","Runesmith:Empowerment"],"picked":"Runesmith:RuneHurl","floor":33},{"not_picked":["Runesmith:LightningRod","Runesmith:LastStand"],"picked":"Runesmith:GrandSlam","floor":35},{"not_picked":["Runesmith:MakeshiftArmor","Runesmith:FieryHammer"],"picked":"Runesmith:CraftMagma+1","floor":37},{"not_picked":["Runesmith:Grindstone+1","Runesmith:ChargedHammer+1"],"picked":"Runesmith:PoweredAnvil+1","floor":38},{"not_picked":["Runesmith:StaticCage+1","Runesmith:Overpower+1"],"picked":"Runesmith:PoweredAnvil+1","floor":39},{"not_picked":["Runesmith:CraftIncendium","Runesmith:MakeshiftArmor+1","Runesmith:RuneHurl+1"],"picked":"SKIP","floor":41},{"not_picked":["Runesmith:Repurpose","Runesmith:Reinforce"],"picked":"Runesmith:BackupBattery+1","floor":44},{"not_picked":["Runesmith:Repurpose","Runesmith:RuneHurl+1","Runesmith:CraftSpiculum+1"],"picked":"SKIP","floor":48},{"not_picked":["Runesmith:Overpower","Runesmith:MakeshiftArmor+1","Runesmith:WhiteBalance"],"picked":"SKIP","floor":49}],"player_experience":372105,"relics_obtained":[{"floor":7,"key":"Pantograph"},{"floor":9,"key":"Meat on the Bone"},{"floor":10,"key":"ReplayFunnel"},{"floor":21,"key":"Enchiridion"},{"floor":26,"key":"Quantum Egg"},{"floor":40,"key":"ReplayTheSpireMod:Ring of Exchange"},{"floor":40,"key":"Ring of Fangs"},{"floor":45,"key":"Torii"},{"floor":49,"key":"Whetstone"}],"event_choices":[{"damage_healed":0,"gold_gain":0,"player_choice":"Simplicity","damage_taken":0,"max_hp_gain":0,"max_hp_loss":0,"event_name":"Back to Basics","floor":20,"gold_loss":0,"cards_upgraded":["Runesmith:Strike_RS","Runesmith:Strike_RS","Runesmith:Strike_RS","Runesmith:Defend_RS","Runesmith:Defend_RS","Runesmith:Defend_RS","Runesmith:Defend_RS"]},{"damage_healed":0,"gold_gain":0,"player_choice":"Obtained Book","damage_taken":16,"max_hp_gain":0,"max_hp_loss":0,"event_name":"Cursed Tome","floor":21,"gold_loss":0},{"damage_healed":0,"gold_gain":99,"player_choice":"Stole From Cult","damage_taken":0,"max_hp_gain":0,"max_hp_loss":0,"event_name":"Nest","floor":27,"gold_loss":0},{"cards_removed":["Runesmith:Strike_RS"],"damage_healed":0,"gold_gain":0,"player_choice":"Removed Attack","damage_taken":0,"max_hp_gain":0,"max_hp_loss":0,"event_name":"Falling","floor":43,"gold_loss":0}],"is_beta":false,"boss_relics":[{"not_picked":["Runic Pyramid","ReplayTheSpireMod:SealedPack"],"picked":"Runic Dome"},{"not_picked":["Runesmith:CoreCrystal","bronze:MakeshiftBattery"],"picked":"Replay:Bronze Core"}],"items_purged_floors":[47,50],"is_endless":false,"potions_floor_spawned":[1,8,12,13,16,18,22,30,33,37,39,44],"ascension_level":0}}