{"host":"hnfelxnirsihwvcb","time":1611535611,"event":{"mods":["BaseMod","Colored Map","DeckTracker","Highlight Path","Minty Spire (QoL Compilation)","Quick Restart","Relic Sorter","Relic Stats","Shop Mod","StSLib","SuperFastMode"],"gold_per_floor":[114,39,39,59,59,59,59,77,102,115,115,125,125,125,125,221,221,234,234,77,127,145,145,164,193,216,240,268,294,322,348,360,477,489,511,523,23,34,81,81,107,119,170,170,182,182,199,227,227,227],"floor_reached":51,"language":"ENG","playtime":1128,"items_purged":["Go for the Eyes"],"score":1196,"play_id":"b1f873a4-243e-4d7f-a335-b6473a195500","local_time":"20210125014651","daily_mods":["SealedDeck","Vintage","Binary"],"is_ascension_mode":false,"campfire_choices":[{"data":"Double Energy","floor":6,"key":"SMITH"},{"data":"Reprogram","floor":11,"key":"SMITH"},{"data":"Genetic Algorithm","floor":13,"key":"SMITH"},{"data":"Scrape","floor":15,"key":"SMITH"},{"data":"Beam Cell","floor":23,"key":"SMITH"},{"data":"Go for the Eyes","floor":32,"key":"SMITH"},{"floor":40,"key":"DIG"},{"floor":44,"key":"DIG"},{"floor":49,"key":"DIG"}],"circlet_count":0,"master_deck":["Go for the Eyes+1","Beam Cell+1","Gash","Genetic Algorithm+1","Steam+1","Double Energy+1","Scrape+1","Reprogram+1","Buffer"],"relics":["Unceasing Top","Busted Crown","PreservedInsect","Oddly Smooth Stone","Bottled Lightning","Happy Flower","Bottled Flame","Matryoshka","Nuclear Battery","Question Card","ClockworkSouvenir","War Paint","Boot","Blood Vial","Toy Ornithopter","MawBank","Bag of Marbles","Smiling Mask","Sundial","Potion Belt","Gremlin Horn","Fusion Hammer","Vajra","Bag of Preparation","Sling","Dream Catcher","Mummified Hand","Shovel","Pen Nib","Toxic Egg 2","Darkstone Periapt","Lantern","MealTicket","CeramicFish","Torii","DataDisk","Centennial Puzzle","Bronze Scales"],"acts_visited":["Exordium","TheCity","TheBeyond"],"potions_floor_usage":[],"damage_taken":[{"damage":0,"enemies":"Jaw Worm","floor":1,"turns":1},{"damage":0,"enemies":"2 Louse","floor":4,"turns":2},{"damage":0,"enemies":"Small Slimes","floor":8,"turns":1},{"damage":0,"enemies":"Red Slaver","floor":10,"turns":1},{"damage":0,"enemies":"Blue Slaver","floor":12,"turns":1},{"damage":0,"enemies":"Slime Boss","floor":16,"turns":3},{"damage":0,"enemies":"Spheric Guardian","floor":18,"turns":1},{"damage":0,"enemies":"2 Thieves","floor":22,"turns":1},{"damage":0,"enemies":"Cultist and Chosen","floor":24,"turns":1},{"damage":0,"enemies":"Gremlin Leader","floor":25,"turns":1},{"damage":0,"enemies":"Chosen and Byrds","floor":27,"turns":1},{"damage":0,"enemies":"Shelled Parasite and Fungi","floor":28,"turns":1},{"damage":0,"enemies":"Cultist and Chosen","floor":29,"turns":1},{"damage":0,"enemies":"Snake Plant","floor":30,"turns":1},{"damage":0,"enemies":"3 Cultists","floor":31,"turns":1},{"damage":0,"enemies":"Collector","floor":33,"turns":2},{"damage":0,"enemies":"3 Darklings","floor":35,"turns":1},{"damage":0,"enemies":"3 Shapes","floor":38,"turns":1},{"damage":0,"enemies":"2 Orb Walkers","floor":39,"turns":1},{"damage":0,"enemies":"Giant Head","floor":41,"turns":1},{"damage":0,"enemies":"Spire Growth","floor":42,"turns":1},{"damage":0,"enemies":"Writhing Mass","floor":45,"turns":1},{"damage":0,"enemies":"Jaw Worm Horde","floor":47,"turns":1},{"damage":0,"enemies":"Nemesis","floor":48,"turns":1},{"damage":0,"enemies":"Donu and Deca","floor":50,"turns":1}],"seed_played":"6910748194769666360","potions_obtained":[{"floor":1,"key":"Dexterity Potion"},{"floor":4,"key":"Dexterity Potion"},{"floor":16,"key":"AttackPotion"},{"floor":18,"key":"Swift Potion"},{"floor":33,"key":"FocusPotion"},{"floor":38,"key":"Ancient Potion"}],"is_trial":true,"path_per_floor":["M","$","?","M","?","R","$","M","T","M","R","M","R","$","R","B",null,"M","?","$","?","M","R","M","E","T","M","M","M","M","M","R","B",null,"M","?","$","M","?","R","E","M","T","R","M","?","M","E","R","B",null],"character_chosen":"DEFECT","items_purchased":["ClockworkSouvenir","Bag of Preparation","Buffer","Sling","Dream Catcher"],"campfire_rested":0,"item_purchase_floors":[20,37,37,37,37],"current_hp_per_floor":[75,75,75,75,68,68,68,68,68,68,68,68,68,68,68,68,75,75,75,75,75,75,75,75,75,75,75,75,75,75,75,75,75,75,75,75,75,75,75,75,75,75,75,75,75,71,71,71,71,71],"gold":227,"neow_bonus":"","is_daily":false,"chose_seed":false,"campfire_upgraded":6,"win_rate":0.0,"timestamp":1611535611,"path_taken":["M","$","?","M","?","R","$","M","T","M","R","M","R","$","R","BOSS","M","?","$","?","M","R","M","E","T","M","M","M","?","M","R","BOSS","M","?","$","M","?","R","E","M","T","R","M","?","M","E","R","BOSS"],"items_purchased_type":["Relic","Relic","Card","Relic","Relic"],"build_version":"2020-12-22","purchased_purges":1,"victory":true,"max_hp_per_floor":[75,75,75,75,75,75,75,75,75,75,75,75,75,75,75,75,75,75,75,75,75,75,75,75,75,75,75,75,75,75,75,75,75,75,75,75,75,75,75,75,75,75,75,75,75,71,71,71,71,71],"relic_stats":{"Darkstone Periapt":0,"Gremlin Horn":[10,10],"Torii":0,"CeramicFish":0,"Bag of Preparation":[16],"Boot":[28],"Smiling Mask":0,"Blood Vial":0,"Dream Catcher":0,"Centennial Puzzle":[0],"Shovel":3,"Sundial":[48],"Mummified Hand":[4],"MealTicket":0,"Happy Flower":[8],"counters":[25,29],"PreservedInsect":218,"Pen Nib":[9],"War Paint":["Steam"],"Question Card":6,"MawBank":132,"Busted Crown":14,"Bronze Scales":[0],"obtain_stats":[{"Darkstone Periapt":42,"Lantern":43,"Gremlin Horn":31,"Torii":45,"CeramicFish":44,"Vajra":35,"Bag of Preparation":37,"Boot":24,"Smiling Mask":28,"Sling":37,"ClockworkSouvenir":20,"Blood Vial":25,"Dream Catcher":37,"Centennial Puzzle":48,"Matryoshka":12,"Shovel":39,"Sundial":29,"Mummified Hand":38,"MealTicket":43,"Fusion Hammer":34,"Toxic Egg 2":41,"Potion Belt":30,"Happy Flower":9,"Oddly Smooth Stone":4,"PreservedInsect":1,"Pen Nib":40,"War Paint":22,"Question Card":18,"MawBank":26,"Nuclear Battery":17,"Bottled Flame":10,"DataDisk":47,"Busted Crown":0,"Bronze Scales":49,"Bag of Marbles":27,"Bottled Lightning":8,"Unceasing Top":0,"Toy Ornithopter":26},{"Darkstone Periapt":21,"Lantern":21,"Gremlin Horn":15,"Torii":22,"CeramicFish":21,"Vajra":17,"Bag of Preparation":17,"Boot":9,"Smiling Mask":12,"Sling":17,"ClockworkSouvenir":7,"Blood Vial":10,"Dream Catcher":17,"Centennial Puzzle":24,"Matryoshka":5,"Shovel":19,"Sundial":13,"Mummified Hand":18,"MealTicket":21,"Fusion Hammer":16,"Toxic Egg 2":20,"Potion Belt":14,"Happy Flower":3,"Oddly Smooth Stone":2,"PreservedInsect":1,"Pen Nib":19,"War Paint":8,"Question Card":7,"MawBank":10,"Nuclear Battery":6,"Bottled Flame":4,"DataDisk":23,"Busted Crown":0,"Bronze Scales":24,"Bag of Marbles":11,"Bottled Lightning":3,"Unceasing Top":0,"Toy Ornithopter":10},{"Darkstone Periapt":25,"Lantern":25,"Gremlin Horn":18,"Torii":26,"CeramicFish":25,"Vajra":21,"Bag of Preparation":21,"Boot":12,"Smiling Mask":15,"Sling":21,"ClockworkSouvenir":10,"Blood Vial":13,"Dream Catcher":21,"Centennial Puzzle":28,"Matryoshka":6,"Shovel":23,"Sundial":16,"Mummified Hand":22,"MealTicket":25,"Fusion Hammer":20,"Toxic Egg 2":24,"Potion Belt":17,"Happy Flower":4,"Oddly Smooth Stone":3,"PreservedInsect":1,"Pen Nib":23,"War Paint":11,"Question Card":10,"MawBank":13,"Nuclear Battery":9,"Bottled Flame":5,"DataDisk":27,"Busted Crown":0,"Bronze Scales":28,"Bag of Marbles":14,"Bottled Lightning":4,"Unceasing Top":0,"Toy Ornithopter":13}],"Unceasing Top":[167],"Toy Ornithopter":0},"card_choices":[{"not_picked":["Loop+1"],"picked":"SKIP","floor":25},{"not_picked":["Coolheaded+1"],"picked":"SKIP","floor":41},{"not_picked":["FTL"],"picked":"SKIP","floor":48}],"player_experience":836834,"relics_obtained":[{"floor":1,"key":"PreservedInsect"},{"floor":4,"key":"Oddly Smooth Stone"},{"floor":8,"key":"Bottled Lightning"},{"floor":9,"key":"Happy Flower"},{"floor":10,"key":"Bottled Flame"},{"floor":12,"key":"Matryoshka"},{"floor":18,"key":"Question Card"},{"floor":22,"key":"War Paint"},{"floor":24,"key":"Boot"},{"floor":25,"key":"Blood Vial"},{"floor":26,"key":"Toy Ornithopter"},{"floor":26,"key":"MawBank"},{"floor":27,"key":"Bag of Marbles"},{"floor":28,"key":"Smiling Mask"},{"floor":29,"key":"Sundial"},{"floor":30,"key":"Potion Belt"},{"floor":31,"key":"Gremlin Horn"},{"floor":35,"key":"Vajra"},{"floor":38,"key":"Mummified Hand"},{"floor":39,"key":"Shovel"},{"floor":40,"key":"Pen Nib"},{"floor":41,"key":"Toxic Egg 2"},{"floor":42,"key":"Darkstone Periapt"},{"floor":43,"key":"Lantern"},{"floor":43,"key":"MealTicket"},{"floor":44,"key":"CeramicFish"},{"floor":45,"key":"Torii"},{"floor":47,"key":"DataDisk"},{"floor":48,"key":"Centennial Puzzle"},{"floor":49,"key":"Bronze Scales"}],"event_choices":[{"damage_healed":0,"gold_gain":0,"player_choice":"Leave","damage_taken":0,"max_hp_gain":0,"max_hp_loss":0,"event_name":"The Cleric","floor":3,"gold_loss":0},{"cards_removed":["White Noise"],"damage_healed":0,"gold_gain":0,"player_choice":"Card Removal","damage_taken":7,"max_hp_gain":0,"max_hp_loss":0,"event_name":"Golden Wing","floor":5,"gold_loss":0},{"damage_healed":0,"gold_gain":0,"player_choice":"Simplicity","damage_taken":0,"max_hp_gain":0,"max_hp_loss":0,"event_name":"Back to Basics","floor":19,"gold_loss":0,"cards_upgraded":[]},{"damage_healed":0,"gold_gain":100,"player_choice":"Bet on Murderer","damage_taken":0,"max_hp_gain":0,"max_hp_loss":0,"event_name":"The Joust","floor":21,"gold_loss":50},{"damage_healed":0,"gold_gain":0,"player_choice":"Memory 1","damage_taken":0,"max_hp_gain":0,"max_hp_loss":0,"event_name":"SensoryStone","floor":36,"gold_loss":0},{"damage_healed":0,"gold_gain":0,"player_choice":"Fight","damage_taken":0,"max_hp_gain":0,"max_hp_loss":0,"event_name":"Mysterious Sphere","floor":39,"gold_loss":0},{"damage_healed":0,"gold_gain":0,"player_choice":"Max HP","damage_taken":0,"max_hp_gain":0,"max_hp_loss":4,"event_name":"Winding Halls","floor":46,"gold_loss":0}],"is_beta":false,"boss_relics":[{"not_picked":["Empty Cage","SacredBark"],"picked":"Nuclear Battery"},{"not_picked":["Sozu","Snecko Eye"],"picked":"Fusion Hammer"}],"items_purged_floors":[2],"is_endless":false,"potions_floor_spawned":[1,4,16,18,22,27,29,33,38,42,48],"ascension_level":0}}