{"host":"bq4pt811tk9yrmjl","time":1611585507,"event":{"mods":["AchievementEnabler","BaseMod","Colored Map","Colored Powertips","Defuse TimeMaze Blight","Hermit","Minty Spire (QoL Compilation)","StSLib","SuperFastMode"],"gold_per_floor":[112,44,44,119,119,119,148,148,171,205,135,146,180,180,180,280,280,297,297,297],"floor_reached":19,"language":"ENG","playtime":309,"items_purged":[],"score":243,"play_id":"87a9537a-1d87-4377-a828-697e70e25268","local_time":"20210125123827","is_ascension_mode":true,"campfire_choices":[{"data":"Infinite Blades","floor":6,"key":"SMITH"},{"data":"Bouncing Flask","floor":8,"key":"SMITH"},{"data":"Accuracy","floor":15,"key":"SMITH"}],"circlet_count":0,"master_deck":["Strike_G","Strike_G","Strike_G","Strike_G","Strike_G","Defend_G","Defend_G","Defend_G","Defend_G","Defend_G","Survivor","Neutralize","Crippling Poison","Infinite Blades+1","Bouncing Flask+1","Cloak And Dagger","Accuracy+1","Deflect"],"relics":["Ring of the Snake","NeowsBlessing","Incense Burner","Dream Catcher","MealTicket","Bag of Marbles","SlaversCollar"],"acts_visited":["Exordium","TheCity"],"potions_floor_usage":[13],"damage_taken":[{"damage":0,"enemies":"Jaw Worm","floor":1,"turns":1},{"damage":0,"enemies":"Lagavulin","floor":7,"turns":1},{"damage":0,"enemies":"3 Sentries","floor":10,"turns":2},{"damage":2,"enemies":"Small Slimes","floor":12,"turns":4},{"damage":14,"enemies":"Lagavulin","floor":13,"turns":6},{"damage":9,"enemies":"Slime Boss","floor":16,"turns":10},{"damage":5,"enemies":"3 Byrds","floor":18,"turns":6},{"damage":0,"enemies":"2 Thieves","floor":19,"turns":1}],"seed_played":"-8541736634780314793","potions_obtained":[{"floor":1,"key":"SpeedPotion"},{"floor":12,"key":"Strength Potion"},{"floor":16,"key":"FearPotion"}],"is_trial":false,"path_per_floor":["M","$","?","?","$","R","E","R","T","E","$","M","E","?","R","B",null,"M","M"],"character_chosen":"THE_SILENT","items_purchased":["Infinite Blades","Accuracy"],"campfire_rested":0,"item_purchase_floors":[2,11],"current_hp_per_floor":[70,70,75,64,64,64,64,64,64,64,64,62,48,48,48,39,75,70,70,70],"gold":297,"neow_bonus":"THREE_ENEMY_KILL","is_daily":false,"chose_seed":false,"campfire_upgraded":3,"win_rate":0.0,"timestamp":1611585507,"path_taken":["M","$","?","?","$","R","E","R","T","E","?","M","E","?","R","BOSS","M","M"],"items_purchased_type":["Card","Card"],"build_version":"2020-12-22","purchased_purges":0,"victory":false,"max_hp_per_floor":[70,70,75,75,75,75,75,75,75,75,75,75,75,75,75,75,75,75,75,75],"card_choices":[{"not_picked":["Tactician","Backstab"],"picked":"Crippling Poison","floor":1},{"not_picked":["Well Laid Plans","Dagger Spray"],"picked":"Bouncing Flask","floor":7},{"not_picked":["Backstab","Underhanded Strike"],"picked":"Cloak And Dagger","floor":10},{"not_picked":["Backflip","Poisoned Stab","Flying Knee"],"picked":"SKIP","floor":12},{"not_picked":["Masterful Stab","Dagger Throw","Well Laid Plans"],"picked":"SKIP","floor":13},{"not_picked":["Backflip","Poisoned Stab+1"],"picked":"Deflect","floor":18}],"player_experience":241613,"relics_obtained":[{"floor":7,"key":"Incense Burner"},{"floor":10,"key":"Dream Catcher"},{"floor":13,"key":"MealTicket"}],"event_choices":[{"damage_healed":0,"gold_gain":0,"player_choice":"Donut","damage_taken":0,"max_hp_gain":5,"max_hp_loss":0,"event_name":"Big Fish","floor":3,"gold_loss":0},{"damage_healed":0,"gold_gain":75,"player_choice":"Gather Gold","damage_taken":11,"max_hp_gain":0,"max_hp_loss":0,"event_name":"World of Goop","floor":4,"gold_loss":0},{"damage_healed":0,"gold_gain":0,"player_choice":"Gave Potion","damage_taken":0,"relics_obtained":["Bag of Marbles"],"max_hp_gain":0,"max_hp_loss":0,"event_name":"WeMeetAgain","floor":14,"gold_loss":0}],"is_beta":false,"boss_relics":[{"not_picked":["SacredBark","Runic Dome"],"picked":"SlaversCollar"}],"items_purged_floors":[],"is_endless":false,"potions_floor_spawned":[1,12,16],"killed_by":"2 Thieves","ascension_level":1}}