{"host":"usru02jcpe2a942d","time":1611569723,"event":{"mods":["Act Like it!","BaseMod","Colored Powertips","Downfall","GifTheSpireLib","Highlight Path","HololiveMod","Hubris","Minty Spire (QoL Compilation)","MostiFishMod","Quick Restart","Relic Stats","RumiaBox-露米娅的神秘盒子","StSLib","Waifu the Spire","noobMod","【遗物卡牌】REMEMod","篝火指南"],"gold_per_floor":[99,129,189,240,252,264,300,417,354,438,283,325,424,457,493,808,808,381,438,438,438,495,576,621,646,691,784,635,722,585,624,672,976,976,714,771,823,675,774,774,797,647,704,797,847,520,577,670,721,721],"floor_reached":51,"language":"ZHS","playtime":1617,"items_purged":["champ:ShieldSlam","Exhume"],"score":1365,"play_id":"9f7e3bdd-de6c-4ef4-b939-4af68815551e","local_time":"20210125181523","daily_mods":["SealedDeck","Vintage","Heirloom","Time Dilation","Flight","downfall:ChampStances","DeadlyEvents","Binary","Elite Swarm","Midas","Night Terrors","Binary"],"is_ascension_mode":false,"campfire_choices":[{"floor":1.0,"key":"RECALL"}],"circlet_count":0,"master_deck":["champ:Endure+1","champ:RageSigil","champ:StanceDance+1","champ:BerserkerStyle","champ:BerserkersShout","champ:FaceSlap+1","champ:FocusedBerserking","champ:FocusedBerserking","champ:StanceDance","hubris:DuctTapeCard"],"relics":["champ:ChampionCrown","Busted Crown","DaveBox","ice","REME_ComplimentaryCards","champ:ChampStancesModRelic","ShadowXiaoBlade","Mango","champ:FightingForDummies","hubris:ToyBattleship","MawBank","Blue Candle","sneckomod:BlankCard","Orichalcum","Omamori","MostiFishMod:AdaptiveDefenses","hubris:GlazedTorus","Technique","REME_HourglassOfDeath","Regal Pillow","Bottled Lightning","Potion Belt","REME_ChargedStone","downfall:HeartBlessingRed","hubris:TenFootPole","GodSword6","Enchiridion","champ:DefensiveTrainingManual","Akabeko","Hololive_LightStick","Guardian:PocketSentry","REME_PuzzleBoxRelic","Toy Ornithopter","Vajra","CeramicFish","downfall:HeartBlessingBlue","Whetstone","GodSword4","Runic Pyramid","Membership Card","hubris:DuctTape","hubris:CrystalStatue","bronze:BronzeIdol","PreservedInsect","Ccalipers","MoreBug","MagicDraw2","hubris:EvacipatedBox","hubris:FruitBowl","Boot","Bottled Flame","Dream Catcher","Smiling Mask","Nunchaku","GodSword5","Calipers","Strawberry","hubris:PeanutButter","hubris:EmptyBottle","ZombieArmy","GodSword7","InkBottle","Bag of Preparation"],"acts_visited":["Exordium","TheCity","TheBeyond"],"potions_floor_usage":[9,16,27,33,33,33,33,50,50],"damage_taken":[{"damage":0.0,"enemies":"2 Louse","floor":2.0,"turns":1.0},{"damage":19.0,"enemies":"Small Slimes","floor":3.0,"turns":2.0},{"damage":5.0,"enemies":"Cultist","floor":4.0,"turns":1.0},{"damage":24,"enemies":"Gremlin Nob","floor":8,"turns":2},{"damage":45,"enemies":"downfall:FleeingMerchant","floor":9,"turns":4},{"damage":35,"enemies":"Lagavulin","floor":10,"turns":2},{"damage":34,"enemies":"Large Slime","floor":12,"turns":2},{"damage":19,"enemies":"Gremlin Nob","floor":13,"turns":2},{"damage":5,"enemies":"Red Slaver","floor":14,"turns":1},{"damage":9,"enemies":"Exordium Thugs","floor":15,"turns":1},{"damage":29,"enemies":"WA_ARCHETYPE_RETAIN","floor":16,"turns":2},{"damage":19,"enemies":"Shell Parasite","floor":19,"turns":1},{"damage":38,"enemies":"Centurion and Healer","floor":22,"turns":1},{"damage":26,"enemies":"Slavers","floor":23,"turns":2},{"damage":0,"enemies":"Sentry and Sphere","floor":26,"turns":1},{"damage":0,"enemies":"Book of Stabbing","floor":27,"turns":1},{"damage":0,"enemies":"REME_1_Revenger","floor":29,"turns":1},{"damage":29,"enemies":"Cultist and Chosen","floor":31,"turns":2},{"damage":0,"enemies":"Centurion and Healer","floor":32,"turns":1},{"damage":14,"enemies":"SI_MIRROR_ARCHETYPE","floor":33,"turns":2},{"damage":28,"enemies":"3 Shapes","floor":36,"turns":1},{"damage":2,"enemies":"Nemesis","floor":39,"turns":1},{"damage":10,"enemies":"Orb Walker","floor":43,"turns":1},{"damage":0,"enemies":"Reptomancer","floor":44,"turns":1},{"damage":44,"enemies":"Transient","floor":47,"turns":4},{"damage":3,"enemies":"Nemesis","floor":48,"turns":1},{"damage":0,"enemies":"4 Shapes","floor":49,"turns":2},{"damage":0,"enemies":"DF_ARCHETYPE_ORBS","floor":50,"turns":1}],"seed_played":"-8937092527913129864","potions_obtained":[{"floor":2.0,"key":"Dexterity Potion"},{"floor":6,"key":"DuplicationPotion"},{"floor":6,"key":"champ:OpenerPotion"},{"floor":10,"key":"Dexterity Potion"},{"floor":15,"key":"Slimebound:ThreeZeroPotion"},{"floor":16,"key":"EssenceOfSteel"},{"floor":22,"key":"SkillPotion"},{"floor":26,"key":"Fire Potion"},{"floor":27,"key":"Fruit Juice"},{"floor":31,"key":"GamblersBrew"},{"floor":36,"key":"AttackPotion"},{"floor":43,"key":"Swift Potion"},{"floor":44,"key":"Explosive Potion"},{"floor":47,"key":"champ:CounterPotion"}],"is_trial":true,"path_per_floor":["R","M","M","M","?","?","T","E","$","E","$","M","E","M","M","B",null,"R","M","?","?","M","E","T","T","M","E","$","E","R","M","M","B",null,"R","M","T","$","E","$","T","R","M","E","T","$","M","E","M","B",null],"character_chosen":"THE_CHAMP","items_purchased":["Omamori","MostiFishMod:AdaptiveDefenses","Technique","hubris:TenFootPole","champ:FocusedBerserking","Vajra","champ:StanceDance","Membership Card","hubris:DuctTape","PreservedInsect","Ccalipers","MagicDraw2","hubris:EvacipatedBox","hubris:FruitBowl","Boot","Bottled Flame","Smiling Mask","Nunchaku","hubris:PeanutButter","hubris:EmptyBottle","ZombieArmy","EntropicBrew"],"campfire_rested":0,"item_purchase_floors":[9,9,11,18,18,28,30,35,35,38,38,40,40,40,40,40,42,42,46,46,46,46],"current_hp_per_floor":[104,104,104,104,99,99,99,99,99,99,99,104,104,104,104,101,104,104,104,96,96,104,92,92,92,92,102,102,107,117,119,119,119,119,119,119,119,119,119,39,39,39,49,49,61,61,129,129,129,129],"gold":721,"neow_bonus":"","is_daily":false,"chose_seed":false,"campfire_upgraded":0,"win_rate":0.0,"timestamp":1611569723,"path_taken":["R","M","M","M","?","?","T","?","?","?","$","?","?","M","M","BOSS","R","M","?","?","?","?","T","?","?","?","$","?","R","?","M","BOSS","R","?","?","$","?","?","T","R","?","?","?","?","?","E","M","BOSS"],"items_purchased_type":["Relic","Relic","Relic","Relic","Card","Relic","Card","Relic","Relic","Relic","Relic","Relic","Relic","Relic","Relic","Relic","Relic","Relic","Relic","Relic","Relic","Potion"],"build_version":"2020-12-22","purchased_purges":2,"victory":true,"max_hp_per_floor":[104,104,104,104,104,104,104,104,104,104,104,104,104,104,104,104,104,104,104,104,104,104,104,104,104,104,109,109,109,119,119,119,119,119,119,119,119,119,119,119,119,119,119,119,129,129,129,129,129,129],"relic_stats":{"Regal Pillow":0,"counters":[28,43],"Blue Candle":[1],"CeramicFish":18,"PreservedInsect":153,"Bag of Preparation":[2],"Whetstone":["champ:FaceSlap","champ:Encircle"],"Orichalcum":[42],"MawBank":60,"Boot":[74],"Smiling Mask":0,"Dream Catcher":0,"Nunchaku":[3],"Busted Crown":24,"obtain_stats":[{"champ:ChampStancesModRelic":0,"hubris:CrystalStatue":36,"Calipers":44,"CeramicFish":29,"Vajra":28,"MostiFishMod:AdaptiveDefenses":9,"ice":0,"Whetstone":31,"Boot":40,"MagicDraw2":40,"champ:DefensiveTrainingManual":21,"Ccalipers":38,"Strawberry":45,"champ:FightingForDummies":2,"MoreBug":39,"hubris:DuctTape":35,"Blue Candle":5,"hubris:FruitBowl":40,"Guardian:PocketSentry":25,"Akabeko":22,"Bottled Flame":40,"REME_HourglassOfDeath":12,"hubris:PeanutButter":46,"GodSword7":47,"hubris:ToyBattleship":3,"hubris:TenFootPole":18,"GodSword6":19,"Technique":11,"GodSword5":43,"GodSword4":32,"Regal Pillow":13,"DaveBox":0,"sneckomod:BlankCard":7,"REME_ChargedStone":17,"Enchiridion":20,"champ:ChampionCrown":0,"Mango":0,"Bag of Preparation":49,"hubris:EmptyBottle":46,"Smiling Mask":42,"hubris:EvacipatedBox":40,"Dream Catcher":41,"Nunchaku":42,"downfall:HeartBlessingBlue":30,"InkBottle":48,"hubris:GlazedTorus":10,"Runic Pyramid":34,"ZombieArmy":46,"Potion Belt":15,"downfall:HeartBlessingRed":18,"ShadowXiaoBlade":0,"PreservedInsect":38,"Omamori":9,"Orichalcum":8,"MawBank":4,"bronze:BronzeIdol":37,"Hololive_LightStick":23,"Busted Crown":0,"Bottled Lightning":14,"Membership Card":35,"REME_PuzzleBoxRelic":26,"Toy Ornithopter":27,"REME_ComplimentaryCards":0},{"champ:ChampStancesModRelic":0,"hubris:CrystalStatue":21,"Calipers":24,"CeramicFish":17,"Vajra":16,"MostiFishMod:AdaptiveDefenses":5,"ice":0,"Whetstone":18,"Boot":22,"MagicDraw2":22,"champ:DefensiveTrainingManual":12,"Ccalipers":21,"Strawberry":24,"champ:FightingForDummies":1,"MoreBug":22,"hubris:DuctTape":20,"Blue Candle":3,"hubris:FruitBowl":22,"Guardian:PocketSentry":14,"Akabeko":13,"Bottled Flame":22,"REME_HourglassOfDeath":7,"hubris:PeanutButter":24,"GodSword7":25,"hubris:ToyBattleship":2,"hubris:TenFootPole":11,"GodSword6":12,"Technique":6,"GodSword5":23,"GodSword4":19,"Regal Pillow":8,"DaveBox":0,"sneckomod:BlankCard":3,"REME_ChargedStone":11,"Enchiridion":12,"champ:ChampionCrown":0,"Mango":0,"Bag of Preparation":27,"hubris:EmptyBottle":24,"Smiling Mask":22,"hubris:EvacipatedBox":22,"Dream Catcher":22,"Nunchaku":22,"downfall:HeartBlessingBlue":17,"InkBottle":26,"hubris:GlazedTorus":6,"Runic Pyramid":20,"ZombieArmy":24,"Potion Belt":10,"downfall:HeartBlessingRed":11,"ShadowXiaoBlade":0,"PreservedInsect":21,"Omamori":5,"Orichalcum":4,"MawBank":3,"bronze:BronzeIdol":21,"Hololive_LightStick":14,"Busted Crown":0,"Bottled Lightning":9,"Membership Card":20,"REME_PuzzleBoxRelic":15,"Toy Ornithopter":16,"REME_ComplimentaryCards":0},{"champ:ChampStancesModRelic":0,"hubris:CrystalStatue":32,"Calipers":35,"CeramicFish":27,"Vajra":26,"MostiFishMod:AdaptiveDefenses":10,"ice":0,"Whetstone":28,"Boot":33,"MagicDraw2":33,"champ:DefensiveTrainingManual":21,"Ccalipers":32,"Strawberry":35,"champ:FightingForDummies":1,"MoreBug":33,"hubris:DuctTape":31,"Blue Candle":4,"hubris:FruitBowl":33,"Guardian:PocketSentry":24,"Akabeko":22,"Bottled Flame":33,"REME_HourglassOfDeath":14,"hubris:PeanutButter":35,"GodSword7":39,"hubris:ToyBattleship":3,"hubris:TenFootPole":20,"GodSword6":21,"Technique":12,"GodSword5":34,"GodSword4":29,"Regal Pillow":16,"DaveBox":0,"sneckomod:BlankCard":4,"REME_ChargedStone":20,"Enchiridion":21,"champ:ChampionCrown":0,"Mango":0,"Bag of Preparation":42,"hubris:EmptyBottle":35,"Smiling Mask":33,"hubris:EvacipatedBox":33,"Dream Catcher":33,"Nunchaku":33,"downfall:HeartBlessingBlue":27,"InkBottle":40,"hubris:GlazedTorus":12,"Runic Pyramid":31,"ZombieArmy":35,"Potion Belt":18,"downfall:HeartBlessingRed":20,"ShadowXiaoBlade":0,"PreservedInsect":32,"Omamori":10,"Orichalcum":6,"MawBank":4,"bronze:BronzeIdol":32,"Hololive_LightStick":24,"Busted Crown":0,"Bottled Lightning":17,"Membership Card":31,"REME_PuzzleBoxRelic":25,"Toy Ornithopter":26,"REME_ComplimentaryCards":0}],"Toy Ornithopter":5,"InkBottle":[3]},"card_choices":[],"player_experience":412398,"relics_obtained":[{"floor":2.0,"key":"champ:FightingForDummies"},{"floor":3.0,"key":"hubris:ToyBattleship"},{"floor":4.0,"key":"MawBank"},{"floor":7,"key":"sneckomod:BlankCard"},{"floor":8,"key":"Orichalcum"},{"floor":10,"key":"hubris:GlazedTorus"},{"floor":12,"key":"REME_HourglassOfDeath"},{"floor":13,"key":"Regal Pillow"},{"floor":14,"key":"Bottled Lightning"},{"floor":15,"key":"Potion Belt"},{"floor":19,"key":"GodSword6"},{"floor":20,"key":"Enchiridion"},{"floor":22,"key":"Akabeko"},{"floor":23,"key":"Hololive_LightStick"},{"floor":25,"key":"Guardian:PocketSentry"},{"floor":26,"key":"REME_PuzzleBoxRelic"},{"floor":27,"key":"Toy Ornithopter"},{"floor":29,"key":"CeramicFish"},{"floor":31,"key":"Whetstone"},{"floor":32,"key":"GodSword4"},{"floor":36,"key":"hubris:CrystalStatue"},{"floor":37,"key":"bronze:BronzeIdol"},{"floor":39,"key":"MoreBug"},{"floor":41,"key":"Dream Catcher"},{"floor":43,"key":"GodSword5"},{"floor":44,"key":"Calipers"},{"floor":45,"key":"Strawberry"},{"floor":47,"key":"GodSword7"},{"floor":48,"key":"InkBottle"},{"floor":49,"key":"Bag of Preparation"}],"event_choices":[{"damage_healed":0,"gold_gain":0,"player_choice":"Got Potions","damage_taken":0,"max_hp_gain":0,"max_hp_loss":0,"event_name":"Lab","floor":6,"gold_loss":0}],"is_beta":false,"boss_relics":[{"not_picked":["NightmareShop","champ:PowerArmor"],"picked":"REME_ChargedStone"},{"not_picked":["REME_DuelDisc","Velvet Choker"],"picked":"Runic Pyramid"}],"items_purged_floors":[9,18],"is_endless":false,"potions_floor_spawned":[2,10,14,15,16,22,26,27,31,32,36,43,44,47],"ascension_level":0}}