{"host":"cimxalwyqyblhb3d","time":1611587699,"event":{"mods":["AchievementEnabler","BaseMod","Colored Powertips","Evolution","Minty Spire (QoL Compilation)","Quick Restart","Relic Stats","StSLib"],"gold_per_floor":[112,127,51,51,128,161,161,190,190,206,58,90,90,107,107,205,205,225,225,225,244,169,169,198,198,198,21,38,38,38,50,62,169,181,210,222,234,234],"floor_reached":37,"language":"FRA","playtime":1392,"items_purged":[],"score":531,"play_id":"0c4b08cf-9f0c-492d-bee0-5e6cf5e7271e","local_time":"20210125161459","is_ascension_mode":true,"campfire_choices":[{"data":"Noxious Fumes","floor":7,"key":"SMITH"},{"data":"Bane","floor":15,"key":"SMITH"},{"data":"Venomology","floor":23,"key":"SMITH"},{"data":"Footwork","floor":25,"key":"SMITH"},{"data":"Choke","floor":29,"key":"SMITH"},{"data":"Endless Agony","floor":32,"key":"SMITH"}],"circlet_count":0,"master_deck":["Quick Slash","Quick Slash","Quick Slash","Quick Slash","Quick Slash","Backflip","Backflip","Backflip","Backflip","Backflip","Survivor","Neutralize","Slice","Die Die Die","Poisoned Stab","Endless Agony+1","Bane+1","Backstab","Venomology+1","Bane","RitualDagger","Slice","Footwork+1","Choke+1","Blade Dance","Shame","Night Terror"],"relics":["Ring of the Snake","EVO:Axolotl","Blue Candle","Boot","Akabeko","Lantern","ClockworkSouvenir","Nunchaku","Meat on the Bone","HoveringKite","Kunai","Bottled Tornado","Membership Card","MawBank","Black Star"],"acts_visited":["Exordium","TheCity","TheBeyond"],"potions_floor_usage":[6,12,21,33,33,33,35,37,37,37],"damage_taken":[{"damage":1,"enemies":"Small Slimes","floor":1,"turns":3},{"damage":4,"enemies":"Jaw Worm","floor":2,"turns":2},{"damage":5,"enemies":"Lagavulin","floor":6,"turns":5},{"damage":12,"enemies":"Gremlin Nob","floor":8,"turns":3},{"damage":0,"enemies":"2 Louse","floor":10,"turns":2},{"damage":5,"enemies":"3 Sentries","floor":12,"turns":3},{"damage":4,"enemies":"Blue Slaver","floor":14,"turns":2},{"damage":32,"enemies":"Hexaghost","floor":16,"turns":6},{"damage":18,"enemies":"3 Byrds","floor":18,"turns":3},{"damage":6,"enemies":"2 Thieves","floor":21,"turns":3},{"damage":14,"enemies":"Gremlin Leader","floor":24,"turns":4},{"damage":18,"enemies":"Snake Plant","floor":28,"turns":2},{"damage":55,"enemies":"Automaton","floor":33,"turns":8},{"damage":39,"enemies":"3 Darklings","floor":35,"turns":6},{"damage":46,"enemies":"Awakened One","floor":37,"turns":5}],"seed_played":"-6991561183679955674","potions_obtained":[{"floor":2,"key":"DistilledChaos"},{"floor":6,"key":"Dexterity Potion"},{"floor":8,"key":"DuplicationPotion"},{"floor":16,"key":"ColorlessPotion"},{"floor":24,"key":"SteroidPotion"},{"floor":35,"key":"PowerPotion"}],"is_trial":false,"path_per_floor":["M","M","$","?","T","E","R","E","T","M","$","E","?","M","R","B",null,"M","?","?","M","?","R","E","R","T","$","M","R","?","?","R","B",null,"M","?","B"],"character_chosen":"THE_SILENT","items_purchased":["Noxious Fumes","ClockworkSouvenir","Membership Card","Choke"],"campfire_rested":0,"item_purchase_floors":[3,11,27,27],"current_hp_per_floor":[48,44,44,67,67,62,62,50,50,50,50,45,38,46,46,26,70,52,52,46,40,40,40,38,38,38,38,32,32,32,80,80,37,80,41,41,0,0],"gold":234,"neow_bonus":"RANDOM_COLORLESS_2","is_daily":false,"chose_seed":false,"campfire_upgraded":6,"win_rate":0.0,"timestamp":1611587699,"path_taken":["M","M","$","?","?","E","R","E","T","M","?","E","?","M","R","BOSS","M","?","?","?","?","R","E","R","T","$","M","R","?","?","R","BOSS","M","?","BOSS"],"items_purchased_type":["Card","Relic","Relic","Card"],"build_version":"2020-12-22","purchased_purges":0,"victory":false,"max_hp_per_floor":[70,70,70,70,70,70,70,70,70,70,70,70,70,70,70,70,70,70,70,70,70,70,70,70,70,70,70,70,70,70,80,80,80,80,80,80,80,80],"relic_stats":{"Nunchaku":[16],"counters":[15,57],"Blue Candle":[3],"HoveringKite":[2],"Black Star":0,"Kunai":[27],"Boot":[90],"MawBank":84,"obtain_stats":[{"Lantern":9,"Blue Candle":5,"HoveringKite":17,"EVO:Axolotl":0,"Bottled Tornado":26,"Boot":6,"MawBank":30,"Akabeko":8,"ClockworkSouvenir":11,"Nunchaku":12,"Black Star":34,"Kunai":24,"Membership Card":27,"Ring of the Snake":0,"Meat on the Bone":13},{"Lantern":4,"Blue Candle":2,"HoveringKite":8,"EVO:Axolotl":0,"Bottled Tornado":11,"Boot":3,"MawBank":12,"Akabeko":4,"ClockworkSouvenir":5,"Nunchaku":6,"Black Star":13,"Kunai":11,"Membership Card":11,"Ring of the Snake":0,"Meat on the Bone":6},{"Lantern":13,"Blue Candle":5,"HoveringKite":26,"EVO:Axolotl":0,"Bottled Tornado":36,"Boot":10,"MawBank":38,"Akabeko":13,"ClockworkSouvenir":15,"Nunchaku":18,"Black Star":46,"Kunai":36,"Membership Card":36,"Ring of the Snake":0,"Meat on the Bone":18}],"Ring of the Snake":[30],"Meat on the Bone":60},"card_choices":[{"not_picked":["The Bomb","Violence"],"picked":"Thinking Ahead","floor":0},{"not_picked":["Finisher","Concentrate"],"picked":"Slice","floor":1},{"not_picked":["Dagger Spray","Quick Slash","Dodge and Roll"],"picked":"SKIP","floor":2},{"not_picked":["All Out Attack","Acrobatics"],"picked":"Die Die Die","floor":6},{"not_picked":["Bane","Choke"],"picked":"Poisoned Stab","floor":8},{"not_picked":["Noxious Fumes","Outmaneuver"],"picked":"Endless Agony","floor":10},{"not_picked":["Leg Sweep","Quick Slash"],"picked":"Bane","floor":12},{"not_picked":["Flying Knee","Acrobatics"],"picked":"Backstab","floor":14},{"not_picked":["Grand Finale","Phantasmal Killer"],"picked":"Venomology","floor":16},{"not_picked":["Reflex","Sucker Punch"],"picked":"Bane","floor":18},{"not_picked":["Backflip","Eviscerate"],"picked":"Slice","floor":21},{"not_picked":["Cloak And Dagger","Poisoned Stab"],"picked":"Footwork","floor":24},{"not_picked":["Finisher","Backflip"],"picked":"Blade Dance","floor":28},{"not_picked":["Corpse Explosion","Grand Finale"],"picked":"Night Terror","floor":33},{"not_picked":["Sucker Punch","Dagger Throw+1","Deadly Poison"],"picked":"SKIP","floor":35}],"player_experience":526805,"relics_obtained":[{"floor":5,"key":"Blue Candle"},{"floor":6,"key":"Boot"},{"floor":8,"key":"Akabeko"},{"floor":9,"key":"Lantern"},{"floor":12,"key":"Nunchaku"},{"floor":24,"key":"Kunai"},{"floor":26,"key":"Bottled Tornado"}],"event_choices":[{"damage_healed":23,"gold_gain":0,"player_choice":"Banana","damage_taken":0,"max_hp_gain":0,"max_hp_loss":0,"event_name":"Big Fish","floor":4,"gold_loss":0},{"damage_healed":0,"gold_gain":0,"player_choice":"Success","damage_taken":7,"relics_obtained":["Meat on the Bone"],"max_hp_gain":0,"max_hp_loss":0,"event_name":"Scrap Ooze","floor":13,"gold_loss":0},{"damage_healed":0,"gold_gain":0,"player_choice":"Ignored","damage_taken":0,"max_hp_gain":0,"max_hp_loss":0,"event_name":"Ghosts","floor":19,"gold_loss":0},{"damage_healed":0,"gold_gain":0,"player_choice":"Joined the Cult","damage_taken":6,"max_hp_gain":0,"max_hp_loss":0,"event_name":"Nest","floor":20,"gold_loss":0,"cards_obtained":["RitualDagger"]},{"cards_removed":["Noxious Fumes"],"damage_healed":0,"gold_gain":0,"player_choice":"Gave Gold","damage_taken":0,"max_hp_gain":0,"max_hp_loss":0,"event_name":"Beggar","floor":22,"gold_loss":75},{"damage_healed":0,"gold_gain":0,"player_choice":"Stole Relic","damage_taken":0,"relics_obtained":["MawBank"],"max_hp_gain":0,"max_hp_loss":0,"event_name":"Addict","floor":30,"gold_loss":0,"cards_obtained":["Shame"]},{"cards_removed":["Thinking Ahead"],"damage_healed":38,"gold_gain":0,"player_choice":"Offered Rare","damage_taken":0,"max_hp_gain":10,"max_hp_loss":0,"event_name":"Bonfire Elementals","floor":31,"gold_loss":0},{"damage_healed":0,"gold_gain":0,"player_choice":"Took Portal","damage_taken":0,"max_hp_gain":0,"max_hp_loss":0,"event_name":"SecretPortal","floor":36,"gold_loss":0}],"is_beta":false,"boss_relics":[{"not_picked":["SacredBark","Sozu"],"picked":"HoveringKite"},{"not_picked":["Pandora\u0027s Box","Fusion Hammer"],"picked":"Black Star"}],"items_purged_floors":[],"is_endless":false,"potions_floor_spawned":[2,6,8,16,24,28,35],"killed_by":"Awakened One","ascension_level":4}}