{"host":"1tl36azeqm6yhdgj","time":1611591831,"event":{"mods":["AchievementEnabler","BaseMod","Minty Spire (QoL Compilation)","StSLib","The IronCluck","everything is the same but u backflip on backflip"],"gold_per_floor":[114,114,131,144,155,155,185,335,361,405,440,465,493,507,507,591,591,603,612,612,612,612,955,955,9,32,66,93,130,130,139,139,224,224,252,252,270,33,56,56,56,56,56],"floor_reached":42,"language":"ENG","playtime":1445,"items_purged":["Doubt"],"score":1053,"play_id":"09621e37-4b5f-4092-a3eb-18b1b13587bc","local_time":"20210125112351","is_ascension_mode":true,"campfire_choices":[{"floor":6.0,"key":"REST"},{"floor":15.0,"key":"REST"},{"floor":24.0,"key":"REST"},{"data":"Double Tap","floor":30.0,"key":"SMITH"},{"floor":32.0,"key":"RECALL"},{"data":"Madness","floor":40.0,"key":"SMITH"}],"circlet_count":0,"master_deck":["AscendersBane","Strike_R","Strike_R","Strike_R","Strike_R","Defend_R","Defend_R+1","Defend_R","Defend_R+1","Bash","Fiend Fire","Thunderclap","Anger","Evolve","Spot Weakness","Intimidate","Ghostly Armor+1","Battle Trance","Immolate","Flex","Double Tap+1","Necronomicurse","Armaments+1","Bandage Up","BootSequence","Protect","Ragnarok","Seeing Red","The Bomb","Coolheaded+1","Madness+1","Madness+1","Feel No Pain+1","Madness+1"],"relics":["Black Blood","Akabeko","Oddly Smooth Stone","CeramicFish","Odd Mushroom","Necronomicon","MutagenicStrength","Old Coin","PrismaticShard","Lizard Tail","Frozen Egg 2","Orichalcum","Blue Candle","Bottled Lightning","SlaversCollar","War Paint"],"acts_visited":["Exordium","TheCity","TheBeyond"],"potions_floor_usage":[],"damage_taken":[{"damage":15.0,"enemies":"Small Slimes","floor":1.0,"turns":3.0},{"damage":6.0,"enemies":"2 Louse","floor":3.0,"turns":2.0},{"damage":4.0,"enemies":"Jaw Worm","floor":4.0,"turns":3.0},{"damage":22.0,"enemies":"3 Louse","floor":5.0,"turns":3.0},{"damage":32.0,"enemies":"Lagavulin","floor":7.0,"turns":6.0},{"damage":4.0,"enemies":"Gremlin Nob","floor":10.0,"turns":3.0},{"damage":7.0,"enemies":"The Mushroom Lair","floor":11.0,"turns":5.0},{"damage":0.0,"enemies":"2 Fungi Beasts","floor":12.0,"turns":2.0},{"damage":3.0,"enemies":"Large Slime","floor":13.0,"turns":3.0},{"damage":0.0,"enemies":"Looter","floor":14.0,"turns":2.0},{"damage":54.0,"enemies":"Hexaghost","floor":16.0,"turns":7.0},{"damage":0.0,"enemies":"2 Thieves","floor":18.0,"turns":1.0},{"damage":0.0,"enemies":"Shell Parasite","floor":21.0,"turns":1.0},{"damage":27.0,"enemies":"Gremlin Leader","floor":23.0,"turns":6.0},{"damage":0.0,"enemies":"Slavers","floor":27.0,"turns":1.0},{"damage":0.0,"enemies":"Cultist and Chosen","floor":28.0,"turns":3.0},{"damage":0.0,"enemies":"Gremlin Leader","floor":29.0,"turns":4.0},{"damage":72.0,"enemies":"Collector","floor":33.0,"turns":10.0},{"damage":0.0,"enemies":"3 Shapes","floor":35.0,"turns":1.0},{"damage":26.0,"enemies":"3 Darklings","floor":39.0,"turns":5.0},{"damage":112,"enemies":"Reptomancer","floor":42,"turns":4}],"seed_played":"-4526677339853009403","potions_obtained":[{"floor":3.0,"key":"Fruit Juice"},{"floor":7.0,"key":"Regen Potion"},{"floor":10.0,"key":"GamblersBrew"},{"floor":13.0,"key":"PowerPotion"},{"floor":14.0,"key":"DuplicationPotion"},{"floor":16.0,"key":"SmokeBomb"},{"floor":23.0,"key":"LiquidMemories"},{"floor":28.0,"key":"Swift Potion"}],"is_trial":false,"path_per_floor":["M","?","M","M","M","R","E","?","T","E","?","M","M","M","R","B",null,"M","?","?","M","?","E","R","$","T","E","M","E","R","?","R","B",null,"M","?","?","$","M","R","?","E"],"character_chosen":"IRONCLAD","items_purchased":["PrismaticShard","Lizard Tail","Bandage Up","Frozen Egg 2","War Paint","Feel No Pain+1"],"campfire_rested":3,"item_purchase_floors":[25,25,25,25,38,38],"current_hp_per_floor":[59,36,36,38,22,44,18,18,18,25,38,44,47,53,77,29,67,79,58,58,70,70,55,79,79,79,80,80,80,80,80,80,26,67,79,79,65,65,55,55,55,0,0],"gold":56,"neow_bonus":"TRANSFORM_CARD","is_daily":false,"chose_seed":false,"campfire_upgraded":2,"win_rate":0.0,"timestamp":1611591831,"path_taken":["M","?","M","M","M","R","E","?","T","E","?","M","M","M","R","BOSS","M","?","?","M","?","E","R","$","T","E","M","E","R","?","R","BOSS","M","?","?","$","M","R","?","E"],"items_purchased_type":["Relic","Relic","Card","Relic","Relic","Card"],"build_version":"2020-12-22","purchased_purges":1,"victory":false,"max_hp_per_floor":[75,75,75,75,75,75,75,75,75,80,80,80,80,80,80,80,80,80,80,80,80,80,80,80,80,80,80,80,80,80,80,80,80,80,80,80,80,80,80,80,80,80,80],"card_choices":[{"not_picked":["Wild Strike","Second Wind"],"picked":"Thunderclap","floor":1.0},{"not_picked":["Havoc","Twin Strike"],"picked":"Anger","floor":3.0},{"not_picked":["Twin Strike","Body Slam"],"picked":"Evolve","floor":4.0},{"not_picked":["Exhume","Pommel Strike"],"picked":"Spot Weakness","floor":5.0},{"not_picked":["Clothesline","Anger"],"picked":"Intimidate","floor":7.0},{"not_picked":["Spot Weakness","Pommel Strike"],"picked":"Ghostly Armor","floor":10.0},{"not_picked":["Wild Strike","Spot Weakness"],"picked":"Battle Trance","floor":11.0},{"not_picked":["Cleave","Wild Strike"],"picked":"Immolate","floor":12.0},{"not_picked":["Body Slam","Pommel Strike"],"picked":"Flex","floor":13.0},{"not_picked":["True Grit","Havoc","Thunderclap"],"picked":"SKIP","floor":14.0},{"not_picked":["Corruption","Impervious"],"picked":"Double Tap","floor":16.0},{"not_picked":["Searing Blow","Warcry","Second Wind"],"picked":"SKIP","floor":18.0},{"not_picked":["Havoc","Sword Boomerang"],"picked":"Armaments+1","floor":23.0},{"not_picked":["Clothesline","Masterful Stab"],"picked":"BootSequence","floor":27.0},{"not_picked":["Endless Agony+1","Swivel"],"picked":"Protect","floor":28.0},{"not_picked":["Adaptation+1","Acrobatics"],"picked":"Ragnarok","floor":29.0},{"not_picked":["Hyperbeam","Fission"],"picked":"The Bomb","floor":33.0},{"not_picked":["Genetic Algorithm","Anger"],"picked":"Coolheaded+1","floor":35.0},{"not_picked":["Sweeping Beam","Backflip+1"],"picked":"Madness+1","floor":39.0}],"player_experience":2045513,"relics_obtained":[{"floor":7.0,"key":"Akabeko"},{"floor":9.0,"key":"Oddly Smooth Stone"},{"floor":10.0,"key":"CeramicFish"},{"floor":11.0,"key":"Odd Mushroom"},{"floor":19.0,"key":"Necronomicon"},{"floor":23.0,"key":"Old Coin"},{"floor":26.0,"key":"Orichalcum"},{"floor":27.0,"key":"Blue Candle"},{"floor":29.0,"key":"Bottled Lightning"}],"event_choices":[{"damage_healed":0.0,"max_hp_gain":0.0,"max_hp_loss":0.0,"gold_gain":0.0,"event_name":"Shining Light","player_choice":"Entered Light","floor":2.0,"gold_loss":0.0,"damage_taken":23.0,"cards_upgraded":["Defend_R","Defend_R"]},{"damage_healed":0.0,"max_hp_gain":0.0,"max_hp_loss":0.0,"gold_gain":150.0,"event_name":"Liars Game","player_choice":"AGREE","floor":8.0,"gold_loss":0.0,"damage_taken":0.0,"cards_obtained":["Doubt"]},{"damage_healed":0.0,"max_hp_gain":0.0,"max_hp_loss":0.0,"gold_gain":0.0,"event_name":"Mushrooms","player_choice":"Fought Mushrooms","floor":11.0,"gold_loss":0.0,"damage_taken":0.0},{"damage_healed":0.0,"max_hp_gain":0.0,"max_hp_loss":0.0,"gold_gain":0.0,"event_name":"Cursed Tome","player_choice":"Obtained Book","floor":19.0,"gold_loss":0.0,"damage_taken":21.0},{"damage_healed":0.0,"max_hp_gain":0.0,"max_hp_loss":0.0,"gold_gain":0.0,"event_name":"Drug Dealer","player_choice":"Inject Mutagens","floor":20.0,"gold_loss":0.0,"damage_taken":0.0,"relics_obtained":["MutagenicStrength"]},{"damage_healed":0.0,"max_hp_gain":0.0,"max_hp_loss":0.0,"gold_gain":0.0,"event_name":"Ghosts","player_choice":"Ignored","floor":22.0,"gold_loss":0.0,"damage_taken":0.0},{"damage_healed":0.0,"max_hp_gain":0.0,"max_hp_loss":0.0,"gold_gain":0.0,"event_name":"The Library","player_choice":"Read","floor":31.0,"gold_loss":0.0,"damage_taken":0.0,"cards_obtained":["Seeing Red"]},{"damage_healed":0.0,"max_hp_gain":0.0,"max_hp_loss":0.0,"gold_gain":0.0,"event_name":"Tomb of Lord Red Mask","player_choice":"Ignored","floor":36.0,"gold_loss":0.0,"damage_taken":0.0},{"damage_healed":0.0,"max_hp_gain":0.0,"max_hp_loss":0.0,"gold_gain":0.0,"event_name":"Winding Halls","player_choice":"Embrace Madness","floor":37.0,"gold_loss":0.0,"damage_taken":14.0,"cards_obtained":["Madness","Madness"]},{"damage_healed":0.0,"max_hp_gain":0.0,"max_hp_loss":0.0,"gold_gain":0.0,"event_name":"Mysterious Sphere","player_choice":"Ignored","floor":41.0,"gold_loss":0.0,"damage_taken":0.0}],"is_beta":false,"boss_relics":[{"not_picked":["Coffee Dripper","SacredBark"],"picked":"Black Blood"},{"not_picked":["Runic Cube","Fusion Hammer"],"picked":"SlaversCollar"}],"items_purged_floors":[25],"is_endless":false,"potions_floor_spawned":[3,7,10,13,14,16,21,23,28],"killed_by":"Reptomancer","ascension_level":20}}