{"host":"h9c2ptiayi21rmia","time":1611564629,"event":{"mods":["AchievementEnabler","Aspiration","BaseMod","Better Altar","Better Match","Better Note","Better Sensory Stone","Better Skull","Better Third Choice","Better Vampires","Block Reminder","ChefMod","Dio Mod","Evolution","Hermit","Hubris","JesterMod","Jorbs\u0027s Wanderer Trilogy","Kratos Character Expansion","Minty Spire (QoL Compilation)","Permanent Neow","Relic Stats","Replay The Spire","Shade Mod","Small Relic Pack","Spicy Shops","StS++","StSLib","The Dragon Tamer","The Marked","TheSwordswoman"],"gold_per_floor":[116,131,131,144,70,70,100,100,100,100,132,132,165,176,176,279,379,391,391,391,281,292,321,147,177,177,177,211,211,211,246,246,346,346,357,368,368,384,403,434,444,478,478,478,491,491,791,813,813,817],"floor_reached":51,"language":"ENG","playtime":4787,"items_purged":[],"score":1097,"play_id":"0ec47968-0da0-4650-8112-08143ae80ef7","local_time":"20210125035029","is_ascension_mode":true,"campfire_choices":[{"data":"Shade:SensePrey","floor":6.0,"key":"SMITH"},{"data":"Shade:ExtraLimbs","floor":8.0,"key":"SMITH"},{"floor":27,"key":"REST"},{"data":"Mayhem","floor":30,"key":"SMITH"},{"data":"Shade:OpenGraves","floor":32,"key":"SMITH"},{"floor":46,"key":"REST"},{"floor":49,"key":"REST"}],"circlet_count":0,"master_deck":["Shade:ClawBack","Shade:ClawBack","Shade:Strike_Shade","Shade:Strike_Shade","Shade:Defend_Shade","Shade:Defend_Shade","Shade:Defend_Shade","Shade:Defend_Shade","Shade:AnimateDead","Shade:SkeletonHug+1","Shade:FuneraryJewels","Flash of Steel","Shade:GraveStillness","Shade:SensePrey+1","Shade:ExtraLimbs+1","Shade:Carnophage","Shade:Bonestorm","Shade:FleshLikeOak","Shade:Coordination","Shade:SensePrey","Shade:OpenGraves+1","Shade:RavenousHorde","Shade:SpontaneousRitual+1","Shade:ScuttlingHand","Mayhem+1","Shade:CallWraith","Shade:CallOfTheGrave+1","Shade:UnbarTheGrave","Shade:FleshToFlesh+1","Shade:FreshBones+1","Parasite","Shade:LyeBath","Pot Of Greed","Pot Of Greed","Pot Of Greed","Shade:AuraOfUnlife+1","Shade:FleshOffering","Shade:AncientSpear","Pot Of Greed","Shade:ClawBack","Shade:DarkOfNight","Shade:FleshLikeOak","Shade:AuraOfUnlife","Replay:Parry","hubris:EnhanceAbility"],"relics":["Shade:YorickSkull","EVO:Axolotl","aspiration:Nostalgia","blazmod:Venustas","Ice Cream","Pocketwatch","hubris:Towel","aspiration:FetidBarrel","relicPack:DSword","StSpp:XCola","Replay:Wanted Poster","betterThird:NestCultRelic","MutagenicStrength","aspiration:HatOfInfinitePower","aspiration:HummingbirdHeart","KratosMod:minohorn","Replay:Baseball","aspiration:DSix","Replay:Grab Bag","Busted Crown","ChewingGum","aspiration:RunicSpoon","Grinning Jar","Shuriken","Pen Nib","hubris:NiceRug","Quantum Egg","HandDrill","Torii","Bottled Lightning","Replay:Bandana","Vajra"],"acts_visited":["Exordium","TheCity","TheBeyond"],"potions_floor_usage":[33,35,35,40,47,48,50],"damage_taken":[{"damage":5.0,"enemies":"Jaw Worm","floor":1.0,"turns":3.0},{"damage":0.0,"enemies":"2 Louse","floor":2.0,"turns":2.0},{"damage":1.0,"enemies":"Small Slimes","floor":4.0,"turns":2.0},{"damage":5.0,"enemies":"Lagavulin","floor":7.0,"turns":5.0},{"damage":0.0,"enemies":"3 Sentries","floor":11.0,"turns":3.0},{"damage":10.0,"enemies":"Lagavulin","floor":13.0,"turns":4.0},{"damage":0.0,"enemies":"Exordium Wildlife","floor":14.0,"turns":2.0},{"damage":0.0,"enemies":"Slime Boss","floor":16.0,"turns":5.0},{"damage":0.0,"enemies":"3 Byrds","floor":18.0,"turns":2.0},{"damage":18,"enemies":"2 Thieves","floor":22,"turns":3},{"damage":18,"enemies":"Replay:Snechameleon","floor":23,"turns":5},{"damage":16,"enemies":"Book of Stabbing","floor":25,"turns":4},{"damage":10,"enemies":"Slavers","floor":28,"turns":4},{"damage":11,"enemies":"Book of Stabbing","floor":31,"turns":4},{"damage":7,"enemies":"Collector","floor":33,"turns":4},{"damage":7,"enemies":"3 Darklings","floor":35,"turns":3},{"damage":6,"enemies":"Orb Walker","floor":36,"turns":3},{"damage":10,"enemies":"Writhing Mass","floor":38,"turns":4},{"damage":0,"enemies":"Jaw Worm Horde","floor":39,"turns":2},{"damage":0,"enemies":"Nemesis","floor":40,"turns":4},{"damage":0,"enemies":"Sphere and 2 Shapes","floor":41,"turns":2},{"damage":12,"enemies":"Reptomancer","floor":42,"turns":3},{"damage":14,"enemies":"Transient","floor":45,"turns":4},{"damage":10,"enemies":"hubris:Merchant","floor":47,"turns":4},{"damage":18,"enemies":"4 Shapes","floor":48,"turns":3},{"damage":21,"enemies":"Time Eater","floor":50,"turns":5}],"seed_played":"5578741963338331999","potions_obtained":[{"floor":1.0,"key":"Strength Potion"},{"floor":7.0,"key":"PowerPotion"},{"floor":13.0,"key":"StSpp:ScatteredPotion"},{"floor":14.0,"key":"Milkshake"},{"floor":28,"key":"Swift Potion"},{"floor":31,"key":"SmokeBomb"},{"floor":33,"key":"Toxic Potion"},{"floor":37,"key":"Elixir"},{"floor":37,"key":"Regen Potion"},{"floor":37,"key":"GamblersBrew"},{"floor":39,"key":"FairyPotion"},{"floor":42,"key":"Swift Potion"},{"floor":47,"key":"SneckoOil"}],"is_trial":false,"path_per_floor":["M","M","?","M","$","R","E","R","T","?","E","?","E","M","R","B",null,"M","?","?","$","M","E","$","E","T","R","E","?","R","E","R","B",null,"M","M","?","M","M","E","M","E","T","?","M","R","$","M","R","B",null],"character_chosen":"SHADE","items_purchased":["Shade:SensePrey","Shade:OpenGraves","Shade:RavenousHorde","Mayhem"],"campfire_rested":3,"item_purchase_floors":[5,21,21,24],"current_hp_per_floor":[60,60,60,59,59,59,54,54,54,54,54,19,9,9,28,28,65,65,65,65,65,47,29,29,13,13,32,22,65,65,54,54,47,65,58,52,52,42,42,42,42,30,30,30,16,35,25,7,26,5],"gold":817,"neow_bonus":"NOSTALGIA","is_daily":false,"chose_seed":false,"campfire_upgraded":4,"win_rate":0.0,"timestamp":1611564629,"path_taken":["M","M","?","M","$","R","E","R","T","?","E","?","E","M","R","BOSS","M","?","?","$","?","E","$","E","T","R","E","?","R","E","R","BOSS","M","M","?","?","M","E","M","E","T","?","M","R","$","M","R","BOSS"],"items_purchased_type":["Card","Card","Card","Card"],"build_version":"2020-12-22","purchased_purges":0,"victory":true,"max_hp_per_floor":[65,65,65,65,65,65,65,65,65,65,65,65,65,65,65,65,65,65,65,65,65,65,65,65,65,65,65,65,65,65,65,65,65,65,65,65,65,65,65,65,65,65,65,65,65,65,65,65,65,65],"relic_stats":{"Busted Crown":68,"Torii":0,"counters":[26,88],"Shuriken":[9],"aspiration:RunicSpoon":[76],"Pen Nib":[3],"HandDrill":[0],"obtain_stats":[{"Ice Cream":7,"relicPack:DSword":12,"Torii":47,"Shade:YorickSkull":0,"Vajra":47,"EVO:Axolotl":0,"Replay:Wanted Poster":17,"blazmod:Venustas":0,"Replay:Bandana":47,"HandDrill":47,"StSpp:XCola":13,"aspiration:DSix":31,"aspiration:Nostalgia":0,"aspiration:FetidBarrel":11,"KratosMod:minohorn":26,"Replay:Grab Bag":34,"aspiration:RunicSpoon":34,"Quantum Egg":47,"betterThird:NestCultRelic":19,"Pen Nib":43,"aspiration:HummingbirdHeart":25,"hubris:Towel":10,"Replay:Baseball":28,"Busted Crown":34,"Shuriken":42,"MutagenicStrength":20,"ChewingGum":34,"Bottled Lightning":47,"Grinning Jar":40,"aspiration:HatOfInfinitePower":23,"Pocketwatch":9,"hubris:NiceRug":47},{"Ice Cream":4,"relicPack:DSword":5,"Torii":24,"Shade:YorickSkull":0,"Vajra":24,"EVO:Axolotl":0,"Replay:Wanted Poster":8,"blazmod:Venustas":0,"Replay:Bandana":24,"HandDrill":24,"StSpp:XCola":6,"aspiration:DSix":14,"aspiration:Nostalgia":0,"aspiration:FetidBarrel":5,"KratosMod:minohorn":12,"Replay:Grab Bag":15,"aspiration:RunicSpoon":15,"Quantum Egg":24,"betterThird:NestCultRelic":9,"Pen Nib":22,"aspiration:HummingbirdHeart":12,"hubris:Towel":4,"Replay:Baseball":13,"Busted Crown":15,"Shuriken":22,"MutagenicStrength":9,"ChewingGum":15,"Bottled Lightning":24,"Grinning Jar":20,"aspiration:HatOfInfinitePower":11,"Pocketwatch":4,"hubris:NiceRug":24},{"Ice Cream":12,"relicPack:DSword":15,"Torii":81,"Shade:YorickSkull":0,"Vajra":81,"EVO:Axolotl":0,"Replay:Wanted Poster":26,"blazmod:Venustas":0,"Replay:Bandana":81,"HandDrill":81,"StSpp:XCola":19,"aspiration:DSix":48,"aspiration:Nostalgia":0,"aspiration:FetidBarrel":15,"KratosMod:minohorn":40,"Replay:Grab Bag":52,"aspiration:RunicSpoon":52,"Quantum Egg":81,"betterThird:NestCultRelic":28,"Pen Nib":73,"aspiration:HummingbirdHeart":40,"hubris:Towel":12,"Replay:Baseball":44,"Busted Crown":52,"Shuriken":73,"MutagenicStrength":28,"ChewingGum":52,"Bottled Lightning":81,"Grinning Jar":68,"aspiration:HatOfInfinitePower":36,"Pocketwatch":12,"hubris:NiceRug":81}],"Pocketwatch":[51]},"card_choices":[{"not_picked":["Shade:FuneraryArmor","Shade:GreyBargain"],"picked":"Shade:SkeletonHug","floor":1.0},{"not_picked":["Shade:ClawBack","Shade:CoffinDance"],"picked":"Shade:FuneraryJewels","floor":2.0},{"not_picked":["Blind","Crow Ritual"],"picked":"Flash of Steel","floor":3.0},{"not_picked":["Shade:Premonition","Shade:SkeletonHug"],"picked":"Shade:GraveStillness","floor":4.0},{"not_picked":["Shade:SkeletonHug","Shade:FingerOfDeath"],"picked":"Shade:ExtraLimbs","floor":7.0},{"not_picked":["Shade:ClawBack","Shade:SoulToxin"],"picked":"Shade:Carnophage","floor":11.0},{"not_picked":["Shade:SkeletonHug","Shade:Doomsay"],"picked":"Shade:Bonestorm","floor":13.0},{"not_picked":["Shade:Premonition","Shade:SoulToxin"],"picked":"Shade:FleshLikeOak","floor":14.0},{"not_picked":["Shade:OfferingToTheBeyond","Shade:Putrefaction"],"picked":"Shade:Coordination","floor":16.0},{"not_picked":["Shade:WallOfFlesh","Shade:SpontaneousRitual"],"picked":"Shade:SensePrey","floor":18.0},{"not_picked":["Shade:GraveStillness","Shade:FreshBones"],"picked":"Shade:SpontaneousRitual+1","floor":22},{"not_picked":["Shade:GreyBargain+1","Shade:Patience"],"picked":"Shade:ScuttlingHand","floor":23},{"not_picked":["Shade:StitchTogether","Shade:BoneShards","Shade:Premonition"],"picked":"SKIP","floor":25},{"not_picked":["Shade:MadHubris","Shade:Carnophage+1"],"picked":"Shade:CallWraith","floor":28},{"not_picked":["Shade:CoffinDance+1","Shade:PotionOfRestlessness"],"picked":"Shade:CallOfTheGrave+1","floor":31},{"not_picked":["Shade:MadHubris","Shade:DarkOfNight"],"picked":"Shade:UnbarTheGrave","floor":33},{"not_picked":[],"picked":"Shade:FleshToFlesh+1","floor":35},{"not_picked":[],"picked":"Shade:FreshBones+1","floor":36},{"not_picked":[],"picked":"Shade:LyeBath","floor":38},{"not_picked":["Shade:RitualOffering"],"picked":"SKIP","floor":39},{"not_picked":["Shade:ExtraLimbs"],"picked":"SKIP","floor":40},{"not_picked":[],"picked":"Shade:AuraOfUnlife+1","floor":41},{"not_picked":[],"picked":"Shade:FleshOffering","floor":42},{"not_picked":[],"picked":"Shade:AncientSpear","floor":45},{"not_picked":[],"picked":"Shade:ClawBack","floor":47},{"not_picked":[],"picked":"Shade:DarkOfNight","floor":47},{"not_picked":[],"picked":"Shade:FleshLikeOak","floor":47},{"not_picked":[],"picked":"Shade:AuraOfUnlife","floor":47},{"not_picked":[],"picked":"Replay:Parry","floor":47},{"not_picked":[],"picked":"hubris:EnhanceAbility","floor":47},{"not_picked":["Shade:OneIsEnough"],"picked":"SKIP","floor":47},{"not_picked":["Shade:CallOfTheGrave+1"],"picked":"SKIP","floor":48}],"player_experience":300425,"relics_obtained":[{"floor":7.0,"key":"Ice Cream"},{"floor":9.0,"key":"Pocketwatch"},{"floor":11.0,"key":"aspiration:FetidBarrel"},{"floor":13.0,"key":"StSpp:XCola"},{"floor":23,"key":"aspiration:HatOfInfinitePower"},{"floor":25,"key":"aspiration:HummingbirdHeart"},{"floor":26,"key":"KratosMod:minohorn"},{"floor":28,"key":"Replay:Baseball"},{"floor":31,"key":"aspiration:DSix"},{"floor":40,"key":"Grinning Jar"},{"floor":42,"key":"Shuriken"},{"floor":43,"key":"Pen Nib"},{"floor":47,"key":"Quantum Egg"},{"floor":47,"key":"HandDrill"},{"floor":47,"key":"Torii"},{"floor":47,"key":"Bottled Lightning"},{"floor":47,"key":"Replay:Bandana"},{"floor":47,"key":"Vajra"}],"event_choices":[{"damage_healed":0.0,"max_hp_gain":0.0,"max_hp_loss":0.0,"gold_gain":1.0,"event_name":"betterStone:BetterStone","player_choice":"1","floor":3.0,"gold_loss":0.0,"damage_taken":0.0},{"damage_healed":0.0,"max_hp_gain":0.0,"max_hp_loss":0.0,"gold_gain":0.0,"event_name":"betterThird:BetterNest","player_choice":"Madness","floor":19.0,"gold_loss":0.0,"damage_taken":0.0,"relics_obtained":["betterThird:NestCultRelic"]},{"damage_healed":0.0,"max_hp_gain":0.0,"max_hp_loss":0.0,"gold_gain":0.0,"event_name":"Drug Dealer","player_choice":"Inject Mutagens","floor":20.0,"gold_loss":0.0,"damage_taken":0.0,"relics_obtained":["MutagenicStrength"]},{"damage_healed":43,"gold_gain":0,"player_choice":"Full Heal","damage_taken":0,"max_hp_gain":0,"max_hp_loss":0,"event_name":"Wheel of Change","floor":29,"gold_loss":0},{"damage_healed":0,"gold_gain":0,"player_choice":"Got Potions","damage_taken":0,"max_hp_gain":0,"max_hp_loss":0,"event_name":"Lab","floor":37,"gold_loss":0},{"cards_removed":["Shade:CarefulCut"],"damage_healed":0,"gold_gain":0,"player_choice":"Removed Attack","damage_taken":0,"max_hp_gain":0,"max_hp_loss":0,"event_name":"Falling","floor":44,"gold_loss":0}],"is_beta":false,"boss_relics":[{"not_picked":["Tiny House","Cursed Key"],"picked":"Replay:Wanted Poster"},{"not_picked":["Ring of Chaos","ReplayTheSpireMod:DimensionalGlitch"],"picked":"Replay:Grab Bag"},{"not_picked":["hubris:VirtuousBlindfold","Painkiller Herb"],"picked":"Busted Crown"},{"not_picked":["Philosopher\u0027s Stone","hubris:CrackedHourglass"],"picked":"ChewingGum"},{"not_picked":["StSpp:Magatama","hubris:BlackHole"],"picked":"aspiration:RunicSpoon"}],"items_purged_floors":[],"is_endless":false,"potions_floor_spawned":[1,7,13,14,28,31,33,39,42,48],"ascension_level":1}}