{"host":"3xls0xm49ftugio7","time":1611597933,"event":{"mods":["2.2 Compatiblity","A Magickal Journey","AchievementEnabler","Act Like it!","BaseMod","Bestiary","Colored Powertips","Downfall","GifTheSpireLib","Minty Spire (QoL Compilation)","Quick Restart","StSLib","slay the spire mod where everything is the same but ironclad has a cowboy hat"],"gold_per_floor":[99,118,3,13,13,13,60,60,89,89,117,217,217,237,254,254,254,254],"floor_reached":16,"language":"ENG","playtime":810,"items_purged":["bronze:Strike"],"score":124,"play_id":"6faa95e5-dcbd-49ae-b2eb-d5a1c4235f9a","local_time":"20210125200533","is_ascension_mode":true,"campfire_choices":[{"data":"bronze:SpaghettiCode","floor":1,"key":"SMITH"},{"data":"bronze:Constructor","floor":6,"key":"SMITH"},{"data":"bronze:Frontload","floor":8,"key":"SMITH"},{"data":"bronze:BronzeOrb","floor":10,"key":"SMITH"},{"floor":13,"key":"REST"}],"circlet_count":0,"master_deck":["bronze:Strike+1","bronze:Strike","bronze:Defend+1","bronze:Defend+1","bronze:Defend","bronze:Defend","bronze:Replicate","bronze:Goto","bronze:SpaghettiCode+1","bronze:Frontload+1","bronze:BronzeOrb+1","bronze:Constructor+1","bronze:ClassDefault","bronze:GetLatest","bronze:BronzeOrb","bronze:Flail+1","bronze:DelayedSlice","bronze:BuggyMess"],"relics":["bronze:BronzeCore","Blood Vial","Boot","Smiling Mask"],"acts_visited":["Exordium"],"potions_floor_usage":[16],"damage_taken":[{"damage":0,"enemies":"Small Slimes","floor":2,"turns":1},{"damage":0,"enemies":"downfall:FleeingMerchant","floor":3,"turns":4},{"damage":0,"enemies":"2 Louse","floor":4,"turns":1},{"damage":17,"enemies":"3 Sentries","floor":9,"turns":10},{"damage":20,"enemies":"Lagavulin","floor":11,"turns":9},{"damage":4,"enemies":"downfall:Heads","floor":12,"turns":7},{"damage":0,"enemies":"Cultist","floor":14,"turns":2},{"damage":0,"enemies":"Exordium Thugs","floor":15,"turns":3},{"damage":56,"enemies":"IC_STATUS_ARCHETYPE","floor":16,"turns":13}],"seed_played":"5603192738290893718","potions_obtained":[{"floor":2,"key":"hexamod:SoulburnPotion"},{"floor":11,"key":"champ:CounterPotion"},{"floor":12,"key":"bronze:FreeFunctionsPotion"},{"floor":15,"key":"EssenceOfSteel"}],"is_trial":false,"path_per_floor":["R","M","$","M","?","R","T","R","E","R","E","?","R","M","M","B"],"character_chosen":"THE_AUTOMATON","items_purchased":["bronze:Constructor"],"campfire_rested":1,"item_purchase_floors":[3],"current_hp_per_floor":[63,63,63,63,63,63,63,63,46,46,28,26,44,46,48,0,0,0],"gold":254,"neow_bonus":"THREE_RARE_CARDS","is_daily":false,"chose_seed":false,"campfire_upgraded":4,"win_rate":0.0,"timestamp":1611597933,"path_taken":["R","M","$","M","?","R","T","R","E","R","E","?","R","M","M","BOSS"],"items_purchased_type":["Card"],"build_version":"2020-12-22","purchased_purges":1,"victory":false,"max_hp_per_floor":[63,63,63,63,63,63,63,63,63,63,63,63,63,63,63,63,63,63],"card_choices":[{"not_picked":["bronze:AlphaBuild","bronze:Library"],"picked":"bronze:SpaghettiCode","floor":0},{"not_picked":["bronze:CloningBeam","bronze:ClassDefault"],"picked":"bronze:Frontload","floor":2},{"not_picked":["bronze:Flail","bronze:WildBeam"],"picked":"bronze:BronzeOrb","floor":3},{"not_picked":["bronze:DelayedGuard","bronze:Frontload"],"picked":"bronze:ClassDefault","floor":4},{"not_picked":["bronze:MaxOutput","bronze:FineTuning","bronze:WhirlingStrike"],"picked":"SKIP","floor":9},{"not_picked":["bronze:Repulsor","bronze:Safeguard"],"picked":"bronze:GetLatest","floor":11},{"not_picked":["bronze:DelayedGuard","bronze:Invalidate"],"picked":"bronze:Flail","floor":12},{"not_picked":["bronze:DelayedGuard","bronze:ItsAFeature"],"picked":"bronze:DelayedSlice","floor":14},{"not_picked":["bronze:ChildClass","bronze:Shield"],"picked":"bronze:BuggyMess","floor":15}],"player_experience":990190,"relics_obtained":[{"floor":7,"key":"Blood Vial"},{"floor":9,"key":"Boot"},{"floor":11,"key":"Smiling Mask"}],"event_choices":[],"is_beta":false,"boss_relics":[],"items_purged_floors":[3],"is_endless":false,"potions_floor_spawned":[2,11,12,15],"killed_by":"IC_STATUS_ARCHETYPE","ascension_level":3}}