{"host":"yd6hhqps9de4qmof","time":1611586406,"event":{"mods":["BaseMod","Downfall","Hermit","Highlight Path","Jorbs\u0027s Wanderer Trilogy","Minty Spire (QoL Compilation)","Relic Stats","Robot Space Explorer","Shade Mod","StSLib","The Cursed","The Disciple","The Marked","The Servant 0.9.4"],"gold_per_floor":[113,123,123,140,15,15,44,108,157,169,22,37,37,37,37,37,37],"floor_reached":16,"language":"ENG","playtime":580,"items_purged":["RobotSpaceExplorer:Strike"],"score":144,"play_id":"16d7bcfa-0541-4b2f-8a60-346d6a777dfe","local_time":"20210125155326","is_ascension_mode":true,"campfire_choices":[{"data":"RobotSpaceExplorer:MiniDrones","floor":6,"key":"SMITH"},{"data":"RobotSpaceExplorer:MiniBoosters","floor":13,"key":"SMITH"},{"floor":15,"key":"REST"}],"circlet_count":0,"master_deck":["RobotSpaceExplorer:Strike","RobotSpaceExplorer:Strike+1","RobotSpaceExplorer:Strike+1","RobotSpaceExplorer:Defend","RobotSpaceExplorer:Defend","RobotSpaceExplorer:Defend","RobotSpaceExplorer:Defend","RobotSpaceExplorer:Scan","RobotSpaceExplorer:MiniLasers+1","RobotSpaceExplorer:FreezeRay","RobotSpaceExplorer:StunGrenade","RobotSpaceExplorer:MiniDrones+1","RobotSpaceExplorer:Pulsar+1","RobotSpaceExplorer:MiniBoosters+1","RobotSpaceExplorer:Fix","RobotSpaceExplorer:StunGrenade"],"relics":["SlaversCollar","Whetstone","Toy Ornithopter","Ancient Tea Set","Bag of Marbles"],"acts_visited":["Exordium"],"potions_floor_usage":[7,8,10],"damage_taken":[{"damage":2,"enemies":"2 Louse","floor":1,"turns":3},{"damage":1,"enemies":"Cultist","floor":2,"turns":4},{"damage":8,"enemies":"Jaw Worm","floor":4,"turns":5},{"damage":0,"enemies":"3 Sentries","floor":7,"turns":6},{"damage":36,"enemies":"Lagavulin Event","floor":8,"turns":7},{"damage":2,"enemies":"Large Slime","floor":10,"turns":5},{"damage":3,"enemies":"Exordium Wildlife","floor":12,"turns":3},{"damage":64,"enemies":"Hexaghost","floor":16,"turns":14}],"seed_played":"-1803504770927094952","potions_obtained":[{"floor":1,"key":"AttackPotion"},{"floor":2,"key":"Swift Potion"},{"floor":8,"key":"SpeedPotion"},{"floor":12,"key":"Energy Potion"}],"is_trial":false,"path_per_floor":["M","M","?","M","$","R","E","?","T","M","$","M","R","?","R","B"],"character_chosen":"RobotSpaceExplorer","items_purchased":["RobotSpaceExplorer:MiniDrones","Bag of Marbles"],"campfire_rested":1,"item_purchase_floors":[5,11],"current_hp_per_floor":[73,72,72,64,64,64,64,28,28,31,31,32,32,32,54,0,0],"gold":37,"neow_bonus":"BOSS_RELIC","is_daily":false,"chose_seed":false,"campfire_upgraded":2,"win_rate":0.0,"timestamp":1611586406,"path_taken":["M","M","?","M","?","R","E","?","T","M","$","M","R","?","R","BOSS"],"items_purchased_type":["Card","Relic"],"build_version":"2020-12-22","purchased_purges":1,"victory":false,"max_hp_per_floor":[75,75,75,75,75,75,75,75,75,75,75,75,75,75,75,75,75],"relic_stats":{"counters":[8,47],"Whetstone":["RobotSpaceExplorer:Strike","RobotSpaceExplorer:Strike"],"obtain_stats":[{"SlaversCollar":0,"RobotSpaceExplorer:RoboCore":0,"Bag of Marbles":11,"Whetstone":7,"Ancient Tea Set":9,"Toy Ornithopter":8},{"SlaversCollar":0,"RobotSpaceExplorer:RoboCore":0,"Bag of Marbles":6,"Whetstone":4,"Ancient Tea Set":5,"Toy Ornithopter":5},{"SlaversCollar":0,"RobotSpaceExplorer:RoboCore":0,"Bag of Marbles":30,"Whetstone":18,"Ancient Tea Set":25,"Toy Ornithopter":25}],"Toy Ornithopter":5},"card_choices":[{"not_picked":["RobotSpaceExplorer:SelfCleaning","RobotSpaceExplorer:RigExplosive"],"picked":"RobotSpaceExplorer:FreezeRay","floor":1},{"not_picked":["RobotSpaceExplorer:SurgingStrike","RobotSpaceExplorer:SelfCleaning","RobotSpaceExplorer:SwiftStep"],"picked":"SKIP","floor":2},{"not_picked":["RobotSpaceExplorer:SelfCleaning","RobotSpaceExplorer:FrostMissile"],"picked":"RobotSpaceExplorer:StunGrenade","floor":4},{"not_picked":["RobotSpaceExplorer:GlueShot","RobotSpaceExplorer:SlimeMissile"],"picked":"RobotSpaceExplorer:Pulsar","floor":7},{"not_picked":["RobotSpaceExplorer:GlueSpray","RobotSpaceExplorer:DoubleFind"],"picked":"RobotSpaceExplorer:MiniBoosters","floor":8},{"not_picked":["RobotSpaceExplorer:SurgingShield","RobotSpaceExplorer:MetalStrike"],"picked":"RobotSpaceExplorer:Fix","floor":10},{"not_picked":["RobotSpaceExplorer:Electroshield","RobotSpaceExplorer:ShovelStrike"],"picked":"RobotSpaceExplorer:StunGrenade","floor":12}],"player_experience":1175695,"relics_obtained":[{"floor":7,"key":"Whetstone"},{"floor":8,"key":"Toy Ornithopter"},{"floor":9,"key":"Ancient Tea Set"}],"event_choices":[{"damage_healed":0,"gold_gain":0,"player_choice":"Forge","damage_taken":0,"max_hp_gain":0,"max_hp_loss":0,"event_name":"Accursed Blacksmith","floor":3,"gold_loss":0,"cards_upgraded":["RobotSpaceExplorer:MiniLasers"]},{"damage_healed":0,"gold_gain":0,"player_choice":"Searched \u00271\u0027 times","damage_taken":0,"max_hp_gain":0,"max_hp_loss":0,"event_name":"Dead Adventurer","floor":8,"gold_loss":0},{"damage_healed":0,"gold_gain":0,"player_choice":"Grow","damage_taken":0,"max_hp_gain":0,"max_hp_loss":0,"event_name":"Living Wall","floor":14,"gold_loss":0,"cards_upgraded":["RobotSpaceExplorer:Pulsar"]}],"is_beta":false,"boss_relics":[],"items_purged_floors":[5],"is_endless":false,"potions_floor_spawned":[1,2,8,12],"killed_by":"Hexaghost","ascension_level":3}}