{"host":"test","time":1611595480,"event":{"mods":["BaseMod","Colored Map","Colored Powertips","Minty Spire (QoL Compilation)","Relic Stats","Slay the Relics Exporter","SpireBot","StSLib","ojb\u0027s Better Paths Mod","ojb\u0027s Info Mod"],"gold_per_floor":[117,137,38,38,51,83,83,117,189,28,53,53,66,83,83,157,157,171,18,35,48,65,65,65,78,150,170,204,204,204,231,231,305,305,319,331,3,3,22,22,47,77,77,77,107,119,119,153,153,153,153,153],"floor_reached":51,"language":"JPN","playtime":3383,"items_purged":["Strike_G","Quick Slash","Writhe"],"score":1715,"play_id":"7da91f35-0999-4c5f-bf17-b98ee66130cd","local_time":"20210126022440","is_ascension_mode":true,"campfire_choices":[{"floor":7.0,"key":"REST"},{"data":"Noxious Fumes","floor":12.0,"key":"SMITH"},{"data":"Footwork","floor":15.0,"key":"SMITH"},{"floor":23.0,"key":"REST"},{"floor":30.0,"key":"REST"},{"data":"Wraith Form v2","floor":32.0,"key":"SMITH"},{"floor":40.0,"key":"REST"},{"data":"Catalyst","floor":47.0,"key":"SMITH"},{"floor":49.0,"key":"RECALL"}],"circlet_count":0,"master_deck":["AscendersBane","Survivor","Neutralize+1","Bane+1","Blade Dance","Noxious Fumes+1","Deadly Poison","Poisoned Stab","Slice","Footwork+1","Poisoned Stab","Bouncing Flask","Blade Dance","Doppelganger","Well Laid Plans","Finisher","Catalyst+1","Predator","Finisher","Skewer","Prepared","Cloak And Dagger","Backflip","Infinite Blades","Calculated Gamble","Blade Dance","Wraith Form v2+1","Envenom","PiercingWail+1","Crippling Poison","Finesse","Dark Shackles","Impatience","Backflip+1","Deflect+1","Dodge and Roll+1","Noxious Fumes","Phantasmal Killer","PiercingWail"],"relics":["Black Star","Gambling Chip","Bag of Preparation","Anchor","HornCleat","Ornamental Fan","Whetstone","Calipers","Pandora\u0027s Box","Question Card","Eternal Feather","Darkstone Periapt","Centennial Puzzle","Ancient Tea Set","Smiling Mask","SlaversCollar","Omamori","Du-Vu Doll","Unceasing Top","Bag of Marbles","Meat on the Bone","Paper Crane","Regal Pillow","StoneCalendar"],"acts_visited":["Exordium","TheCity","TheBeyond"],"potions_floor_usage":[],"damage_taken":[{"damage":4.0,"enemies":"Small Slimes","floor":1.0,"turns":6.0},{"damage":0.0,"enemies":"Cultist","floor":2.0,"turns":4.0},{"damage":7.0,"enemies":"Jaw Worm","floor":5.0,"turns":4.0},{"damage":37.0,"enemies":"Lagavulin","floor":6.0,"turns":7.0},{"damage":15.0,"enemies":"3 Sentries","floor":8.0,"turns":7.0},{"damage":0.0,"enemies":"Gremlin Nob","floor":11.0,"turns":4.0},{"damage":0.0,"enemies":"2 Fungi Beasts","floor":13.0,"turns":2.0},{"damage":0.0,"enemies":"Blue Slaver","floor":14.0,"turns":3.0},{"damage":8.0,"enemies":"Slime Boss","floor":16.0,"turns":7.0},{"damage":11.0,"enemies":"Chosen","floor":18.0,"turns":4.0},{"damage":5.0,"enemies":"Shell Parasite","floor":20.0,"turns":5.0},{"damage":22.0,"enemies":"Cultist and Chosen","floor":21.0,"turns":4.0},{"damage":0.0,"enemies":"Snecko","floor":22.0,"turns":3.0},{"damage":5.0,"enemies":"Chosen and Byrds","floor":25.0,"turns":4.0},{"damage":14.0,"enemies":"Snake Plant","floor":27.0,"turns":4.0},{"damage":6.0,"enemies":"Slavers","floor":28.0,"turns":5.0},{"damage":18.0,"enemies":"Book of Stabbing","floor":31.0,"turns":5.0},{"damage":30.0,"enemies":"Collector","floor":33.0,"turns":7.0},{"damage":1.0,"enemies":"3 Shapes","floor":35.0,"turns":5.0},{"damage":0.0,"enemies":"3 Darklings","floor":36.0,"turns":5.0},{"damage":28.0,"enemies":"Maw","floor":39.0,"turns":7.0},{"damage":0.0,"enemies":"Mind Bloom Boss Battle","floor":41.0,"turns":5.0},{"damage":12.0,"enemies":"Giant Head","floor":42.0,"turns":7.0},{"damage":0.0,"enemies":"Reptomancer","floor":45.0,"turns":6.0},{"damage":34.0,"enemies":"Transient","floor":46.0,"turns":6.0},{"damage":0.0,"enemies":"Nemesis","floor":48.0,"turns":5.0},{"damage":45.0,"enemies":"Time Eater","floor":50.0,"turns":8.0},{"damage":35,"enemies":"Donu and Deca","floor":51,"turns":7}],"seed_played":"-2329786981476834630","potions_obtained":[{"floor":2.0,"key":"Fire Potion"},{"floor":6.0,"key":"Weak Potion"},{"floor":8.0,"key":"GhostInAJar"},{"floor":14.0,"key":"ColorlessPotion"},{"floor":22.0,"key":"EssenceOfSteel"},{"floor":25.0,"key":"Weak Potion"},{"floor":28.0,"key":"CunningPotion"},{"floor":33.0,"key":"FearPotion"},{"floor":35.0,"key":"DistilledChaos"},{"floor":45.0,"key":"BlessingOfTheForge"}],"is_trial":false,"path_per_floor":["M","M","$","?","M","E","R","E","T","$","E","R","M","M","R","B",null,"M","$","M","M","M","R","?","M","T","M","E","?","R","E","R","B",null,"M","M","$","?","M","R","?","E","T","$","E","M","R","E","R","B","B"],"character_chosen":"THE_SILENT","items_purchased":["Noxious Fumes","Fire Potion","Footwork","Cloak And Dagger","Omamori","GhostInAJar"],"campfire_rested":4,"item_purchase_floors":[3,3,10,19,37,37],"current_hp_per_floor":[55,55,55,55,48,11,30,15,15,15,15,15,15,15,15,7,51,40,40,35,13,13,32,32,27,27,13,7,13,49,31,46,16,58,57,57,57,47,19,58,58,46,46,46,46,24,45,45,66,33,0,0],"gold":153,"neow_bonus":"BOSS_RELIC","is_daily":false,"chose_seed":true,"campfire_upgraded":4,"win_rate":0.0,"timestamp":1611595480,"path_taken":["M","M","$","?","?","E","R","E","T","$","E","R","M","M","R","BOSS","M","$","M","?","M","R","?","M","T","M","E","?","R","E","R","BOSS","M","M","$","?","M","R","?","E","T","$","E","M","R","E","R","BOSS","BOSS"],"items_purchased_type":["Card","Potion","Card","Card","Relic","Potion"],"build_version":"2020-12-18","purchased_purges":3,"victory":false,"max_hp_per_floor":[66,66,66,66,66,66,66,66,66,66,66,66,66,66,66,66,66,66,66,66,66,66,66,66,66,66,66,66,72,72,72,72,72,72,72,72,72,72,72,72,72,72,72,72,72,72,72,72,72,72,72,72],"relic_stats":{"Darkstone Periapt":6,"Regal Pillow":0,"counters":[28,146],"Eternal Feather":90,"StoneCalendar":[135],"Bag of Preparation":[48],"Whetstone":["Bane","Neutralize"],"Question Card":15,"Smiling Mask":75,"Centennial Puzzle":[24],"Ornamental Fan":[340],"Gambling Chip":[109],"Pandora\u0027s Box":["Well Laid Plans","Finisher","Tactician","Catalyst","Predator","Quick Slash","Finisher","Skewer"],"Black Star":8,"obtain_stats":[{"Darkstone Periapt":28,"Regal Pillow":48,"Calipers":11,"StoneCalendar":48,"Bag of Preparation":6,"Whetstone":11,"Ancient Tea Set":31,"Smiling Mask":31,"Centennial Puzzle":29,"HornCleat":8,"Gambling Chip":6,"Ring of the Snake":0,"Eternal Feather":28,"Omamori":37,"Paper Crane":45,"Question Card":26,"Du-Vu Doll":41,"SlaversCollar":34,"Anchor":8,"Ornamental Fan":9,"Pandora\u0027s Box":17,"Black Star":0,"Bag of Marbles":42,"Unceasing Top":42,"Meat on the Bone":45},{"Darkstone Periapt":16,"Regal Pillow":26,"Calipers":6,"StoneCalendar":26,"Bag of Preparation":4,"Whetstone":6,"Ancient Tea Set":17,"Smiling Mask":17,"Centennial Puzzle":16,"HornCleat":5,"Gambling Chip":4,"Ring of the Snake":0,"Eternal Feather":16,"Omamori":20,"Paper Crane":24,"Question Card":14,"Du-Vu Doll":22,"SlaversCollar":18,"Anchor":5,"Ornamental Fan":5,"Pandora\u0027s Box":9,"Black Star":0,"Bag of Marbles":23,"Unceasing Top":23,"Meat on the Bone":24},{"Darkstone Periapt":73,"Regal Pillow":131,"Calipers":32,"StoneCalendar":131,"Bag of Preparation":21,"Whetstone":32,"Ancient Tea Set":78,"Smiling Mask":78,"Centennial Puzzle":73,"HornCleat":28,"Gambling Chip":21,"Ring of the Snake":0,"Eternal Feather":73,"Omamori":95,"Paper Crane":120,"Question Card":64,"Du-Vu Doll":107,"SlaversCollar":85,"Anchor":28,"Ornamental Fan":28,"Pandora\u0027s Box":44,"Black Star":0,"Bag of Marbles":114,"Unceasing Top":114,"Meat on the Bone":120}],"Unceasing Top":[2],"Meat on the Bone":24},"card_choices":[{"not_picked":["Backflip","Blur"],"picked":"Bane","floor":1.0},{"not_picked":["Outmaneuver","Concentrate"],"picked":"Blade Dance","floor":2.0},{"not_picked":["Acrobatics","Well Laid Plans"],"picked":"Deadly Poison","floor":5.0},{"not_picked":["Well Laid Plans","Escape Plan"],"picked":"Poisoned Stab","floor":6.0},{"not_picked":["Deflect","Bane"],"picked":"Slice","floor":8.0},{"not_picked":["Doppelganger","Blade Dance"],"picked":"Poisoned Stab","floor":11.0},{"not_picked":["Skewer","Cloak And Dagger"],"picked":"Bouncing Flask","floor":13.0},{"not_picked":["Accuracy","Dagger Spray"],"picked":"Blade Dance","floor":14.0},{"not_picked":["Storm of Steel","A Thousand Cuts"],"picked":"Doppelganger","floor":16.0},{"not_picked":["Flechettes","Well Laid Plans"],"picked":"Prepared","floor":18.0},{"not_picked":["Tactician","Reflex","Underhanded Strike"],"picked":"SKIP","floor":20.0},{"not_picked":["Poisoned Stab","Underhanded Strike"],"picked":"Backflip","floor":21.0},{"not_picked":["All Out Attack","Expertise"],"picked":"Infinite Blades","floor":22.0},{"not_picked":["Sucker Punch+1","Distraction"],"picked":"Calculated Gamble","floor":25.0},{"not_picked":["Prepared","Dodge and Roll","Flying Knee"],"picked":"Blade Dance","floor":27.0},{"not_picked":["Sucker Punch","Bouncing Flask","Slice","Heel Hook"],"picked":"SKIP","floor":28.0},{"not_picked":["Prepared","Quick Slash","Burst"],"picked":"Wraith Form v2","floor":31.0},{"not_picked":["Adrenaline","Die Die Die","Bullet Time"],"picked":"Envenom","floor":33.0},{"not_picked":["Deadly Poison+1","Sucker Punch+1","Heel Hook"],"picked":"PiercingWail+1","floor":35.0},{"not_picked":["Riddle With Holes","Outmaneuver+1","Concentrate"],"picked":"Crippling Poison","floor":36.0},{"not_picked":["Dramatic Entrance","Bandage Up","Trip"],"picked":"Finesse","floor":38.0},{"not_picked":["Purity","Finesse","Panacea"],"picked":"Dark Shackles","floor":38.0},{"not_picked":["Metamorphosis","Trip","Swift Strike"],"picked":"Impatience","floor":38.0},{"not_picked":["Setup","Noxious Fumes","Underhanded Strike"],"picked":"Backflip+1","floor":39.0},{"not_picked":["Blade Dance","Tactician","Sucker Punch"],"picked":"Deflect+1","floor":41.0},{"not_picked":["Prepared","Eviscerate+1","Flying Knee"],"picked":"Dodge and Roll+1","floor":42.0},{"not_picked":["Dagger Spray","Dagger Throw","Prepared"],"picked":"Noxious Fumes","floor":45.0},{"not_picked":["Escape Plan","Dash+1","Slice"],"picked":"Phantasmal Killer","floor":46.0},{"not_picked":["Dagger Throw","Quick Slash","Acrobatics"],"picked":"PiercingWail","floor":48.0}],"player_experience":1985927,"relics_obtained":[{"floor":6.0,"key":"Gambling Chip"},{"floor":6.0,"key":"Bag of Preparation"},{"floor":8.0,"key":"Anchor"},{"floor":8.0,"key":"HornCleat"},{"floor":9.0,"key":"Ornamental Fan"},{"floor":11.0,"key":"Whetstone"},{"floor":11.0,"key":"Calipers"},{"floor":26.0,"key":"Question Card"},{"floor":28.0,"key":"Eternal Feather"},{"floor":28.0,"key":"Darkstone Periapt"},{"floor":31.0,"key":"Ancient Tea Set"},{"floor":31.0,"key":"Smiling Mask"},{"floor":41.0,"key":"Du-Vu Doll"},{"floor":42.0,"key":"Unceasing Top"},{"floor":42.0,"key":"Bag of Marbles"},{"floor":45.0,"key":"Meat on the Bone"},{"floor":45.0,"key":"Paper Crane"},{"floor":48.0,"key":"Regal Pillow"},{"floor":48.0,"key":"StoneCalendar"}],"event_choices":[{"cards_removed":["Strike_G"],"damage_healed":0.0,"max_hp_gain":0.0,"max_hp_loss":0.0,"gold_gain":0.0,"event_name":"Purifier","player_choice":"Purged","floor":4.0,"gold_loss":0.0,"damage_taken":0.0},{"cards_removed":["Tactician"],"damage_healed":0.0,"max_hp_gain":0.0,"max_hp_loss":0.0,"gold_gain":0.0,"event_name":"Back to Basics","player_choice":"Elegance","floor":24.0,"gold_loss":0.0,"damage_taken":0.0},{"damage_healed":0.0,"max_hp_gain":0.0,"max_hp_loss":0.0,"gold_gain":0.0,"event_name":"The Mausoleum","player_choice":"Opened","floor":29.0,"gold_loss":0.0,"damage_taken":0.0,"relics_obtained":["Centennial Puzzle"],"cards_obtained":["Writhe"]},{"damage_healed":0.0,"max_hp_gain":0.0,"max_hp_loss":0.0,"gold_gain":0.0,"event_name":"SensoryStone","player_choice":"Memory 3","floor":38.0,"gold_loss":0.0,"damage_taken":10.0},{"damage_healed":0.0,"max_hp_gain":0.0,"max_hp_loss":0.0,"gold_gain":0.0,"event_name":"MindBloom","player_choice":"Fight","floor":41.0,"gold_loss":0.0,"damage_taken":0.0}],"is_beta":true,"boss_relics":[{"not_picked":["Cursed Key","Sozu"],"picked":"Pandora\u0027s Box"},{"not_picked":["Velvet Choker","HoveringKite"],"picked":"SlaversCollar"}],"items_purged_floors":[10,19,37],"is_endless":false,"potions_floor_spawned":[2,6,8,14,22,25,28,33,35,39,45],"killed_by":"Donu and Deca","ascension_level":20}}