{"host":"vm3f1ccwgbs4oygt","time":1611607169,"event":{"mods":["BaseMod","BetterRewards","Colored Powertips","Minty Spire (QoL Compilation)","Permanent Neow","Shop Mod","StSLib"],"gold_per_floor":[113,63,80,96,96,96,117,132,158,158,192,192,212,172,172,172,172],"floor_reached":16,"language":"ENG","playtime":1607,"items_purged":[],"score":117,"play_id":"8578bd45-bd5c-4054-82b2-73c8aae014d3","local_time":"20210125213929","is_ascension_mode":true,"campfire_choices":[{"data":"Trip","floor":6,"key":"SMITH"},{"data":"Bash","floor":10,"key":"SMITH"},{"data":"Flame Barrier","floor":15,"key":"SMITH"}],"circlet_count":0,"master_deck":["Strike_R","Strike_R","Strike_R","Strike_R","Defend_R","Defend_R","Defend_R","Defend_R","Bash+1","Trip+1","Dual Wield","Intimidate","Injury","Cleave","Iron Wave","Flame Barrier+1","Trip","Double Tap"],"relics":["Burning Blood","Golden Idol","Anchor","Pen Nib"],"acts_visited":["Exordium"],"potions_floor_usage":[16,16,16],"damage_taken":[{"damage":1,"enemies":"2 Louse","floor":1,"turns":4},{"damage":2,"enemies":"Jaw Worm","floor":3,"turns":3},{"damage":13,"enemies":"Small Slimes","floor":4,"turns":5},{"damage":25,"enemies":"Gremlin Gang","floor":7,"turns":6},{"damage":2,"enemies":"3 Louse","floor":8,"turns":3},{"damage":21,"enemies":"Gremlin Nob","floor":11,"turns":4},{"damage":6,"enemies":"Looter","floor":13,"turns":3},{"damage":50,"enemies":"Slime Boss","floor":16,"turns":11}],"seed_played":"-3793150396401472113","potions_obtained":[{"floor":3,"key":"DuplicationPotion"},{"floor":4,"key":"SkillPotion"},{"floor":11,"key":"EssenceOfSteel"},{"floor":13,"key":"HeartOfIron"}],"is_trial":false,"path_per_floor":["M","?","M","M","?","R","M","M","T","R","E","?","M","?","R","B"],"character_chosen":"IRONCLAD","items_purchased":[],"campfire_rested":0,"item_purchase_floors":[],"current_hp_per_floor":[80,80,80,73,73,73,54,58,58,58,43,43,43,43,43,0,0],"gold":172,"neow_bonus":"RANDOM_COLORLESS","is_daily":false,"chose_seed":false,"campfire_upgraded":3,"win_rate":0.0,"timestamp":1611607169,"path_taken":["M","?","M","M","?","R","M","M","T","R","E","?","?","?","R","BOSS"],"items_purchased_type":[],"build_version":"2020-12-22","purchased_purges":0,"victory":false,"max_hp_per_floor":[80,80,80,80,80,80,80,80,80,80,80,80,80,80,80,80,80],"card_choices":[{"not_picked":["Panacea","Forethought"],"picked":"Trip","floor":0},{"not_picked":["Perfected Strike","Whirlwind"],"picked":"Dual Wield","floor":1},{"not_picked":["Warcry","Headbutt","Twin Strike"],"picked":"SKIP","floor":3},{"not_picked":["Sword Boomerang","Perfected Strike"],"picked":"Intimidate","floor":4},{"not_picked":["Body Slam","Pommel Strike"],"picked":"Cleave","floor":7},{"not_picked":["Warcry","Headbutt"],"picked":"Iron Wave","floor":8},{"not_picked":["Headbutt","Dual Wield"],"picked":"Flame Barrier","floor":11},{"not_picked":["Iron Wave","Carnage","Clash"],"picked":"SKIP","floor":13}],"player_experience":861381,"relics_obtained":[{"floor":9,"key":"Anchor"},{"floor":11,"key":"Pen Nib"}],"event_choices":[{"cards_removed":["Strike_R"],"damage_healed":0,"gold_gain":0,"player_choice":"Card Removal","damage_taken":0,"max_hp_gain":0,"max_hp_loss":0,"event_name":"The Cleric","floor":2,"gold_loss":50},{"damage_healed":0,"gold_gain":0,"player_choice":"Take Wound","damage_taken":0,"relics_obtained":["Golden Idol"],"max_hp_gain":0,"max_hp_loss":0,"event_name":"Golden Idol","floor":5,"gold_loss":0,"cards_obtained":["Injury"]},{"damage_healed":0,"gold_gain":0,"player_choice":"2 cards matched","damage_taken":0,"max_hp_gain":0,"max_hp_loss":0,"event_name":"Match and Keep!","floor":12,"gold_loss":0,"cards_obtained":["Trip","Double Tap"]},{"damage_healed":0,"gold_gain":0,"player_choice":"Left Gold","damage_taken":0,"max_hp_gain":0,"max_hp_loss":0,"event_name":"World of Goop","floor":14,"gold_loss":40}],"is_beta":false,"boss_relics":[],"items_purged_floors":[],"is_endless":false,"potions_floor_spawned":[3,4,11,13],"killed_by":"Slime Boss","ascension_level":3}}