{"host":"lip44byzewa3adv8","time":1611536020,"event":{"mods":["BaseMod","Curses Come First","Minty Spire (QoL Compilation)","Relic Sorter","Relic Stats","StSLib","Synergy Search"],"gold_per_floor":[112,112,122,122,122,162,162,200,200,200,200],"floor_reached":10,"language":"ENG","playtime":416,"items_purged":[],"score":96,"play_id":"7e834dfe-f34a-4d17-bee7-2fd24b8acf54","local_time":"20210124195340","is_ascension_mode":true,"campfire_choices":[{"floor":7,"key":"REST"}],"circlet_count":0,"master_deck":["Strike_G","Strike_G","Defend_G","Defend_G","Defend_G","Defend_G","Defend_G","Survivor","Neutralize","Night Terror","Dagger Throw","Dagger Spray","PiercingWail","Riddle With Holes","Tools of the Trade"],"relics":["Ring of the Snake","Blood Vial","CeramicFish","Matryoshka","Anchor","Potion Belt"],"acts_visited":["Exordium"],"potions_floor_usage":[],"damage_taken":[{"damage":4,"enemies":"Small Slimes","floor":1,"turns":5},{"damage":1,"enemies":"2 Louse","floor":3,"turns":2},{"damage":19,"enemies":"3 Sentries","floor":6,"turns":11},{"damage":42,"enemies":"Lagavulin","floor":8,"turns":9},{"damage":5,"enemies":"Gremlin Nob","floor":10,"turns":2}],"seed_played":"744410534391494794","potions_obtained":[{"floor":8,"key":"SneckoOil"}],"is_trial":false,"path_per_floor":["M","?","M","?","T","E","R","E","T","E"],"character_chosen":"THE_SILENT","items_purchased":[],"campfire_rested":1,"item_purchase_floors":[],"current_hp_per_floor":[59,47,48,41,41,24,42,2,2,0,0],"gold":200,"neow_bonus":"TRANSFORM_TWO_CARDS","is_daily":false,"chose_seed":false,"campfire_upgraded":0,"win_rate":0.0,"timestamp":1611536020,"path_taken":["M","?","M","?","?","E","R","E","T","E"],"items_purchased_type":[],"build_version":"2020-12-22","purchased_purges":0,"victory":false,"max_hp_per_floor":[63,63,63,63,63,63,63,63,63,63,63],"relic_stats":{"Blood Vial":8,"counters":[5,29],"CeramicFish":18,"obtain_stats":[{"Blood Vial":2,"Potion Belt":9,"Anchor":9,"Matryoshka":8,"CeramicFish":6,"Ring of the Snake":0},{"Blood Vial":1,"Potion Belt":4,"Anchor":4,"Matryoshka":4,"CeramicFish":3,"Ring of the Snake":0},{"Blood Vial":5,"Potion Belt":27,"Anchor":27,"Matryoshka":27,"CeramicFish":18,"Ring of the Snake":0}],"Ring of the Snake":[10]},"card_choices":[{"not_picked":["Acrobatics","Underhanded Strike"],"picked":"Dagger Spray","floor":1},{"not_picked":["Skewer","Dodge and Roll"],"picked":"PiercingWail","floor":3},{"not_picked":["Finisher","Underhanded Strike"],"picked":"Riddle With Holes","floor":6},{"not_picked":["PiercingWail","Riddle With Holes"],"picked":"Tools of the Trade","floor":8}],"player_experience":757482,"relics_obtained":[{"floor":6,"key":"CeramicFish"},{"floor":8,"key":"Matryoshka"},{"floor":9,"key":"Anchor"},{"floor":9,"key":"Potion Belt"}],"event_choices":[{"damage_healed":0,"gold_gain":0,"player_choice":"Success","damage_taken":12,"relics_obtained":["Blood Vial"],"max_hp_gain":0,"max_hp_loss":0,"event_name":"Scrap Ooze","floor":2,"gold_loss":0},{"cards_removed":["Strike_G"],"damage_healed":0,"gold_gain":0,"player_choice":"Card Removal","damage_taken":7,"max_hp_gain":0,"max_hp_loss":0,"event_name":"Golden Wing","floor":4,"gold_loss":0}],"is_beta":false,"boss_relics":[],"items_purged_floors":[],"is_endless":false,"potions_floor_spawned":[8],"killed_by":"Gremlin Nob","ascension_level":6}}