{"host":"fmb9x04chdot191d","time":1611538820,"event":{"mods":["2.2 Compatiblity","AchievementEnabler","BaseMod","BetterRewards","Colored Map","Downfall","Hermit","Highlight Path","Marisa（霧雨　魔理沙）","Minty Spire (QoL Compilation)","Permanent Neow","Quick Restart","StSLib","The Servant 0.9.4","[IsaacMod]以撒尖塔"],"gold_per_floor":[217,236,246,299,313,313,344,344,344,363,396,410,445,455,455,455,455],"floor_reached":16,"language":"ENG","playtime":764,"items_purged":[],"score":124,"play_id":"7a809a91-dd15-4914-8cf2-dd34c66f5892","local_time":"20210125144020","is_ascension_mode":false,"campfire_choices":[{"data":"hermit:EyeOfTheStorm","floor":6,"key":"SMITH"},{"data":"hermit:Snapshot","floor":8,"key":"SMITH"},{"floor":15,"key":"REST"}],"circlet_count":0,"master_deck":["hermit:Strike_Hermit","hermit:Strike_Hermit","hermit:Strike_Hermit","hermit:Strike_Hermit","hermit:Defend_Hermit","hermit:Defend_Hermit","hermit:Defend_Hermit","hermit:Defend_Hermit","hermit:Snapshot+1","hermit:Covet+1","Bomb","hermit:Horror","hermit:Brawl","hermit:EyeOfTheStorm+1","hermit:Snipe+1","hermit:Coalescence","hermit:DeadOrAlive","hermit:Glare","hermit:EyeOfTheStorm"],"relics":["hermit:Momento","HushsDoor","BookOfRevelations","MealTicket","Tiny Chest","DeathBook","War Paint"],"acts_visited":["Exordium"],"potions_floor_usage":[],"damage_taken":[{"damage":0,"enemies":"Small Slimes","floor":1,"turns":3},{"damage":0,"enemies":"2 Louse","floor":2,"turns":2},{"damage":0,"enemies":"Cultist","floor":3,"turns":4},{"damage":6,"enemies":"3 Louse","floor":5,"turns":4},{"damage":13,"enemies":"Lagavulin","floor":7,"turns":5},{"damage":3,"enemies":"2 Fungi Beasts","floor":10,"turns":4},{"damage":10,"enemies":"Gremlin Nob","floor":11,"turns":4},{"damage":0,"enemies":"Large Slime","floor":12,"turns":3},{"damage":21,"enemies":"Lagavulin","floor":13,"turns":5},{"damage":4,"enemies":"Blue Slaver","floor":14,"turns":2},{"damage":0,"enemies":"Slime Boss","floor":16,"turns":3}],"seed_played":"-8806471282455424737","potions_obtained":[{"floor":2,"key":"bronze:BurnAndBuffPotion"},{"floor":3,"key":"sneckomod:MuddlingPotion"},{"floor":10,"key":"EntropicBrew"},{"floor":12,"key":"LiquidMemories"},{"floor":13,"key":"hermit:Tonic"}],"is_trial":false,"path_per_floor":["M","M","M","?","M","R","E","R","T","M","E","M","E","M","R","B"],"character_chosen":"HERMIT","items_purchased":[],"campfire_rested":1,"item_purchase_floors":[],"current_hp_per_floor":[75,75,75,75,69,69,56,56,56,53,43,43,22,18,40,40,40],"gold":455,"neow_bonus":"HUNDRED_GOLD","is_daily":false,"chose_seed":false,"campfire_upgraded":2,"win_rate":0.0,"timestamp":1611538820,"path_taken":["M","M","M","?","M","R","E","R","T","M","E","M","E","M","R","BOSS"],"items_purchased_type":[],"build_version":"2020-12-22","purchased_purges":0,"victory":false,"max_hp_per_floor":[75,75,75,75,75,75,75,75,75,75,75,75,75,75,75,75,75],"card_choices":[{"not_picked":[],"picked":"Bomb","floor":0},{"not_picked":["hermit:Determination","hermit:CursedWeapon","hermit:ShadowCloak"],"picked":"SKIP","floor":1},{"not_picked":["hermit:Feint","hermit:Glare"],"picked":"hermit:Horror","floor":2},{"not_picked":["hermit:Vantage","hermit:Headshot"],"picked":"hermit:Brawl","floor":3},{"not_picked":["hermit:Feint","hermit:Coalescence"],"picked":"hermit:EyeOfTheStorm","floor":5},{"not_picked":["hermit:Gestalt","hermit:BodyArmor"],"picked":"hermit:Snipe","floor":7},{"not_picked":["hermit:Shortfuse","hermit:Manifest"],"picked":"hermit:Coalescence","floor":10},{"not_picked":["hermit:Grudge","hermit:Manifest"],"picked":"hermit:DeadOrAlive","floor":11},{"not_picked":["Bomb","hermit:HoleUp"],"picked":"hermit:Glare","floor":12},{"not_picked":["hermit:Determination","hermit:BodyArmor","hermit:HoleUp"],"picked":"SKIP","floor":13},{"not_picked":["hermit:Cheat","hermit:LuckOfTheDraw"],"picked":"hermit:EyeOfTheStorm","floor":14}],"player_experience":69344,"relics_obtained":[{"floor":7,"key":"MealTicket"},{"floor":9,"key":"Tiny Chest"},{"floor":11,"key":"DeathBook"},{"floor":13,"key":"War Paint"}],"event_choices":[{"damage_healed":0,"gold_gain":53,"player_choice":"Gained Gold","damage_taken":0,"max_hp_gain":0,"max_hp_loss":0,"event_name":"Golden Wing","floor":4,"gold_loss":0}],"is_beta":false,"boss_relics":[],"items_purged_floors":[],"is_endless":false,"potions_floor_spawned":[2,3,10,12,13],"killed_by":"Slime Boss","ascension_level":0}}