{"host":"ppir7fmwqxhicm8z","time":1611583244,"event":{"mods":["Act Like it!","BaseMod","Colored Map","Gensokyo","Minty Spire (QoL Compilation)","Quick Restart","StSLib","The Runesmith"],"gold_per_floor":[112,144,157,177,7,42,61,292,292,152,75,75,110,128,128,223,223,236,255,505,519,217,217,217,217,244,244,244,244,244],"floor_reached":29,"language":"ZHS","playtime":2936,"items_purged":["Runesmith:Defend_RS"],"score":301,"play_id":"e1e986d8-4e46-4864-8bc3-f831d17be106","local_time":"20210125220044","is_ascension_mode":false,"campfire_choices":[{"data":"Runesmith:Firestorm","floor":12.0,"key":"SMITH"},{"data":"Runesmith:Fortify","floor":15.0,"key":"SMITH"},{"data":"Runesmith:RunicBlueprint","floor":23.0,"key":"SMITH"},{"data":"Runesmith:DoubleUp","floor":28.0,"key":"SMITH"}],"circlet_count":0,"master_deck":["Runesmith:Strike_RS","Runesmith:Strike_RS","Runesmith:Defend_RS","Runesmith:Defend_RS","Runesmith:Defend_RS","Runesmith:CraftFirestone","Runesmith:Fortify+1","Runesmith:DoubleUp+1","Runesmith:GoWithTheFlow","Runesmith:EarthShield","Runesmith:CraftReservo","Runesmith:CraftMedicinae","Runesmith:CraftSpiculum","Runesmith:Terraform","Runesmith:Firestorm+1","Runesmith:CraftIndustria","Runesmith:EnergizedChisel+1","Runesmith:ShiftingStrike+1","Runesmith:RunicBlueprint+1","Runesmith:CraftMedicinae"],"relics":["Runesmith:BrokenRuby","NeowsBlessing","Dream Catcher","Centennial Puzzle","Nunchaku","Pen Nib","Mummified Hand","Runesmith:EmergencyProvisions","Thread and Needle","Kunai","Empty Cage","HandDrill","Gensokyo:RedStar","Runesmith:Nanobots","Orichalcum"],"acts_visited":["Exordium","Gensokyo:Gensokyo"],"potions_floor_usage":[29,29,29],"damage_taken":[{"damage":0.0,"enemies":"Gensokyo:3_Fairies","floor":1.0,"turns":1.0},{"damage":0.0,"enemies":"Gensokyo:Mamizou","floor":2.0,"turns":3.0},{"damage":0.0,"enemies":"Gensokyo:Gryphon","floor":3.0,"turns":2.0},{"damage":1.0,"enemies":"Gensokyo:Python","floor":4.0,"turns":3.0},{"damage":2.0,"enemies":"Gensokyo:Mamizou","floor":6.0,"turns":11.0},{"damage":21.0,"enemies":"Gensokyo:Kitsune","floor":7.0,"turns":5.0},{"damage":25.0,"enemies":"Gensokyo:Cirno","floor":8.0,"turns":11.0},{"damage":0.0,"enemies":"Gensokyo:Mamizou","floor":13.0,"turns":9.0},{"damage":3.0,"enemies":"Gensokyo:2_Rabbits","floor":14.0,"turns":4.0},{"damage":4.0,"enemies":"Gensokyo:Kokoro","floor":16.0,"turns":12.0},{"damage":18.0,"enemies":"Gensokyo:2_Gloops","floor":18.0,"turns":6.0},{"damage":10.0,"enemies":"Gensokyo:Chomper","floor":19.0,"turns":7.0},{"damage":20.0,"enemies":"Gensokyo:Slime_Group","floor":21.0,"turns":8.0},{"damage":31,"enemies":"Gensokyo:3_Gloops","floor":29,"turns":5}],"seed_played":"-8635578208047550463","potions_obtained":[{"floor":2.0,"key":"Weak Potion"},{"floor":4.0,"key":"Strength Potion"},{"floor":8.0,"key":"SteroidPotion"},{"floor":14.0,"key":"Block Potion"},{"floor":21.0,"key":"LiquidMemories"}],"is_trial":false,"path_per_floor":["M","?","M","M","COS","E","M","E","T","?","$","R","E","M","R","B",null,"M","M","?","M","$","R","?","T","T","?","R","M"],"character_chosen":"RUNESMITH_CLASS","items_purchased":["Runesmith:Firestorm","Runesmith:RunicBlueprint","HandDrill"],"campfire_rested":0,"item_purchase_floors":[11,22,22],"current_hp_per_floor":[70,70,70,69,69,67,46,21,21,21,21,21,22,19,19,15,70,54,47,47,29,29,29,29,29,29,29,29,0,0],"gold":244,"neow_bonus":"THREE_ENEMY_KILL","is_daily":false,"chose_seed":false,"campfire_upgraded":4,"win_rate":0.0,"timestamp":1611583244,"path_taken":["M","?","?","M","COS","E","M","E","T","?","$","R","E","M","R","BOSS","M","M","?","?","$","R","?","?","T","?","R","M"],"items_purchased_type":["Card","Card","Relic"],"build_version":"2020-12-22","purchased_purges":1,"victory":false,"max_hp_per_floor":[70,70,70,70,70,70,70,70,70,70,70,70,70,70,70,70,70,70,70,66,66,66,66,66,66,66,66,66,66,66],"card_choices":[{"not_picked":["Runesmith:RuneHurl","Runesmith:ChiselStab"],"picked":"Runesmith:DoubleUp","floor":1.0},{"not_picked":["Runesmith:EnergizedChisel","Runesmith:BackupBattery"],"picked":"Runesmith:GoWithTheFlow","floor":2.0},{"not_picked":["Runesmith:ChargedHammer","Runesmith:Prism","Runesmith:HammerAndChisel"],"picked":"SKIP","floor":3.0},{"not_picked":["Runesmith:Grindstone","Runesmith:ChiselStab"],"picked":"Runesmith:EarthShield","floor":4.0},{"not_picked":["Runesmith:Grindstone","Runesmith:HeatedChisel"],"picked":"Runesmith:CraftReservo","floor":6.0},{"not_picked":["Runesmith:CraftIndustria","Runesmith:Duplicate"],"picked":"Runesmith:CraftMedicinae","floor":7.0},{"not_picked":["Runesmith:Augment","Runesmith:ChiselStab"],"picked":"Runesmith:CraftSpiculum","floor":7.0},{"not_picked":["Runesmith:MetallurgicalResearch","Runesmith:MakeshiftArmor"],"picked":"Runesmith:Terraform","floor":8.0},{"not_picked":["Runesmith:CraftReservo","Runesmith:HammerTime","Runesmith:PoweredAnvil"],"picked":"SKIP","floor":13.0},{"not_picked":["Runesmith:Overpower","Runesmith:ChiselStab","Runesmith:Augment"],"picked":"SKIP","floor":14.0},{"not_picked":["Runesmith:DuctTape","Runesmith:FissionHammer"],"picked":"Runesmith:CraftIndustria","floor":16.0},{"not_picked":["Runesmith:ChiselStab","Runesmith:Prism+1"],"picked":"Runesmith:EnergizedChisel+1","floor":18.0},{"not_picked":["Runesmith:ChargedHammer","Runesmith:DoubleUp"],"picked":"Runesmith:ShiftingStrike+1","floor":19.0},{"not_picked":["Runesmith:MakeshiftArmor+1","Runesmith:Firewall+1"],"picked":"Runesmith:CraftIncendium+1","floor":21.0}],"player_experience":401674,"relics_obtained":[{"floor":2.0,"key":"Dream Catcher"},{"floor":6.0,"key":"Centennial Puzzle"},{"floor":8.0,"key":"Mummified Hand"},{"floor":9.0,"key":"Runesmith:EmergencyProvisions"},{"floor":13.0,"key":"Kunai"},{"floor":25.0,"key":"Runesmith:Nanobots"},{"floor":26.0,"key":"Orichalcum"}],"event_choices":[],"is_beta":false,"boss_relics":[{"not_picked":["Sozu","Busted Crown"],"picked":"Empty Cage"}],"items_purged_floors":[22],"is_endless":false,"potions_floor_spawned":[2,4,8,14,21],"killed_by":"Gensokyo:3_Gloops","ascension_level":0}}