{"host":"aj7el8l5kufbk20z","time":1611573529,"event":{"mods":["AchievementEnabler","BaseMod","Colored Map","Colored Powertips","Curses Come First","Highlight Path","Minty Spire (QoL Compilation)","Permanent Neow","Poor People Problems","Quick Restart","Rare Cards Sparkle","Relic Stats","StSLib","SuperFastMode","Waifu the Spire"],"gold_per_floor":[119,119,44,63,63,63,97,64,146,146,176,189,189,207,207,278,278,288,203,203,219,144,144,144,144],"floor_reached":24,"language":"ZHS","playtime":1262,"items_purged":["Strike_R"],"score":354,"play_id":"2af311a0-8bda-4780-8f06-4a254a8741a6","local_time":"20210125191849","is_ascension_mode":true,"campfire_choices":[{"data":"Armaments","floor":6.0,"key":"SMITH"},{"data":"Metallicize","floor":10.0,"key":"SMITH"},{"data":"Flame Barrier","floor":13.0,"key":"SMITH"},{"data":"Flame Barrier","floor":15.0,"key":"SMITH"},{"data":"Corruption","floor":23.0,"key":"SMITH"}],"circlet_count":0,"master_deck":["AscendersBane","Strike_R","Defend_R","Defend_R","Defend_R","Defend_R","Bash","Flame Barrier+1","Armaments+1","Metallicize+1","Flame Barrier+1","Corruption+1","Iron Wave","Flex","Shockwave","Second Wind","Entrench+1"],"relics":["Burning Blood","Lantern","Shuriken","Orichalcum","SlaversCollar","Vajra"],"acts_visited":["Exordium","TheCity"],"potions_floor_usage":[],"damage_taken":[{"damage":13.0,"enemies":"Jaw Worm","floor":1.0,"turns":6.0},{"damage":0.0,"enemies":"2 Louse","floor":4.0,"turns":3.0},{"damage":9.0,"enemies":"Gremlin Nob","floor":7.0,"turns":4.0},{"damage":5.0,"enemies":"Lagavulin","floor":11.0,"turns":11.0},{"damage":0.0,"enemies":"Small Slimes","floor":12.0,"turns":6.0},{"damage":6.0,"enemies":"2 Fungi Beasts","floor":14.0,"turns":4.0},{"damage":45.0,"enemies":"Slime Boss","floor":16.0,"turns":18.0},{"damage":27.0,"enemies":"Spheric Guardian","floor":18.0,"turns":16.0},{"damage":0.0,"enemies":"3 Byrds","floor":21.0,"turns":3.0},{"damage":18,"enemies":"3 Cultists","floor":24,"turns":5}],"seed_played":"-1685865730463603147","potions_obtained":[{"floor":4.0,"key":"ColorlessPotion"},{"floor":7.0,"key":"ColorlessPotion"},{"floor":11.0,"key":"Fire Potion"},{"floor":12.0,"key":"Regen Potion"},{"floor":18.0,"key":"Ancient Potion"},{"floor":21.0,"key":"CultistPotion"}],"is_trial":false,"path_per_floor":["M","?","?","M","$","R","E","$","T","R","E","M","R","M","R","B",null,"M","?","?","M","$","R","M"],"character_chosen":"IRONCLAD","items_purchased":["Flame Barrier"],"campfire_rested":0,"item_purchase_floors":[8],"current_hp_per_floor":[61,61,61,67,67,67,64,64,64,64,65,71,71,71,71,47,68,47,47,47,53,53,53,35,35],"gold":144,"neow_bonus":"REMOVE_CARD","is_daily":false,"chose_seed":false,"campfire_upgraded":5,"win_rate":0.0,"timestamp":1611573529,"path_taken":["M","?","?","M","$","R","E","$","T","R","E","M","R","M","R","BOSS","M","?","?","M","$","R","M"],"items_purchased_type":["Card"],"build_version":"2020-12-22","purchased_purges":1,"victory":false,"max_hp_per_floor":[75,75,75,75,75,75,75,75,75,75,75,75,75,75,75,75,75,75,75,75,75,75,75,75,75],"relic_stats":{"counters":[10,76],"Shuriken":[0],"Orichalcum":[54],"obtain_stats":[{"SlaversCollar":17,"Lantern":7,"Shuriken":9,"Vajra":19,"Orichalcum":11,"Burning Blood":0},{"SlaversCollar":7,"Lantern":3,"Shuriken":3,"Vajra":8,"Orichalcum":4,"Burning Blood":0},{"SlaversCollar":52,"Lantern":13,"Shuriken":13,"Vajra":68,"Orichalcum":24,"Burning Blood":0}],"Burning Blood":54},"card_choices":[{"not_picked":["Sword Boomerang","Second Wind"],"picked":"Flame Barrier","floor":1.0},{"not_picked":["Pommel Strike","True Grit"],"picked":"Armaments","floor":4.0},{"not_picked":["Perfected Strike","Flex"],"picked":"Metallicize","floor":7.0},{"not_picked":["Reckless Charge","Iron Wave"],"picked":"Corruption","floor":11.0},{"not_picked":["Combust","Cleave"],"picked":"Iron Wave","floor":12.0},{"not_picked":["Wild Strike","Anger"],"picked":"Flex","floor":14.0},{"not_picked":["Fire Breathing+1","Warcry"],"picked":"Shockwave","floor":18.0},{"not_picked":["Intimidate+1","Shockwave"],"picked":"Entrench+1","floor":21.0}],"player_experience":386690,"relics_obtained":[{"floor":7.0,"key":"Lantern"},{"floor":9.0,"key":"Shuriken"},{"floor":11.0,"key":"Orichalcum"}],"event_choices":[{"cards_removed":["Strike_R"],"damage_healed":0.0,"max_hp_gain":0.0,"max_hp_loss":0.0,"gold_gain":0.0,"event_name":"Living Wall","player_choice":"Forget","floor":2.0,"gold_loss":0.0,"damage_taken":0.0},{"cards_removed":["Strike_R"],"damage_healed":0.0,"max_hp_gain":0.0,"max_hp_loss":0.0,"gold_gain":0.0,"event_name":"The Cleric","player_choice":"Card Removal","floor":3.0,"gold_loss":75.0,"damage_taken":0.0},{"damage_healed":0.0,"max_hp_gain":0.0,"max_hp_loss":0.0,"gold_gain":0.0,"event_name":"Addict","player_choice":"Obtained Relic","floor":19.0,"gold_loss":85.0,"damage_taken":0.0,"relics_obtained":["Vajra"]},{"damage_healed":0.0,"max_hp_gain":0.0,"max_hp_loss":0.0,"gold_gain":0.0,"event_name":"The Library","player_choice":"Read","floor":20.0,"gold_loss":0.0,"damage_taken":0.0,"cards_obtained":["Second Wind"]}],"is_beta":false,"boss_relics":[{"not_picked":["Velvet Choker","Ectoplasm"],"picked":"SlaversCollar"}],"items_purged_floors":[22],"is_endless":false,"potions_floor_spawned":[4,7,11,12,18,21],"killed_by":"3 Cultists","ascension_level":15}}