{"host":"dvpvhz1t6etneyb3","time":1611543980,"event":{"mods":["AchievementEnabler","BaseMod","Colored Map","Highlight Path","Minty Spire (QoL Compilation)","Permanent Neow","Quick Restart"],"gold_per_floor":[112,125,135,135,148,176,176,210,210,210,210,222,249,262,262,335,335,354,370,56,66,66,66,66],"floor_reached":23,"language":"ENG","playtime":1580,"items_purged":["Strike_G"],"score":601,"play_id":"160ccf41-0b75-4928-8599-cb07ac143339","local_time":"20210124220620","is_ascension_mode":true,"campfire_choices":[{"data":"Bouncing Flask","floor":7.0,"key":"SMITH"},{"floor":10.0,"key":"REST"},{"data":"Well Laid Plans","floor":15.0,"key":"SMITH"}],"circlet_count":0,"master_deck":["AscendersBane","Strike_G","Strike_G","Strike_G","Defend_G","Defend_G","Defend_G","Defend_G","Defend_G","Survivor","Neutralize","Endless Agony","Cloak And Dagger","Footwork+1","Bouncing Flask+1","Glass Knife+1","Well Laid Plans+1","Footwork","Deadly Poison","Footwork","Adrenaline","Catalyst","Leg Sweep","Skewer+1","Footwork+1"],"relics":["Ring of the Snake","Molten Egg 2","Oddly Smooth Stone","Mummified Hand","WingedGreaves","Snecko Eye","ClockworkSouvenir"],"acts_visited":["Exordium","TheCity"],"potions_floor_usage":[23],"damage_taken":[{"damage":3.0,"enemies":"Cultist","floor":1.0,"turns":5.0},{"damage":0.0,"enemies":"2 Louse","floor":2.0,"turns":2.0},{"damage":3.0,"enemies":"Jaw Worm","floor":3.0,"turns":4.0},{"damage":1.0,"enemies":"Exordium Wildlife","floor":5.0,"turns":5.0},{"damage":14.0,"enemies":"Lagavulin","floor":6.0,"turns":7.0},{"damage":24.0,"enemies":"Gremlin Nob","floor":8.0,"turns":4.0},{"damage":0.0,"enemies":"Exordium Thugs","floor":12.0,"turns":4.0},{"damage":0.0,"enemies":"3 Sentries","floor":13.0,"turns":8.0},{"damage":0.0,"enemies":"Blue Slaver","floor":14.0,"turns":4.0},{"damage":0.0,"enemies":"Hexaghost","floor":16.0,"turns":11.0},{"damage":1.0,"enemies":"Chosen","floor":18.0,"turns":5.0},{"damage":4.0,"enemies":"3 Byrds","floor":19.0,"turns":4.0},{"damage":0.0,"enemies":"Cultist and Chosen","floor":21.0,"turns":5.0},{"damage":66,"enemies":"Slavers","floor":23,"turns":5}],"seed_played":"1169094444090350938","potions_obtained":[{"floor":2.0,"key":"Block Potion"},{"floor":3.0,"key":"AttackPotion"},{"floor":8.0,"key":"SpeedPotion"},{"floor":13.0,"key":"SkillPotion"},{"floor":14.0,"key":"SneckoOil"}],"is_trial":false,"path_per_floor":["M","M","M","?","M","E","R","E","T","R","?","M","E","M","R","B",null,"M","M","$","M","?","E"],"character_chosen":"THE_SILENT","items_purchased":["Leg Sweep","ClockworkSouvenir"],"campfire_rested":1,"item_purchase_floors":[20,20],"current_hp_per_floor":[53,53,50,50,49,35,35,11,11,34,27,27,27,27,27,27,65,64,60,60,60,60,0,0],"gold":66,"neow_bonus":"TWENTY_PERCENT_HP_BONUS","is_daily":false,"chose_seed":false,"campfire_upgraded":2,"win_rate":0.0,"timestamp":1611543980,"path_taken":["M","M","?","?","M","E","R","E","T","R","?","M","E","M","R","BOSS","M","M","$","M","?","E"],"items_purchased_type":["Card","Relic"],"build_version":"2020-12-22","purchased_purges":1,"victory":false,"max_hp_per_floor":[78,78,78,78,78,78,78,78,78,78,78,78,78,78,78,78,78,78,78,78,78,78,78,78],"card_choices":[{"not_picked":["Flying Knee","Tactician"],"picked":"Endless Agony","floor":1.0},{"not_picked":["Tactician","Heel Hook"],"picked":"Cloak And Dagger","floor":2.0},{"not_picked":["Leg Sweep","Blur"],"picked":"Footwork","floor":3.0},{"not_picked":["Acrobatics","Outmaneuver"],"picked":"Bouncing Flask","floor":5.0},{"not_picked":["Cloak And Dagger","A Thousand Cuts"],"picked":"Glass Knife+1","floor":6.0},{"not_picked":["Blade Dance","Backstab+1"],"picked":"Well Laid Plans","floor":8.0},{"not_picked":["Distraction","Deflect"],"picked":"Footwork","floor":12.0},{"not_picked":["Riddle With Holes+1","Sucker Punch+1"],"picked":"Deadly Poison","floor":13.0},{"not_picked":["Cloak And Dagger","Backflip"],"picked":"Footwork","floor":14.0},{"not_picked":["Night Terror","Burst"],"picked":"Adrenaline","floor":16.0},{"not_picked":["Infinite Blades","Blade Dance"],"picked":"Catalyst","floor":18.0},{"not_picked":["Dagger Spray+1","Outmaneuver","Quick Slash+1"],"picked":"SKIP","floor":19.0},{"not_picked":["Well Laid Plans+1","Deflect"],"picked":"Skewer+1","floor":21.0}],"player_experience":2063398,"relics_obtained":[{"floor":6.0,"key":"Molten Egg 2"},{"floor":8.0,"key":"Oddly Smooth Stone"},{"floor":9.0,"key":"Mummified Hand"},{"floor":13.0,"key":"WingedGreaves"}],"event_choices":[{"damage_healed":0.0,"max_hp_gain":0.0,"max_hp_loss":0.0,"gold_gain":0.0,"event_name":"Living Wall","player_choice":"Grow","floor":4.0,"gold_loss":0.0,"damage_taken":0.0,"cards_upgraded":["Footwork"]},{"cards_removed":["Strike_G"],"damage_healed":0.0,"max_hp_gain":0.0,"max_hp_loss":0.0,"gold_gain":0.0,"event_name":"Golden Wing","player_choice":"Card Removal","floor":11.0,"gold_loss":0.0,"damage_taken":7.0},{"damage_healed":0.0,"max_hp_gain":0.0,"max_hp_loss":0.0,"gold_gain":0.0,"event_name":"Duplicator","player_choice":"Copied","floor":22.0,"gold_loss":0.0,"damage_taken":0.0,"cards_obtained":["Footwork"]}],"is_beta":false,"boss_relics":[{"not_picked":["Calling Bell","Pandora\u0027s Box"],"picked":"Snecko Eye"}],"items_purged_floors":[20],"is_endless":false,"potions_floor_spawned":[2,3,8,13,14],"killed_by":"Slavers","ascension_level":20}}