{"host":"w8xisjf5mgmfjvmt","time":1611579655,"event":{"mods":["BaseMod","BetterRewards","Challenge The Spire","Conspire","Dota2Spire","Energized Spire","Filter the Spire","Minty Spire (QoL Compilation)","Quarter Circle Forward PUNCH!","Quick Restart","Relic Stats","Replay The Spire","Shop Mod","Spicy Shops","StSLib","Starting Relic: Pandora\u0027s Box","¡¾ÒÅÎï¿¨ÅÆ¡¿REMEMod","óô»ðÖ¸ÄÏ"],"gold_per_floor":[115,115,130,148,167,198,198,215,215,250,11,32,49,94,94,190,190,210,230,255,3,3,47,47,47,47,47,103,137,137,184,184,273,273,299,299,299,341,13,13,13,39,66,117,17,17,53,53,53,63,93,93,93,93,139,151],"floor_reached":57,"language":"ZHS","playtime":1802,"items_purged":["Body Slam","Anger"],"score":3457,"play_id":"569c830e-c0e9-443f-83c9-fb9edbb09525","local_time":"20210125210055","is_ascension_mode":true,"campfire_choices":[{"data":"Uppercut","floor":7.0,"key":"SMITH"},{"data":"Atom Bomb","floor":15.0,"key":"SMITH"},{"data":"Demon Form","floor":24.0,"key":"SMITH"},{"data":"Eclipse","floor":27.0,"key":"SMITH"},{"data":"Warcry","floor":32.0,"key":"PURGE"},{"floor":40.0,"key":"RECALL"},{"data":"Bludgeon","floor":46.0,"key":"SMITH"},{"data":"Fiend Fire","floor":49.0,"key":"SMITH"}],"circlet_count":0,"master_deck":["AscendersBane","Bash+1","Perfected Strike","Uppercut+1","Fire Breathing","Headbutt","Atom Bomb+1","Eclipse+1","Shrug It Off","Sever Soul","Burning Pact+1","Power Through+1","Impervious+1","AbeCurse","Shockwave+1","Demon Form+1","REME_Scribble+1","Fiend Fire+1","Clothesline+1","Limit Break+1","Second Wind+1","Midas Touch+1","Reaper","Uppercut+1","Bludgeon+1","Barricade"],"relics":["REME_ComplimentaryCards","Snecko Eye","CultistMask","conspire:TopHat","Toxic Egg 2","Replay:Bandana","Strange Spoon","Durian","Abe\u0027s Treasure","REME_CardOfGreed","qcfpunch:Wild_Herbs_Ointment","Thread and Needle","Snack Pack","Paper Frog","energizedSpire:EnergizedDie","Dota2Spire:PhaseBoots","Orrery","Divine Protection","Blood Vial","Dota2Spire:MantaStyle","Ring of Hypnosis","Ring of Misfortune","Replay:Bottled Eggs"],"acts_visited":["Exordium","TheCity","TheBeyond","TheEnding"],"potions_floor_usage":[56],"damage_taken":[{"damage":0.0,"enemies":"Small Slimes","floor":1.0,"turns":2.0},{"damage":0.0,"enemies":"Cultist","floor":3.0,"turns":2.0},{"damage":12.0,"enemies":"Jaw Worm","floor":4.0,"turns":2.0},{"damage":0.0,"enemies":"Looter","floor":5.0,"turns":1.0},{"damage":10.0,"enemies":"3 Sentries","floor":6.0,"turns":5.0},{"damage":0.0,"enemies":"Lots of Slimes","floor":8.0,"turns":2.0},{"damage":0.0,"enemies":"Gremlin Nob","floor":10.0,"turns":2.0},{"damage":0.0,"enemies":"3 Louse","floor":12.0,"turns":2.0},{"damage":0.0,"enemies":"Red Slaver","floor":13.0,"turns":1.0},{"damage":0.0,"enemies":"Lagavulin","floor":14.0,"turns":1.0},{"damage":27.0,"enemies":"The Guardian","floor":16.0,"turns":4.0},{"damage":0.0,"enemies":"Spheric Guardian","floor":18.0,"turns":2.0},{"damage":0.0,"enemies":"2 Thieves","floor":19.0,"turns":2.0},{"damage":0.0,"enemies":"Centurion and Healer","floor":20.0,"turns":3.0},{"damage":0.0,"enemies":"Book of Stabbing","floor":23.0,"turns":2.0},{"damage":13.0,"enemies":"Slavers","floor":28.0,"turns":4.0},{"damage":0.0,"enemies":"Snecko","floor":29.0,"turns":1.0},{"damage":2.0,"enemies":"Book of Stabbing","floor":31.0,"turns":3.0},{"damage":16.0,"enemies":"Collector","floor":33.0,"turns":4.0},{"damage":2.0,"enemies":"Orb Walker","floor":35.0,"turns":2.0},{"damage":0.0,"enemies":"conspire:MimicChest","floor":38.0,"turns":2.0},{"damage":2.0,"enemies":"Nemesis","floor":41.0,"turns":1.0},{"damage":0.0,"enemies":"3 Shapes","floor":42.0,"turns":2.0},{"damage":0.0,"enemies":"R_Hoarder","floor":44.0,"turns":3.0},{"damage":0.0,"enemies":"Nemesis","floor":47.0,"turns":3.0},{"damage":0.0,"enemies":"conspire:OrnateMirror","floor":50.0,"turns":7.0},{"damage":0.0,"enemies":"Donu and Deca","floor":51.0,"turns":4.0},{"damage":1.0,"enemies":"Shield and Spear","floor":55.0,"turns":6.0},{"damage":72,"enemies":"The Heart","floor":56,"turns":7}],"seed_played":"2120235413919292579","potions_obtained":[{"floor":3.0,"key":"HeartOfIron"},{"floor":4.0,"key":"Dota2Spire:HealingSalve"},{"floor":23.0,"key":"BlessingOfTheForge"}],"is_trial":false,"path_per_floor":["M","?","M","M","M","E","R","M","T","E","$","M","M","E","R","B",null,"M","M","M","$","?","E","R","?","T","R","E","M","?","E","R","B",null,"M","?","?","?","$","R","E","M","T","E","$","R","E","?","R","B","B",null,"R","$","E","B",null],"character_chosen":"IRONCLAD","items_purchased":["Strange Spoon","Demon Form","REME_CardOfGreed","Reaper","Orrery"],"campfire_rested":0,"item_purchase_floors":[11,21,21,39,39],"current_hp_per_floor":[68,68,68,56,56,46,46,46,46,46,46,46,46,51,51,24,66,66,66,66,66,66,66,66,66,66,66,56,56,61,61,61,50,77,78,78,78,85,85,85,90,91,91,96,96,96,99,99,99,99,99,99,99,99,102,45],"gold":151,"neow_bonus":"BOSS_RELIC","is_daily":false,"chose_seed":false,"campfire_upgraded":6,"win_rate":0.0,"timestamp":1611579655,"path_taken":["M","?","M","?","M","E","R","M","T","E","$","M","M","E","R","BOSS","M","?","M","$","?","E","R","?","T","R","E","?","?","E","R","BOSS","M","?","?","?","$","R","E","M","T","E","?","R","E","?","R","BOSS","BOSS","R","$","E","BOSS"],"items_purchased_type":["Relic","Card","Relic","Card","Relic"],"build_version":"2020-12-22","purchased_purges":2,"victory":true,"max_hp_per_floor":[75,75,75,75,75,75,75,75,75,75,75,75,75,80,80,80,80,80,80,80,80,80,80,80,80,80,80,83,83,83,83,83,86,86,89,85,85,88,88,88,91,91,91,96,96,96,99,99,99,99,99,99,99,99,102,106],"relic_stats":{"Blood Vial":0,"Strange Spoon":[56],"counters":[29,82],"Snecko Eye":[162,172,167,182],"obtain_stats":[{"Divine Protection":41,"Dota2Spire:MantaStyle":47,"Ring of Hypnosis":48,"energizedSpire:EnergizedDie":34,"Thread and Needle":26,"conspire:TopHat":6,"qcfpunch:Wild_Herbs_Ointment":23,"Blood Vial":44,"Strange Spoon":11,"Replay:Bandana":10,"Ring of Misfortune":48,"Snecko Eye":0,"Orrery":39,"Pandora\u0027s Box":0,"CultistMask":2,"Durian":14,"Snack Pack":28,"REME_CardOfGreed":21,"Toxic Egg 2":9,"Replay:Bottled Eggs":55,"Abe\u0027s Treasure":17,"REME_ComplimentaryCards":0,"Paper Frog":31,"Dota2Spire:PhaseBoots":38},{"Divine Protection":22,"Dota2Spire:MantaStyle":25,"Ring of Hypnosis":25,"energizedSpire:EnergizedDie":19,"Thread and Needle":15,"conspire:TopHat":5,"qcfpunch:Wild_Herbs_Ointment":15,"Blood Vial":24,"Strange Spoon":7,"Replay:Bandana":7,"Ring of Misfortune":25,"Snecko Eye":0,"Orrery":21,"Pandora\u0027s Box":0,"CultistMask":1,"Durian":10,"Snack Pack":16,"REME_CardOfGreed":14,"Toxic Egg 2":6,"Replay:Bottled Eggs":28,"Abe\u0027s Treasure":11,"REME_ComplimentaryCards":0,"Paper Frog":18,"Dota2Spire:PhaseBoots":21},{"Divine Protection":50,"Dota2Spire:MantaStyle":58,"Ring of Hypnosis":58,"energizedSpire:EnergizedDie":45,"Thread and Needle":33,"conspire:TopHat":12,"qcfpunch:Wild_Herbs_Ointment":33,"Blood Vial":55,"Strange Spoon":16,"Replay:Bandana":16,"Ring of Misfortune":58,"Snecko Eye":0,"Orrery":49,"Pandora\u0027s Box":0,"CultistMask":2,"Durian":20,"Snack Pack":37,"REME_CardOfGreed":31,"Toxic Egg 2":14,"Replay:Bottled Eggs":75,"Abe\u0027s Treasure":24,"REME_ComplimentaryCards":0,"Paper Frog":41,"Dota2Spire:PhaseBoots":49}]},"card_choices":[{"not_picked":["Wild Strike","Perfected Strike","ReplayTheSpireMod:Strike From Hell"],"picked":"SKIP","floor":1.0},{"not_picked":["Dropkick","Iron Wave","Anger"],"picked":"SKIP","floor":3.0},{"not_picked":["Defy Death","Thunderclap"],"picked":"Eclipse","floor":4.0},{"not_picked":["Pummel","ReplayTheSpireMod:Strike From Hell"],"picked":"Shrug It Off","floor":5.0},{"not_picked":["Fire Breathing","Sentinel","Run Through"],"picked":"SKIP","floor":6.0},{"not_picked":["Iron Wave","True Grit","Ghostly Armor"],"picked":"SKIP","floor":8.0},{"not_picked":["Juggernaut","Corruption"],"picked":"Sever Soul","floor":10.0},{"not_picked":["Shrug It Off+1","Fire Breathing"],"picked":"Burning Pact+1","floor":12.0},{"not_picked":["Clash","Perfected Strike"],"picked":"Power Through+1","floor":13.0},{"not_picked":["Infernal Blade+1","Heavy Blade","Inflame"],"picked":"SKIP","floor":14.0},{"not_picked":["Hemogenesis","Berserk"],"picked":"Impervious+1","floor":16.0},{"not_picked":["Sentinel+1","REME_FearOfPain","Inflame"],"picked":"SKIP","floor":18.0},{"not_picked":["ReplayTheSpireMod:LeadingStrike","Headbutt"],"picked":"Shockwave+1","floor":19.0},{"not_picked":["Cleave+1","Wild Strike","Run Through"],"picked":"SKIP","floor":20.0},{"not_picked":["Bloodletting+1","ReplayTheSpireMod:Strike From Hell"],"picked":"REME_Scribble+1","floor":23.0},{"not_picked":["Perfected Strike","Fire Breathing"],"picked":"Fiend Fire","floor":28.0},{"not_picked":["Fire Breathing","Thunderclap","Replay:Undeath\u0027s Touch"],"picked":"SKIP","floor":29.0},{"not_picked":["ReplayTheSpireMod:Strike From Hell","Reckless Charge"],"picked":"Clothesline+1","floor":31.0},{"not_picked":["Exhume+1","Impervious+1"],"picked":"Limit Break+1","floor":33.0},{"not_picked":["Run Through","Cleave"],"picked":"Second Wind+1","floor":35.0},{"not_picked":["Master of Strategy+1","Forethought+1"],"picked":"Midas Touch+1","floor":37.0},{"not_picked":["Body Slam","Clothesline"],"picked":"Uppercut+1","floor":39.0},{"not_picked":["Flex+1","Wild Strike+1"],"picked":"Bludgeon","floor":41.0},{"not_picked":["Run Through","Shockwave+1","Replay:Undeath\u0027s Touch+1"],"picked":"SKIP","floor":42.0},{"not_picked":["Entrench+1","Anger"],"picked":"Barricade","floor":44.0},{"not_picked":["Cleave","Anger+1","Sentinel+1"],"picked":"SKIP","floor":47.0},{"not_picked":["Searing Blow","Armaments+1","Replay:Undeath\u0027s Touch"],"picked":"SKIP","floor":55}],"player_experience":1247082,"relics_obtained":[{"floor":6.0,"key":"conspire:TopHat"},{"floor":9.0,"key":"Toxic Egg 2"},{"floor":10.0,"key":"Replay:Bandana"},{"floor":14.0,"key":"Durian"},{"floor":23.0,"key":"qcfpunch:Wild_Herbs_Ointment"},{"floor":26.0,"key":"Thread and Needle"},{"floor":28.0,"key":"Snack Pack"},{"floor":31.0,"key":"Paper Frog"},{"floor":38.0,"key":"Dota2Spire:PhaseBoots"},{"floor":41.0,"key":"Divine Protection"},{"floor":44.0,"key":"Blood Vial"},{"floor":47.0,"key":"Dota2Spire:MantaStyle"},{"floor":48.0,"key":"Ring of Hypnosis"},{"floor":48.0,"key":"Ring of Misfortune"},{"floor":55,"key":"Replay:Bottled Eggs"}],"event_choices":[{"damage_healed":0.0,"max_hp_gain":0.0,"max_hp_loss":0.0,"gold_gain":0.0,"event_name":"FaceTrader","player_choice":"Trade","floor":2.0,"gold_loss":0.0,"damage_taken":0.0,"relics_obtained":["CultistMask"]},{"damage_healed":0.0,"max_hp_gain":0.0,"max_hp_loss":0.0,"gold_gain":0.0,"event_name":"Vampires","player_choice":"Ignored","floor":22.0,"gold_loss":0.0,"damage_taken":0.0},{"cards_removed":["Reckless Charge"],"damage_healed":0.0,"max_hp_gain":0.0,"max_hp_loss":0.0,"gold_gain":0.0,"event_name":"Purifier","player_choice":"Purged","floor":25.0,"gold_loss":0.0,"damage_taken":0.0},{"cards_removed":["Warcry"],"damage_healed":5.0,"max_hp_gain":0.0,"max_hp_loss":0.0,"gold_gain":0.0,"event_name":"Bonfire Elementals","player_choice":"Offered Common","floor":30.0,"gold_loss":0.0,"damage_taken":0.0},{"cards_removed":["Warcry"],"damage_healed":5.0,"max_hp_gain":0.0,"max_hp_loss":0.0,"gold_gain":0.0,"event_name":"Bonfire Elementals","player_choice":"Offered Special","floor":30.0,"gold_loss":0.0,"damage_taken":0.0},{"damage_healed":0.0,"max_hp_gain":0.0,"max_hp_loss":4.0,"gold_gain":0.0,"event_name":"Winding Halls","player_choice":"Max HP","floor":36.0,"gold_loss":0.0,"damage_taken":0.0},{"damage_healed":0.0,"max_hp_gain":0.0,"max_hp_loss":0.0,"gold_gain":0.0,"event_name":"SensoryStone","player_choice":"Memory 1","floor":37.0,"gold_loss":0.0,"damage_taken":0.0}],"is_beta":false,"boss_relics":[{"not_picked":["ChewingGum","Tiny House"],"picked":"Abe\u0027s Treasure"},{"not_picked":["Dota2Spire:RefresherOrb","qcfpunch:Killian_Engine_Alpha"],"picked":"energizedSpire:EnergizedDie"}],"items_purged_floors":[11,45],"is_endless":false,"potions_floor_spawned":[3,4,10,13,14,16,18,23,33,38,44],"ascension_level":20}}