{"host":"kyu9ke5sn9fedrba","time":1611576374,"event":{"mods":["AchievementEnabler","Act Like it!","Arknights The Spire","Ascension Reborn","Aspiration","BaseMod","BetterRewards","Duelist Mod","Friendly Minions","Gensokyo","Googly Eyes","GungeonMod","KinomotoSakuraMod(ƒæ÷Æ±æ”£)","Kiyohime£®«Âºß£©","Marisa£®ÏF”Í°°ƒß¿Ì…≥£©","Minty Spire (QoL Compilation)","Pale of the Ancients","Quick Restart","Reimu£®≤©¿ˆ¡È√Œ£©","Remilia£®¿Ÿ√◊¿Ú—«£©","Replay The Spire","StSLib","Td1madao Mod","The Bug Knight","The Construct","The Cursed","The Runesmith","The Senshi","The Servant 0.9.4","UnlockEverythingMod","Youmu£®ªÍ∆«—˝√Œ£©","[IsaacMod]“‘»ˆº‚À˛"],"gold_per_floor":[109,128,128,0,0,0,0],"floor_reached":6,"language":"ZHS","playtime":448,"items_purged":[],"score":34,"play_id":"b67cd850-1b92-4449-8fdb-f903ef7e4eec","local_time":"20210125200614","is_ascension_mode":true,"campfire_choices":[],"circlet_count":0,"master_deck":["ats:Strike C","ats:Strike G","ats:Strike S","ats:Strike V","ats:Armor Crushing Shot","ats:Defend","ats:Defend","ats:Defend","ats:Defend","ats:Emotion Absorption","BloodyBrimstone","Pain","ats:Automatic Cover","ats:Directed Diagnosis"],"relics":["ats:Sanity","HushsDoor","MaYiHuaBei","Gensokyo:LunaticRedEyes","Replay:PocketPolymizer","Gensokyo:CelestialsFlawlessClothing"],"acts_visited":["Gensokyo:Gensokyo"],"potions_floor_usage":[],"damage_taken":[{"damage":11.0,"enemies":"Gensokyo:Python","floor":1.0,"turns":4.0},{"damage":10.0,"enemies":"Gensokyo:2_Kodama","floor":2.0,"turns":4.0},{"damage":77,"enemies":"Gensokyo:Mamizou","floor":6,"turns":15}],"seed_played":"-3303301554689636855","potions_obtained":[],"is_trial":false,"path_per_floor":["M","M","?","$","?","E"],"character_chosen":"DOCTOR_CLASS","items_purchased":["Replay:PocketPolymizer"],"campfire_rested":0,"item_purchase_floors":[4],"current_hp_per_floor":[61,51,58,58,40,64,64],"gold":0,"neow_bonus":"RANDOM_EVENT","is_daily":false,"chose_seed":false,"campfire_upgraded":0,"win_rate":0.0,"timestamp":1611576374,"path_taken":["M","M","?","?","?","E"],"items_purchased_type":["Relic"],"build_version":"2020-12-22","purchased_purges":0,"victory":false,"max_hp_per_floor":[72,72,72,72,72,69,69],"card_choices":[{"not_picked":[],"picked":"BloodyBrimstone","floor":0.0},{"not_picked":["ats:Ignite","ats:Leaping Hammer"],"picked":"ats:Automatic Cover","floor":1.0},{"not_picked":["ats:Rapid Magazine","ats:Powerful Strike"],"picked":"ats:Directed Diagnosis","floor":2.0}],"player_experience":234510,"relics_obtained":[],"event_choices":[],"is_beta":false,"boss_relics":[],"items_purged_floors":[],"is_endless":false,"potions_floor_spawned":[],"killed_by":"Gensokyo:Mamizou","ascension_level":0}}