{"host":"92ge7uk92o4z80va","time":1611534953,"event":{"mods":["AchievementEnabler","Act Like it!","BaseMod","Better Third Choice","BetterRewards","Curses Come First","Evolution","HololiveMod","Hubris","Infinite Spire","Lobotomy","LobotomyExtend","Marisa????????","Minty Spire (QoL Compilation)","Quick Restart","Replay The Spire","Robot Space Explorer","Spire Arcade","StSLib","The Blue Laboratory","The Bug Knight","The Runesmith"],"gold_per_floor":[119,119,80,91,107,134,144,175,175,193,225,7,7,26,26,129,129,146,146,165,185,195,195,195,195],"floor_reached":24,"language":"ENG","playtime":1023,"items_purged":[],"score":245,"play_id":"57c7568c-b7ac-4065-a7cc-c0a655270e03","local_time":"20210124193553","is_ascension_mode":false,"campfire_choices":[{"data":"HollowMod:MantisMark","floor":15,"key":"SMITH"},{"data":"HollowMod:Hiveblood","floor":23,"key":"SMITH"}],"circlet_count":0,"master_deck":["HollowMod:SoulStrike","HollowMod:SoulStrike","HollowMod:SoulStrike","HollowMod:SoulStrike","HollowMod:QuickDashStart","HollowMod:QuickDashStart","HollowMod:QuickDashStart","HollowMod:QuickDashStart","HollowMod:FocusHealStart","HollowMod:PogoStrike","HollowMod:Hiveblood+1","HollowMod:DoubleDash","HollowMod:DashSlash+1","HollowMod:DoubleDash","HollowMod:DoubleDash","HollowMod:VengefulSpirit","HollowMod:MantisMark+1","HollowMod:CloakDash","HollowMod:HowlingWraiths","HollowMod:SoulSplash","HollowMod:theNailsmith","HollowMod:PureNailStrike+1","HollowMod:LifebloodCocoon"],"relics":["HollowMod:VesselMask","EVO:Axolotl","RedMistMask","Iron Hammer","hubris:Potato","Strawberry","hubris:Reverence","Replay:Mystery Machine","Hololive_ChaosS"],"acts_visited":["Exordium","TheCity"],"potions_floor_usage":[16,24,24,24],"damage_taken":[{"damage":14,"enemies":"Cultist","floor":1,"turns":4},{"damage":1,"enemies":"Jaw Worm","floor":4,"turns":2},{"damage":0,"enemies":"Small Slimes","floor":5,"turns":3},{"damage":1,"enemies":"Gremlin Nob","floor":6,"turns":3},{"damage":13,"enemies":"Red Slaver","floor":7,"turns":2},{"damage":35,"enemies":"Lagavulin","floor":8,"turns":5},{"damage":5,"enemies":"Gremlin Gang","floor":10,"turns":3},{"damage":4,"enemies":"Gremlin Nob","floor":11,"turns":4},{"damage":0,"enemies":"Blue Slaver","floor":14,"turns":3},{"damage":73,"enemies":"The Guardian","floor":16,"turns":12},{"damage":0,"enemies":"Shell Parasite","floor":18,"turns":3},{"damage":54,"enemies":"3 Byrds","floor":20,"turns":6},{"damage":20,"enemies":"Sentry and Sphere","floor":21,"turns":4},{"damage":15,"enemies":"Snake Plant","floor":22,"turns":3},{"damage":56,"enemies":"Cultist and Chosen","floor":24,"turns":4}],"seed_played":"8894413857410522952","potions_obtained":[{"floor":1,"key":"blueLaboratory:Moonshine"},{"floor":4,"key":"SteroidPotion"},{"floor":11,"key":"Cursed Concoction"},{"floor":18,"key":"Swift Potion"},{"floor":21,"key":"blueLaboratory:FruitPunch"}],"is_trial":false,"path_per_floor":["M","?","$","M","M","E","M","E","T","M","E","$","?","M","R","B",null,"M","?","M","M","M","R","M"],"character_chosen":"THE_BUGKNIGHT","items_purchased":["HollowMod:DashSlash+1","HollowMod:VengefulSpirit","Replay:Mystery Machine"],"campfire_rested":0,"item_purchase_floors":[3,12,12],"current_hp_per_floor":[59,59,59,58,58,63,50,47,54,62,76,76,82,82,82,15,82,82,82,49,29,27,27,0,0],"gold":195,"neow_bonus":"THREE_RARE_CARDS","is_daily":false,"chose_seed":false,"campfire_upgraded":2,"win_rate":0.0,"timestamp":1611534953,"path_taken":["M","?","$","M","M","E","M","E","T","M","E","?","?","M","R","BOSS","M","?","M","?","M","R","M"],"items_purchased_type":["Card","Card","Relic"],"build_version":"2020-12-22","purchased_purges":0,"victory":false,"max_hp_per_floor":[75,75,75,75,75,75,75,75,82,82,82,82,82,82,82,82,82,82,82,82,82,82,82,84,84],"card_choices":[{"not_picked":["HollowMod:NewInfectedGuardian","HollowMod:LifebloodCore"],"picked":"HollowMod:Hiveblood","floor":0},{"not_picked":["HollowMod:WraithStrike","HollowMod:BlackTendrils"],"picked":"HollowMod:DoubleDash","floor":1},{"not_picked":["HollowMod:HeavyBlow","HollowMod:BaldurShell"],"picked":"HollowMod:DoubleDash","floor":4},{"not_picked":["HollowMod:WraithStrike","HollowMod:MawleksShell"],"picked":"HollowMod:DoubleDash","floor":5},{"not_picked":["HollowMod:LifebloodCocoon","HollowMod:DashSlash"],"picked":"HollowMod:VengefulSpirit","floor":6},{"not_picked":["HollowMod:ShadowDash","HollowMod:SoulMaster","HollowMod:RecoilStrike"],"picked":"SKIP","floor":7},{"not_picked":["HollowMod:SharpenedNail","HollowMod:CornifersMapStart"],"picked":"HollowMod:MantisMark","floor":8},{"not_picked":["HollowMod:VengefulVoid","HollowMod:SiblingsSouls"],"picked":"HollowMod:CloakDash","floor":10},{"not_picked":["HollowMod:BlackTendrils","HollowMod:NewJinnsSoul"],"picked":"HollowMod:HowlingWraiths","floor":11},{"not_picked":["HollowMod:DashSlash","HollowMod:SoulStrike"],"picked":"HollowMod:SoulSplash","floor":14},{"not_picked":["HollowMod:HornetsHelp","HollowMod:ElderbugsWisdom"],"picked":"HollowMod:theNailsmith","floor":16},{"not_picked":["HollowMod:SoulStrike","HollowMod:VengefulVoid"],"picked":"HollowMod:PureNailStrike+1","floor":18},{"not_picked":["HollowMod:CornifersMapStart","HollowMod:InfectionAssault"],"picked":"HollowMod:LifebloodCocoon","floor":20},{"not_picked":["HollowMod:FastStrike","HollowMod:NewLittleFool+1","HollowMod:NewInfectedGuardian"],"picked":"SKIP","floor":21},{"not_picked":["HollowMod:SharpenedNail","HollowMod:DescendingDark","HollowMod:MonarchWings+1"],"picked":"SKIP","floor":22}],"player_experience":38479,"relics_obtained":[{"floor":1,"key":"RedMistMask"},{"floor":6,"key":"Iron Hammer"},{"floor":8,"key":"hubris:Potato"},{"floor":9,"key":"Strawberry"},{"floor":11,"key":"hubris:Reverence"}],"event_choices":[{"damage_healed":0,"gold_gain":0,"player_choice":"Ignored","damage_taken":0,"max_hp_gain":0,"max_hp_loss":0,"event_name":"Purifier","floor":2,"gold_loss":0},{"cards_removed":["HollowMod:VengefulSpirit"],"damage_healed":6,"gold_gain":0,"player_choice":"Offered Uncommon","damage_taken":0,"max_hp_gain":0,"max_hp_loss":0,"event_name":"Bonfire Elementals","floor":13,"gold_loss":0},{"damage_healed":0,"gold_gain":0,"player_choice":"Ignored","damage_taken":0,"max_hp_gain":0,"max_hp_loss":0,"event_name":"Purifier","floor":19,"gold_loss":0}],"is_beta":false,"boss_relics":[{"not_picked":["Runic Pyramid","Abe\u0027s Treasure"],"picked":"Hololive_ChaosS"}],"items_purged_floors":[],"is_endless":false,"potions_floor_spawned":[1,4,11,14,18,20,21],"killed_by":"Cultist and Chosen","ascension_level":0}}