{"host":"d8d3jqle49sogkjv","time":1611589724,"event":{"mods":["BaseMod","Colored Map","Colored Powertips","Minty Spire (QoL Compilation)","StSLib"],"gold_per_floor":[111,111,111,286,299,299,299,18,18,51,51,63,85,127,139,151,151],"floor_reached":16,"language":"ENG","playtime":712,"items_purged":["Doubt"],"score":164,"play_id":"5b8cf958-9f70-4b7f-b1fd-8264cbf51d51","local_time":"20210125164844","is_ascension_mode":true,"campfire_choices":[{"data":"Shrug It Off","floor":7,"key":"SMITH"},{"data":"Sword Boomerang","floor":15,"key":"SMITH"}],"circlet_count":0,"master_deck":["AscendersBane","Strike_R","Strike_R","Strike_R","Strike_R","Defend_R","Defend_R","Defend_R","Bash+1","Battle Trance","Shrug It Off+1","Shrug It Off+1","Ghostly Armor+1","Sword Boomerang+1"],"relics":["Burning Blood","PreservedInsect","Toxic Egg 2","Happy Flower","MawBank","Self Forming Clay"],"acts_visited":["Exordium"],"potions_floor_usage":[10,10,16],"damage_taken":[{"damage":0,"enemies":"2 Louse","floor":1,"turns":4},{"damage":7,"enemies":"Jaw Worm","floor":5,"turns":3},{"damage":16,"enemies":"3 Sentries","floor":10,"turns":6},{"damage":0,"enemies":"Cultist","floor":13,"turns":4},{"damage":9,"enemies":"Lagavulin","floor":14,"turns":5},{"damage":87,"enemies":"Hexaghost","floor":16,"turns":16}],"seed_played":"8554668139630541918","potions_obtained":[{"floor":1,"key":"BlessingOfTheForge"},{"floor":5,"key":"ColorlessPotion"},{"floor":13,"key":"Dexterity Potion"},{"floor":14,"key":"BloodPotion"}],"is_trial":false,"path_per_floor":["M","?","?","?","M","?","R","$","T","E","T","?","M","E","R","B"],"character_chosen":"IRONCLAD","items_purchased":["PreservedInsect","Shrug It Off"],"campfire_rested":0,"item_purchase_floors":[8,8],"current_hp_per_floor":[78,71,71,71,70,75,75,75,75,65,65,65,71,68,68,0,0],"gold":151,"neow_bonus":"TRANSFORM_CARD","is_daily":false,"chose_seed":false,"campfire_upgraded":2,"win_rate":0.0,"timestamp":1611589724,"path_taken":["M","?","?","?","?","?","R","$","T","E","?","?","M","E","R","BOSS"],"items_purchased_type":["Relic","Card"],"build_version":"2020-12-22","purchased_purges":1,"victory":false,"max_hp_per_floor":[80,80,80,80,80,85,85,85,85,85,85,85,85,85,85,85,85],"card_choices":[{"not_picked":["Fire Breathing","Reckless Charge","Warcry"],"picked":"SKIP","floor":1},{"not_picked":["Clothesline","Perfected Strike"],"picked":"Shrug It Off","floor":5},{"not_picked":["Cleave","Iron Wave"],"picked":"Ghostly Armor+1","floor":10},{"not_picked":["Rupture","Anger","Whirlwind"],"picked":"SKIP","floor":13},{"not_picked":["Thunderclap","Heavy Blade"],"picked":"Sword Boomerang","floor":14}],"player_experience":438690,"relics_obtained":[{"floor":9,"key":"Toxic Egg 2"},{"floor":10,"key":"Happy Flower"},{"floor":11,"key":"MawBank"},{"floor":14,"key":"Self Forming Clay"}],"event_choices":[{"cards_removed":["Defend_R"],"damage_healed":0,"gold_gain":0,"player_choice":"Card Removal","damage_taken":7,"max_hp_gain":0,"max_hp_loss":0,"event_name":"Golden Wing","floor":2,"gold_loss":0},{"damage_healed":0,"gold_gain":0,"player_choice":"Grow","damage_taken":0,"max_hp_gain":0,"max_hp_loss":0,"event_name":"Living Wall","floor":3,"gold_loss":0,"cards_upgraded":["Bash"]},{"damage_healed":0,"gold_gain":175,"player_choice":"AGREE","damage_taken":0,"max_hp_gain":0,"max_hp_loss":0,"event_name":"Liars Game","floor":4,"gold_loss":0,"cards_obtained":["Doubt"]},{"damage_healed":0,"gold_gain":0,"player_choice":"Donut","damage_taken":0,"max_hp_gain":5,"max_hp_loss":0,"event_name":"Big Fish","floor":6,"gold_loss":0},{"damage_healed":0,"gold_gain":0,"player_choice":"Upgraded","damage_taken":0,"max_hp_gain":0,"max_hp_loss":0,"event_name":"Upgrade Shrine","floor":12,"gold_loss":0,"cards_upgraded":["Shrug It Off"]}],"is_beta":false,"boss_relics":[],"items_purged_floors":[8],"is_endless":false,"potions_floor_spawned":[1,5,13,14],"killed_by":"Hexaghost","ascension_level":11}}