{"host":"6dzkwbf36t1khqct","time":1611608368,"event":{"mods":["AchievementEnabler","BaseMod","Beaked The Cultist","Better Third Choice","Colored Map","Colored Powertips","Conspire","Curses Come First","Displayed Cursed Tome","Downfall","Friendly Minions","Glutton Mod","Hubris","Infinite Spire","Koishi","Lobotomy","Mad Scientist","Marisa????????","Minty Spire (QoL Compilation)","Quick Restart","Replay The Spire","Robot Space Explorer","Say the Spire","StSLib","The Blackbeard","The Construct","The Cursed","The Disciple","The Hierophant","The Mystic","The Runesmith","The Servant 0.9.4","The Witch","??????REMEMod"],"gold_per_floor":[114,114,124,124,139,139,150,150,204,236,236,18,33,33,33,128,128,148,161,161,161,172,201,217,217,241,241,208,227,262,273,273,339,339,378,378,378,481,527,527,581,632,658,819,884,949,949,975,975,975,975],"floor_reached":50,"language":"ENG","playtime":4751,"items_purged":[],"score":734,"play_id":"2cb280bf-dac9-4f26-8ffd-cc49ce86a881","local_time":"20210125185928","is_ascension_mode":false,"campfire_choices":[{"data":"Chrysalis","floor":6,"key":"SMITH"},{"data":"hubris:PowerSurge","floor":15,"key":"SMITH"},{"floor":25,"key":"REST"},{"floor":27,"key":"REST"},{"floor":32,"key":"REST"},{"floor":40,"key":"REST"},{"data":"Creative AI","floor":47,"key":"SMITH"},{"floor":49,"key":"REST"}],"circlet_count":0,"master_deck":["conspire:GhostlyStrike","conspire:GhostlyStrike","conspire:GhostlyStrike","conspire:GhostlyDefend","conspire:GhostlyDefend","Zap","Dualcast","Chrysalis+1","Redo","Self Repair+1","Hello World+1","hubris:PowerSurge+2","Rainbow","Storm+1","Capacitor","Cold Snap","Force Field+1","Redo","Double Energy+1","Loop","Undo+1","Stack+1","Lockon+1","Lockon+1","Creative AI+1","Electrodynamics","Static Discharge","ReplayTheSpireMod:Dual Polarity+1","Chill+1","ReplayTheSpireMod:Calculation Training+1","hubris:Ukulele+1","Auto Shields+1","White Noise","hubris:PowerSurge+1","Panic Button+1"],"relics":["Cracked Core","REME_ComplimentaryCards","hubris:Towel","Vajra","conspire:DeflatedDodgeball","Guide Book","conspire:RunicOctahedron","Replay:Blank Codex","Prayer Wheel","REME_PuzzleBoxRelic","Regal Pillow","Prayer Wheel","conspire:InfiniteJournal","infinitespire:EvilPickle","Empty Cage","hubris:Icosahedron","Ancient Tea Set","construct:BoolHorns","Gremlin Food"],"acts_visited":["Exordium","TheCity","TheBeyond"],"potions_floor_usage":[10,23,30,31,31,41,41,45,50,50,50],"damage_taken":[{"damage":1,"enemies":"Jaw Worm","floor":1,"turns":5},{"damage":1,"enemies":"Cultist","floor":3,"turns":3},{"damage":13,"enemies":"2 Louse","floor":5,"turns":2},{"damage":9,"enemies":"Blue Slaver","floor":7,"turns":4},{"damage":13,"enemies":"Gremlin Nob","floor":10,"turns":3},{"damage":0,"enemies":"Looter","floor":13,"turns":2},{"damage":27,"enemies":"The Guardian","floor":16,"turns":9},{"damage":20,"enemies":"2 Thieves","floor":18,"turns":4},{"damage":11,"enemies":"Shell Parasite","floor":19,"turns":5},{"damage":34,"enemies":"Snake Plant","floor":22,"turns":4},{"damage":24,"enemies":"Book of Stabbing","floor":23,"turns":5},{"damage":7,"enemies":"Cultist and Chosen","floor":24,"turns":4},{"damage":11,"enemies":"Chosen and Byrds","floor":29,"turns":4},{"damage":43,"enemies":"Gremlin Leader","floor":30,"turns":9},{"damage":22,"enemies":"Sentry and Sphere","floor":31,"turns":4},{"damage":19,"enemies":"Pondfish","floor":33,"turns":6},{"damage":16,"enemies":"3 Shapes","floor":35,"turns":5},{"damage":32,"enemies":"3 Darklings","floor":39,"turns":3},{"damage":3,"enemies":"Writhing Mass","floor":41,"turns":5},{"damage":0,"enemies":"Spire Growth","floor":42,"turns":4},{"damage":3,"enemies":"4 Shapes","floor":44,"turns":2},{"damage":7,"enemies":"Transient","floor":45,"turns":5},{"damage":11,"enemies":"Mind Bloom Boss Battle","floor":46,"turns":5},{"damage":13,"enemies":"conspire:MimicChest","floor":48,"turns":3},{"damage":118,"enemies":"conspire:OrnateMirror","floor":50,"turns":8}],"seed_played":"1287630992737616429","potions_obtained":[{"floor":7,"key":"ColorlessPotion"},{"floor":10,"key":"Elixir"},{"floor":13,"key":"Guardian:BlockOnCardUsePotion"},{"floor":16,"key":"BlessingOfTheForge"},{"floor":23,"key":"sneckomod:MuddlingPotion"},{"floor":33,"key":"LiquidBronze"},{"floor":35,"key":"bronze:BurnAndBuffPotion"},{"floor":39,"key":"SkillPotion"},{"floor":41,"key":"Strength Potion"},{"floor":44,"key":"EssenceOfSteel"},{"floor":46,"key":"Block Potion"}],"is_trial":false,"path_per_floor":["M","?","M","?","M","R","M","?","T","E","?","$","M","?","R","B",null,"M","M","?","?","M","E","M","R","T","R","$","M","E","M","R","B",null,"M","?","?","?","M","R","M","M","T","M","M","?","R","?","R","B"],"character_chosen":"DEFECT","items_purchased":["Guide Book","hubris:PowerSurge","Loop"],"campfire_rested":5,"item_purchase_floors":[12,12,28],"current_hp_per_floor":[81,81,80,80,67,67,58,58,58,45,45,45,45,45,45,28,82,72,71,71,55,31,17,20,44,44,82,82,81,48,36,75,56,82,79,79,79,47,25,64,71,89,89,90,90,79,79,66,90,0,0],"gold":975,"neow_bonus":"TEN_PERCENT_HP_BONUS","is_daily":false,"chose_seed":false,"campfire_upgraded":3,"win_rate":0.0,"timestamp":1611608368,"path_taken":["M","?","?","?","M","R","M","?","T","E","?","$","?","?","R","BOSS","M","M","?","?","?","E","M","R","T","R","?","M","E","M","R","BOSS","M","?","?","?","?","R","M","M","T","M","M","?","R","?","R","BOSS"],"items_purchased_type":["Relic","Card","Card"],"build_version":"2020-12-22","purchased_purges":0,"victory":false,"max_hp_per_floor":[82,82,82,82,82,82,82,82,82,82,82,82,82,82,82,82,82,82,82,82,82,82,82,82,82,82,82,82,82,82,82,82,82,82,82,82,82,82,82,82,82,90,90,90,90,90,90,90,90,90,90],"card_choices":[{"not_picked":["Sweeping Beam","conspire:Rain","Beam Cell"],"picked":"SKIP","floor":1},{"not_picked":["Beam Cell","Steam Power"],"picked":"Redo","floor":3},{"not_picked":["Barrage","Crystallizer"],"picked":"Self Repair","floor":5},{"not_picked":["Go for the Eyes","Undo","Redo"],"picked":"SKIP","floor":7},{"not_picked":["Go for the Eyes","Sweeping Beam"],"picked":"Hello World","floor":10},{"not_picked":["Panic Button","Heatsinks","Stack"],"picked":"SKIP","floor":13},{"not_picked":["REME_Shoggoth","Thunder Strike"],"picked":"Rainbow","floor":16},{"not_picked":["Leap","Cold Snap"],"picked":"Storm","floor":18},{"not_picked":["ReplaySort","Streamline"],"picked":"Capacitor","floor":19},{"not_picked":["REME_Whirling","Genetic Algorithm"],"picked":"Cold Snap","floor":22},{"not_picked":["hubris:Ukulele","conspire:SharedLibrary"],"picked":"Force Field+1","floor":23},{"not_picked":["Cold Snap","Stack"],"picked":"Redo","floor":24},{"not_picked":["ReplayTheSpireMod:Reroute Power","Panic Button"],"picked":"Double Energy+1","floor":24},{"not_picked":["Go for the Eyes","Rebound"],"picked":"Undo+1","floor":29},{"not_picked":["Ball Lightning","Reprogram"],"picked":"Stack+1","floor":29},{"not_picked":["Steam","REME_Whirling"],"picked":"Lockon+1","floor":30},{"not_picked":["Tempest","Reprogram"],"picked":"Lockon+1","floor":31},{"not_picked":["Lockon+1","Ball Lightning"],"picked":"Creative AI","floor":31},{"not_picked":["BasicCrystalCard","Ball Lightning","Reprogram+1"],"picked":"SKIP","floor":31},{"not_picked":["Steam Power","Redo"],"picked":"Electrodynamics","floor":35},{"not_picked":["Conserve Battery+1","Gash"],"picked":"Static Discharge","floor":35},{"not_picked":["Leap","Cold Snap+1","Genetic Algorithm+1"],"picked":"SKIP","floor":35},{"not_picked":["Ball Lightning+1","Aggregate+1"],"picked":"ReplayTheSpireMod:Dual Polarity+1","floor":38},{"not_picked":["Conserve Battery+1","Barrage"],"picked":"Chill+1","floor":38},{"not_picked":["BasicCrystalCard+1","Leap+1"],"picked":"ReplayTheSpireMod:Calculation Training+1","floor":39},{"not_picked":["Tempest+1","ReplayTheSpireMod:Reroute Power+1","Barrage+1"],"picked":"SKIP","floor":39},{"not_picked":["Leap","hubris:Prefetch","Streamline+1"],"picked":"SKIP","floor":39},{"not_picked":["BasicCrystalCard+1","Panic Button"],"picked":"hubris:Ukulele+1","floor":41},{"not_picked":["Sweeping Beam+1","REME_Whirling","Compile Driver"],"picked":"SKIP","floor":41},{"not_picked":["Conserve Battery","Panic Button","Gash+1"],"picked":"SKIP","floor":41},{"not_picked":["Compile Driver+1","ReplayGash+1","Stack"],"picked":"SKIP","floor":42},{"not_picked":["REME_DataAnalysis","Chaos","ReplayTheSpireMod:Dual Polarity+1"],"picked":"SKIP","floor":42},{"not_picked":["Coolheaded","Stack+1","Rebound+1"],"picked":"SKIP","floor":42},{"not_picked":["ReplayTheSpireMod:GoodbyeWorld","Redo"],"picked":"Auto Shields+1","floor":44},{"not_picked":["Gash+1","ReplayTheSpireMod:Fabricate Wheel","FIFO Queue+1"],"picked":"SKIP","floor":44},{"not_picked":["ReplayTheSpireMod:System Scan","Streamline+1","Barrage+1"],"picked":"SKIP","floor":44},{"not_picked":["Rip and Tear","ReplayGash"],"picked":"White Noise","floor":45},{"not_picked":["All For One","Sweeping Beam"],"picked":"hubris:PowerSurge+1","floor":45},{"not_picked":["ReplayTheSpireMod:GoodbyeWorld","Gash"],"picked":"Panic Button+1","floor":45}],"player_experience":35359,"relics_obtained":[{"floor":9,"key":"Vajra"},{"floor":10,"key":"conspire:DeflatedDodgeball"},{"floor":23,"key":"REME_PuzzleBoxRelic"},{"floor":26,"key":"Regal Pillow"},{"floor":30,"key":"conspire:InfiniteJournal"},{"floor":43,"key":"Ancient Tea Set"},{"floor":46,"key":"construct:BoolHorns"},{"floor":48,"key":"Gremlin Food"}],"event_choices":[{"damage_healed":0,"gold_gain":0,"cards_transformed":["REME_ProfessionalPlagiarism"],"player_choice":"Transformed","damage_taken":0,"max_hp_gain":0,"max_hp_loss":0,"event_name":"Transmorgrifier","floor":2,"gold_loss":0,"cards_obtained":["Chrysalis"]},{"damage_healed":0,"gold_gain":0,"player_choice":"Leave","damage_taken":0,"max_hp_gain":0,"max_hp_loss":0,"event_name":"conspire:Investor","floor":4,"gold_loss":0},{"damage_healed":0,"gold_gain":0,"player_choice":"Bought 0 Potions","damage_taken":0,"max_hp_gain":0,"max_hp_loss":0,"event_name":"The Woman in Blue","floor":11,"gold_loss":0},{"damage_healed":0,"gold_gain":0,"player_choice":"Agree","damage_taken":0,"max_hp_gain":0,"max_hp_loss":0,"event_name":"conspire:LoneGhost","floor":14,"gold_loss":0},{"damage_healed":0,"gold_gain":0,"player_choice":"Obtained Book","damage_taken":16,"max_hp_gain":0,"max_hp_loss":0,"event_name":"Cursed Tome","floor":21,"gold_loss":0},{"damage_healed":0,"gold_gain":0,"player_choice":"Ignored","damage_taken":0,"max_hp_gain":0,"max_hp_loss":0,"event_name":"Tomb of Lord Red Mask","floor":36,"gold_loss":0},{"damage_healed":0,"gold_gain":0,"player_choice":"Fight","damage_taken":0,"max_hp_gain":0,"max_hp_loss":0,"event_name":"MindBloom","floor":46,"gold_loss":0}],"is_beta":false,"boss_relics":[{"not_picked":["hubris:GrandSneckoEye","hubris:TerracottaHorce"],"picked":"conspire:RunicOctahedron"},{"not_picked":["Replay:Wanted Poster","Fusion Hammer"],"picked":"Empty Cage"}],"items_purged_floors":[],"is_endless":false,"potions_floor_spawned":[7,10,13,16,19,23,29,30,33,35,39,41,44],"killed_by":"conspire:OrnateMirror","ascension_level":0}}