{"host":"a1eatafr7pisesky","time":1611565905,"event":{"mods":["AchievementEnabler","BaseMod","Colored Map","Keyboard Shortcuts","Minty Spire (QoL Compilation)","Say the Spire","StSLib","SuperFastMode","everything is the same but u backflip on backflip"],"gold_per_floor":[110,110,110,126,142,176,176,195,195,212,212,228,255,274,274,371,371,387,168,188,188,203,203,128,163,163,179,7,21,54,73,73,73,73],"floor_reached":33,"language":"KOR","playtime":1074,"items_purged":["Strike_P","Strike_P"],"score":498,"play_id":"10aa7e54-c777-45c6-b802-8b7362102f67","local_time":"20210125181145","is_ascension_mode":true,"campfire_choices":[{"floor":7.0,"key":"REST"},{"data":"Eruption","floor":11.0,"key":"SMITH"},{"floor":15.0,"key":"REST"},{"data":"Scrawl","floor":23.0,"key":"SMITH"},{"floor":32.0,"key":"REST"}],"circlet_count":0,"master_deck":["Strike_P+1","Strike_P","Defend_P+1","Eruption+1","Vigilance","Consecrate","InnerPeace","FollowUp","Worship","Prostrate+1","Vengeance","EmptyFist","Scrawl+1","CurseOfTheBell","Prostrate","Ghostly","Ghostly","Ghostly","Ghostly","Ghostly","BowlingBash","Tantrum","LessonLearned"],"relics":["PureWater","Orichalcum","InkBottle","Turnip","Calling Bell","Bronze Scales","Pear","Gambling Chip","War Paint","Regal Pillow","Bag of Preparation","PreservedInsect"],"acts_visited":["Exordium","TheCity"],"potions_floor_usage":[33,33,33],"damage_taken":[{"damage":0.0,"enemies":"Small Slimes","floor":1.0,"turns":4.0},{"damage":0.0,"enemies":"2 Louse","floor":4.0,"turns":3.0},{"damage":0.0,"enemies":"Cultist","floor":5.0,"turns":2.0},{"damage":50.0,"enemies":"Lagavulin","floor":6.0,"turns":4.0},{"damage":7.0,"enemies":"Large Slime","floor":8.0,"turns":4.0},{"damage":10.0,"enemies":"2 Fungi Beasts","floor":10.0,"turns":3.0},{"damage":5.0,"enemies":"Red Slaver","floor":12.0,"turns":3.0},{"damage":6.0,"enemies":"Gremlin Nob","floor":13.0,"turns":3.0},{"damage":0.0,"enemies":"Large Slime","floor":14.0,"turns":3.0},{"damage":32.0,"enemies":"The Guardian","floor":16.0,"turns":12.0},{"damage":22.0,"enemies":"3 Byrds","floor":18.0,"turns":3.0},{"damage":14.0,"enemies":"2 Thieves","floor":20.0,"turns":2.0},{"damage":0.0,"enemies":"Centurion and Healer","floor":22.0,"turns":6.0},{"damage":24.0,"enemies":"Book of Stabbing","floor":25.0,"turns":5.0},{"damage":0.0,"enemies":"Snecko","floor":27.0,"turns":5.0},{"damage":0.0,"enemies":"Sentry and Sphere","floor":29.0,"turns":4.0},{"damage":0.0,"enemies":"Slavers","floor":30.0,"turns":6.0},{"damage":0.0,"enemies":"Centurion and Healer","floor":31.0,"turns":5.0},{"damage":41,"enemies":"Champ","floor":33,"turns":7}],"seed_played":"4279405984247843326","potions_obtained":[{"floor":4.0,"key":"Swift Potion"},{"floor":6.0,"key":"Fruit Juice"},{"floor":10.0,"key":"Energy Potion"},{"floor":13.0,"key":"EssenceOfSteel"},{"floor":20.0,"key":"Fruit Juice"},{"floor":27.0,"key":"EssenceOfSteel"},{"floor":30.0,"key":"SteroidPotion"}],"is_trial":false,"path_per_floor":["M","?","?","M","M","E","R","M","T","M","R","M","E","M","R","B",null,"M","$","M","?","M","R","?","E","T","M","$","M","E","M","R","B"],"character_chosen":"WATCHER","items_purchased":["War Paint","Regen Potion"],"campfire_rested":3,"item_purchase_floors":[19,28],"current_hp_per_floor":[65,65,65,65,65,15,36,29,29,19,19,14,8,8,29,2,68,46,46,32,32,32,32,32,8,13,13,13,13,13,13,42,10,10],"gold":73,"neow_bonus":"REMOVE_CARD","is_daily":false,"chose_seed":false,"campfire_upgraded":2,"win_rate":0.0,"timestamp":1611565905,"path_taken":["M","?","?","?","M","E","R","M","T","M","R","M","E","M","R","BOSS","M","$","M","?","M","R","?","E","T","M","$","M","E","M","R","BOSS"],"items_purchased_type":["Relic","Potion"],"build_version":"2020-12-22","purchased_purges":2,"victory":false,"max_hp_per_floor":[72,72,72,72,72,72,72,72,72,72,72,72,72,72,72,77,87,87,87,87,43,43,43,43,43,48,48,48,48,48,48,48,48,48],"card_choices":[{"not_picked":["JustLucky","FlyingSleeves"],"picked":"Consecrate","floor":1.0},{"not_picked":["JustLucky","ReachHeaven","EmptyMind"],"picked":"SKIP","floor":4.0},{"not_picked":["Prostrate","PathToVictory"],"picked":"FollowUp","floor":5.0},{"not_picked":["Pray","FollowUp"],"picked":"Worship","floor":6.0},{"not_picked":["EmptyMind","ClearTheMind","Crescendo"],"picked":"SKIP","floor":8.0},{"not_picked":["Prostrate","Collect","ConjureBlade"],"picked":"SKIP","floor":10.0},{"not_picked":["Collect","ConjureBlade"],"picked":"Prostrate","floor":10.0},{"not_picked":["CutThroughFate","LikeWater"],"picked":"Vengeance","floor":12.0},{"not_picked":["JustLucky","SashWhip","Crescendo"],"picked":"SKIP","floor":13.0},{"not_picked":["EmptyBody","Vengeance"],"picked":"EmptyFist","floor":14.0},{"not_picked":["Establishment","Blasphemy"],"picked":"Scrawl","floor":16.0},{"not_picked":["CutThroughFate","FlurryOfBlows+1"],"picked":"Prostrate","floor":18.0},{"not_picked":["BowlingBash+1","CutThroughFate","Wireheading+1"],"picked":"SKIP","floor":20.0},{"not_picked":["Alpha","Pray+1"],"picked":"BowlingBash","floor":22.0},{"not_picked":["CrushJoints+1","Vengeance","Protect"],"picked":"SKIP","floor":25.0},{"not_picked":["FlurryOfBlows","PathToVictory"],"picked":"Tantrum","floor":27.0},{"not_picked":["LikeWater","SandsOfTime"],"picked":"LessonLearned","floor":29.0},{"not_picked":["FlyingSleeves","JustLucky+1","PathToVictory"],"picked":"SKIP","floor":30.0},{"not_picked":["SignatureMove","Collect","WreathOfFlame"],"picked":"SKIP","floor":31.0}],"player_experience":346109,"relics_obtained":[{"floor":6.0,"key":"Orichalcum"},{"floor":9.0,"key":"InkBottle"},{"floor":13.0,"key":"Turnip"},{"floor":17.0,"key":"Bronze Scales"},{"floor":17.0,"key":"Pear"},{"floor":17.0,"key":"Gambling Chip"},{"floor":25.0,"key":"Regal Pillow"},{"floor":26.0,"key":"Bag of Preparation"},{"floor":30.0,"key":"PreservedInsect"}],"event_choices":[{"cards_removed":["Defend_P"],"damage_healed":0.0,"max_hp_gain":0.0,"max_hp_loss":0.0,"gold_gain":0.0,"event_name":"Living Wall","player_choice":"Forget","floor":2.0,"gold_loss":0.0,"damage_taken":0.0},{"damage_healed":0.0,"max_hp_gain":0.0,"max_hp_loss":0.0,"gold_gain":0.0,"event_name":"Match and Keep!","player_choice":"1 cards matched","floor":3.0,"gold_loss":0.0,"damage_taken":0.0,"cards_obtained":["InnerPeace"]},{"damage_healed":0.0,"max_hp_gain":0.0,"max_hp_loss":44.0,"gold_gain":0.0,"event_name":"Ghosts","player_choice":"Became a Ghost","floor":21.0,"gold_loss":0.0,"damage_taken":0.0,"cards_obtained":["Ghostly","Ghostly","Ghostly","Ghostly","Ghostly"]},{"cards_removed":["Defend_P"],"damage_healed":0.0,"max_hp_gain":0.0,"max_hp_loss":0.0,"gold_gain":0.0,"event_name":"Beggar","player_choice":"Gave Gold","floor":24.0,"gold_loss":75.0,"damage_taken":0.0}],"is_beta":false,"boss_relics":[{"not_picked":["Cursed Key","Runic Dome"],"picked":"Calling Bell"}],"items_purged_floors":[19,28],"is_endless":false,"potions_floor_spawned":[4,6,10,13,20,27,30],"killed_by":"Champ","ascension_level":9}}