{"host":"jhy70w0yh8dayqay","time":1611563510,"event":{"mods":["AchievementEnabler","BaseMod","Colored Map","Colored Powertips","DeckTracker","Minty Spire (QoL Compilation)","Permanent Neow","SuperFastMode"],"gold_per_floor":[110,110,185,195,214,214,225,225,249,249,42,42,75,95,95,192,242,262,279,294,197,216,216,250,250,250,264,264,280,280,292,292,393,393,405,422,435,41,41,41,61,77,77,127,139,89,89,107,107,107],"floor_reached":51,"language":"KOR","playtime":4036,"items_purged":["Strike_P","Strike_P","Parasite","Defend_P"],"score":932,"play_id":"788feb07-fd46-4e36-a8a9-fae897e4991c","local_time":"20210125173150","is_ascension_mode":true,"campfire_choices":[{"data":"EmptyMind","floor":6.0,"key":"SMITH"},{"data":"BowlingBash","floor":8.0,"key":"SMITH"},{"data":"CutThroughFate","floor":10.0,"key":"SMITH"},{"data":"Halt","floor":12.0,"key":"SMITH"},{"floor":15.0,"key":"REST"},{"data":"Adaptation","floor":23.0,"key":"SMITH"},{"data":"Vault","floor":25.0,"key":"SMITH"},{"data":"ClearTheMind","floor":28.0,"key":"SMITH"},{"floor":32.0,"key":"REST"},{"data":"Devotion","floor":40.0,"key":"SMITH"},{"floor":49,"key":"REST"}],"circlet_count":0,"master_deck":["Strike_P+1","Strike_P+1","Defend_P+1","Defend_P","Defend_P","Eruption+1","Vigilance","Dark Shackles","EmptyMind+1","Halt+1","CutThroughFate+1","BowlingBash+1","SandsOfTime","Consecrate","Vault+1","ClearTheMind+1","Evaluate","FlurryOfBlows","Adaptation+1","FlurryOfBlows+1","DeceiveReality+1","Indignation+1","Flash of Steel","SignatureMove+1","Devotion+1","Wallop+1","FollowUp+1","Violence","Prostrate","Doubt","InnerPeace"],"relics":["PureWater","Smiling Mask","Vajra","Whetstone","Tiny House","Blue Candle","Shuriken","Cursed Key","Mango","Gremlin Horn","Lizard Tail"],"acts_visited":["Exordium","TheCity","TheBeyond"],"potions_floor_usage":[48,50,50],"damage_taken":[{"damage":4.0,"enemies":"2 Louse","floor":1.0,"turns":4.0},{"damage":0.0,"enemies":"Jaw Worm","floor":4.0,"turns":3.0},{"damage":0.0,"enemies":"Cultist","floor":5.0,"turns":2.0},{"damage":12.0,"enemies":"Lots of Slimes","floor":7.0,"turns":5.0},{"damage":4.0,"enemies":"Gremlin Nob","floor":13.0,"turns":3.0},{"damage":8.0,"enemies":"Large Slime","floor":14.0,"turns":4.0},{"damage":33.0,"enemies":"Hexaghost","floor":16.0,"turns":7.0},{"damage":0.0,"enemies":"Chosen","floor":18.0,"turns":4.0},{"damage":7.0,"enemies":"3 Byrds","floor":19.0,"turns":5.0},{"damage":22.0,"enemies":"Centurion and Healer","floor":20.0,"turns":6.0},{"damage":6.0,"enemies":"Cultist and Chosen","floor":22.0,"turns":5.0},{"damage":0.0,"enemies":"Book of Stabbing","floor":24.0,"turns":3.0},{"damage":0.0,"enemies":"Shelled Parasite and Fungi","floor":27.0,"turns":2.0},{"damage":0.0,"enemies":"3 Cultists","floor":29.0,"turns":4.0},{"damage":13.0,"enemies":"Chosen and Byrds","floor":31.0,"turns":3.0},{"damage":32.0,"enemies":"Automaton","floor":33.0,"turns":5.0},{"damage":13.0,"enemies":"3 Darklings","floor":35.0,"turns":3.0},{"damage":4.0,"enemies":"Orb Walker","floor":36.0,"turns":2.0},{"damage":0.0,"enemies":"Writhing Mass","floor":37.0,"turns":5.0},{"damage":0.0,"enemies":"Jaw Worm Horde","floor":41.0,"turns":3.0},{"damage":21.0,"enemies":"Maw","floor":42.0,"turns":6.0},{"damage":1.0,"enemies":"Mind Bloom Boss Battle","floor":44.0,"turns":5.0},{"damage":0.0,"enemies":"3 Darklings","floor":45.0,"turns":3.0},{"damage":7,"enemies":"Writhing Mass","floor":48,"turns":5},{"damage":60,"enemies":"Time Eater","floor":50,"turns":8}],"seed_played":"1144866281219425138","potions_obtained":[{"floor":1.0,"key":"Swift Potion"},{"floor":4.0,"key":"Fire Potion"},{"floor":7.0,"key":"BlessingOfTheForge"},{"floor":17.0,"key":"Fruit Juice"},{"floor":18.0,"key":"Regen Potion"},{"floor":19.0,"key":"LiquidBronze"},{"floor":20.0,"key":"Strength Potion"},{"floor":37.0,"key":"Dexterity Potion"},{"floor":42.0,"key":"Block Potion"}],"is_trial":false,"path_per_floor":["M","?","?","M","M","R","M","R","T","R","$","R","E","M","R","B",null,"M","M","M","$","M","R","E","R","T","M","R","M","?","M","R","B",null,"M","M","M","$","?","R","M","M","T","?","M","$","?","M","R","B",null],"character_chosen":"WATCHER","items_purchased":["Vajra","FlurryOfBlows","PowerPotion","Mango"],"campfire_rested":3,"item_purchase_floors":[11,21,38,38],"current_hp_per_floor":[61,61,54,54,54,54,42,42,42,42,42,42,38,30,51,18,64,64,62,55,55,49,49,49,49,49,49,49,49,37,24,48,16,66,53,49,49,63,63,63,63,42,42,41,41,41,41,34,61,1],"gold":107,"neow_bonus":"RANDOM_COLORLESS","is_daily":false,"chose_seed":false,"campfire_upgraded":8,"win_rate":0.0,"timestamp":1611563510,"path_taken":["M","?","?","M","M","R","M","R","T","R","$","R","E","M","R","BOSS","M","M","M","$","M","R","E","R","T","M","R","M","?","?","R","BOSS","M","M","M","$","?","R","M","M","T","?","?","?","?","M","R","BOSS"],"items_purchased_type":["Relic","Card","Potion","Relic"],"build_version":"2020-12-22","purchased_purges":4,"victory":true,"max_hp_per_floor":[72,72,72,72,72,72,72,72,72,72,72,72,72,72,72,72,77,77,82,82,82,82,82,82,82,82,82,82,82,82,82,82,82,82,82,82,82,93,93,93,93,93,93,93,93,93,93,93,93,93],"card_choices":[{"not_picked":["Deep Breath","Jack Of All Trades"],"picked":"Dark Shackles","floor":0.0},{"not_picked":["WreathOfFlame","Indignation"],"picked":"EmptyMind","floor":1.0},{"not_picked":["WaveOfTheHand","BattleHymn"],"picked":"Halt","floor":4.0},{"not_picked":["CarveReality","Evaluate"],"picked":"CutThroughFate","floor":5.0},{"not_picked":["Evaluate","Conclude"],"picked":"BowlingBash","floor":7.0},{"not_picked":["DevaForm","CrushJoints"],"picked":"SandsOfTime","floor":13.0},{"not_picked":["ThirdEye","JustLucky"],"picked":"Consecrate","floor":14.0},{"not_picked":["Brilliance","Blasphemy"],"picked":"Vault","floor":16.0},{"not_picked":["Consecrate","PathToVictory"],"picked":"ClearTheMind","floor":17.0},{"not_picked":["FollowUp","EmptyBody+1"],"picked":"Evaluate","floor":18.0},{"not_picked":["SashWhip","Worship","ReachHeaven+1"],"picked":"SKIP","floor":19.0},{"not_picked":["DeceiveReality","Halt","EmptyBody+1"],"picked":"SKIP","floor":20.0},{"not_picked":["Blasphemy","ForeignInfluence"],"picked":"Adaptation","floor":22.0},{"not_picked":["Evaluate","SpiritShield"],"picked":"FlurryOfBlows+1","floor":24.0},{"not_picked":["Halt+1","ClearTheMind+1"],"picked":"DeceiveReality+1","floor":27.0},{"not_picked":["ClearTheMind","ThirdEye"],"picked":"Indignation+1","floor":29.0},{"not_picked":["JustLucky","CutThroughFate+1"],"picked":"SignatureMove+1","floor":31.0},{"not_picked":["ConjureBlade","Alpha"],"picked":"Devotion","floor":33.0},{"not_picked":["Evaluate+1","Halt+1"],"picked":"Wallop+1","floor":35.0},{"not_picked":["FollowUp","Worship+1","Evaluate"],"picked":"SKIP","floor":36.0},{"not_picked":["ReachHeaven","Collect"],"picked":"FollowUp+1","floor":37.0},{"not_picked":["Discovery","Blind"],"picked":"Violence","floor":39.0},{"not_picked":["FlurryOfBlows","Evaluate","Consecrate"],"picked":"SKIP","floor":41.0},{"not_picked":["BowlingBash+1","Fasting2+1"],"picked":"Prostrate","floor":42.0},{"not_picked":["SashWhip+1","FollowUp"],"picked":"InnerPeace","floor":44.0},{"not_picked":["JustLucky","EmptyMind","ThirdEye+1"],"picked":"SKIP","floor":45.0},{"not_picked":["PathToVictory+1","CarveReality","BattleHymn+1"],"picked":"SKIP","floor":48}],"player_experience":423382,"relics_obtained":[{"floor":9.0,"key":"Smiling Mask"},{"floor":13.0,"key":"Whetstone"},{"floor":24.0,"key":"Blue Candle"},{"floor":26.0,"key":"Shuriken"},{"floor":43.0,"key":"Gremlin Horn"},{"floor":44.0,"key":"Lizard Tail"}],"event_choices":[{"damage_healed":0.0,"max_hp_gain":0.0,"max_hp_loss":0.0,"gold_gain":0.0,"event_name":"Living Wall","player_choice":"Grow","floor":2.0,"gold_loss":0.0,"damage_taken":0.0,"cards_upgraded":["Eruption"]},{"damage_healed":0.0,"max_hp_gain":0.0,"max_hp_loss":0.0,"gold_gain":75.0,"event_name":"FaceTrader","player_choice":"Touch","floor":3.0,"gold_loss":0.0,"damage_taken":7.0},{"damage_healed":0.0,"max_hp_gain":0.0,"max_hp_loss":0.0,"gold_gain":0.0,"event_name":"Knowing Skull","player_choice":"CARD ","floor":30.0,"potions_obtained":[],"gold_loss":0.0,"damage_taken":12.0,"cards_obtained":["Flash of Steel"]},{"damage_healed":0.0,"max_hp_gain":0.0,"max_hp_loss":0.0,"gold_gain":0.0,"event_name":"SensoryStone","player_choice":"Memory 1","floor":39.0,"gold_loss":0.0,"damage_taken":0.0},{"damage_healed":0.0,"max_hp_gain":0.0,"max_hp_loss":0.0,"gold_gain":0.0,"event_name":"MindBloom","player_choice":"Fight","floor":44.0,"gold_loss":0.0,"damage_taken":0.0},{"damage_healed":0.0,"max_hp_gain":0.0,"max_hp_loss":0.0,"gold_gain":0.0,"event_name":"The Moai Head","player_choice":"Ignored","floor":47.0,"gold_loss":0.0,"damage_taken":0.0}],"is_beta":false,"boss_relics":[{"not_picked":["Black Star","Fusion Hammer"],"picked":"Tiny House"},{"not_picked":["Pandora\u0027s Box","Sozu"],"picked":"Cursed Key"}],"items_purged_floors":[11,21,38,46],"is_endless":false,"potions_floor_spawned":[1,4,7,18,19,20,22,37,42,44,45],"ascension_level":8}}