{"host":"bf9sa99gaumonoeu","time":1611600329,"event":{"mods":["AchievementEnabler","Act Like it!","Aspiration","BaseMod","Bestiary","Better Note","Block Reminder","Colored Map","Colored Powertips","Downfall","Friendly Minions","Gensokyo","GifTheSpireLib","Hallownest","Hermit","Highlight Path","Jorbs\u0027s Wanderer Trilogy","KinomotoSakuraMod(????)","Koishi","Marisa????????","Minty Spire (QoL Compilation)","Rare Cards Sparkle","Relic Filter Mod","Relic Stats","Reliquary","Remilia??????","Spire Arcade","StSLib","The Administrix","The Animator","The Bug Knight","The Construct","The Cursed","The Hierophant","The Mystic","The Necromancer","The Poker Player","The Runesmith","The Senshi","The Servant 0.9.4","ojb\u0027s Info Mod"],"gold_per_floor":[116,173,193,210,21,21,45,61,61,77,77,87,112,132,132,211,211,227,247,247,259,93,93,121,131,131,131,131,160,179,189,189,189,189],"floor_reached":33,"language":"ENG","playtime":1993,"items_purged":["Strike_G"],"score":582,"play_id":"ad2df125-1c41-4842-ae26-85844c436c9d","local_time":"20210125164529","is_ascension_mode":true,"campfire_choices":[{"data":"Caltrops","floor":6,"key":"SMITH"},{"floor":15,"key":"REST"},{"floor":23,"key":"REST"},{"data":"A Thousand Cuts","floor":28,"key":"SMITH"},{"floor":32,"key":"REST"}],"circlet_count":0,"master_deck":["AscendersBane","Strike_G","Strike_G","Strike_G","Defend_G","Defend_G","Defend_G","Defend_G","Defend_G","Survivor","Neutralize","All Out Attack","Dagger Spray","Cloak And Dagger+1","Caltrops+1","Flechettes","Leg Sweep","Blade Dance","Backflip","downfall:Haunted","downfall:Haunted","Clumsy","Unload","Terror","Cloak And Dagger+1","A Thousand Cuts+1","Blade Dance+1","Finisher","Footwork","Acrobatics","Acrobatics","Distraction","A Thousand Cuts","Slice+1"],"relics":["Ring of the Snake","Nunchaku","Odd Mushroom","reliquary:QuartzCube","Darkstone Periapt","Runesmith:AutoHammer","Runic Dome","The Courier","reliquary:BoilingFlask","reliquary:Buckler"],"acts_visited":["Exordium","TheCity"],"potions_floor_usage":[7,8,8,8,8,16,24,29,29,30],"damage_taken":[{"damage":2,"enemies":"Jaw Worm","floor":1,"turns":8},{"damage":0,"enemies":"2 Louse","floor":3,"turns":3},{"damage":1,"enemies":"Cultist","floor":4,"turns":4},{"damage":0,"enemies":"The Mushroom Lair","floor":7,"turns":1},{"damage":35,"enemies":"Gremlin Gang","floor":8,"turns":5},{"damage":0,"enemies":"Blue Slaver","floor":10,"turns":4},{"damage":1,"enemies":"Lots of Slimes","floor":12,"turns":4},{"damage":24,"enemies":"3 Sentries","floor":13,"turns":9},{"damage":0,"enemies":"Looter","floor":14,"turns":4},{"damage":24,"enemies":"The Guardian","floor":16,"turns":13},{"damage":18,"enemies":"Shell Parasite","floor":18,"turns":5},{"damage":4,"enemies":"2 Thieves","floor":19,"turns":6},{"damage":15,"enemies":"Centurion and Healer","floor":21,"turns":6},{"damage":3,"enemies":"Gremlin Leader","floor":24,"turns":7},{"damage":11,"enemies":"Snake Plant","floor":25,"turns":4},{"damage":12,"enemies":"Book of Stabbing","floor":29,"turns":4},{"damage":22,"enemies":"Shelled Parasite and Fungi","floor":30,"turns":5},{"damage":2,"enemies":"Cultist and Chosen","floor":31,"turns":4},{"damage":59,"enemies":"Automaton","floor":33,"turns":6}],"seed_played":"6093436012018082103","potions_obtained":[{"floor":1,"key":"BlessingOfTheForge"},{"floor":4,"key":"EntropicBrew"},{"floor":7,"key":"Ancient Potion"},{"floor":8,"key":"GhostInAJar"},{"floor":24,"key":"Block Potion"},{"floor":25,"key":"Swift Potion"},{"floor":29,"key":"AttackPotion"}],"is_trial":false,"path_per_floor":["M","?","M","M","$","R","?","M","T","M","?","M","E","M","R","B",null,"M","M","?","M","$","R","E","M","T","?","R","E","M","M","R","B"],"character_chosen":"THE_SILENT","items_purchased":["Caltrops","Flechettes","Footwork","DistilledChaos"],"campfire_rested":3,"item_purchase_floors":[5,5,22,22],"current_hp_per_floor":[57,57,57,56,56,56,56,21,21,21,39,38,14,14,39,15,67,49,45,45,30,30,55,52,41,41,41,41,29,7,5,30,0,0],"gold":189,"neow_bonus":"RANDOM_COMMON_RELIC","is_daily":false,"chose_seed":false,"campfire_upgraded":2,"win_rate":0.0,"timestamp":1611600329,"path_taken":["M","?","M","M","$","R","?","M","T","M","?","?","E","?","R","BOSS","M","?","?","M","$","R","E","?","T","?","R","E","M","M","R","BOSS"],"items_purchased_type":["Card","Card","Card","Potion"],"build_version":"2020-12-22","purchased_purges":1,"victory":false,"max_hp_per_floor":[66,66,66,66,66,66,66,66,66,66,84,84,84,84,84,84,84,84,84,84,84,84,84,84,84,84,84,84,84,84,84,84,84,84],"relic_stats":{"Darkstone Periapt":18,"Nunchaku":[23],"counters":[19,102],"obtain_stats":[{"Darkstone Periapt":11,"Runic Dome":17,"Nunchaku":0,"reliquary:BoilingFlask":26,"reliquary:Buckler":29,"The Courier":24,"Runesmith:AutoHammer":13,"Odd Mushroom":7,"reliquary:QuartzCube":9,"Ring of the Snake":0},{"Darkstone Periapt":6,"Runic Dome":10,"Nunchaku":0,"reliquary:BoilingFlask":15,"reliquary:Buckler":16,"The Courier":14,"Runesmith:AutoHammer":8,"Odd Mushroom":4,"reliquary:QuartzCube":5,"Ring of the Snake":0},{"Darkstone Periapt":25,"Runic Dome":55,"Nunchaku":0,"reliquary:BoilingFlask":83,"reliquary:Buckler":87,"The Courier":79,"Runesmith:AutoHammer":38,"Odd Mushroom":16,"reliquary:QuartzCube":21,"Ring of the Snake":0}],"Ring of the Snake":[38]},"card_choices":[{"not_picked":["Cloak And Dagger","Deadly Poison"],"picked":"All Out Attack","floor":1},{"not_picked":["Bane","Prepared"],"picked":"Dagger Spray","floor":3},{"not_picked":["Quick Slash","Bane"],"picked":"Cloak And Dagger","floor":4},{"not_picked":["Skewer","All Out Attack"],"picked":"Leg Sweep","floor":7},{"not_picked":["Crippling Poison","Dagger Throw"],"picked":"Blade Dance","floor":8},{"not_picked":["Dodge and Roll","Prepared"],"picked":"Backflip","floor":10},{"not_picked":["Bullet Time","Crippling Poison"],"picked":"Terror","floor":12},{"not_picked":["Sucker Punch","Acrobatics"],"picked":"Cloak And Dagger","floor":13},{"not_picked":["Flying Knee","Bane","Blade Dance"],"picked":"SKIP","floor":14},{"not_picked":["Die Die Die","Malaise"],"picked":"A Thousand Cuts","floor":16},{"not_picked":["Flechettes","Riddle With Holes"],"picked":"Blade Dance+1","floor":18},{"not_picked":["Bouncing Flask+1","Deflect"],"picked":"Finisher","floor":19},{"not_picked":["Tactician","Deadly Poison","Skewer"],"picked":"SKIP","floor":21},{"not_picked":["Dash","Masterful Stab"],"picked":"Acrobatics","floor":24},{"not_picked":["Slice","Calculated Gamble"],"picked":"Acrobatics","floor":25},{"not_picked":["Cloak And Dagger","Endless Agony"],"picked":"A Thousand Cuts","floor":29},{"not_picked":["Flying Knee","Bane","Dodge and Roll"],"picked":"SKIP","floor":30},{"not_picked":["Prepared","All Out Attack"],"picked":"Slice+1","floor":31}],"player_experience":1243364,"relics_obtained":[{"floor":7,"key":"Odd Mushroom"},{"floor":9,"key":"reliquary:QuartzCube"},{"floor":13,"key":"Runesmith:AutoHammer"},{"floor":24,"key":"The Courier"},{"floor":26,"key":"reliquary:BoilingFlask"},{"floor":29,"key":"reliquary:Buckler"}],"event_choices":[{"damage_healed":0,"gold_gain":57,"player_choice":"Gained Gold","damage_taken":0,"max_hp_gain":0,"max_hp_loss":0,"event_name":"Golden Wing","floor":2,"gold_loss":0},{"damage_healed":0,"gold_gain":0,"player_choice":"Fought Mushrooms","damage_taken":0,"max_hp_gain":0,"max_hp_loss":0,"event_name":"Mushrooms","floor":7,"gold_loss":0},{"damage_healed":0,"gold_gain":0,"player_choice":"Ignored","damage_taken":0,"max_hp_gain":0,"max_hp_loss":0,"event_name":"N\u0027loth","floor":20,"gold_loss":0},{"damage_healed":0,"gold_gain":0,"cards_transformed":["Strike_G"],"player_choice":"Transformed","damage_taken":0,"max_hp_gain":0,"max_hp_loss":0,"event_name":"Transmorgrifier","floor":27,"gold_loss":0,"cards_obtained":["Distraction"]}],"is_beta":false,"boss_relics":[{"not_picked":["aspiration:MarisaSkillbook","aspiration:ServantSkillbook"],"picked":"Runic Dome"}],"items_purged_floors":[5],"is_endless":false,"potions_floor_spawned":[1,4,7,8,24,25,29],"killed_by":"Automaton","ascension_level":20}}