{"host":"pf9sh7nh6rpu9sau","time":1611599674,"event":{"mods":["2.2 Compatiblity","BaseMod","BetterRewards","Clockwork Mod","Downfall","Hermit","Mad Scientist","Minty Spire (QoL Compilation)","Permanent Neow","Quick Restart","Somnambulant","StSLib","The Clintock","The Cursed","The Disciple","The Hierophant","The Necromancer","The Runesmith"],"gold_per_floor":[99,112,122,141,57,57,57,57,77,108,20,51,97,109,147,159,159,159],"floor_reached":16,"language":"ENG","playtime":1558,"items_purged":[],"score":137,"play_id":"ad48690b-d741-45f0-a4d6-d9873d5627ea","local_time":"20210125133434","is_ascension_mode":false,"campfire_choices":[],"circlet_count":0,"master_deck":["sneckomod:Strike","sneckomod:Strike","sneckomod:Strike","sneckomod:Defend","sneckomod:Defend","sneckomod:Defend","sneckomod:TailWhip","sneckomod:SnekBite","sneckomod:Unknown","sneckomod:SerpentMind","sneckomod:UnknownDraw","sneckomod:QuickMove","sneckomod:ImprovisedAttack","sneckomod:CheapStock","sneckomod:WideSting","Clockwork:CogBarrier","sneckomod:Unknown2Cost","downfall:Haunted","downfall:Malfunctioning","sneckomod:UnknownRareSkill"],"relics":["sneckomod:SneckoSoul","Clockwork:BloodPhial","Clockwork:SomewhatSmoothStone","downfall:ShatteredFragment","Meat on the Bone","downfall:ExtraCursedKey","MawBank","downfall:HeartBlessingGreen","Gremlin Horn","Pear"],"acts_visited":["Exordium"],"potions_floor_usage":[3,10,16],"damage_taken":[{"damage":5,"enemies":"Cultist","floor":2,"turns":4},{"damage":17,"enemies":"Jaw Worm","floor":3,"turns":5},{"damage":3,"enemies":"Small Slimes","floor":4,"turns":6},{"damage":1,"enemies":"downfall:FleeingMerchant","floor":5,"turns":4},{"damage":4,"enemies":"Gremlin Gang","floor":9,"turns":5},{"damage":8,"enemies":"Gremlin Nob","floor":10,"turns":4},{"damage":0,"enemies":"Large Slime","floor":12,"turns":4},{"damage":0,"enemies":"Lagavulin","floor":13,"turns":5},{"damage":1,"enemies":"Exordium Wildlife","floor":15,"turns":4},{"damage":79,"enemies":"SI_SHIV_ARCHETYPE","floor":16,"turns":8}],"seed_played":"7614951637345781254","potions_obtained":[{"floor":2,"key":"Weak Potion"},{"floor":9,"key":"hexamod:SoulburnPotion"},{"floor":15,"key":"Block Potion"}],"is_trial":false,"path_per_floor":["R","M","M","M","$","?","T","?","M","E","R","M","E","T","M","B"],"character_chosen":"THE_SNECKO","items_purchased":["sneckomod:CheapStock"],"campfire_rested":0,"item_purchase_floors":[5],"current_hp_per_floor":[90,85,72,71,72,51,51,51,49,55,55,57,59,69,70,0,0,0],"gold":159,"neow_bonus":"ONE_RANDOM_RARE_CARD","is_daily":false,"chose_seed":false,"campfire_upgraded":0,"win_rate":0.0,"timestamp":1611599674,"path_taken":["R","M","M","?","?","?","T","?","M","E","R","M","E","?","M","BOSS"],"items_purchased_type":["Card"],"build_version":"2020-12-22","purchased_purges":0,"victory":false,"max_hp_per_floor":[90,90,90,90,90,90,90,90,90,90,90,90,90,100,100,100,100,100],"card_choices":[{"not_picked":["sneckomod:DiceBlock","sneckomod:DiceCrush"],"picked":"sneckomod:UnknownDraw","floor":2},{"not_picked":["sneckomod:SoulDraw","sneckomod:Nope"],"picked":"sneckomod:QuickMove","floor":3},{"not_picked":["sneckomod:IronFang","sneckomod:DiceBlock"],"picked":"sneckomod:UnknownCommonSkill","floor":4},{"not_picked":["sneckomod:Unknown0Cost","sneckomod:RainOfDice"],"picked":"sneckomod:ImprovisedAttack","floor":5},{"not_picked":["sneckomod:SnekBeam","sneckomod:QuickBite"],"picked":"sneckomod:WideSting","floor":9},{"not_picked":["sneckomod:QuickMove","sneckomod:SoulRoll","sneckomod:TrashToTreasure"],"picked":"SKIP","floor":10},{"not_picked":["sneckomod:UnknownCommonSkill","sneckomod:UnknownCommonAttack"],"picked":"sneckomod:Unknown2Cost","floor":12},{"not_picked":["sneckomod:UnknownDraw","sneckomod:UnknownCommonAttack","sneckomod:SnekBeam"],"picked":"SKIP","floor":13},{"not_picked":["sneckomod:UnknownVulnerable","sneckomod:ImprovisedGuard"],"picked":"sneckomod:UnknownRareSkill","floor":15}],"player_experience":826760,"relics_obtained":[{"floor":7,"key":"Meat on the Bone"},{"floor":10,"key":"MawBank"},{"floor":13,"key":"Gremlin Horn"},{"floor":14,"key":"Pear"}],"event_choices":[],"is_beta":false,"boss_relics":[],"items_purged_floors":[],"is_endless":false,"potions_floor_spawned":[2,9,15],"killed_by":"SI_SHIV_ARCHETYPE","ascension_level":0}}