{"host":"ft78nznc4009qqbv","time":1611591120,"event":{"mods":["BaseMod","Minty Spire (QoL Compilation)","Quick Restart","StSLib","SuperFastMode"],"gold_per_floor":[110,127,139,156,166,166,201,201,201,221,247,247,18,44,44,145,145,164,184,109,122,37,37,47,58,84,84,94,94,26,51,51,151,151,163,174,191,12,22,22,22,22,48,48,48,48,48],"floor_reached":46,"language":"ZHS","playtime":1956,"items_purged":[],"score":577,"play_id":"aebce064-8665-440d-9e34-0d973d91e967","local_time":"20210126001200","is_ascension_mode":true,"campfire_choices":[{"data":"Deadly Poison","floor":6.0,"key":"SMITH"},{"floor":8.0,"key":"REST"},{"floor":15.0,"key":"REST"},{"floor":23.0,"key":"REST"},{"floor":29.0,"key":"REST"},{"floor":32.0,"key":"REST"},{"floor":40,"key":"REST"},{"data":"Bullet Time","floor":41,"key":"SMITH"},{"data":"Bullet Time","floor":45,"key":"SMITH"}],"circlet_count":0,"master_deck":["Strike_G","Defend_G","Defend_G","Defend_G","Defend_G","Defend_G","Survivor","Neutralize","Deadly Poison+1","Backflip","Acrobatics","PiercingWail","Deflect","Calculated Gamble","Bullet Time+1","Backflip","Corpse Explosion","Concentrate","Burst","Acrobatics","Noxious Fumes","Bullet Time+1","Crippling Poison","Dash+1","Crippling Poison","Deadly Poison"],"relics":["Ring of the Snake","Molten Egg 2","CaptainsWheel","Mummified Hand","Snake Skull","Odd Mushroom","Empty Cage","WingedGreaves","Vajra","Ornamental Fan","Ancient Tea Set","Velvet Choker","DollysMirror","Boot"],"acts_visited":["Exordium","TheCity","TheBeyond"],"potions_floor_usage":[37],"damage_taken":[{"damage":3.0,"enemies":"2 Louse","floor":1.0,"turns":3.0},{"damage":0.0,"enemies":"Cultist","floor":2.0,"turns":4.0},{"damage":0.0,"enemies":"Small Slimes","floor":3.0,"turns":3.0},{"damage":4.0,"enemies":"Blue Slaver","floor":4.0,"turns":4.0},{"damage":23.0,"enemies":"Gremlin Gang","floor":5.0,"turns":6.0},{"damage":0.0,"enemies":"Gremlin Nob","floor":7.0,"turns":2.0},{"damage":7.0,"enemies":"2 Fungi Beasts","floor":10.0,"turns":3.0},{"damage":12.0,"enemies":"3 Sentries","floor":11.0,"turns":11.0},{"damage":3.0,"enemies":"The Mushroom Lair","floor":14.0,"turns":6.0},{"damage":37.0,"enemies":"Hexaghost","floor":16.0,"turns":10.0},{"damage":15.0,"enemies":"2 Thieves","floor":18.0,"turns":4.0},{"damage":11.0,"enemies":"Shell Parasite","floor":19.0,"turns":6.0},{"damage":3.0,"enemies":"Snecko","floor":21.0,"turns":5.0},{"damage":1.0,"enemies":"Snake Plant","floor":24.0,"turns":4.0},{"damage":25.0,"enemies":"3 Cultists","floor":25.0,"turns":4.0},{"damage":0.0,"enemies":"Centurion and Healer","floor":28.0,"turns":4.0},{"damage":13.0,"enemies":"Gremlin Leader","floor":31.0,"turns":8.0},{"damage":66.0,"enemies":"Automaton","floor":33.0,"turns":9.0},{"damage":8.0,"enemies":"3 Shapes","floor":35.0,"turns":2.0},{"damage":16.0,"enemies":"Orb Walker","floor":36.0,"turns":4.0},{"damage":44,"enemies":"Jaw Worm Horde","floor":37,"turns":3},{"damage":1,"enemies":"Sphere and 2 Shapes","floor":39,"turns":3},{"damage":52,"enemies":"Spire Growth","floor":46,"turns":6}],"seed_played":"6026521342729119033","potions_obtained":[{"floor":3.0,"key":"GamblersBrew"},{"floor":5.0,"key":"EntropicBrew"},{"floor":7.0,"key":"BlessingOfTheForge"},{"floor":10.0,"key":"Energy Potion"},{"floor":24.0,"key":"Dexterity Potion"},{"floor":25.0,"key":"PowerPotion"},{"floor":31.0,"key":"FearPotion"},{"floor":33.0,"key":"Regen Potion"},{"floor":39,"key":"Energy Potion"}],"is_trial":false,"path_per_floor":["M","M","M","M","M","R","E","R","T","M","E","?","$","?","R","B",null,"M","M","?","M","?","R","M","M","T","T","M","R","$","E","R","B",null,"M","M","M","$","M","R","R","?","T","?","R","M"],"character_chosen":"THE_SILENT","items_purchased":["Bullet Time","Snake Skull","Noxious Fumes","DollysMirror","Deadly Poison"],"campfire_rested":6,"item_purchase_floors":[13,13,30,38,38],"current_hp_per_floor":[74,74,74,70,47,47,47,70,70,63,51,51,51,48,71,34,77,62,51,51,48,48,71,70,45,45,45,45,68,68,55,77,11,77,69,65,21,21,20,43,43,43,43,43,43,0,0],"gold":48,"neow_bonus":"TEN_PERCENT_HP_BONUS","is_daily":false,"chose_seed":false,"campfire_upgraded":3,"win_rate":0.0,"timestamp":1611591120,"path_taken":["M","M","M","M","M","R","E","R","T","M","E","?","?","?","R","BOSS","M","M","?","M","?","R","M","M","T","?","M","R","$","E","R","BOSS","M","M","?","$","M","R","R","?","T","?","R","M"],"items_purchased_type":["Card","Relic","Card","Relic","Card"],"build_version":"2020-12-22","purchased_purges":0,"victory":false,"max_hp_per_floor":[77,77,77,77,77,77,77,77,77,77,77,77,77,77,77,77,77,77,77,77,77,77,77,77,77,77,77,77,77,77,77,77,77,77,77,77,77,77,77,77,77,77,77,73,73,73,73],"card_choices":[{"not_picked":["Outmaneuver","Predator"],"picked":"Deadly Poison","floor":1.0},{"not_picked":["Underhanded Strike","Backstab"],"picked":"Poisoned Stab","floor":2.0},{"not_picked":["Deflect","Blade Dance"],"picked":"Backflip","floor":3.0},{"not_picked":["Eviscerate","Choke"],"picked":"Acrobatics","floor":4.0},{"not_picked":["Dagger Spray","Calculated Gamble"],"picked":"PiercingWail","floor":5.0},{"not_picked":["Footwork","Riddle With Holes+1","Accuracy"],"picked":"SKIP","floor":7.0},{"not_picked":["Night Terror","Blade Dance"],"picked":"Deflect","floor":10.0},{"not_picked":["Caltrops","Skewer+1"],"picked":"Calculated Gamble","floor":11.0},{"not_picked":["Underhanded Strike+1","Blur"],"picked":"Backflip","floor":14.0},{"not_picked":["Malaise","Grand Finale+1"],"picked":"Corpse Explosion","floor":16.0},{"not_picked":["Blade Dance","Quick Slash+1"],"picked":"Concentrate","floor":18.0},{"not_picked":["Quick Slash+1","Dodge and Roll","Bane+1"],"picked":"SKIP","floor":19.0},{"not_picked":["Well Laid Plans","Dagger Throw+1"],"picked":"Burst","floor":21.0},{"not_picked":["Bane+1","Endless Agony+1"],"picked":"Acrobatics","floor":24.0},{"not_picked":["Choke+1","Dagger Spray+1","Acrobatics"],"picked":"SKIP","floor":25.0},{"not_picked":["Terror+1","Finisher+1","Underhanded Strike+1"],"picked":"SKIP","floor":28.0},{"not_picked":["Endless Agony+1","Concentrate","Underhanded Strike+1"],"picked":"SKIP","floor":31.0},{"not_picked":["Tools of the Trade","Envenom"],"picked":"Bullet Time","floor":33.0},{"not_picked":["Acrobatics+1","Bane+1"],"picked":"Crippling Poison","floor":35.0},{"not_picked":["Slice+1","Distraction+1","Bane+1"],"picked":"SKIP","floor":36.0},{"not_picked":["Sucker Punch+1","Dagger Throw+1"],"picked":"Dash+1","floor":37},{"not_picked":["Grand Finale+1","Acrobatics+1","Dagger Throw+1"],"picked":"SKIP","floor":39}],"player_experience":85863,"relics_obtained":[{"floor":7.0,"key":"Molten Egg 2"},{"floor":9.0,"key":"CaptainsWheel"},{"floor":11.0,"key":"Mummified Hand"},{"floor":14.0,"key":"Odd Mushroom"},{"floor":26.0,"key":"Vajra"},{"floor":27.0,"key":"Ornamental Fan"},{"floor":31.0,"key":"Ancient Tea Set"},{"floor":43,"key":"Boot"}],"event_choices":[{"cards_removed":["Strike_G"],"damage_healed":0.0,"max_hp_gain":0.0,"max_hp_loss":0.0,"gold_gain":0.0,"event_name":"Purifier","player_choice":"Purged","floor":12.0,"gold_loss":0.0,"damage_taken":0.0},{"damage_healed":0.0,"max_hp_gain":0.0,"max_hp_loss":0.0,"gold_gain":0.0,"event_name":"Mushrooms","player_choice":"Fought Mushrooms","floor":14.0,"gold_loss":0.0,"damage_taken":0.0},{"cards_removed":["Strike_G"],"damage_healed":0.0,"max_hp_gain":0.0,"max_hp_loss":0.0,"gold_gain":0.0,"event_name":"Beggar","player_choice":"Gave Gold","floor":20.0,"gold_loss":75.0,"damage_taken":0.0},{"damage_healed":0.0,"max_hp_gain":0.0,"max_hp_loss":0.0,"gold_gain":0.0,"event_name":"Addict","player_choice":"Obtained Relic","floor":22.0,"gold_loss":85.0,"damage_taken":0.0,"relics_obtained":["WingedGreaves"]},{"cards_removed":["Poisoned Stab"],"damage_healed":0,"gold_gain":0,"player_choice":"Removed Attack","damage_taken":0,"max_hp_gain":0,"max_hp_loss":0,"event_name":"Falling","floor":42,"gold_loss":0},{"damage_healed":0,"gold_gain":0,"player_choice":"Max HP","damage_taken":0,"max_hp_gain":0,"max_hp_loss":4,"event_name":"Winding Halls","floor":44,"gold_loss":0}],"is_beta":false,"boss_relics":[{"not_picked":["Busted Crown","SacredBark"],"picked":"Empty Cage"},{"not_picked":["SlaversCollar","Astrolabe"],"picked":"Velvet Choker"}],"items_purged_floors":[],"is_endless":false,"potions_floor_spawned":[3,5,7,10,24,25,31,33,39],"killed_by":"Spire Growth","ascension_level":3}}