{"host":"njb27ds59h4j3ikk","time":1611591741,"event":{"mods":["AchievementEnabler","BaseMod","Better Altar","Better Match","Better Note","Better Sensory Stone","Better Skull","Better Third Choice","BetterRewards","Downfall","Hermit","Hubris","Minty Spire (QoL Compilation)","Permanent Neow","Quarter Circle Forward PUNCH!","Quick Restart","Rare Cards Sparkle","Shop Mod","StSLib","Trackpad","Transform Curses"],"gold_per_floor":[0,19,31,51,70,70,70,170,345,375,375,397,471,513,542,542,542],"floor_reached":16,"language":"ENG","playtime":795,"items_purged":[],"score":229,"play_id":"540a28f1-d213-4bb3-a90d-a21b12b28ddc","local_time":"20210125112221","is_ascension_mode":false,"campfire_choices":[{"data":"hermit:Snapshot","floor":1,"key":"SMITH"},{"data":"hermit:Dive","floor":6,"key":"SMITH"},{"data":"hermit:HighCaliber","floor":11,"key":"SMITH"}],"circlet_count":0,"master_deck":["hermit:Strike_Hermit","hermit:Strike_Hermit","hermit:Strike_Hermit","hermit:Strike_Hermit","hermit:Defend_Hermit","hermit:Defend_Hermit","hermit:Defend_Hermit","hermit:Defend_Hermit","hermit:Snapshot+1","hermit:Covet","hermit:HighCaliber+1","hermit:Dive+1","hermit:Quickdraw","hermit:Roughhouse","downfall:Haunted","downfall:Haunted","downfall:Aged","hermit:FinalCanter","hubris:Greed","hubris:Disease","Doubt","hubris:Greed","hermit:Misfire","hermit:Grudge","hermit:Combo","hermit:Ricochet","hermit:Glare"],"relics":["hermit:Momento","Du-Vu Doll","trackpad:BottledShadow","Shuriken"],"acts_visited":["Exordium"],"potions_floor_usage":[16,16],"damage_taken":[{"damage":0,"enemies":"Cultist","floor":2,"turns":3},{"damage":6,"enemies":"Jaw Worm","floor":3,"turns":2},{"damage":7,"enemies":"2 Louse","floor":4,"turns":3},{"damage":8,"enemies":"2 Fungi Beasts","floor":5,"turns":3},{"damage":15,"enemies":"Large Slime","floor":10,"turns":5},{"damage":0,"enemies":"3 Louse","floor":12,"turns":2},{"damage":18,"enemies":"3 Sentries","floor":13,"turns":5},{"damage":16,"enemies":"Lagavulin","floor":14,"turns":5},{"damage":0,"enemies":"Blue Slaver","floor":15,"turns":2},{"damage":33,"enemies":"DF_ARCHETYPE_STREAMLINE","floor":16,"turns":5}],"seed_played":"-2697378804904928664","potions_obtained":[{"floor":4,"key":"hexamod:SoulburnPotion"},{"floor":12,"key":"BlessingOfTheForge"},{"floor":15,"key":"AttackPotion"}],"is_trial":false,"path_per_floor":["R","M","M","M","M","R","T","?","?","M","R","M","?","E","M","B"],"character_chosen":"HERMIT","items_purchased":[],"campfire_rested":0,"item_purchase_floors":[],"current_hp_per_floor":[89,89,83,76,68,68,68,73,73,58,58,58,40,24,24,0,0],"gold":542,"neow_bonus":"TWENTY_PERCENT_HP_BONUS","is_daily":false,"chose_seed":false,"campfire_upgraded":3,"win_rate":0.0,"timestamp":1611591741,"path_taken":["R","M","?","M","M","R","T","?","?","M","R","M","?","E","M","BOSS"],"items_purchased_type":[],"build_version":"2020-12-22","purchased_purges":0,"victory":false,"max_hp_per_floor":[89,89,89,89,89,89,89,94,94,94,94,94,94,94,94,94,94],"card_choices":[{"not_picked":["hermit:LoneWolf","hermit:HoleUp"],"picked":"hermit:HighCaliber","floor":2},{"not_picked":["hermit:ItchyTrigger","hermit:Roulette"],"picked":"hermit:Dive","floor":3},{"not_picked":["hermit:CalledShot","hermit:HoleUp"],"picked":"hermit:Quickdraw","floor":4},{"not_picked":["hermit:ItchyTrigger","hermit:Dive"],"picked":"hermit:Roughhouse","floor":5},{"not_picked":["hermit:CursedWeapon","hermit:BodyArmor"],"picked":"hermit:Misfire","floor":10},{"not_picked":["hermit:Quickdraw","hermit:Vantage"],"picked":"hermit:Grudge","floor":12},{"not_picked":["hermit:NoHoldsBarred","hermit:Misfire"],"picked":"hermit:Combo","floor":13},{"not_picked":["hermit:Headshot","hermit:Roulette"],"picked":"hermit:Ricochet","floor":14},{"not_picked":["hermit:Spite","hermit:Dive"],"picked":"hermit:Glare","floor":15}],"player_experience":1310435,"relics_obtained":[{"floor":13,"key":"trackpad:BottledShadow"},{"floor":14,"key":"Shuriken"}],"event_choices":[],"is_beta":false,"boss_relics":[],"items_purged_floors":[],"is_endless":false,"potions_floor_spawned":[4,12,15],"killed_by":"DF_ARCHETYPE_STREAMLINE","ascension_level":0}}