{"host":"1zjc08c6hob33401","time":1611603048,"event":{"mods":["AchievementEnabler","Act Like it!","Aspiration","BaseMod","Downfall","Elementarium","Energized Spire","Evolution","Friendly Minions","Gensokyo","GifTheSpireLib","Hubris","Infinite Spire","Jedi Mod","Menagerie","Minty Spire (QoL Compilation)","Pale of the Ancients","Quick Restart","Reliquary","Replay The Spire","Retaliation","Shop Mod","Spire Arcade","StS++","StSLib","Stuff the Spire","The Blue Laboratory","Wandering Minibosses","??????REMEMod"],"gold_per_floor":[20,65,65,113,130,130,130],"floor_reached":6,"language":"RUS","playtime":262,"items_purged":[],"score":68,"play_id":"104173af-bda5-4154-91c8-46daf1010bd9","local_time":"20210125213048","is_ascension_mode":true,"campfire_choices":[],"circlet_count":0,"master_deck":["AscendersBane","Strike_B","Strike_B","Strike_B","Strike_B","Defend_B","Defend_B","Defend_B","Defend_B","Zap","Dualcast","Slimebound:DouseInSlime","Amplify","Self Repair","Conserve Battery","BootSequence","jedi:BurstLightning","jedi:markofdeath"],"relics":["Cracked Core","EVO:Axolotl","REME_ComplimentaryCards","Centennial Puzzle"],"acts_visited":["Gensokyo:Gensokyo"],"potions_floor_usage":[4],"damage_taken":[{"damage":8.0,"enemies":"Gensokyo:3_Fairies","floor":1.0,"turns":5.0},{"damage":6,"enemies":"Gensokyo:Python","floor":4,"turns":3},{"damage":8,"enemies":"Gensokyo:2_Kodama","floor":5,"turns":3},{"damage":26,"enemies":"Gensokyo:Cirno","floor":6,"turns":3}],"seed_played":"-5328709213838819807","potions_obtained":[{"floor":1.0,"key":"REME_GoldPotion"},{"floor":2,"key":"blueLaboratory:LouseDecoction"}],"is_trial":false,"path_per_floor":["M","?","?","M","M","E"],"character_chosen":"DEFECT","items_purchased":[],"campfire_rested":0,"item_purchase_floors":[],"current_hp_per_floor":[56,33,33,27,26,0,0],"gold":130,"neow_bonus":"THREE_RARE_CARDS","is_daily":false,"chose_seed":false,"campfire_upgraded":0,"win_rate":0.0,"timestamp":1611603048,"path_taken":["M","?","?","M","M","E"],"items_purchased_type":[],"build_version":"2020-12-22","purchased_purges":0,"victory":false,"max_hp_per_floor":[71,71,71,71,71,71,71],"card_choices":[{"not_picked":["hubris:Prefetch","StuffTheSpire:Purify"],"picked":"Amplify","floor":0.0},{"not_picked":["Hologram","Rip and Tear"],"picked":"Self Repair","floor":1.0},{"not_picked":["jedi:spotbugs","Panic Button"],"picked":"Conserve Battery","floor":2},{"not_picked":["Coolheaded","jedi:blockon"],"picked":"BootSequence","floor":2},{"not_picked":["Steam Power","StSpp:Pointer"],"picked":"jedi:BurstLightning","floor":4},{"not_picked":["Steam","jedi:BurstLightning"],"picked":"jedi:markofdeath","floor":5}],"player_experience":707383,"relics_obtained":[{"floor":2,"key":"Centennial Puzzle"}],"event_choices":[],"is_beta":false,"boss_relics":[],"items_purged_floors":[],"is_endless":false,"potions_floor_spawned":[1],"killed_by":"Gensokyo:Cirno","ascension_level":18}}