{"host":"csn9i02amg5zm780","time":1611606982,"event":{"mods":["2.2 Compatiblity","A Penny For Your Troubles","AchievementEnabler","Act Like it!","Arknights The Spire","Aspiration","BaseMod","Better Third Choice","Colored Map","Colored Powertips","Curses Come First","Dark Map","Defuse TimeMaze Blight","Elementarium","Halation","Highlight Path","Minty Spire (QoL Compilation)","Permanent Neow","Poor People Problems","Quick Restart","Rare Cards Sparkle","Relic Filter Mod","Relic Stats","Reliquary","Spire Arcade","StSLib","Transform Curses","Waifu the Spire"],"gold_per_floor":[117,127,143,143,153,153,165,165,241,241,241,241,241,45,45,144,194,214,103,157,157,176,209,209,235,235,235,245,258,258,268,268,367,367,382,382,382,394,410,410,435,435,435,447,447,460,493,79,79,82,82,82,36,70,70],"floor_reached":56,"language":"ENG","playtime":6476,"items_purged":[],"score":1235,"play_id":"414c039d-9e48-41a0-9e9c-8029beacf846","local_time":"20210125213622","is_ascension_mode":false,"campfire_choices":[{"floor":6,"key":"RECALL"},{"data":"ats:Healing Strengthening","floor":8,"key":"SMITH"},{"data":"ats:Nebulous Foxfire","floor":11,"key":"SMITH"},{"data":"ats:Assault Order","floor":15,"key":"SMITH"},{"data":"ats:Dogmatic Field","floor":24,"key":"SMITH"},{"data":"ats:Beaten Up","floor":27,"key":"SMITH"},{"data":"ats:Roar Of Ursus","floor":30,"key":"SMITH"},{"floor":32,"key":"REST"},{"floor":40,"key":"REST"},{"data":"ats:True Silver Slash","floor":42,"key":"SMITH"},{"floor":45,"key":"REST"},{"data":"ats:Counter Healing Mode","floor":49,"key":"SMITH"},{"data":"ats:Emotion Absorption","floor":52,"key":"SMITH"}],"circlet_count":0,"master_deck":["ats:Strike C","ats:Strike G","ats:Strike S+1","ats:Strike V","ats:Armor Crushing Shot","ats:Defend","ats:Defend","ats:Defend","ats:Defend","ats:Emotion Absorption+1","ats:Nebulous Foxfire+1","ats:Consecutive Shot Auto","ats:Beaten Up+1","ats:Healing Strengthening+1","Apotheosis+1","ats:Hammer On","ats:Roar Of Ursus+1","ats:Assault Order+1","ats:Dogmatic Field+1","ats:Rapid Magazine","ats:Counter Healing Mode+1","ats:Charging Defense+1","ats:Blood Oath","ats:Cat Scratch","ats:Hammer On","ats:Directed Diagnosis+1","ats:Support Order","ats:True Silver Slash+1","ats:Guard Mode","Blind","ats:Flexible Camouflage+1","ats:Revitalization+1","ats:Assault Order+1","ats:Magnetic Hammer+1","ats:Assault Order+1","ats:Revitalization+1","ats:Red Shift","ats:Demon Strength","ats:Revitalization","ats:Automatic Cover+1"],"relics":["ats:Sanity","ats:Lavender","halation:EternalFortune","Blood Vial","Tiny House","Elementarium:HuntersBracer","halation:PinkSoulGem","ats:Originium","reliquary:OuijaBoard","Oddly Smooth Stone","aspiration:FrozenJewel","Elementarium:ElementariumTrophy","aspiration:RitualDagger","halation:PapillonHeart","Vajra","Pantograph","halation:VictoryRuler","aspiration:AnachronicSnailShell","TungstenRod"],"acts_visited":["Exordium","Exordium","TheBeyond","TheEnding"],"potions_floor_usage":[3,22,33,50,50],"damage_taken":[{"damage":3,"enemies":"Small Slimes","floor":1,"turns":4},{"damage":6,"enemies":"2 Louse","floor":2,"turns":4},{"damage":1,"enemies":"Jaw Worm","floor":3,"turns":4},{"damage":18,"enemies":"2 Fungi Beasts","floor":5,"turns":5},{"damage":5,"enemies":"Blue Slaver","floor":7,"turns":4},{"damage":75,"enemies":"Slime Boss","floor":16,"turns":16},{"damage":27,"enemies":"Elementarium:2_ELEMENTALS","floor":18,"turns":6},{"damage":18,"enemies":"Elementarium:VoidCorruption","floor":22,"turns":7},{"damage":161,"enemies":"Elementarium:FIRE_NOBILITY","floor":23,"turns":10},{"damage":47,"enemies":"Elementarium:WarGolem","floor":25,"turns":6},{"damage":136,"enemies":"Elementarium:CYCLONE_AND_LIVING_STORMCLOUD","floor":28,"turns":10},{"damage":10,"enemies":"Elementarium:3_ELEMENTALS","floor":29,"turns":6},{"damage":60,"enemies":"Elementarium:VoidBeast","floor":31,"turns":9},{"damage":140,"enemies":"Elementarium:PHOENIXES","floor":33,"turns":25},{"damage":183,"enemies":"Orb Walker","floor":35,"turns":9},{"damage":45,"enemies":"3 Darklings","floor":38,"turns":5},{"damage":148,"enemies":"4 Shapes","floor":39,"turns":8},{"damage":198,"enemies":"Reptomancer","floor":41,"turns":9},{"damage":84,"enemies":"Transient","floor":44,"turns":5},{"damage":81,"enemies":"3 Darklings","floor":46,"turns":5},{"damage":154,"enemies":"Nemesis","floor":47,"turns":11},{"damage":211,"enemies":"Awakened One","floor":50,"turns":12},{"damage":338,"enemies":"Shield and Spear","floor":54,"turns":13},{"damage":157,"enemies":"The Heart","floor":55,"turns":9}],"seed_played":"-8152301197127939875","potions_obtained":[{"floor":1,"key":"Explosive Potion"},{"floor":3,"key":"Fruit Juice"},{"floor":17,"key":"SneckoOil"},{"floor":22,"key":"SpeedPotion"},{"floor":23,"key":"ats:Top Emergency Sanity Potion"},{"floor":35,"key":"CultistPotion"},{"floor":39,"key":"DuplicationPotion"},{"floor":54,"key":"SpeedPotion"}],"is_trial":false,"path_per_floor":["M","M","M","?","M","R","M","R","T","?","R","?","?","$","R","B",null,"M","?","T","?","M","E","R","E","T","R","M","M","R","M","R","B",null,"M","?","?","M","M","R","E","R","T","M","R","M","E","$","R","B",null,"R","$","E","B",null],"character_chosen":"DOCTOR_CLASS","items_purchased":["Blood Vial","ats:Assault Order","aspiration:AnachronicSnailShell","ats:Red Shift","ats:Demon Strength","ats:Revitalization"],"campfire_rested":3,"item_purchase_floors":[14,14,48,48,48,53],"current_hp_per_floor":[69,68,77,77,71,71,75,75,75,78,78,78,83,83,83,85,90,86,86,86,86,81,78,78,73,73,73,73,87,87,64,90,90,90,18,18,18,85,62,88,91,91,91,59,86,91,85,85,85,91,91,91,91,76,72],"gold":70,"neow_bonus":"ONE_RANDOM_RARE_CARD","is_daily":false,"chose_seed":false,"campfire_upgraded":9,"win_rate":0.0,"timestamp":1611606982,"path_taken":["M","M","M","?","M","R","M","R","T","?","R","?","?","$","R","BOSS","M","?","?","?","M","E","R","E","T","R","M","M","R","M","R","BOSS","M","?","?","M","M","R","E","R","T","M","R","M","E","$","R","BOSS","R","$","E","BOSS"],"items_purchased_type":["Relic","Card","Relic","Card","Card","Card"],"build_version":"2020-12-22","purchased_purges":0,"victory":true,"max_hp_per_floor":[72,72,77,77,77,77,77,77,77,80,80,80,85,85,85,85,90,90,90,90,90,90,90,90,90,90,90,90,90,90,90,90,90,90,90,90,85,85,88,88,91,91,91,91,91,91,91,91,91,91,91,91,91,91,91],"relic_stats":{"Blood Vial":18,"counters":[24,202],"Pantograph":21,"obtain_stats":[{"reliquary:OuijaBoard":23,"halation:PapillonHeart":37,"Tiny House":17,"ats:Lavender":9,"Oddly Smooth Stone":25,"Vajra":41,"Elementarium:HuntersBracer":19,"aspiration:FrozenJewel":26,"Blood Vial":14,"ats:Originium":23,"Elementarium:ElementariumTrophy":33,"Pantograph":43,"aspiration:AnachronicSnailShell":48,"halation:EternalFortune":10,"halation:VictoryRuler":47,"ats:Sanity":0,"aspiration:RitualDagger":34,"halation:PinkSoulGem":21,"TungstenRod":54},{"reliquary:OuijaBoard":9,"halation:PapillonHeart":15,"Tiny House":6,"ats:Lavender":5,"Oddly Smooth Stone":10,"Vajra":18,"Elementarium:HuntersBracer":7,"aspiration:FrozenJewel":10,"Blood Vial":5,"ats:Originium":9,"Elementarium:ElementariumTrophy":14,"Pantograph":18,"aspiration:AnachronicSnailShell":21,"halation:EternalFortune":5,"halation:VictoryRuler":21,"ats:Sanity":0,"aspiration:RitualDagger":14,"halation:PinkSoulGem":7,"TungstenRod":23},{"reliquary:OuijaBoard":60,"halation:PapillonHeart":125,"Tiny House":37,"ats:Lavender":21,"Oddly Smooth Stone":66,"Vajra":147,"Elementarium:HuntersBracer":43,"aspiration:FrozenJewel":66,"Blood Vial":21,"ats:Originium":60,"Elementarium:ElementariumTrophy":116,"Pantograph":147,"aspiration:AnachronicSnailShell":168,"halation:EternalFortune":21,"halation:VictoryRuler":168,"ats:Sanity":0,"aspiration:RitualDagger":116,"halation:PinkSoulGem":43,"TungstenRod":193}],"TungstenRod":73},"card_choices":[{"not_picked":["ats:Serious Mode","ats:Steam Pump"],"picked":"ats:Consecutive Shot Auto","floor":1},{"not_picked":["ats:Consecutive Shot Auto","ats:Absolute Focus"],"picked":"ats:Beaten Up","floor":2},{"not_picked":["ats:Cat Scratch","ats:Guardian Obelisk"],"picked":"ats:Healing Strengthening","floor":3},{"not_picked":["ats:Shell Defense","ats:Healing Strengthening"],"picked":"ats:Hammer On","floor":5},{"not_picked":["ats:Curse Doll","ats:Powerful Strike"],"picked":"ats:Roar Of Ursus","floor":7},{"not_picked":["ats:True Silver Slash","ats:Soul Rend"],"picked":"ats:Dogmatic Field","floor":16},{"not_picked":["ats:Collapsing Strike","ats:Leaping Hammer"],"picked":"ats:Rapid Magazine","floor":17},{"not_picked":["ats:Flame Of Heaven+1","ats:Guard Mode"],"picked":"ats:Counter Healing Mode","floor":18},{"not_picked":["ats:Flexible Camouflage","ats:Flame Of Heaven"],"picked":"ats:Charging Defense+1","floor":22},{"not_picked":["ats:Consecutive Shot Auto","ats:Hammer On+1"],"picked":"ats:Blood Oath","floor":23},{"not_picked":["ats:Ignite+1","ats:Absolute Focus+1"],"picked":"ats:Cat Scratch","floor":25},{"not_picked":["ats:Echo Reverb","ats:Steam Pump+1"],"picked":"ats:Hammer On","floor":28},{"not_picked":["ats:Revitalization+1","ats:Flexible Camouflage+1"],"picked":"ats:Directed Diagnosis+1","floor":29},{"not_picked":["ats:Powerful Strike","ats:Guard Mode"],"picked":"ats:Support Order","floor":31},{"not_picked":["ats:Durian","ats:Volcano"],"picked":"ats:True Silver Slash","floor":33},{"not_picked":["ats:Flame Of Heaven+1","ats:Poison Spread+1"],"picked":"ats:Guard Mode","floor":35},{"not_picked":["Flash of Steel","Violence"],"picked":"Blind","floor":36},{"not_picked":["ats:Hammer On+1","ats:Steam Pump+1"],"picked":"ats:Flexible Camouflage+1","floor":38},{"not_picked":["ats:Guard Mode+1","ats:Steam Pump"],"picked":"ats:Revitalization+1","floor":39},{"not_picked":["ats:Flexible Camouflage+1","ats:Curse Doll+1"],"picked":"ats:Assault Order+1","floor":41},{"not_picked":["ats:Steam Pump+1","ats:Very Hot Blade"],"picked":"ats:Magnetic Hammer+1","floor":44},{"not_picked":["ats:Guardian Obelisk+1","ats:Ignite+1"],"picked":"ats:Assault Order+1","floor":46},{"not_picked":["ats:Ignite+1","ats:Directed Diagnosis+1"],"picked":"ats:Revitalization+1","floor":47},{"not_picked":["ats:Consecutive Shot Auto","ats:Ignite+1"],"picked":"ats:Automatic Cover+1","floor":54}],"player_experience":34487,"relics_obtained":[{"floor":9,"key":"ats:Lavender"},{"floor":23,"key":"ats:Originium"},{"floor":23,"key":"reliquary:OuijaBoard"},{"floor":25,"key":"ats:Originium"},{"floor":25,"key":"Oddly Smooth Stone"},{"floor":26,"key":"aspiration:FrozenJewel"},{"floor":39,"key":"halation:EternalFortune"},{"floor":41,"key":"halation:EternalFortune"},{"floor":41,"key":"ats:Originium"},{"floor":41,"key":"Vajra"},{"floor":43,"key":"Pantograph"},{"floor":47,"key":"ats:Originium"},{"floor":47,"key":"halation:VictoryRuler"},{"floor":54,"key":"TungstenRod"}],"event_choices":[{"damage_healed":77,"gold_gain":0,"player_choice":"Embrace","damage_taken":0,"max_hp_gain":0,"max_hp_loss":77,"event_name":"betterThird:BetterShining","floor":4,"gold_loss":0},{"damage_healed":0,"gold_gain":0,"player_choice":"Leave","damage_taken":0,"max_hp_gain":0,"max_hp_loss":0,"event_name":"The Cleric","floor":12,"gold_loss":0},{"damage_healed":0,"gold_gain":0,"player_choice":"Donut","damage_taken":0,"max_hp_gain":5,"max_hp_loss":0,"event_name":"Big Fish","floor":13,"gold_loss":0},{"damage_healed":0,"gold_gain":0,"player_choice":"Sling","damage_taken":0,"relics_obtained":["Elementarium:HuntersBracer"],"max_hp_gain":0,"max_hp_loss":0,"event_name":"Elementarium:BigGameHunter","floor":19,"gold_loss":111},{"damage_healed":0,"gold_gain":0,"player_choice":"Memory 1","damage_taken":0,"max_hp_gain":0,"max_hp_loss":0,"event_name":"SensoryStone","floor":36,"gold_loss":0}],"is_beta":false,"boss_relics":[{"not_picked":["Ectoplasm","Runic Dome"],"picked":"Tiny House"},{"not_picked":["halation:PlatinumPhoenix","Snecko Eye"],"picked":"aspiration:RitualDagger"}],"items_purged_floors":[],"is_endless":false,"potions_floor_spawned":[1,3,22,23,35,39,54],"ascension_level":0}}