{"host":"kmbz9ox1244sqnmw","time":1611594886,"event":{"mods":["BaseMod","Downfall","Minty Spire (QoL Compilation)","StSLib"],"gold_per_floor":[99,119,137,21,36,54,54,54,229,245,258,258,258,269,288,386,386,386,404,419,519,334,484,484,484,484,496,524,542,542,592,608,705,705,605,624,724,735,885,935,935,371,88,99,99,117,117,167,182,182,182,182],"floor_reached":50,"language":"ENG","playtime":4145,"items_purged":["bronze:Strike","Doubt","Pain"],"score":531,"play_id":"248d27d0-424d-4399-98f4-d5fce70999bf","local_time":"20210125091446","is_ascension_mode":false,"campfire_choices":[{"data":"Metamorphosis","floor":1.0,"key":"SMITH"},{"data":"bronze:Frontload","floor":8.0,"key":"SMITH"},{"floor":13.0,"key":"REST"},{"data":"bronze:AlphaBuild","floor":18.0,"key":"SMITH"},{"data":"bronze:BronzeOrb","floor":26.0,"key":"SMITH"},{"floor":30.0,"key":"REST"},{"data":"bronze:Shell","floor":35.0,"key":"SMITH"},{"data":"Apotheosis","floor":45,"key":"SMITH"},{"data":"bronze:FindAndReplace","floor":47,"key":"SMITH"}],"circlet_count":0,"master_deck":["bronze:Replicate","bronze:Goto","Decay","Metamorphosis+1","bronze:CutThrough","bronze:FineTuning","bronze:ChosenStrike","bronze:Frontload+1","bronze:Branch","bronze:DarkDash","bronze:Shield","bronze:Optimize","bronze:AlphaBuild+1","bronze:Allocate","bronze:BronzeOrb+1","bronze:DigitalCarnage+1","downfall:Haunted","downfall:Haunted","bronze:FindAndReplace+1","downfall:Malfunctioning","bronze:MaxOutput+1","bronze:CleanCode","bronze:Shell+1","bronze:Format","bronze:BitShift","bronze:FindAndReplace","bronze:BuggyMess","bronze:WildBeam","bronze:Overload","bronze:DelayedGuard","bronze:FindAndReplace","bronze:Shield","bronze:Iterate","bronze:BronzeArmor+1","bronze:Branch+1","bronze:BugBarrage+1","Apotheosis+1","bronze:ForceShield","bronze:BronzeOrb+1"],"relics":["bronze:BronzeCore","Juzu Bracelet","bronze:MakeshiftBattery","downfall:CloakOfManyFaces","CultistMask","FaceOfCleric","NlothsMask","GremlinMask","SsserpentHead","Du-Vu Doll","Gremlin Horn","Pandora\u0027s Box","downfall:HeartBlessingGreen","Incense Burner","InkBottle","Membership Card","Bronze Scales","Pantograph"],"acts_visited":["Exordium","TheCity","TheBeyond"],"potions_floor_usage":[50,50],"damage_taken":[{"damage":0.0,"enemies":"Cultist","floor":2.0,"turns":2.0},{"damage":8.0,"enemies":"Jaw Worm","floor":3.0,"turns":2.0},{"damage":10.0,"enemies":"downfall:FleeingMerchant","floor":4.0,"turns":4.0},{"damage":4.0,"enemies":"Small Slimes","floor":5.0,"turns":4.0},{"damage":12.0,"enemies":"Exordium Thugs","floor":6.0,"turns":4.0},{"damage":9.0,"enemies":"Blue Slaver","floor":10.0,"turns":3.0},{"damage":13.0,"enemies":"Red Slaver","floor":11.0,"turns":5.0},{"damage":0.0,"enemies":"3 Louse","floor":14.0,"turns":3.0},{"damage":0.0,"enemies":"Gremlin Gang","floor":15.0,"turns":7.0},{"damage":34.0,"enemies":"DF_ARCHETYPE_STREAMLINE","floor":16.0,"turns":12.0},{"damage":23.0,"enemies":"3 Byrds","floor":19.0,"turns":7.0},{"damage":2.0,"enemies":"Shell Parasite","floor":20.0,"turns":5.0},{"damage":23.0,"enemies":"downfall:FaceTrader","floor":21.0,"turns":9.0},{"damage":0.0,"enemies":"downfall:FleeingMerchant","floor":22.0,"turns":4.0},{"damage":1.0,"enemies":"Chosen and Byrds","floor":27.0,"turns":4.0},{"damage":31.0,"enemies":"Gremlin Leader","floor":28.0,"turns":9.0},{"damage":15.0,"enemies":"Centurion and Healer","floor":29.0,"turns":3.0},{"damage":0.0,"enemies":"Snake Plant","floor":32.0,"turns":3.0},{"damage":21.0,"enemies":"WA_ARCHETYPE_CALM","floor":33.0,"turns":7.0},{"damage":0,"enemies":"3 Shapes","floor":36,"turns":2},{"damage":2,"enemies":"3 Shapes","floor":37,"turns":3},{"damage":28,"enemies":"3 Darklings","floor":38,"turns":4},{"damage":4,"enemies":"downfall:FleeingMerchant","floor":42,"turns":4},{"damage":0,"enemies":"Jaw Worm Horde","floor":44,"turns":4},{"damage":0,"enemies":"Sphere and 2 Shapes","floor":46,"turns":2},{"damage":17,"enemies":"Maw","floor":49,"turns":5},{"damage":260,"enemies":"SI_POISON_ARCHETYPE","floor":50,"turns":8}],"seed_played":"5787809294620299110","potions_obtained":[{"floor":2.0,"key":"FairyPotion"},{"floor":6.0,"key":"Energy Potion"},{"floor":11.0,"key":"hexamod:SoulburnPotion"},{"floor":15.0,"key":"DistilledChaos"},{"floor":16.0,"key":"Explosive Potion"},{"floor":19.0,"key":"Dexterity Potion"},{"floor":27.0,"key":"FearPotion"},{"floor":33.0,"key":"bronze:BurnAndBuffPotion"},{"floor":36,"key":"Strength Potion"},{"floor":44,"key":"Swift Potion"}],"is_trial":false,"path_per_floor":["R","M","M","$","M","M","T","R","?","M","M","T","R","M","M","B",null,"R","M","M","?","$","?","T","?","R","M","E","M","R","?","M","B",null,"R","M","?","M","?","?","T","$","?","M","R","M","R","?","M","B"],"character_chosen":"THE_AUTOMATON","items_purchased":["bronze:Frontload","bronze:DigitalCarnage","Apotheosis","Membership Card","Bronze Scales","Pantograph"],"campfire_rested":2,"item_purchase_floors":[4,22,42,42,42,42],"current_hp_per_floor":[70,70,62,52,48,36,36,36,36,27,14,14,35,35,35,1,70,70,47,45,22,23,28,28,57,57,57,27,13,36,36,37,17,81,81,82,81,54,54,54,54,51,96,97,97,98,98,90,74,0,0,0],"gold":182,"neow_bonus":"RANDOM_COLORLESS_2","is_daily":false,"chose_seed":false,"campfire_upgraded":7,"win_rate":0.0,"timestamp":1611594886,"path_taken":["R","M","M","$","M","M","T","R","?","M","M","?","R","M","M","BOSS","R","M","M","?","$","?","T","?","R","M","E","M","R","?","M","BOSS","R","M","?","M","?","?","T","?","?","M","R","M","R","?","M","BOSS"],"items_purchased_type":["Card","Card","Card","Relic","Relic","Relic"],"build_version":"2020-12-22","purchased_purges":3,"victory":false,"max_hp_per_floor":[70,70,70,70,70,70,70,70,70,70,70,70,70,70,70,70,70,70,70,70,70,71,76,76,76,76,77,78,79,79,79,80,81,81,81,82,83,84,84,84,84,85,96,97,97,98,98,98,99,99,99,99],"card_choices":[{"not_picked":["Thinking Ahead","Secret Weapon"],"picked":"Metamorphosis","floor":0.0},{"not_picked":["bronze:Repulsor","bronze:FineTuning"],"picked":"bronze:CutThrough","floor":2.0},{"not_picked":["bronze:OilSpill","bronze:WildBeam"],"picked":"bronze:FineTuning","floor":3.0},{"not_picked":["bronze:ClassDefault","bronze:Allocate"],"picked":"bronze:ChosenStrike","floor":4.0},{"not_picked":["bronze:Constructor","bronze:Deprecate","bronze:BugBarrage"],"picked":"SKIP","floor":5.0},{"not_picked":["bronze:RecursiveStrike","bronze:CutThrough"],"picked":"bronze:Branch","floor":6.0},{"not_picked":["bronze:BitShift","bronze:Allocate"],"picked":"bronze:DarkDash","floor":10.0},{"not_picked":["bronze:Constructor","bronze:BronzeArmor"],"picked":"bronze:Shield","floor":11.0},{"not_picked":["bronze:Fortify","bronze:Flail","bronze:Separator"],"picked":"bronze:Optimize","floor":14.0},{"not_picked":["bronze:Safeguard","bronze:WildBeam","bronze:Frontload","bronze:ChildClass"],"picked":"SKIP","floor":15.0},{"not_picked":["bronze:Virus","bronze:BurnOut","bronze:FindAndReplace"],"picked":"bronze:AlphaBuild","floor":16.0},{"not_picked":["bronze:Separator+1","bronze:DelayedSlice","bronze:ForLoop"],"picked":"bronze:Allocate","floor":19.0},{"not_picked":["bronze:Constructor","bronze:Deprecate+1","bronze:Frontload","bronze:Shield"],"picked":"SKIP","floor":20.0},{"not_picked":["bronze:Repair","bronze:Deprecate","bronze:Frontload+1"],"picked":"bronze:BronzeOrb","floor":22.0},{"not_picked":["bronze:Invalidate","bronze:Frontload","bronze:DelayedGuard+1"],"picked":"bronze:MaxOutput+1","floor":27.0},{"not_picked":["bronze:DigitalCarnage","bronze:Deprecate+1","bronze:NullPointer"],"picked":"bronze:CleanCode","floor":28.0},{"not_picked":["bronze:Invalidate+1","bronze:BitShift","bronze:OilSpill"],"picked":"bronze:Shell","floor":29.0},{"not_picked":["bronze:Deprecate+1","bronze:DelayedSlice"],"picked":"bronze:BitShift","floor":32.0},{"not_picked":["bronze:ThunderWave","bronze:CleanCode"],"picked":"bronze:FindAndReplace","floor":33.0},{"not_picked":["bronze:DarkDash","bronze:DigitalCarnage"],"picked":"bronze:BronzeArmor+1","floor":36},{"not_picked":["bronze:WildBeam+1","bronze:DarkDash+1"],"picked":"bronze:Branch+1","floor":37},{"not_picked":["bronze:WhirlingStrike","bronze:Invalidate+1"],"picked":"bronze:BugBarrage+1","floor":38},{"not_picked":["bronze:ChildClass+1","bronze:BronzeArmor+1","bronze:Deprecate"],"picked":"SKIP","floor":42},{"not_picked":["bronze:Repair+1","bronze:Constructor+1"],"picked":"bronze:ForceShield","floor":44},{"not_picked":["bronze:DigitalCarnage+1","bronze:Frontload+1","bronze:FineTuning"],"picked":"SKIP","floor":46},{"not_picked":["bronze:Turbo+1","bronze:Return"],"picked":"bronze:BronzeOrb+1","floor":49}],"player_experience":609031,"relics_obtained":[{"floor":7.0,"key":"Juzu Bracelet"},{"floor":12.0,"key":"Question Card"},{"floor":21.0,"key":"downfall:CloakOfManyFaces"},{"floor":28.0,"key":"Gremlin Horn"},{"floor":37,"key":"Incense Burner"},{"floor":41,"key":"InkBottle"}],"event_choices":[{"cards_removed":["Slimebound:Strike_Slimebound"],"damage_healed":0,"gold_gain":0,"player_choice":"Took Card","damage_taken":0,"max_hp_gain":0,"max_hp_loss":0,"event_name":"NoteForYourself","floor":40,"gold_loss":0,"cards_obtained":["Slimebound:Strike_Slimebound"]}],"is_beta":false,"boss_relics":[{"not_picked":["Fusion Hammer","Tiny House"],"picked":"bronze:MakeshiftBattery"},{"not_picked":["SlaversCollar","Black Star"],"picked":"Pandora\u0027s Box"}],"items_purged_floors":[4,22,42],"is_endless":false,"potions_floor_spawned":[2,6,11,15,16,19,27,28,29,33,36,44],"killed_by":"SI_POISON_ARCHETYPE","ascension_level":0}}