{"host":"y89x8uui45kcjy42","time":1611576226,"event":{"mods":["2.2 Compatiblity","BaseMod","CapriCore","Colored Map","Colored Powertips","Custom Start","Friendly Minions","Keyboard Shortcuts","Minty Spire (QoL Compilation)","Relic Stats","Slay the Relics Exporter","StSLib","SuperFastMode","Uncapped"],"gold_per_floor":[109,109,125,125,145,179,238,238,261,280,306,338,338,348,348,434,434,444,444,463,124,134,134,168,168,168,195,195,195,195,110,110,192,192,208,221,271,271,271,271,271,298,298,323,323,343,343,343,343,343,343,343,343,27,54,54],"floor_reached":57,"language":"KOR","playtime":2597,"items_purged":["All Out Attack+1"],"score":3629,"play_id":"b08975f0-031d-46ad-8557-b55db94ee709","local_time":"20210125210346","is_ascension_mode":true,"campfire_choices":[{"floor":8,"key":"RECALL"},{"data":"Survivor","floor":13,"key":"SMITH"},{"data":"A Thousand Cuts","floor":23,"key":"SMITH"},{"data":"A Thousand Cuts","floor":25,"key":"SMITH"}],"circlet_count":0,"master_deck":["Survivor+1","Neutralize+1","After Image+1","After Image+1","Acrobatics+1","Prepared+1","Calculated Gamble+1","Reflex+1","Tactician+1","A Thousand Cuts+1","A Thousand Cuts+1","Grand Finale+1"],"relics":["Ring of the Serpent","WristBlade","Coffee Dripper","Vajra","Oddly Smooth Stone","Necronomicon","Paper Crane","Anchor","HornCleat","CaptainsWheel","Bag of Marbles","Red Mask","Snake Skull","Thread and Needle","FossilizedHelix","TungstenRod","Turnip","Ginger","Incense Burner","Kunai","Shuriken","TheAbacus","Tingsha","Tough Bandages","Omamori","Bag of Preparation","Sundial","CeramicFish","Singing Bowl","Odd Mushroom","Calipers","Potion Belt","Paper Frog","SacredBark","Chemical X","Oddly Smooth Stone","Bronze Scales","Matryoshka","Juzu Bracelet","The Courier","Toy Ornithopter","Bag of Marbles","SlaversCollar","Ice Cream","Pocketwatch","Anchor","Ornamental Fan","Medical Kit","Incense Burner","Strawberry"],"acts_visited":["Exordium","TheCity","TheBeyond","TheEnding"],"potions_floor_usage":[56,56,56,56,56,56,56,56],"damage_taken":[{"damage":0,"enemies":"Cultist","floor":1,"turns":1},{"damage":0,"enemies":"Small Slimes","floor":3,"turns":1},{"damage":0,"enemies":"Jaw Worm","floor":5,"turns":1},{"damage":0,"enemies":"Lagavulin","floor":6,"turns":1},{"damage":0,"enemies":"Lagavulin Event","floor":7,"turns":1},{"damage":0,"enemies":"2 Fungi Beasts","floor":10,"turns":1},{"damage":0,"enemies":"The Mushroom Lair","floor":11,"turns":1},{"damage":0,"enemies":"3 Sentries","floor":12,"turns":1},{"damage":0,"enemies":"Blue Slaver","floor":14,"turns":1},{"damage":0,"enemies":"Hexaghost","floor":16,"turns":1},{"damage":0,"enemies":"2 Thieves","floor":18,"turns":1},{"damage":0,"enemies":"3 Byrds","floor":20,"turns":1},{"damage":0,"enemies":"Shelled Parasite and Fungi","floor":22,"turns":2},{"damage":0,"enemies":"Slavers","floor":24,"turns":1},{"damage":0,"enemies":"Book of Stabbing","floor":27,"turns":1},{"damage":0,"enemies":"Champ","floor":33,"turns":1},{"damage":0,"enemies":"3 Shapes","floor":35,"turns":1},{"damage":0,"enemies":"Orb Walker","floor":36,"turns":1},{"damage":0,"enemies":"2 Orb Walkers","floor":37,"turns":1},{"damage":0,"enemies":"Reptomancer","floor":42,"turns":1},{"damage":0,"enemies":"Giant Head","floor":44,"turns":1},{"damage":0,"enemies":"Sphere and 2 Shapes","floor":46,"turns":1},{"damage":0,"enemies":"Time Eater","floor":50,"turns":2},{"damage":0,"enemies":"Awakened One","floor":51,"turns":2},{"damage":0,"enemies":"Shield and Spear","floor":55,"turns":1},{"damage":0,"enemies":"The Heart","floor":56,"turns":4}],"seed_played":"4191201439403889944","potions_obtained":[{"floor":3,"key":"GamblersBrew"},{"floor":5,"key":"FearPotion"},{"floor":10,"key":"Block Potion"},{"floor":16,"key":"Regen Potion"},{"floor":18,"key":"Ancient Potion"},{"floor":24,"key":"EntropicBrew"}],"is_trial":false,"path_per_floor":["M","?","M","?","M","E","?","R","T","M","?","E","R","M","R","B",null,"M","?","M","$","M","R","E","R","T","E","?","?","?","?","R","B",null,"M","M","?","?","?","R","?","E","T","E","R","M","?","?","R","B","B",null,"R","$","E","B",null],"character_chosen":"THE_SILENT","items_purchased":["Chemical X","Oddly Smooth Stone","Incense Burner"],"campfire_rested":0,"item_purchase_floors":[21,21,54],"current_hp_per_floor":[59,59,59,59,59,59,61,61,61,63,65,67,67,69,69,69,74,76,76,78,78,80,80,80,80,80,82,82,82,82,82,82,82,84,86,88,90,90,92,92,92,94,94,96,96,98,93,93,93,93,93,93,93,93,102,102],"gold":54,"neow_bonus":"RANDOM_COLORLESS_2","is_daily":false,"chose_seed":false,"campfire_upgraded":3,"win_rate":0.0,"timestamp":1611576226,"path_taken":["M","?","M","?","?","E","?","R","T","M","?","E","R","M","R","BOSS","M","?","?","?","M","R","E","R","T","E","?","?","?","?","R","BOSS","M","M","?","?","?","R","?","E","T","E","R","M","?","?","R","BOSS","BOSS","R","$","E","BOSS"],"items_purchased_type":["Relic","Relic","Relic"],"build_version":"2020-12-22","purchased_purges":1,"victory":true,"max_hp_per_floor":[66,66,66,66,66,66,68,68,68,70,72,74,74,76,76,76,76,78,78,80,80,82,82,82,82,82,84,84,84,84,84,84,84,84,86,88,90,90,92,92,92,94,94,96,96,98,93,93,93,93,93,93,93,93,102,102],"relic_stats":{"Singing Bowl":34,"counters":[26,32],"CeramicFish":27,"Tingsha":[2106],"Snake Skull":[1],"Bag of Preparation":[52],"Juzu Bracelet":3,"Ginger":[2],"Medical Kit":[4],"Tough Bandages":[2601],"TheAbacus":[2190],"Shuriken":[5],"Sundial":[236],"Ornamental Fan":[16],"Bronze Scales":[57],"Turnip":[4],"Necronomicon":[0],"Kunai":[5],"Chemical X":[1],"obtain_stats":[{"Ice Cream":37,"Calipers":14,"Singing Bowl":7,"CeramicFish":6,"SacredBark":17,"Vajra":0,"Snake Skull":0,"Incense Burner":0,"Bag of Preparation":0,"Juzu Bracelet":26,"Ginger":0,"Tough Bandages":0,"HornCleat":0,"TheAbacus":0,"Matryoshka":24,"WristBlade":0,"Sundial":5,"Strawberry":55,"Necronomicon":0,"Red Mask":0,"Kunai":0,"Chemical X":21,"Ring of the Snake":0,"Paper Frog":16,"Potion Belt":14,"Oddly Smooth Stone":0,"Thread and Needle":0,"Tingsha":0,"The Courier":26,"Omamori":0,"Paper Crane":0,"Odd Mushroom":11,"Medical Kit":45,"SlaversCollar":34,"Anchor":0,"CaptainsWheel":0,"Shuriken":0,"Brimstone":22,"Ornamental Fan":43,"Bronze Scales":22,"Turnip":0,"Coffee Dripper":0,"Bag of Marbles":0,"Ring of the Serpent":0,"FossilizedHelix":0,"TungstenRod":0,"Toy Ornithopter":27,"Pocketwatch":42},{"Ice Cream":19,"Calipers":9,"Singing Bowl":4,"CeramicFish":4,"SacredBark":10,"Vajra":0,"Snake Skull":0,"Incense Burner":0,"Bag of Preparation":0,"Juzu Bracelet":14,"Ginger":0,"Tough Bandages":0,"HornCleat":0,"TheAbacus":0,"Matryoshka":14,"WristBlade":0,"Sundial":3,"Strawberry":25,"Necronomicon":0,"Red Mask":0,"Kunai":0,"Chemical X":12,"Ring of the Snake":0,"Paper Frog":10,"Potion Belt":9,"Oddly Smooth Stone":0,"Thread and Needle":0,"Tingsha":0,"The Courier":14,"Omamori":0,"Paper Crane":0,"Odd Mushroom":7,"Medical Kit":21,"SlaversCollar":16,"Anchor":0,"CaptainsWheel":0,"Shuriken":0,"Brimstone":13,"Ornamental Fan":20,"Bronze Scales":13,"Turnip":0,"Coffee Dripper":0,"Bag of Marbles":0,"Ring of the Serpent":0,"FossilizedHelix":0,"TungstenRod":0,"Toy Ornithopter":15,"Pocketwatch":20},{"Ice Cream":20,"Calipers":9,"Singing Bowl":4,"CeramicFish":4,"SacredBark":10,"Vajra":0,"Snake Skull":0,"Incense Burner":0,"Bag of Preparation":0,"Juzu Bracelet":15,"Ginger":0,"Tough Bandages":0,"HornCleat":0,"TheAbacus":0,"Matryoshka":15,"WristBlade":0,"Sundial":3,"Strawberry":28,"Necronomicon":0,"Red Mask":0,"Kunai":0,"Chemical X":12,"Ring of the Snake":0,"Paper Frog":10,"Potion Belt":9,"Oddly Smooth Stone":0,"Thread and Needle":0,"Tingsha":0,"The Courier":15,"Omamori":0,"Paper Crane":0,"Odd Mushroom":7,"Medical Kit":22,"SlaversCollar":17,"Anchor":0,"CaptainsWheel":0,"Shuriken":0,"Brimstone":14,"Ornamental Fan":21,"Bronze Scales":14,"Turnip":0,"Coffee Dripper":0,"Bag of Marbles":0,"Ring of the Serpent":0,"FossilizedHelix":0,"TungstenRod":0,"Toy Ornithopter":16,"Pocketwatch":21}],"TungstenRod":0,"Toy Ornithopter":0,"Pocketwatch":[0]},"card_choices":[{"not_picked":["Poisoned Stab","Slice","Outmaneuver"],"picked":"SKIP","floor":1},{"not_picked":["Choke","Underhanded Strike","Tactician"],"picked":"SKIP","floor":3},{"not_picked":["Skewer","Prepared","Sucker Punch"],"picked":"SKIP","floor":5},{"not_picked":["Deadly Poison","Prepared","Poisoned Stab"],"picked":"SKIP","floor":6},{"not_picked":["Acrobatics","Accuracy","Reflex"],"picked":"Singing Bowl","floor":7},{"not_picked":["Dagger Throw","Calculated Gamble","Flying Knee"],"picked":"Singing Bowl","floor":10},{"not_picked":["Setup","Deadly Poison","Caltrops"],"picked":"Singing Bowl","floor":11},{"not_picked":["Tactician","Phantasmal Killer","Bouncing Flask"],"picked":"Singing Bowl","floor":12},{"not_picked":["Well Laid Plans","PiercingWail","Riddle With Holes"],"picked":"Singing Bowl","floor":14},{"not_picked":["Grand Finale","Die Die Die"],"picked":"A Thousand Cuts","floor":16},{"not_picked":["Sucker Punch","Blade Dance+1","Dagger Spray"],"picked":"Singing Bowl","floor":18},{"not_picked":["Heel Hook","Skewer","Blade Dance"],"picked":"Singing Bowl","floor":20},{"not_picked":["All Out Attack","After Image","Slice"],"picked":"Singing Bowl","floor":22},{"not_picked":["Slice","Underhanded Strike"],"picked":"A Thousand Cuts","floor":24},{"not_picked":["Flechettes","Dodge and Roll","Prepared+1"],"picked":"Singing Bowl","floor":27},{"not_picked":["Tools of the Trade","Venomology"],"picked":"Grand Finale","floor":33},{"not_picked":["Quick Slash","Well Laid Plans","Flying Knee"],"picked":"Singing Bowl","floor":35},{"not_picked":["Flechettes+1","Backstab","Deadly Poison"],"picked":"Singing Bowl","floor":36},{"not_picked":["Tactician","Noxious Fumes","Deflect"],"picked":"Singing Bowl","floor":37},{"not_picked":["Impatience","Dramatic Entrance","Dark Shackles"],"picked":"Singing Bowl","floor":39},{"not_picked":["Underhanded Strike","Cloak And Dagger","Reflex"],"picked":"Singing Bowl","floor":42},{"not_picked":["Flechettes","Escape Plan","Dagger Spray"],"picked":"Singing Bowl","floor":44},{"not_picked":["Backflip","Deadly Poison","Flying Knee"],"picked":"Singing Bowl","floor":46},{"not_picked":["Doppelganger","Distraction","Crippling Poison"],"picked":"Singing Bowl","floor":55}],"player_experience":652174,"relics_obtained":[{"floor":6,"key":"CeramicFish"},{"floor":11,"key":"Odd Mushroom"},{"floor":24,"key":"Matryoshka"},{"floor":26,"key":"Juzu Bracelet"},{"floor":26,"key":"The Courier"},{"floor":27,"key":"Toy Ornithopter"},{"floor":37,"key":"Ice Cream"},{"floor":42,"key":"Pocketwatch"},{"floor":43,"key":"Anchor"},{"floor":43,"key":"Ornamental Fan"},{"floor":55,"key":"Strawberry"}],"event_choices":[{"damage_healed":0,"gold_gain":0,"player_choice":"Grow","damage_taken":0,"max_hp_gain":0,"max_hp_loss":0,"event_name":"Living Wall","floor":2,"gold_loss":0,"cards_upgraded":["Neutralize"]},{"damage_healed":0,"gold_gain":0,"player_choice":"0 cards matched","damage_taken":0,"max_hp_gain":0,"max_hp_loss":0,"event_name":"Match and Keep!","floor":4,"gold_loss":0,"cards_obtained":[]},{"damage_healed":0,"gold_gain":30,"player_choice":"Searched \u00273\u0027 times","damage_taken":0,"relics_obtained":["Singing Bowl"],"max_hp_gain":0,"max_hp_loss":0,"event_name":"Dead Adventurer","floor":7,"gold_loss":0},{"damage_healed":0,"gold_gain":0,"player_choice":"Fought Mushrooms","damage_taken":0,"max_hp_gain":0,"max_hp_loss":0,"event_name":"Mushrooms","floor":11,"gold_loss":0},{"damage_healed":0,"gold_gain":0,"player_choice":"Ignored","damage_taken":0,"max_hp_gain":0,"max_hp_loss":0,"event_name":"Transmorgrifier","floor":19,"gold_loss":0},{"damage_healed":0,"gold_gain":0,"player_choice":"Ignored","damage_taken":0,"max_hp_gain":0,"max_hp_loss":0,"event_name":"Purifier","floor":28,"gold_loss":0},{"damage_healed":0,"gold_gain":0,"player_choice":"Ignored","damage_taken":0,"max_hp_gain":0,"max_hp_loss":0,"event_name":"Beggar","floor":29,"gold_loss":0},{"damage_healed":0,"gold_gain":0,"player_choice":"Simplicity","damage_taken":0,"max_hp_gain":0,"max_hp_loss":0,"event_name":"Back to Basics","floor":30,"gold_loss":0,"cards_upgraded":[]},{"damage_healed":0,"gold_gain":0,"player_choice":"Obtained Relic","damage_taken":0,"relics_obtained":["Bag of Marbles"],"max_hp_gain":0,"max_hp_loss":0,"event_name":"Addict","floor":31,"gold_loss":85},{"damage_healed":0,"gold_gain":0,"player_choice":"Fight","damage_taken":0,"max_hp_gain":0,"max_hp_loss":0,"event_name":"Mysterious Sphere","floor":37,"gold_loss":0},{"damage_healed":0,"gold_gain":0,"player_choice":"Forge","damage_taken":0,"max_hp_gain":0,"max_hp_loss":0,"event_name":"Accursed Blacksmith","floor":38,"gold_loss":0,"cards_upgraded":["Grand Finale"]},{"damage_healed":0,"gold_gain":0,"player_choice":"Memory 1","damage_taken":0,"max_hp_gain":0,"max_hp_loss":0,"event_name":"SensoryStone","floor":39,"gold_loss":0},{"damage_healed":0,"gold_gain":0,"player_choice":"Ignored","damage_taken":0,"max_hp_gain":0,"max_hp_loss":0,"event_name":"Upgrade Shrine","floor":41,"gold_loss":0},{"damage_healed":0,"gold_gain":0,"player_choice":"Max HP","damage_taken":0,"max_hp_gain":0,"max_hp_loss":5,"event_name":"Winding Halls","floor":47,"gold_loss":0},{"cards_removed":["Caltrops"],"damage_healed":0,"gold_gain":0,"player_choice":"Removed Power","damage_taken":0,"max_hp_gain":0,"max_hp_loss":0,"event_name":"Falling","floor":48,"gold_loss":0}],"is_beta":false,"boss_relics":[{"not_picked":["Coffee Dripper","Runic Dome"],"picked":"SacredBark"},{"not_picked":["Calling Bell","Black Star"],"picked":"SlaversCollar"}],"items_purged_floors":[54],"is_endless":false,"potions_floor_spawned":[3,5,10,11,16,18,24,42,46],"ascension_level":20}}