{"host":"6drv1qzpbnls60z2","time":1611589167,"event":{"mods":["ATMod(°¢èªMod)","Act Like it!","Arknights The Spire","BaseMod","Hallownest","Minty Spire (QoL Compilation)","Reimu£¨²©ÀöÁéÃÎ£©","Replay The Spire","Shop Mod","Spicy Shops","StSLib","Uncapped","¡¾ÒÅÎï¿¨ÅÆ¡¿REMEMod","óô»ðÖ¸ÄÏ"],"gold_per_floor":[112,129,90,107,107,107,56,20,20,46,46,59,59,116,116,190,190,210,224,1,19,31,31,31,6,30,30,30,95,159,260,5,155,155,197,21,108,0,6,61,61,120,120,74,130,166,262,262,4,107,207,207,269,314,384,72,158,216,216,266,292,292,106,106,106,55,55,255,255,294,335,3,39,39,39,149,15,65,65,90,90],"floor_reached":80,"language":"ZHS","playtime":5521,"items_purged":["ats:Explosion Area Strengthen","ats:Hammer On","ats:Absolute Focus","ats:Poison Spread","ats:Powerful Strike"],"score":2465,"play_id":"440d3c0d-f748-4ad1-8bf6-3c409733a448","local_time":"20210125233927","daily_mods":["SealedDeck"],"is_ascension_mode":true,"campfire_choices":[{"data":"ats:Part Time Job","floor":6.0,"key":"SMITH"},{"data":"REME_Flogging","floor":11.0,"key":"SMITH"},{"data":"ats:Soul Absorption","floor":13.0,"key":"SMITH"},{"data":"AT_TearsDenial","floor":15.0,"key":"SMITH"},{"data":"ats:Disruption Kick","floor":24.0,"key":"SMITH"},{"data":"ats:Sashimi Platter","floor":28.0,"key":"SMITH"},{"data":"Enlightenment","floor":41.0,"key":"SMITH"},{"data":"Pot Of Greed","floor":59,"key":"SMITH"},{"data":"Pot Of Greed","floor":65,"key":"SMITH"},{"data":"Pot Of Greed","floor":67,"key":"SMITH"},{"data":"Pot Of Greed","floor":75,"key":"SMITH"},{"data":"ats:Encircling Forest","floor":79,"key":"SMITH"}],"circlet_count":0,"master_deck":["AscendersBane","AT_TearsDenial+1","REME_Flogging+1","ats:Shadow Raid+1","ats:Guardian Obelisk","ats:Poison Spread","ats:Very Hot Blade","ats:Ignite","ats:Hook Shot","ats:Part Time Job+1","ats:Sashimi Platter+1","ats:Powerful Strike","Crusade:ReiMu","FoulBorder2:ReiMu","ats:Consecutive Shot Auto","ats:Shell Defense","RainPray2:ReiMu+1","FantasyBorder:ReiMu","ats:Soul Absorption+1","ats:Guard Mode","ats:Disruption Kick+1","InherentArray:ReiMu+1","ats:Red Shift","ats:Guard Mode","ats:Ignite","ats:Very Hot Blade+1","ats:Counter Healing Mode+1","Enlightenment+1","ats:Disruption Kick+1","ats:Burning Ground","ats:Soul Absorption+1","FantasyBorder:ReiMu","ats:Assault Order","ats:Serious Mode+1","ats:Burning Ground","Pot Of Greed+1","Pot Of Greed+1","Pot Of Greed+1","Pot Of Greed+1","ats:True Silver Slash","ats:Directed Diagnosis","ats:Composite Medical Shells","LovePray:ReiMu","ats:Phantom+1","ats:Mental Burst+1","ats:Collapsing Strike","ats:Spore Proliferation","ats:Defend Order","Pot Of Greed+1","UniversalSpiritual:ReiMu","ats:Encircling Forest+1","ats:Sashimi Platter","ats:Sashimi Platter","ats:Closed Bolt Burst Fire","ats:Song Of Battle","OctopathBindingBorder2:ReiMu+1"],"relics":["ats:Sanity","AT_ATBox","REME_ComplimentaryCards","AT_RedNoBalance","ats:Originium","Vajra","Tea:ReiMu","GremlinMask","AT_MibuBalloonWealth","Pen Nib","MerchantsRug","Coffee Dripper","Orichalcum","AT_ChloranthyRing","AT_Kusabimaru","Red Mask","Happy Flower","Blue Doll","Pondfish Scales","ats:Hidden Killer","Turnip","Juzu Bracelet","Toy Ornithopter","Strange Spoon","AT_SunfireAegis"],"acts_visited":["Exordium","TheCity","TheBeyond","Exordium","TheCity"],"potions_floor_usage":[58,68,73,76,78,80],"damage_taken":[{"damage":9.0,"enemies":"2 Louse","floor":1.0,"turns":2.0},{"damage":0.0,"enemies":"Cultist","floor":2.0,"turns":2.0},{"damage":12.0,"enemies":"Small Slimes","floor":4.0,"turns":2.0},{"damage":7.0,"enemies":"3 Sentries","floor":10.0,"turns":4.0},{"damage":0.0,"enemies":"Exordium Thugs","floor":12.0,"turns":3.0},{"damage":0.0,"enemies":"Gremlin Nob","floor":14.0,"turns":2.0},{"damage":67.0,"enemies":"Fading Forest","floor":16.0,"turns":13.0},{"damage":4.0,"enemies":"Spheric Guardian","floor":18.0,"turns":3.0},{"damage":0.0,"enemies":"3 Byrds","floor":19.0,"turns":3.0},{"damage":12.0,"enemies":"3 Cultists","floor":21.0,"turns":3.0},{"damage":14.0,"enemies":"Sentry and Sphere","floor":22.0,"turns":3.0},{"damage":23.0,"enemies":"Centurion and Healer","floor":29.0,"turns":3.0},{"damage":6.0,"enemies":"Chosen and Byrds","floor":30.0,"turns":3.0},{"damage":27.0,"enemies":"Slavers","floor":31.0,"turns":3.0},{"damage":91.0,"enemies":"Collector","floor":33.0,"turns":9.0},{"damage":10.0,"enemies":"Orb Walker","floor":35.0,"turns":2.0},{"damage":22.0,"enemies":"3 Shapes","floor":37.0,"turns":3.0},{"damage":26.0,"enemies":"R_Hoarder","floor":40.0,"turns":6.0},{"damage":55.0,"enemies":"Nemesis","floor":42.0,"turns":8.0},{"damage":45.0,"enemies":"Giant Head","floor":45.0,"turns":6.0},{"damage":26.0,"enemies":"Transient","floor":46.0,"turns":6.0},{"damage":0.0,"enemies":"2 Orb Walkers","floor":47.0,"turns":2.0},{"damage":47.0,"enemies":"Replay:Hell Engine","floor":50.0,"turns":5.0},{"damage":0,"enemies":"TheAcolyte","floor":51,"turns":1},{"damage":0,"enemies":"2 Louse","floor":53,"turns":1},{"damage":0,"enemies":"Jaw Worm","floor":54,"turns":1},{"damage":0,"enemies":"Small Slimes","floor":55,"turns":2},{"damage":16,"enemies":"3 Louse","floor":57,"turns":3},{"damage":43,"enemies":"Replay:BlueRogue","floor":58,"turns":4},{"damage":68,"enemies":"Lagavulin","floor":60,"turns":5},{"damage":10,"enemies":"Fading Forest","floor":68,"turns":13},{"damage":0,"enemies":"Chosen","floor":70,"turns":3},{"damage":16,"enemies":"Spheric Guardian","floor":71,"turns":3},{"damage":74,"enemies":"Snake Plant","floor":73,"turns":3},{"damage":39,"enemies":"Slavers","floor":76,"turns":2},{"damage":61,"enemies":"Book of Stabbing","floor":78,"turns":4},{"damage":8,"enemies":"Gremlin Leader","floor":80,"turns":1}],"seed_played":"6401695552474945236","potions_obtained":[{"floor":2.0,"key":"Energy Potion"},{"floor":4.0,"key":"Dexterity Potion"},{"floor":10.0,"key":"ColorlessPotion"},{"floor":14.0,"key":"Weak Potion"},{"floor":21.0,"key":"DuplicationPotion"},{"floor":35.0,"key":"Toxic Potion"},{"floor":45.0,"key":"DuplicationPotion"},{"floor":50.0,"key":"Strength Potion"},{"floor":68,"key":"SteroidPotion"},{"floor":71,"key":"MagicPotion:ReiMu"},{"floor":73,"key":"PowerPotion"},{"floor":78,"key":"Reflective Coating"}],"is_trial":true,"path_per_floor":["M","M","$","M","?","R","$","$","T","E","R","M","R","?","R","B",null,"M","M","$","M","M","?","R","$","T","?","R","M","M","E","R","B",null,"M","$","M","?","$","E","R","E","T","$","E","M","?","T","R","B","B",null,"M","M","M","$","M","E","R","E","T","?","$","?","R","$","R","B",null,"M","M","$","M","?","R","E","$","E","R","E"],"character_chosen":"DOCTOR_CLASS","items_purchased":["FoulBorder2:ReiMu","ats:Shell Defense","RainPray2:ReiMu+1","BargainBundle","ats:Absolute Focus","REME_GoldPotion","GrandPatriotsElixir:ReiMu","ats:Ignite","MerchantsRug","Enlightenment","AT_Kusabimaru","Guide Book","FantasyBorder:ReiMu","ats:Serious Mode+1","Juzu Bracelet","ats:Phantom","ats:Mental Burst+1","ats:Collapsing Strike","ats:Spore Proliferation","Elixir","ats:Encircling Forest","ats:Sashimi Platter","Strange Spoon","AT_SunfireAegis"],"campfire_rested":0,"item_purchase_floors":[3,7,8,20,20,20,20,25,32,32,36,36,39,44,49,56,56,56,56,56,63,66,72,77],"current_hp_per_floor":[65,72,72,60,60,60,60,60,60,39,39,36,36,36,36,19,59,43,54,54,46,34,34,55,55,55,55,72,49,57,30,30,28,61,65,65,46,46,46,38,38,14,14,14,43,53,53,53,53,20,20,59,59,59,64,64,48,10,10,9,9,9,9,9,9,9,9,72,72,72,72,72,25,25,46,12,12,2,2,0,0],"gold":90,"neow_bonus":"","is_daily":false,"chose_seed":false,"campfire_upgraded":12,"win_rate":0.0,"timestamp":1611589167,"path_taken":["M","M","$","M","?","R","?","$","T","E","R","M","R","?","R","BOSS","M","M","$","M","M","?","R","?","T","?","R","M","M","E","R","BOSS","M","$","M","?","$","E","R","E","T","$","E","M","?","?","R","BOSS","BOSS","M","M","M","$","M","E","R","E","T","?","$","?","R","$","R","BOSS","M","M","$","M","?","R","E","?","E","R","E"],"items_purchased_type":["Card","Card","Card","Relic","Card","Potion","Potion","Card","Relic","Card","Relic","Relic","Card","Card","Relic","Card","Card","Card","Card","Potion","Card","Card","Relic","Relic"],"build_version":"2020-12-22","purchased_purges":5,"victory":false,"max_hp_per_floor":[72,72,72,72,72,72,72,72,72,72,72,72,72,72,72,72,72,72,72,72,72,72,72,72,72,72,72,72,72,72,72,72,72,72,72,72,72,72,72,72,72,72,72,72,72,72,72,72,72,72,72,72,72,72,72,72,72,72,72,72,72,72,72,72,72,72,72,72,72,72,72,72,72,72,72,72,72,72,72,72,72],"card_choices":[{"not_picked":["Intuition:ReiMu","CareerPray:ReiMu"],"picked":"ats:Powerful Strike","floor":1.0},{"not_picked":["EmergencyTakeOff:ReiMu","Amulet:ReiMu"],"picked":"Crusade:ReiMu","floor":2.0},{"not_picked":["BarrageOfMoneybags:ReiMu","OrbThrow:ReiMu"],"picked":"ats:Consecutive Shot Auto","floor":4.0},{"not_picked":["SpreadBorder2:ReiMu","RainPray2:ReiMu"],"picked":"FantasyBorder:ReiMu","floor":10.0},{"not_picked":["SafetyPray:ReiMu","ats:Flexible Camouflage"],"picked":"ats:Soul Absorption","floor":12.0},{"not_picked":["ats:Healing Drone","EmergencyTakeOff:ReiMu"],"picked":"ats:Guard Mode","floor":14.0},{"not_picked":["ats:Fractured Body","CleanRite:ReiMu"],"picked":"ats:Disruption Kick","floor":16.0},{"not_picked":["OrbThrow:ReiMu+1","ats:Flexible Camouflage"],"picked":"InherentArray:ReiMu+1","floor":18.0},{"not_picked":["Conquer:ReiMu+1","SafetyPray:ReiMu"],"picked":"ats:Red Shift","floor":19.0},{"not_picked":["MountainWay:ReiMu","PrepareRite:ReiMu"],"picked":"ats:Powerful Strike","floor":21.0},{"not_picked":["SubcavityInstant:ReiMu","OrbThrow:ReiMu"],"picked":"ats:Guard Mode","floor":22.0},{"not_picked":["CollectionFlower2:ReiMu+1","SpreadBorder2:ReiMu"],"picked":"ats:Very Hot Blade+1","floor":29.0},{"not_picked":["ats:Red Shift","HakureiPhantom:ReiMu"],"picked":"ats:Counter Healing Mode+1","floor":30.0},{"not_picked":["Amulet:ReiMu","AlertArray:ReiMu"],"picked":"ats:Hammer On","floor":31.0},{"not_picked":["ats:Soul Rend","CleanRite:ReiMu"],"picked":"ats:Disruption Kick","floor":33.0},{"not_picked":["ats:Beaten Up+1","EmergencyTakeOff:ReiMu","Replay:Bootleg Shield Generator"],"picked":"ats:Burning Ground","floor":35.0},{"not_picked":["ats:Shadow Raid","Revelation:ReiMu"],"picked":"ats:Soul Absorption+1","floor":37.0},{"not_picked":["ats:Apocalypse","SubcavityInstant:ReiMu"],"picked":"ats:Assault Order","floor":40.0},{"not_picked":["AirManeuver:ReiMu","SubcavityInstant:ReiMu","ats:Powerful Strike"],"picked":"SKIP","floor":42.0},{"not_picked":["SpiritualOutbreak2:ReiMu","ForcedLanding:ReiMu","ats:Echo Reverb"],"picked":"SKIP","floor":45.0},{"not_picked":["ats:Hammer On","ForcedLanding:ReiMu"],"picked":"ats:Burning Ground","floor":46.0},{"not_picked":["ats:Durian","ats:Echo Reverb"],"picked":"ats:True Silver Slash","floor":50.0},{"not_picked":["ats:Flame Of Heaven","ats:Consecutive Shot Auto","WonderfulDomain:ReiMu"],"picked":"ats:Directed Diagnosis","floor":53},{"not_picked":["Enchanting:ReiMu","ats:Song Of Battle","ats:Support Order"],"picked":"ats:Composite Medical Shells","floor":54},{"not_picked":["FantasyMoon:ReiMu","OrbThrow:ReiMu","ats:Absolute Focus"],"picked":"LovePray:ReiMu","floor":55},{"not_picked":["KamiSacrifice:ReiMu","SubAcupoint:ReiMu","ats:Explosion Area Strengthen"],"picked":"SKIP","floor":57},{"not_picked":["ats:Overload","ats:Rapid Magazine"],"picked":"ats:Defend Order","floor":58},{"not_picked":["ats:Poison Spread","ats:Consecutive Shot Auto"],"picked":"UniversalSpiritual:ReiMu","floor":60},{"not_picked":["ats:Poison Spread","Dreaming2:ReiMu+1","Amulet:ReiMu"],"picked":"SKIP","floor":70},{"not_picked":["Enchanting:ReiMu+1","ats:Hammer On"],"picked":"ats:Closed Bolt Burst Fire","floor":71},{"not_picked":["ats:Flexible Camouflage","AlertArray:ReiMu"],"picked":"ats:Song Of Battle","floor":73},{"not_picked":["AlertArray:ReiMu+1","ats:Consecutive Shot Auto+1","YinYang:ReiMu"],"picked":"SKIP","floor":76},{"not_picked":["ats:Leaping Hammer","ats:Powerful Strike"],"picked":"OctopathBindingBorder2:ReiMu+1","floor":78}],"player_experience":131140,"relics_obtained":[{"floor":9.0,"key":"AT_SilverBalance"},{"floor":10.0,"key":"ats:Originium"},{"floor":10.0,"key":"Vajra"},{"floor":26.0,"key":"AT_MibuBalloonWealth"},{"floor":31.0,"key":"ats:Originium"},{"floor":31.0,"key":"Pen Nib"},{"floor":34.0,"key":"Orichalcum"},{"floor":34.0,"key":"AT_ChloranthyRing"},{"floor":40.0,"key":"ats:Originium"},{"floor":40.0,"key":"Happy Flower"},{"floor":42.0,"key":"ats:Originium"},{"floor":42.0,"key":"Blue Doll"},{"floor":43.0,"key":"Pondfish Scales"},{"floor":45.0,"key":"ats:Hidden Killer"},{"floor":47.0,"key":"Turnip"},{"floor":48.0,"key":"Grinning Jar"},{"floor":61,"key":"Toy Ornithopter"}],"event_choices":[{"damage_healed":0.0,"max_hp_gain":0.0,"max_hp_loss":0.0,"gold_gain":0.0,"event_name":"Purifier","player_choice":"Ignored","floor":5.0,"gold_loss":0.0,"damage_taken":0.0},{"damage_healed":0.0,"max_hp_gain":0.0,"max_hp_loss":0.0,"gold_gain":0.0,"event_name":"Dead Adventurer","player_choice":"Searched \u00273\u0027 times","floor":14.0,"gold_loss":0.0,"damage_taken":0.0,"relics_obtained":["Tea:ReiMu"]},{"damage_healed":0.0,"max_hp_gain":0.0,"max_hp_loss":0.0,"gold_gain":0.0,"event_name":"FaceTrader","player_choice":"Trade","floor":23.0,"gold_loss":0.0,"damage_taken":0.0,"relics_obtained":["GremlinMask"]},{"damage_healed":0.0,"max_hp_gain":0.0,"max_hp_loss":0.0,"gold_gain":0.0,"event_name":"Tomb of Lord Red Mask","player_choice":"Paid","floor":38.0,"gold_loss":108.0,"damage_taken":0.0,"relics_obtained":["Red Mask"]},{"damage_healed":0.0,"max_hp_gain":0.0,"max_hp_loss":0.0,"gold_gain":0.0,"event_name":"Mysterious Sphere","player_choice":"Fight","floor":47.0,"gold_loss":0.0,"damage_taken":0.0},{"damage_healed":0,"gold_gain":0,"player_choice":"Grow","damage_taken":0,"max_hp_gain":0,"max_hp_loss":0,"event_name":"Living Wall","floor":62,"gold_loss":0,"cards_upgraded":["ats:Phantom"]},{"damage_healed":0,"gold_gain":0,"player_choice":"Ignored","damage_taken":0,"max_hp_gain":0,"max_hp_loss":0,"event_name":"Golden Idol","floor":64,"gold_loss":0},{"damage_healed":0,"gold_gain":0,"player_choice":"Upgraded","damage_taken":0,"max_hp_gain":0,"max_hp_loss":0,"event_name":"Upgrade Shrine","floor":74,"gold_loss":0,"cards_upgraded":["Pot Of Greed"]}],"is_beta":false,"boss_relics":[{"not_picked":["Busted Crown","Abe\u0027s Treasure","Philosopher\u0027s Stone"]},{"not_picked":["Snecko Eye","Painkiller Herb"],"picked":"Replay:Grab Bag"},{"not_picked":["Velvet Choker","Runic Dome"],"picked":"Cursed Key"},{"not_picked":["Fusion Hammer","Sozu"],"picked":"Coffee Dripper"},{"not_picked":["REME_DuelDisc","SacredBark"],"picked":"REME_LowDesire"},{"not_picked":["Replay:Drink Me","ReplayTheSpireMod:DimensionalGlitch"],"picked":"Honey Jar"},{"not_picked":["Accursed"],"picked":"TwistingMind"}],"items_purged_floors":[36,49,56,63,72],"is_endless":true,"potions_floor_spawned":[2,4,10,14,21,22,29,35,45,47,50,57,68,71,73,78],"killed_by":"Gremlin Leader","ascension_level":20}}