{"host":"lnt5dzsuhru0aonl","time":1611582951,"event":{"mods":["2.2 Compatiblity","BaseMod","Colored Map","Colored Powertips","DeckTracker","Keyboard Shortcuts","Minty Spire (QoL Compilation)","Permanent Neow","Rare Cards Sparkle","StSLib","SuperFastMode","everything is the same but u backflip on backflip"],"gold_per_floor":[360,378,378,378,398,398,441,112,112,112,112,155,15,31,31,31,31],"floor_reached":16,"language":"KOR","playtime":337,"items_purged":["Strike_B","Strike_B"],"score":216,"play_id":"4e2c9a04-d62a-4222-9d77-9e2fe6bb822e","local_time":"20210125225551","is_ascension_mode":true,"campfire_choices":[{"data":"Zap","floor":6.0,"key":"SMITH"},{"data":"Glacier","floor":11,"key":"SMITH"},{"floor":15,"key":"REST"}],"circlet_count":0,"master_deck":["AscendersBane","Strike_B","Strike_B","Defend_B","Defend_B","Defend_B","Defend_B","Zap+1","Dualcast","Static Discharge","Steam","Glacier+1","Heatsinks","Biased Cognition"],"relics":["Cracked Core","Golden Idol","Prayer Wheel","OrangePellets","Singing Bowl","Ancient Tea Set"],"acts_visited":["Exordium"],"potions_floor_usage":[12,16,16],"damage_taken":[{"damage":6.0,"enemies":"Cultist","floor":1.0,"turns":3.0},{"damage":7.0,"enemies":"Jaw Worm","floor":2.0,"turns":4.0},{"damage":18.0,"enemies":"Small Slimes","floor":5.0,"turns":3.0},{"damage":14.0,"enemies":"Lagavulin","floor":7.0,"turns":7.0},{"damage":15,"enemies":"3 Sentries","floor":12,"turns":9},{"damage":2,"enemies":"Blue Slaver","floor":14,"turns":6},{"damage":31,"enemies":"Hexaghost","floor":16,"turns":14}],"seed_played":"7929907018859234188","potions_obtained":[{"floor":1.0,"key":"LiquidMemories"},{"floor":2.0,"key":"FocusPotion"},{"floor":12,"key":"Weak Potion"}],"is_trial":false,"path_per_floor":["M","M","?","?","M","R","E","$","T","?","R","E","$","M","R","B"],"character_chosen":"DEFECT","items_purchased":["Glacier","OrangePellets","Heatsinks"],"campfire_rested":1,"item_purchase_floors":[8,8,13],"current_hp_per_floor":[40,33,56,56,38,38,24,24,24,24,24,11,11,11,31,0,0],"gold":31,"neow_bonus":"TWO_FIFTY_GOLD","is_daily":false,"chose_seed":false,"campfire_upgraded":2,"win_rate":0.0,"timestamp":1611582951,"path_taken":["M","M","?","?","M","R","E","$","T","?","R","E","$","M","R","BOSS"],"items_purchased_type":["Card","Relic","Card"],"build_version":"2020-12-22","purchased_purges":2,"victory":false,"max_hp_per_floor":[71,71,71,64,64,64,64,64,64,64,64,66,66,68,68,68,68],"card_choices":[{"not_picked":["Blizzard","Go for the Eyes"],"picked":"Static Discharge","floor":1.0},{"not_picked":["Scrape","Streamline"],"picked":"Steam","floor":2.0},{"not_picked":["Gash","Consume","Hologram"],"picked":"SKIP","floor":5.0},{"not_picked":["Rip and Tear","Redo","Stack"],"picked":"SKIP","floor":7.0},{"not_picked":["Compile Driver","Barrage","Double Energy"],"picked":"Singing Bowl","floor":12},{"not_picked":["Redo","Barrage"],"picked":"Biased Cognition","floor":14},{"not_picked":["Hologram","Stack","White Noise"],"picked":"Singing Bowl","floor":14}],"player_experience":766534,"relics_obtained":[{"floor":7.0,"key":"Prayer Wheel"},{"floor":9.0,"key":"Singing Bowl"},{"floor":12,"key":"Ancient Tea Set"}],"event_choices":[{"damage_healed":23.0,"max_hp_gain":0.0,"max_hp_loss":0.0,"gold_gain":0.0,"event_name":"Big Fish","player_choice":"Banana","floor":3.0,"gold_loss":0.0,"damage_taken":0.0},{"damage_healed":0.0,"max_hp_gain":0.0,"max_hp_loss":7.0,"gold_gain":0.0,"event_name":"Golden Idol","player_choice":"Lose Max HP","floor":4.0,"gold_loss":0.0,"damage_taken":0.0,"relics_obtained":["Golden Idol"]},{"damage_healed":0,"gold_gain":0,"player_choice":"Searched \u00270\u0027 times","damage_taken":0,"max_hp_gain":0,"max_hp_loss":0,"event_name":"Dead Adventurer","floor":10,"gold_loss":0}],"is_beta":false,"boss_relics":[],"items_purged_floors":[8,13],"is_endless":false,"potions_floor_spawned":[1,2,12],"killed_by":"Hexaghost","ascension_level":20}}