{"host":"9c969dq3azt3tjy5","time":1611564714,"event":{"mods":["AchievementEnabler","BaseMod","Colored Powertips","Minty Spire (QoL Compilation)","Quick Restart","Rare Cards Sparkle","Waifu the Spire"],"gold_per_floor":[114,124,29,29,42,69,126,126,180,197,207,222,0,11,11,111,111,127,127,139,26,125,159,159,193,217,217,231,231,247,257,257,359,359,370,264,164,177,52,52,70,82,109,109,128,79,94,94,94,94,94,94,94,127,127],"floor_reached":56,"language":"RUS","playtime":2798,"items_purged":["Strike_B","Defend_B","Strike_B"],"score":1216,"play_id":"546dd7ae-5c71-4766-8537-2729e6d7ce4d","local_time":"20210125205154","is_ascension_mode":false,"campfire_choices":[{"data":"Defragment","floor":15,"key":"SMITH"},{"data":"Defragment","floor":24,"key":"SMITH"},{"data":"Defragment","floor":27,"key":"SMITH"},{"data":"Defragment","floor":29,"key":"SMITH"},{"floor":32,"key":"REST"},{"data":"Amplify","floor":40,"key":"SMITH"},{"floor":44,"key":"RECALL"},{"floor":49,"key":"REST"},{"data":"Capacitor","floor":52,"key":"SMITH"}],"circlet_count":0,"master_deck":["Defend_B","Redo","Capacitor+1","Coolheaded","Defragment+1","Defragment+1","Melter","Barrage","Cold Snap","Chaos","Defragment+1","Electrodynamics","Darkness+1","Melter+1","Auto Shields+1","Defragment+1","Capacitor","Defragment+1","Glacier","Amplify+1"],"relics":["Cracked Core","NeowsBlessing","Vajra","Mango","DataDisk","Lee\u0027s Waffle","Astrolabe","Torii","Emotion Chip","Bronze Scales","SlaversCollar","Blood Vial","Boot"],"acts_visited":["Exordium","TheCity","TheBeyond","TheEnding"],"potions_floor_usage":[6,6,6,7,7,7,7,23,23,30,55,55,55],"damage_taken":[{"damage":0,"enemies":"Cultist","floor":1,"turns":1},{"damage":0,"enemies":"Small Slimes","floor":2,"turns":1},{"damage":0,"enemies":"2 Louse","floor":5,"turns":1},{"damage":36,"enemies":"Gremlin Nob","floor":6,"turns":6},{"damage":12,"enemies":"3 Sentries","floor":7,"turns":12},{"damage":7,"enemies":"Looter","floor":10,"turns":4},{"damage":16,"enemies":"Exordium Thugs","floor":11,"turns":5},{"damage":3,"enemies":"Red Slaver","floor":12,"turns":4},{"damage":1,"enemies":"2 Fungi Beasts","floor":14,"turns":3},{"damage":21,"enemies":"Slime Boss","floor":16,"turns":9},{"damage":0,"enemies":"Spheric Guardian","floor":18,"turns":1},{"damage":4,"enemies":"Shell Parasite","floor":20,"turns":5},{"damage":18,"enemies":"Gremlin Leader","floor":23,"turns":5},{"damage":8,"enemies":"Book of Stabbing","floor":25,"turns":7},{"damage":21,"enemies":"Centurion and Healer","floor":28,"turns":5},{"damage":1,"enemies":"Chosen and Byrds","floor":30,"turns":5},{"damage":1,"enemies":"Snake Plant","floor":31,"turns":5},{"damage":13,"enemies":"Collector","floor":33,"turns":10},{"damage":2,"enemies":"Orb Walker","floor":35,"turns":4},{"damage":1,"enemies":"3 Shapes","floor":38,"turns":5},{"damage":7,"enemies":"Maw","floor":41,"turns":7},{"damage":12,"enemies":"4 Shapes","floor":42,"turns":6},{"damage":8,"enemies":"3 Darklings","floor":45,"turns":5},{"damage":13,"enemies":"Jaw Worm Horde","floor":47,"turns":4},{"damage":20,"enemies":"Time Eater","floor":50,"turns":10},{"damage":1,"enemies":"Shield and Spear","floor":54,"turns":8},{"damage":22,"enemies":"The Heart","floor":55,"turns":9}],"seed_played":"5597391979861291051","potions_obtained":[{"floor":1,"key":"EntropicBrew"},{"floor":2,"key":"CultistPotion"},{"floor":6,"key":"EntropicBrew"},{"floor":7,"key":"SkillPotion"},{"floor":14,"key":"Energy Potion"},{"floor":25,"key":"DuplicationPotion"},{"floor":28,"key":"Weak Potion"},{"floor":31,"key":"Fire Potion"},{"floor":45,"key":"LiquidBronze"}],"is_trial":false,"path_per_floor":["M","M","$","?","M","E","?","?","T","M","M","M","$","M","R","B",null,"M","?","M","$","?","E","R","E","T","R","M","R","M","M","R","B",null,"M","?","$","M","$","R","M","M","T","R","M","$","M","?","R","B",null,"R","$","E","B",null],"character_chosen":"DEFECT","items_purchased":["Capacitor","Coolheaded","Lee\u0027s Waffle","Defragment","Defragment","FocusPotion"],"campfire_rested":2,"item_purchase_floors":[3,3,13,13,21,46],"current_hp_per_floor":[75,75,75,68,68,32,34,34,34,27,11,8,96,95,95,74,96,96,96,92,92,92,74,74,66,66,66,45,45,44,43,71,58,96,94,94,94,95,95,95,89,79,79,79,73,73,62,62,90,72,96,96,96,95,74],"gold":127,"neow_bonus":"THREE_ENEMY_KILL","is_daily":false,"chose_seed":false,"campfire_upgraded":6,"win_rate":0.0,"timestamp":1611564714,"path_taken":["M","?","$","?","M","E","?","?","T","M","M","?","?","M","R","BOSS","M","?","M","$","?","E","R","E","T","R","M","R","M","M","R","BOSS","M","?","?","M","?","R","M","M","T","R","M","$","M","?","R","BOSS","R","$","E","BOSS"],"items_purchased_type":["Card","Card","Relic","Card","Card","Potion"],"build_version":"2020-12-22","purchased_purges":3,"victory":true,"max_hp_per_floor":[75,75,75,75,75,75,89,89,89,89,89,89,96,96,96,96,96,96,96,96,96,96,96,96,96,96,96,96,96,96,96,96,96,96,96,96,96,96,96,96,96,96,96,96,96,96,96,96,96,96,96,96,96,96,96],"card_choices":[{"not_picked":["Aggregate","Tempest","Steam"],"picked":"SKIP","floor":1},{"not_picked":["Turbo","Sunder"],"picked":"Redo","floor":2},{"not_picked":["Coolheaded","Glacier"],"picked":"Defragment","floor":5},{"not_picked":["Barrage","Self Repair"],"picked":"Defragment","floor":6},{"not_picked":["Streamline","Beam Cell"],"picked":"Melter","floor":7},{"not_picked":["Self Repair","Lockon"],"picked":"Barrage","floor":10},{"not_picked":["Steam","Double Energy"],"picked":"Cold Snap","floor":11},{"not_picked":["Beam Cell","Steam"],"picked":"Chaos","floor":12},{"not_picked":["Barrage","Consume","Cold Snap"],"picked":"SKIP","floor":14},{"not_picked":["Biased Cognition","Thunder Strike"],"picked":"Electrodynamics","floor":16},{"not_picked":["Redo","Doom and Gloom"],"picked":"Defragment+1","floor":18},{"not_picked":["Streamline+1","Capacitor","Blizzard+1"],"picked":"SKIP","floor":20},{"not_picked":["Barrage","Hologram","Beam Cell+1"],"picked":"SKIP","floor":23},{"not_picked":["Sunder+1","Chaos+1"],"picked":"Glacier","floor":25},{"not_picked":["Storm+1","Beam Cell","Blizzard"],"picked":"SKIP","floor":28},{"not_picked":["Scrape","Coolheaded","Beam Cell+1"],"picked":"SKIP","floor":30},{"not_picked":["White Noise+1","Rebound","Redo"],"picked":"SKIP","floor":31},{"not_picked":["Coolheaded+1","Cold Snap","Turbo+1"],"picked":"SKIP","floor":35},{"not_picked":["Steam+1","Leap"],"picked":"Amplify","floor":38},{"not_picked":["Self Repair+1","Cold Snap+1","Steam"],"picked":"SKIP","floor":41},{"not_picked":["Compile Driver","Leap+1","Beam Cell"],"picked":"SKIP","floor":42},{"not_picked":["Beam Cell","Ball Lightning+1","Compile Driver+1"],"picked":"SKIP","floor":45},{"not_picked":["Sunder+1","Stack","Coolheaded+1"],"picked":"SKIP","floor":47},{"not_picked":["Steam","Cold Snap+1","Darkness"],"picked":"SKIP","floor":54}],"player_experience":199943,"relics_obtained":[{"floor":6,"key":"Vajra"},{"floor":7,"key":"Mango"},{"floor":9,"key":"DataDisk"},{"floor":23,"key":"Torii"},{"floor":25,"key":"Emotion Chip"},{"floor":26,"key":"Bronze Scales"},{"floor":54,"key":"Boot"}],"event_choices":[{"cards_removed":["Zap"],"damage_healed":0,"gold_gain":0,"player_choice":"Card Removal","damage_taken":7,"max_hp_gain":0,"max_hp_loss":0,"event_name":"Golden Wing","floor":4,"gold_loss":0},{"damage_healed":0,"gold_gain":0,"player_choice":"Searched \u00271\u0027 times","damage_taken":0,"max_hp_gain":0,"max_hp_loss":0,"event_name":"Dead Adventurer","floor":7,"gold_loss":0},{"cards_removed":["Dualcast"],"damage_healed":0,"gold_gain":0,"player_choice":"Purged","damage_taken":0,"max_hp_gain":0,"max_hp_loss":0,"event_name":"Purifier","floor":8,"gold_loss":0},{"damage_healed":0,"gold_gain":0,"player_choice":"Read","damage_taken":0,"max_hp_gain":0,"max_hp_loss":0,"event_name":"The Library","floor":19,"gold_loss":0,"cards_obtained":["Capacitor"]},{"damage_healed":0,"gold_gain":99,"player_choice":"Stole From Cult","damage_taken":0,"max_hp_gain":0,"max_hp_loss":0,"event_name":"Nest","floor":22,"gold_loss":0},{"damage_healed":0,"gold_gain":0,"player_choice":"Paid Gold","damage_taken":0,"relics_obtained":["Blood Vial"],"max_hp_gain":0,"max_hp_loss":0,"event_name":"WeMeetAgain","floor":36,"gold_loss":106},{"cards_removed":["Strike_B"],"damage_healed":0,"gold_gain":0,"player_choice":"Purged","damage_taken":0,"max_hp_gain":0,"max_hp_loss":0,"event_name":"Purifier","floor":48,"gold_loss":0}],"is_beta":false,"boss_relics":[{"not_picked":["Velvet Choker","Runic Dome"],"picked":"Astrolabe"},{"not_picked":["Fusion Hammer","Pandora\u0027s Box"],"picked":"SlaversCollar"}],"items_purged_floors":[21,37,39],"is_endless":false,"potions_floor_spawned":[1,2,6,7,14,20,25,28,31,38,45,47],"ascension_level":0}}