{"host":"3c27c697js19kaoo","time":1611577436,"event":{"mods":["ATMod(°¢èªMod)","Aspiration","BaseMod","CapriCore","Dota2Spire","Hermit","Minty Spire (QoL Compilation)","Quick Restart","Replay The Spire","Spicy Shops","StSLib","The Alterego","The Cursed","The Marked","The Runesmith","The Servant 0.9.4","¡¾¹¦ÄÜMod¡¿»ìãçÖ®»·ÐÞ¸´²¹¶¡","¡¾ÒÅÎï¿¨ÅÆ¡¿REMEMod"],"gold_per_floor":[112,170,170,181,30,64,80,90,117,135,213,239,253,270,270,367,367,384,384,384,411,436,436,467,467,491,506,17,43,61,81,81,176,176,194,16,35,88,88,88,88,88,114,114,114,147,162,176,189,189,189,189,189,189,37,68,68],"floor_reached":58,"language":"ZHS","playtime":1317,"items_purged":["Delirium"],"score":1844,"play_id":"20f4e4ae-0161-40c6-825d-e7a04391514f","local_time":"20210125202356","is_ascension_mode":true,"campfire_choices":[{"floor":15,"key":"REST"},{"floor":23,"key":"RECALL"},{"data":"Eruption","floor":25,"key":"SMITH"},{"data":"Crescendo","floor":32,"key":"SMITH"},{"data":"Omniscience","floor":42,"key":"SMITH"},{"data":"Scrawl","floor":44,"key":"SMITH"},{"data":"TheCursedMod:NeowsMight","floor":51,"key":"SMITH"},{"data":"Vigilance","floor":54,"key":"SMITH"}],"circlet_count":0,"master_deck":["Strike_P","Strike_P","Strike_P","Defend_P","Defend_P","Defend_P+1","Defend_P","Eruption+1","Vigilance+1","AT_KingSlayer+1","TheCursedMod:NeowsMight+1","REME_Repentance","Halt+1","Weave","Crescendo+1","Scrawl+1","ForeignInfluence+1","Omniscience+1","Tantrum+1","Establishment+1"],"relics":["PureWater","REME_ComplimentaryCards","AT_ATBox","Question Card","Vajra","REME_HandOfSuture","Dota2Spire:MaskOfMadness","Bag of Marbles","VioletLotus","aspiration:RitualStick","Red Mask","Tiny Chest","Onion Ring","Dota2Spire:MonkeyKingBar","Frozen Egg 2","Potion Belt","aspiration:PoetsPen_weak","ReplayTheSpireMod:CursedCoin","Iron Hammer","Torii","Toy Ornithopter","AT_SpeedBoots","FossilizedHelix","Dota2Spire:ArmletOfMordiggian","War Paint","Strawberry"],"acts_visited":["Exordium","TheCity","TheBeyond","TheEnding"],"potions_floor_usage":[6,7,24,24,38,57,57,57],"damage_taken":[{"damage":0.0,"enemies":"2 Louse","floor":1.0,"turns":1.0},{"damage":4.0,"enemies":"Jaw Worm","floor":4.0,"turns":3.0},{"damage":34,"enemies":"Gremlin Nob","floor":6,"turns":3},{"damage":1,"enemies":"Small Slimes","floor":7,"turns":3},{"damage":0,"enemies":"Blue Slaver","floor":8,"turns":2},{"damage":5,"enemies":"3 Louse","floor":10,"turns":3},{"damage":10,"enemies":"Lagavulin","floor":12,"turns":3},{"damage":0,"enemies":"Looter","floor":13,"turns":2},{"damage":4,"enemies":"Exordium Wildlife","floor":14,"turns":3},{"damage":0,"enemies":"Slime Boss","floor":16,"turns":3},{"damage":0,"enemies":"Shell Parasite","floor":18,"turns":1},{"damage":4,"enemies":"Masked Bandits","floor":21,"turns":3},{"damage":40,"enemies":"Gremlin Leader","floor":24,"turns":3},{"damage":3,"enemies":"Chosen","floor":27,"turns":2},{"damage":0,"enemies":"Sentry and Sphere","floor":30,"turns":1},{"damage":0,"enemies":"3 Cultists","floor":31,"turns":1},{"damage":0,"enemies":"Champ","floor":33,"turns":1},{"damage":0,"enemies":"3 Darklings","floor":35,"turns":1},{"damage":0,"enemies":"3 Shapes","floor":37,"turns":1},{"damage":0,"enemies":"2 Orb Walkers","floor":38,"turns":1},{"damage":0,"enemies":"Reptomancer","floor":43,"turns":1},{"damage":0,"enemies":"Nemesis","floor":46,"turns":1},{"damage":0,"enemies":"Spire Growth","floor":47,"turns":1},{"damage":13,"enemies":"4 Shapes","floor":48,"turns":2},{"damage":0,"enemies":"Transient","floor":49,"turns":2},{"damage":0,"enemies":"Time Eater","floor":52,"turns":1},{"damage":0,"enemies":"Shield and Spear","floor":56,"turns":1},{"damage":98,"enemies":"The Heart","floor":57,"turns":4}],"seed_played":"-4808307336021279046","potions_obtained":[{"floor":2.0,"key":"SteroidPotion"},{"floor":7,"key":"REME_GoldPotion"},{"floor":8,"key":"BottledMiracle"},{"floor":12,"key":"Dexterity Potion"},{"floor":14,"key":"GamblersBrew"},{"floor":24,"key":"Elixir"},{"floor":31,"key":"LifebloodPotion"},{"floor":33,"key":"BlessingOfTheForge"},{"floor":35,"key":"Energy Potion"},{"floor":38,"key":"Fruit Juice"},{"floor":46,"key":"Dota2Spire:Clarity"}],"is_trial":false,"path_per_floor":["M","?","?","M","$","E","M","M","T","M","?","E","M","M","R","B",null,"M","?","?","?","T","R","E","R","T","M","$","T","M","M","R","B",null,"M","$","M","?","T","PTL","PTL","R","E","R","T","E","M","M","M","?","R","B",null,"R","$","E","B",null],"character_chosen":"WATCHER","items_purchased":["Vajra","Dota2Spire:MonkeyKingBar","Frozen Egg 2","ReplayTheSpireMod:CursedCoin","Iron Hammer","War Paint"],"campfire_rested":1,"item_purchase_floors":[5,28,28,36,36,55],"current_hp_per_floor":[79,79,79,75,75,41,40,40,40,43,43,33,33,29,52,52,79,79,63,63,59,59,59,79,79,79,76,76,76,76,76,76,76,79,79,79,79,84,84,84,84,84,84,84,84,84,84,71,71,71,71,71,80,80,80,87,1],"gold":68,"neow_bonus":"TEN_PERCENT_HP_BONUS","is_daily":false,"chose_seed":false,"campfire_upgraded":6,"win_rate":0.0,"timestamp":1611577436,"path_taken":["M","?","?","M","$","E","M","M","T","?","?","E","M","M","R","BOSS","M","?","?","?","?","R","E","R","T","M","$","?","M","?","R","BOSS","M","$","M","?","?","PTL","PTL","R","E","R","T","E","M","M","M","?","R","BOSS","R","$","E","BOSS"],"items_purchased_type":["Relic","Relic","Relic","Relic","Relic","Relic"],"build_version":"2020-12-22","purchased_purges":1,"victory":true,"max_hp_per_floor":[79,79,79,79,79,79,79,79,79,79,79,79,79,79,79,79,79,79,79,79,79,79,79,79,79,79,79,79,79,79,79,79,79,79,79,79,79,84,84,84,84,84,84,84,84,84,84,84,84,80,80,80,80,80,80,87,87],"card_choices":[{"not_picked":["Protect","Sanctity"],"picked":"REME_Repentance","floor":1.0},{"not_picked":["Alpha","PathToVictory","Replay:ManipulateFuture"],"picked":"Halt","floor":4.0},{"not_picked":["SashWhip","Protect","AT_ChampionStep","FlurryOfBlows"],"picked":"SKIP","floor":6},{"not_picked":["DeceiveReality","FlurryOfBlows","SashWhip","Replay:AtTheReady"],"picked":"SKIP","floor":7},{"not_picked":["SignatureMove","WheelKick","EmptyBody"],"picked":"Weave","floor":8},{"not_picked":["Replay:BluntJabs","EmptyBody","TalkToTheHand"],"picked":"Crescendo","floor":10},{"not_picked":["AT_SoftenMuscles","Swivel","AT_RealFormLess","REME_EmptyShield"],"picked":"SKIP","floor":12},{"not_picked":["Halt","Nirvana","FlyingSleeves","CutThroughFate"],"picked":"SKIP","floor":13},{"not_picked":["Evaluate","JustLucky","ThirdEye","BowlingBash"],"picked":"SKIP","floor":14},{"not_picked":["AT_IrregularMenstruation","AT_ChampionKick","REME_WorshipGod"],"picked":"Scrawl","floor":16},{"not_picked":["Replay:AtTheReady","SignatureMove+1","Prostrate","FollowUp"],"picked":"SKIP","floor":18},{"not_picked":["CutThroughFate","Replay:ManipulateFuture","Replay:AtTheReady"],"picked":"ForeignInfluence+1","floor":21},{"not_picked":["Halt","SashWhip","Protect+1","Establishment"],"picked":"SKIP","floor":24},{"not_picked":["CrushJoints","EmptyBody+1","FlyingSleeves","Wallop"],"picked":"SKIP","floor":27},{"not_picked":["Vengeance+1","Consecrate","Sanctity","TalkToTheHand"],"picked":"SKIP","floor":30},{"not_picked":["AT_DivineConfetti","Halt","MentalFortress+1","Replay:AtTheReady"],"picked":"SKIP","floor":31},{"not_picked":["DevaForm+1","MasterReality+1","AT_ChampionKick"],"picked":"Omniscience","floor":33},{"not_picked":["FlurryOfBlows+1","AT_ChampionStep+1","SignatureMove+1","Halt"],"picked":"SKIP","floor":35},{"not_picked":["Study+1","Evaluate+1","Crescendo","AT_ChampionStep+1"],"picked":"SKIP","floor":37},{"not_picked":["Prostrate+1","ThirdEye+1","PathToVictory"],"picked":"Tantrum+1","floor":43},{"not_picked":["Brilliance","ThirdEye","Evaluate+1","CrushJoints"],"picked":"SKIP","floor":46},{"not_picked":["Halt+1","FlurryOfBlows+1","Protect+1","Evaluate"],"picked":"SKIP","floor":47},{"not_picked":["Nirvana+1","Replay:ManipulateFuture","FlurryOfBlows+1","Halt+1"],"picked":"SKIP","floor":48},{"not_picked":["CutThroughFate+1","ThirdEye+1","SpiritShield","FollowUp"],"picked":"SKIP","floor":49},{"not_picked":["REME_Repentance+1","Replay:BluntJabs","FollowUp"],"picked":"Establishment+1","floor":56}],"player_experience":219329,"relics_obtained":[{"floor":2.0,"key":"Question Card"},{"floor":6,"key":"REME_HandOfSuture"},{"floor":9,"key":"Dota2Spire:MaskOfMadness"},{"floor":12,"key":"Bag of Marbles"},{"floor":21,"key":"Red Mask"},{"floor":22,"key":"Tiny Chest"},{"floor":24,"key":"Onion Ring"},{"floor":29,"key":"Potion Belt"},{"floor":38,"key":"Torii"},{"floor":39,"key":"Toy Ornithopter"},{"floor":43,"key":"AT_SpeedBoots"},{"floor":45,"key":"FossilizedHelix"},{"floor":46,"key":"Dota2Spire:ArmletOfMordiggian"},{"floor":56,"key":"Strawberry"}],"event_choices":[{"damage_healed":0.0,"max_hp_gain":0.0,"max_hp_loss":0.0,"gold_gain":0.0,"event_name":"Living Wall","player_choice":"Grow","floor":3.0,"gold_loss":0.0,"damage_taken":0.0,"cards_upgraded":["AT_KingSlayer"]},{"damage_healed":0,"gold_gain":78,"player_choice":"Gained Gold","damage_taken":0,"max_hp_gain":0,"max_hp_loss":0,"event_name":"Golden Wing","floor":11,"gold_loss":0},{"cards_removed":["Strike_P"],"damage_healed":0,"gold_gain":0,"player_choice":"Elegance","damage_taken":0,"max_hp_gain":0,"max_hp_loss":0,"event_name":"Back to Basics","floor":20,"gold_loss":0},{"damage_healed":0,"gold_gain":0,"player_choice":"Fought Bandits","damage_taken":0,"max_hp_gain":0,"max_hp_loss":0,"event_name":"Masked Bandits","floor":21,"gold_loss":0},{"damage_healed":0,"gold_gain":0,"player_choice":"Fight","damage_taken":0,"max_hp_gain":0,"max_hp_loss":0,"event_name":"Mysterious Sphere","floor":38,"gold_loss":0},{"damage_healed":0,"gold_gain":0,"player_choice":"Max HP","damage_taken":0,"max_hp_gain":0,"max_hp_loss":4,"event_name":"Winding Halls","floor":50,"gold_loss":0}],"is_beta":false,"boss_relics":[{"not_picked":["Runic Pyramid","Abe\u0027s Treasure"],"picked":"VioletLotus"},{"not_picked":["Runesmith:UraniumAnvil","Astrolabe"],"picked":"aspiration:PoetsPen_weak"}],"items_purged_floors":[36],"is_endless":false,"potions_floor_spawned":[7,8,12,14,21,24,31,33,35,38,46,49,56],"ascension_level":2}}