{"host":"36umirwmj0u9xjg7","time":1611611962,"event":{"mods":["Aspiration","BaseMod","CCEM","Downfall","Minty Spire (QoL Compilation)","Reliquary","Replay The Spire","StS++","StSLib","The Construct","The Gatherer","The Necromancer","The Runesmith"],"gold_per_floor":[110,110,110,35,35,35,133,133,133],"floor_reached":8,"language":"ENG","playtime":136,"items_purged":["construct:Dampening+1"],"score":42,"play_id":"acc517e1-dd55-4f73-b1bf-6a27d152b800","local_time":"20210125225922","is_ascension_mode":false,"campfire_choices":[{"data":"construct:DefenseMode+1","floor":6,"key":"SMITH"}],"circlet_count":0,"master_deck":["construct:Strike_Gold","construct:Strike_Gold","construct:Strike_Gold","construct:Strike_Gold","construct:Strike_Gold","construct:Defend_Gold","construct:Defend_Gold","construct:Defend_Gold","construct:Defend_Gold","construct:AttackMode","construct:DefenseMode+2"],"relics":["construct:ClockworkPhoenix","Golden Idol","reliquary:RosewoodLute"],"acts_visited":["Exordium"],"potions_floor_usage":[1],"damage_taken":[{"damage":4,"enemies":"2 Louse","floor":1,"turns":3},{"damage":0,"enemies":"Gremlin Nob","floor":8,"turns":2}],"seed_played":"4034255293085624685","potions_obtained":[{"floor":1,"key":"EntropicBrew"}],"is_trial":false,"path_per_floor":["M","?","?","$","?","R","?","E"],"character_chosen":"THE_CONSTRUCT_MOD","items_purchased":[],"campfire_rested":0,"item_purchase_floors":[],"current_hp_per_floor":[89,86,86,86,86,86,52,52,52],"gold":133,"neow_bonus":"TEN_PERCENT_HP_BONUS","is_daily":false,"chose_seed":false,"campfire_upgraded":1,"win_rate":0.0,"timestamp":1611611962,"path_taken":["M","?","?","$","?","R","?","E"],"items_purchased_type":[],"build_version":"2020-12-22","purchased_purges":1,"victory":false,"max_hp_per_floor":[93,86,86,86,86,86,86,86,86],"card_choices":[{"not_picked":["construct:OmegaCannon","construct:SuppressiveFire","construct:Failsafe"],"picked":"SKIP","floor":1}],"player_experience":154945,"relics_obtained":[{"floor":7,"key":"reliquary:RosewoodLute"}],"event_choices":[{"damage_healed":0,"gold_gain":0,"player_choice":"Lose Max HP","damage_taken":0,"relics_obtained":["Golden Idol"],"max_hp_gain":0,"max_hp_loss":7,"event_name":"Golden Idol","floor":2,"gold_loss":0},{"damage_healed":0,"gold_gain":0,"player_choice":"Grow","damage_taken":0,"max_hp_gain":0,"max_hp_loss":0,"event_name":"Living Wall","floor":5,"gold_loss":0,"cards_upgraded":["construct:DefenseMode"]}],"is_beta":false,"boss_relics":[],"items_purged_floors":[4],"is_endless":false,"potions_floor_spawned":[1],"killed_by":"Gremlin Nob","ascension_level":0}}