{"host":"t7mx8yfj1no5p62f","time":1611587712,"event":{"mods":["BaseMod","Bestiary","Colored Map","Colored Powertips","Minty Spire (QoL Compilation)","Relic Stats","StSLib","ojb\u0027s Info Mod"],"gold_per_floor":[118,393,406,124,143,143,176,194,221,246,246,87,102,118,118,118,118],"floor_reached":16,"language":"ENG","playtime":488,"items_purged":["Regret"],"score":274,"play_id":"36c0bbce-6dfe-428b-a9ba-a5d73f9d015c","local_time":"20210125101512","is_ascension_mode":true,"campfire_choices":[{"data":"Buffer","floor":6,"key":"SMITH"},{"data":"Fission","floor":15,"key":"SMITH"}],"circlet_count":0,"master_deck":["AscendersBane","Strike_B","Strike_B","Strike_B","Strike_B","Defend_B","Defend_B","Defend_B","Defend_B","Zap","Dualcast","Rebound","Conserve Battery","Ball Lightning","Buffer+1","Coolheaded","Glacier","Ball Lightning","Capacitor","Reinforced Body","Fission+1","Compile Driver"],"relics":["Cracked Core","NeowsBlessing","Potion Belt","Bronze Scales","Pen Nib"],"acts_visited":["Exordium"],"potions_floor_usage":[7,7,8],"damage_taken":[{"damage":0,"enemies":"Cultist","floor":1,"turns":1},{"damage":0,"enemies":"2 Louse","floor":3,"turns":1},{"damage":0,"enemies":"Small Slimes","floor":5,"turns":1},{"damage":26,"enemies":"3 Sentries","floor":7,"turns":9},{"damage":12,"enemies":"Exordium Wildlife","floor":8,"turns":6},{"damage":0,"enemies":"Gremlin Nob","floor":10,"turns":4},{"damage":9,"enemies":"Looter","floor":13,"turns":2},{"damage":0,"enemies":"Exordium Thugs","floor":14,"turns":4},{"damage":17,"enemies":"Hexaghost","floor":16,"turns":9}],"seed_played":"3744367264404091018","potions_obtained":[{"floor":5,"key":"EntropicBrew"},{"floor":7,"key":"Explosive Potion"},{"floor":11,"key":"GamblersBrew"},{"floor":11,"key":"Strength Potion"},{"floor":13,"key":"PotionOfCapacity"}],"is_trial":false,"path_per_floor":["M","?","M","$","M","R","E","M","T","E","?","$","M","M","R","B"],"character_chosen":"DEFECT","items_purchased":["Ball Lightning","Buffer","Capacitor","Reinforced Body"],"campfire_rested":0,"item_purchase_floors":[4,4,12,12],"current_hp_per_floor":[64,64,64,64,64,64,38,26,26,26,26,26,17,17,17,0,0],"gold":118,"neow_bonus":"THREE_ENEMY_KILL","is_daily":false,"chose_seed":false,"campfire_upgraded":2,"win_rate":0.0,"timestamp":1611587712,"path_taken":["M","?","M","$","?","R","E","M","T","E","?","$","M","M","R","BOSS"],"items_purchased_type":["Card","Card","Card","Card"],"build_version":"2020-12-22","purchased_purges":1,"victory":false,"max_hp_per_floor":[71,71,71,71,71,71,71,71,71,71,71,71,71,71,71,71,71],"relic_stats":{"counters":[9,37],"Bronze Scales":[68],"Pen Nib":[2],"obtain_stats":[{"Potion Belt":7,"NeowsBlessing":0,"Bronze Scales":9,"Pen Nib":10,"Cracked Core":0},{"Potion Belt":4,"NeowsBlessing":0,"Bronze Scales":5,"Pen Nib":6,"Cracked Core":0},{"Potion Belt":12,"NeowsBlessing":0,"Bronze Scales":18,"Pen Nib":22,"Cracked Core":0}]},"card_choices":[{"not_picked":["Leap","Storm"],"picked":"Rebound","floor":1},{"not_picked":["Stack","Fusion"],"picked":"Conserve Battery","floor":3},{"not_picked":["Turbo","Leap"],"picked":"Coolheaded","floor":5},{"not_picked":["Sunder","Storm"],"picked":"Glacier","floor":7},{"not_picked":["Stack","Redo"],"picked":"Ball Lightning","floor":8},{"not_picked":["Loop","Leap","Steam"],"picked":"SKIP","floor":10},{"not_picked":["Sweeping Beam","Chaos"],"picked":"Fission","floor":13},{"not_picked":["Melter","Genetic Algorithm"],"picked":"Compile Driver","floor":14}],"player_experience":1851969,"relics_obtained":[{"floor":7,"key":"Potion Belt"},{"floor":9,"key":"Bronze Scales"},{"floor":10,"key":"Pen Nib"}],"event_choices":[{"damage_healed":0,"gold_gain":275,"player_choice":"Desecrate","damage_taken":0,"max_hp_gain":0,"max_hp_loss":0,"event_name":"Golden Shrine","floor":2,"gold_loss":0,"cards_obtained":["Regret"]},{"damage_healed":0,"gold_gain":0,"player_choice":"Got Potions","damage_taken":0,"max_hp_gain":0,"max_hp_loss":0,"event_name":"Lab","floor":11,"gold_loss":0}],"is_beta":false,"boss_relics":[],"items_purged_floors":[4],"is_endless":false,"potions_floor_spawned":[5,7,13],"killed_by":"Hexaghost","ascension_level":20}}