{"host":"hszimsrtxxc2k25w","time":1611535073,"event":{"mods":["AchievementEnabler","BaseMod","Colored Map","DeckTracker","Minty Spire (QoL Compilation)","Rare Cards Sparkle","SuperFastMode"],"gold_per_floor":[119,119,135,60,60,60,80,111,137,137,147,72,72,72],"floor_reached":13,"language":"KOR","playtime":271,"items_purged":["Strike_G"],"score":158,"play_id":"ed13fe41-20e5-4c2e-a4c3-d4178d5677f7","local_time":"20210125093753","is_ascension_mode":true,"campfire_choices":[{"data":"Dagger Throw","floor":6,"key":"SMITH"},{"floor":10,"key":"REST"}],"circlet_count":0,"master_deck":["AscendersBane","Strike_G","Strike_G","Strike_G","Defend_G","Defend_G","Defend_G","Defend_G","Survivor","Neutralize","Purity","Dagger Throw+1","Escape Plan","Eviscerate","Crippling Poison","Acrobatics"],"relics":["Ring of the Snake","Akabeko","Omamori"],"acts_visited":["Exordium"],"potions_floor_usage":[8,13],"damage_taken":[{"damage":1,"enemies":"Small Slimes","floor":1,"turns":4},{"damage":1,"enemies":"2 Louse","floor":3,"turns":2},{"damage":7,"enemies":"Jaw Worm","floor":7,"turns":4},{"damage":37,"enemies":"3 Sentries","floor":8,"turns":10},{"damage":0,"enemies":"Exordium Wildlife","floor":11,"turns":2},{"damage":15,"enemies":"Lagavulin","floor":13,"turns":5}],"seed_played":"1847990526265262301","potions_obtained":[{"floor":7,"key":"AttackPotion"},{"floor":11,"key":"Explosive Potion"}],"is_trial":false,"path_per_floor":["M","?","M","?","$","R","M","E","T","R","M","$","E"],"character_chosen":"THE_SILENT","items_purchased":[],"campfire_rested":1,"item_purchase_floors":[],"current_hp_per_floor":[58,51,50,50,50,50,43,6,6,25,25,25,10,10],"gold":72,"neow_bonus":"RANDOM_COLORLESS","is_daily":false,"chose_seed":false,"campfire_upgraded":1,"win_rate":0.0,"timestamp":1611535073,"path_taken":["M","?","M","?","?","R","M","E","T","R","?","$","E"],"items_purchased_type":[],"build_version":"2020-12-22","purchased_purges":1,"victory":false,"max_hp_per_floor":[66,66,66,66,66,66,66,66,66,66,66,66,66,66],"card_choices":[{"not_picked":["Panacea","Swift Strike"],"picked":"Purity","floor":0},{"not_picked":["Prepared","Underhanded Strike"],"picked":"Dagger Throw","floor":1},{"not_picked":["Accuracy","Flying Knee"],"picked":"Escape Plan","floor":3},{"not_picked":["Dagger Spray","Terror"],"picked":"Eviscerate","floor":7},{"not_picked":["Skewer","Outmaneuver"],"picked":"Crippling Poison","floor":8},{"not_picked":["Eviscerate","Slice"],"picked":"Acrobatics","floor":11}],"player_experience":643934,"relics_obtained":[{"floor":8,"key":"Akabeko"},{"floor":9,"key":"Omamori"}],"event_choices":[{"cards_removed":["Strike_G"],"damage_healed":0,"gold_gain":0,"player_choice":"Card Removal","damage_taken":7,"max_hp_gain":0,"max_hp_loss":0,"event_name":"Golden Wing","floor":2,"gold_loss":0},{"cards_removed":["Defend_G"],"damage_healed":0,"gold_gain":0,"player_choice":"Card Removal","damage_taken":0,"max_hp_gain":0,"max_hp_loss":0,"event_name":"The Cleric","floor":4,"gold_loss":75}],"is_beta":false,"boss_relics":[],"items_purged_floors":[12],"is_endless":false,"potions_floor_spawned":[7,11],"killed_by":"Lagavulin","ascension_level":18}}