{"host":"jegehu1t82aiec5j","time":1611589520,"event":{"mods":["BaseMod","Colored Map","Minty Spire (QoL Compilation)","Relic Stats","StSLib"],"gold_per_floor":[113,127,144,19,30,364,364,395,447,447,467,467,484,494,494,494,494],"floor_reached":16,"language":"ENG","playtime":508,"items_purged":["Strike_G"],"score":228,"play_id":"b3664967-c294-4aa7-9500-a2b0359ff21a","local_time":"20210125104520","is_ascension_mode":true,"campfire_choices":[{"floor":7,"key":"REST"},{"floor":10,"key":"REST"},{"floor":12,"key":"REST"},{"floor":15,"key":"REST"}],"circlet_count":0,"master_deck":["AscendersBane","Strike_G","Strike_G","Strike_G","Strike_G","Defend_G","Defend_G","Defend_G","Defend_G","Defend_G","Survivor","Neutralize","Dagger Throw","Cloak And Dagger","Dash","Dagger Spray","Blade Dance","Acrobatics","Backflip"],"relics":["Fusion Hammer","WarpedTongs","Old Coin","Mummified Hand","Snake Skull"],"acts_visited":["Exordium"],"potions_floor_usage":[13],"damage_taken":[{"damage":0,"enemies":"Cultist","floor":1,"turns":4},{"damage":0,"enemies":"Small Slimes","floor":2,"turns":2},{"damage":4,"enemies":"Jaw Worm","floor":3,"turns":4},{"damage":0,"enemies":"Looter","floor":5,"turns":3},{"damage":14,"enemies":"3 Sentries","floor":6,"turns":12},{"damage":20,"enemies":"Lagavulin","floor":8,"turns":9},{"damage":6,"enemies":"Lots of Slimes","floor":11,"turns":4},{"damage":3,"enemies":"Gremlin Gang","floor":13,"turns":2},{"damage":1,"enemies":"Exordium Thugs","floor":14,"turns":3},{"damage":67,"enemies":"Slime Boss","floor":16,"turns":10}],"seed_played":"2588831324522818674","potions_obtained":[{"floor":3,"key":"Energy Potion"},{"floor":5,"key":"SkillPotion"}],"is_trial":false,"path_per_floor":["M","M","M","$","M","E","R","E","T","R","M","R","M","M","R","B"],"character_chosen":"THE_SILENT","items_purchased":["Dagger Spray"],"campfire_rested":4,"item_purchase_floors":[4],"current_hp_per_floor":[59,59,55,55,55,41,60,40,40,59,53,66,63,62,66,0,0],"gold":494,"neow_bonus":"BOSS_RELIC","is_daily":false,"chose_seed":false,"campfire_upgraded":0,"win_rate":0.0,"timestamp":1611589520,"path_taken":["M","M","?","$","M","E","R","E","T","R","M","R","M","M","R","BOSS"],"items_purchased_type":["Card"],"build_version":"2020-12-22","purchased_purges":1,"victory":false,"max_hp_per_floor":[66,66,66,66,66,66,66,66,66,66,66,66,66,66,66,66,66],"relic_stats":{"counters":[10,53],"Mummified Hand":[0],"Snake Skull":[1],"obtain_stats":[{"Mummified Hand":8,"Fusion Hammer":0,"Snake Skull":9,"Ring of the Snake":0,"WarpedTongs":0,"Old Coin":6},{"Mummified Hand":6,"Fusion Hammer":0,"Snake Skull":6,"Ring of the Snake":0,"WarpedTongs":0,"Old Coin":5},{"Mummified Hand":34,"Fusion Hammer":0,"Snake Skull":34,"Ring of the Snake":0,"WarpedTongs":0,"Old Coin":25}],"WarpedTongs":[52]},"card_choices":[{"not_picked":["Bane","Flying Knee"],"picked":"Dagger Throw","floor":1},{"not_picked":["Acrobatics","Endless Agony"],"picked":"Cloak And Dagger","floor":2},{"not_picked":["Underhanded Strike","Finisher"],"picked":"Dash","floor":3},{"not_picked":["Slice","Flying Knee","Concentrate"],"picked":"SKIP","floor":5},{"not_picked":["Expertise","Tactician"],"picked":"Blade Dance","floor":6},{"not_picked":["Riddle With Holes","Underhanded Strike"],"picked":"Acrobatics","floor":8},{"not_picked":["Bane","Dodge and Roll","Outmaneuver"],"picked":"SKIP","floor":11},{"not_picked":["Sucker Punch","Prepared"],"picked":"Backflip","floor":13},{"not_picked":["Riddle With Holes","Caltrops","Sucker Punch"],"picked":"SKIP","floor":14}],"player_experience":2545466,"relics_obtained":[{"floor":6,"key":"Old Coin"},{"floor":8,"key":"Mummified Hand"},{"floor":9,"key":"Snake Skull"}],"event_choices":[],"is_beta":false,"boss_relics":[],"items_purged_floors":[4],"is_endless":false,"potions_floor_spawned":[3,5,8],"killed_by":"Slime Boss","ascension_level":20}}