{"host":"17xjy7b7ubl548g2","time":1611542730,"event":{"mods":["2.2 Compatiblity","Act Like it!","Aspiration","Astrologer","Bard","BaseMod","Challenge The Spire","ChefMod","Colored Map","Colored Powertips","Conspire","Elementarium","Energized Spire","Gensokyo","GifTheSpireLib","Halation","Hallownest","Hubris","Infinite Spire","Jedi Mod","Jorbs\u0027s Wanderer Trilogy","Marisa（霧雨　魔理沙）","Marked Mod","Menagerie","Minty Spire (QoL Compilation)","Permanent Neow","Reliquary","Replay The Spire","Robot Space Explorer","Spicy Shops","Spire Arcade","StSLib","Stuff the Spire","The Blue Laboratory","The Bug Knight","The Construct","The Disciple","The Hayseed","The Hierophant","The Marked","The Runesmith","The Sage","TheFirefly"],"gold_per_floor":[116,116,133,5,55,55,81,99,99,99,120,28,28,28,28],"floor_reached":14,"language":"ENG","playtime":806,"items_purged":["Strike_B"],"score":172,"play_id":"1080c97a-d22e-4948-961a-bbdeda133896","local_time":"20210124214530","is_ascension_mode":true,"campfire_choices":[{"data":"Go for the Eyes","floor":6,"key":"SMITH"},{"data":"BasicCrystalCard","floor":10,"key":"SMITH"}],"circlet_count":0,"master_deck":["AscendersBane","Strike_B","Strike_B","Strike_B","Defend_B","Defend_B","Defend_B","Defend_B","Zap+1","Dualcast","Reinforced Body+1","Go for the Eyes+1","Conserve Battery","Undo","BasicCrystalCard+1","StuffTheSpire:PlasmaPulse"],"relics":["Cracked Core","Bird Faced Urn","Gremlin Horn","Odd Mushroom","Bottled Lightning"],"acts_visited":["Exordium"],"potions_floor_usage":[],"damage_taken":[{"damage":8,"enemies":"Small Slimes","floor":1,"turns":3},{"damage":0,"enemies":"2 Louse","floor":3,"turns":3},{"damage":20,"enemies":"Lagavulin","floor":7,"turns":8},{"damage":0,"enemies":"Cultist","floor":8,"turns":4},{"damage":27,"enemies":"The Mushroom Lair","floor":11,"turns":5},{"damage":0,"enemies":"Gremlin Nob","floor":14,"turns":1}],"seed_played":"6765622452315255274","potions_obtained":[{"floor":7,"key":"PotionOfCapacity"},{"floor":11,"key":"FocusPotion"}],"is_trial":false,"path_per_floor":["M","?","M","$","?","R","E","M","T","R","?","$","T","E"],"character_chosen":"DEFECT","items_purchased":["Conserve Battery","StuffTheSpire:PlasmaPulse"],"campfire_rested":0,"item_purchase_floors":[4,12],"current_hp_per_floor":[56,56,56,56,56,56,36,36,36,36,9,9,9,9,9],"gold":28,"neow_bonus":"UPGRADE_CARD","is_daily":false,"chose_seed":false,"campfire_upgraded":2,"win_rate":0.0,"timestamp":1611542730,"path_taken":["M","?","M","$","?","R","E","?","T","R","?","?","?","E"],"items_purchased_type":["Card","Card"],"build_version":"2020-12-22","purchased_purges":1,"victory":false,"max_hp_per_floor":[71,71,71,71,71,71,71,71,71,71,71,71,71,71,71],"card_choices":[{"not_picked":["Stack","jedi:BurstFrost"],"picked":"Reinforced Body","floor":1},{"not_picked":["Gash","Panic Button"],"picked":"Go for the Eyes","floor":3},{"not_picked":["StuffTheSpire:GlassShard","jedi:BurstLightning"],"picked":"Undo","floor":7},{"not_picked":["StuffTheSpire:Plugnplay","Skim"],"picked":"BasicCrystalCard","floor":8}],"player_experience":1893364,"relics_obtained":[{"floor":7,"key":"Bird Faced Urn"},{"floor":9,"key":"Gremlin Horn"},{"floor":11,"key":"Odd Mushroom"},{"floor":13,"key":"Bottled Lightning"}],"event_choices":[{"damage_healed":0,"gold_gain":0,"player_choice":"Grow","damage_taken":0,"max_hp_gain":0,"max_hp_loss":0,"event_name":"Living Wall","floor":2,"gold_loss":0,"cards_upgraded":["Reinforced Body"]},{"damage_healed":0,"gold_gain":50,"player_choice":"Pray","damage_taken":0,"max_hp_gain":0,"max_hp_loss":0,"event_name":"Golden Shrine","floor":5,"gold_loss":0},{"damage_healed":0,"gold_gain":0,"player_choice":"Fought Mushrooms","damage_taken":0,"max_hp_gain":0,"max_hp_loss":0,"event_name":"Mushrooms","floor":11,"gold_loss":0}],"is_beta":false,"boss_relics":[],"items_purged_floors":[4],"is_endless":false,"potions_floor_spawned":[7,11],"killed_by":"Gremlin Nob","ascension_level":20}}