{"host":"3jpwrwmmgyabjceh","time":1611573117,"event":{"mods":["AchievementEnabler","BaseMod","Colored Map","Colored Powertips","Highlight Path","Minty Spire (QoL Compilation)","Quick Restart","Relic Stats","StSLib","SuperFastMode"],"gold_per_floor":[217,234,234,245,245,245,15,25,51,71,71,71,97,114,114,209,209,220,231,248,125,125,125,125],"floor_reached":23,"language":"ENG","playtime":826,"items_purged":["Strike_G"],"score":261,"play_id":"d4bee9e4-4fd8-48c1-a065-55a4383edf42","local_time":"20210125141157","is_ascension_mode":true,"campfire_choices":[{"data":"Noxious Fumes","floor":6.0,"key":"SMITH"},{"data":"Dash","floor":12.0,"key":"SMITH"},{"data":"Poisoned Stab","floor":15.0,"key":"SMITH"}],"circlet_count":0,"master_deck":["Strike_G","Strike_G","Strike_G","Strike_G","Defend_G","Defend_G","Defend_G","Defend_G+1","Defend_G","Survivor","Neutralize+1","Noxious Fumes+1","Dagger Throw","Sucker Punch","Poisoned Stab+1","Blade Dance","Dash+1","Dagger Spray","Backflip","Dagger Throw","Wraith Form v2","Backflip","Deadly Poison","Acrobatics","Deadly Poison","RitualDagger"],"relics":["Ring of the Snake","TwistedFunnel","Pen Nib","Ancient Tea Set","SlaversCollar"],"acts_visited":["Exordium","TheCity"],"potions_floor_usage":[16,16,19],"damage_taken":[{"damage":0.0,"enemies":"2 Louse","floor":1.0,"turns":3.0},{"damage":14.0,"enemies":"Small Slimes","floor":2.0,"turns":4.0},{"damage":0.0,"enemies":"Jaw Worm","floor":4.0,"turns":4.0},{"damage":1.0,"enemies":"Large Slime","floor":8.0,"turns":5.0},{"damage":1.0,"enemies":"Blue Slaver","floor":10.0,"turns":3.0},{"damage":12.0,"enemies":"Gremlin Nob","floor":13.0,"turns":4.0},{"damage":0.0,"enemies":"3 Louse","floor":14.0,"turns":2.0},{"damage":21,"enemies":"Slime Boss","floor":16,"turns":8},{"damage":8,"enemies":"Shell Parasite","floor":18,"turns":6},{"damage":7,"enemies":"2 Thieves","floor":19,"turns":4},{"damage":31,"enemies":"Snecko","floor":20,"turns":7},{"damage":26,"enemies":"Book of Stabbing","floor":23,"turns":4}],"seed_played":"6316732327939079248","potions_obtained":[{"floor":1.0,"key":"Poison Potion"},{"floor":2.0,"key":"Fire Potion"},{"floor":13.0,"key":"DistilledChaos"},{"floor":14.0,"key":"CultistPotion"},{"floor":18,"key":"DistilledChaos"},{"floor":20,"key":"SkillPotion"}],"is_trial":false,"path_per_floor":["M","M","?","M","?","R","$","M","T","M","?","R","E","M","R","B",null,"M","M","M","$","?","E"],"character_chosen":"THE_SILENT","items_purchased":["TwistedFunnel","Poisoned Stab","Blade Dance","Deadly Poison"],"campfire_rested":0,"item_purchase_floors":[7,7,7,21],"current_hp_per_floor":[63,49,35,35,40,40,40,39,39,38,38,38,26,26,26,5,58,50,43,12,12,6,0,0],"gold":125,"neow_bonus":"HUNDRED_GOLD","is_daily":false,"chose_seed":false,"campfire_upgraded":3,"win_rate":0.0,"timestamp":1611573117,"path_taken":["M","M","?","M","?","R","$","M","T","M","?","R","E","M","R","BOSS","M","M","M","$","?","E"],"items_purchased_type":["Relic","Card","Card","Card"],"build_version":"2020-12-22","purchased_purges":1,"victory":false,"max_hp_per_floor":[70,70,70,70,75,75,75,75,75,75,75,75,75,75,75,75,75,75,75,75,75,75,75,75],"relic_stats":{"counters":[12,54],"Pen Nib":[8],"obtain_stats":[{"TwistedFunnel":7,"SlaversCollar":17,"Pen Nib":9,"Ancient Tea Set":13,"Ring of the Snake":0},{"TwistedFunnel":3,"SlaversCollar":8,"Pen Nib":4,"Ancient Tea Set":6,"Ring of the Snake":0},{"TwistedFunnel":11,"SlaversCollar":33,"Pen Nib":16,"Ancient Tea Set":23,"Ring of the Snake":0}],"Ring of the Snake":[24]},"card_choices":[{"not_picked":["Crippling Poison","Reflex"],"picked":"Noxious Fumes","floor":1.0},{"not_picked":["Acrobatics","Bane"],"picked":"Dagger Throw","floor":2.0},{"not_picked":["Slice","Underhanded Strike"],"picked":"Sucker Punch","floor":4.0},{"not_picked":["Concentrate","Outmaneuver"],"picked":"Dash","floor":8.0},{"not_picked":["Concentrate","Malaise"],"picked":"Dagger Spray","floor":10.0},{"not_picked":["Expertise","Bane"],"picked":"Backflip","floor":13.0},{"not_picked":["Deflect","Concentrate"],"picked":"Dagger Throw","floor":14.0},{"not_picked":["Grand Finale","Corpse Explosion"],"picked":"Wraith Form v2","floor":16},{"not_picked":["Leg Sweep","Sucker Punch"],"picked":"Backflip","floor":18},{"not_picked":["Choke","Bane"],"picked":"Deadly Poison","floor":19},{"not_picked":["Bane","Backflip"],"picked":"Acrobatics","floor":20}],"player_experience":279751,"relics_obtained":[{"floor":9.0,"key":"Pen Nib"},{"floor":13.0,"key":"Ancient Tea Set"}],"event_choices":[{"damage_healed":0.0,"max_hp_gain":0.0,"max_hp_loss":0.0,"gold_gain":0.0,"event_name":"Shining Light","player_choice":"Entered Light","floor":3.0,"gold_loss":0.0,"damage_taken":14.0,"cards_upgraded":["Defend_G","Neutralize"]},{"damage_healed":0.0,"max_hp_gain":5.0,"max_hp_loss":0.0,"gold_gain":0.0,"event_name":"Big Fish","player_choice":"Donut","floor":5.0,"gold_loss":0.0,"damage_taken":0.0},{"damage_healed":0.0,"max_hp_gain":0.0,"max_hp_loss":0.0,"gold_gain":0.0,"event_name":"Liars Game","player_choice":"Ignored","floor":11.0,"gold_loss":0.0,"damage_taken":0.0},{"damage_healed":0,"gold_gain":0,"player_choice":"Joined the Cult","damage_taken":6,"max_hp_gain":0,"max_hp_loss":0,"event_name":"Nest","floor":22,"gold_loss":0,"cards_obtained":["RitualDagger"]}],"is_beta":false,"boss_relics":[{"not_picked":["Fusion Hammer","Runic Dome"],"picked":"SlaversCollar"}],"items_purged_floors":[21],"is_endless":false,"potions_floor_spawned":[1,2,13,14,18,20],"killed_by":"Book of Stabbing","ascension_level":7}}