{"host":"1v94wza6sq30pv3l","time":1611549252,"event":{"mods":["AchievementEnabler","BaseMod","Highlight Path","Minty Spire (QoL Compilation)"],"gold_per_floor":[115,115,65,81,33,33,67,42,42,67,67,86,117,130,130,229,229,242,254,108,108,126,126],"floor_reached":22,"language":"ENG","playtime":1322,"items_purged":["Defend_B"],"score":277,"play_id":"c2812d34-2d9d-433d-848b-c75e7b2ce66c","local_time":"20210124233412","is_ascension_mode":true,"campfire_choices":[{"data":"Zap","floor":6,"key":"SMITH"},{"data":"Dualcast","floor":11,"key":"SMITH"},{"data":"Sunder","floor":15,"key":"SMITH"}],"circlet_count":0,"master_deck":["Strike_B","Strike_B","Strike_B","Strike_B","Defend_B","Defend_B","Zap+1","Dualcast+1","Cold Snap","Sweeping Beam","Coolheaded","Beam Cell","Ball Lightning","Reinforced Body","Consume","Sunder+1","Seek","Redo","Loop"],"relics":["FrozenCore","NeowsBlessing","Mango","CaptainsWheel","Du-Vu Doll","Strawberry"],"acts_visited":["Exordium","TheCity"],"potions_floor_usage":[16],"damage_taken":[{"damage":0,"enemies":"Small Slimes","floor":1,"turns":1},{"damage":0,"enemies":"Jaw Worm","floor":4,"turns":1},{"damage":0,"enemies":"Gremlin Nob","floor":7,"turns":1},{"damage":9,"enemies":"3 Sentries","floor":10,"turns":5},{"damage":0,"enemies":"Cultist","floor":12,"turns":2},{"damage":4,"enemies":"Gremlin Nob","floor":13,"turns":4},{"damage":1,"enemies":"Looter","floor":14,"turns":2},{"damage":51,"enemies":"Hexaghost","floor":16,"turns":9},{"damage":19,"enemies":"Chosen","floor":18,"turns":8},{"damage":15,"enemies":"Shell Parasite","floor":19,"turns":7},{"damage":44,"enemies":"Chosen and Byrds","floor":22,"turns":7}],"seed_played":"-4639468692033972167","potions_obtained":[{"floor":1,"key":"Swift Potion"},{"floor":10,"key":"SpeedPotion"},{"floor":12,"key":"EssenceOfSteel"},{"floor":18,"key":"LiquidMemories"}],"is_trial":false,"path_per_floor":["M","?","?","M","$","R","E","$","T","E","R","M","E","M","R","B",null,"M","M","$","?","M"],"character_chosen":"DEFECT","items_purchased":["Coolheaded","Ball Lightning","Loop"],"campfire_rested":0,"item_purchase_floors":[5,8,20],"current_hp_per_floor":[75,80,80,80,80,80,94,94,94,85,85,85,88,87,87,36,101,82,67,67,67,23,23],"gold":126,"neow_bonus":"THREE_ENEMY_KILL","is_daily":false,"chose_seed":false,"campfire_upgraded":3,"win_rate":0.0,"timestamp":1611549252,"path_taken":["M","?","?","M","?","R","E","$","T","E","R","M","E","M","R","BOSS","M","M","?","?","M"],"items_purchased_type":["Card","Card","Card"],"build_version":"2020-12-22","purchased_purges":1,"victory":false,"max_hp_per_floor":[75,80,80,80,80,80,94,94,94,94,94,94,101,101,101,101,101,101,101,101,101,101,101],"card_choices":[{"not_picked":["Stack","Streamline"],"picked":"Cold Snap","floor":1},{"not_picked":["Streamline","Compile Driver"],"picked":"Sweeping Beam","floor":4},{"not_picked":["Amplify","Thunder Strike"],"picked":"Beam Cell","floor":7},{"not_picked":["Lockon","Hello World"],"picked":"Reinforced Body","floor":10},{"not_picked":["Streamline","Lockon"],"picked":"Consume","floor":12},{"not_picked":["Compile Driver","Gash"],"picked":"Sunder","floor":13},{"not_picked":["Steam Power","Reinforced Body","Scrape"],"picked":"SKIP","floor":14},{"not_picked":["Multi-Cast","Amplify"],"picked":"Seek","floor":16},{"not_picked":["Streamline","Turbo"],"picked":"Redo","floor":18},{"not_picked":["Beam Cell","Coolheaded","Reprogram"],"picked":"SKIP","floor":19}],"player_experience":112780,"relics_obtained":[{"floor":7,"key":"Mango"},{"floor":9,"key":"CaptainsWheel"},{"floor":10,"key":"Du-Vu Doll"},{"floor":13,"key":"Strawberry"}],"event_choices":[{"damage_healed":0,"gold_gain":0,"player_choice":"Donut","damage_taken":0,"max_hp_gain":5,"max_hp_loss":0,"event_name":"Big Fish","floor":2,"gold_loss":0},{"cards_removed":["Defend_B"],"damage_healed":0,"gold_gain":0,"player_choice":"Card Removal","damage_taken":0,"max_hp_gain":0,"max_hp_loss":0,"event_name":"The Cleric","floor":3,"gold_loss":50},{"damage_healed":0,"gold_gain":0,"player_choice":"Ignored","damage_taken":0,"max_hp_gain":0,"max_hp_loss":0,"event_name":"The Mausoleum","floor":21,"gold_loss":0}],"is_beta":false,"boss_relics":[{"not_picked":["Calling Bell","SlaversCollar"],"picked":"FrozenCore"}],"items_purged_floors":[20],"is_endless":false,"potions_floor_spawned":[1,10,12,18],"killed_by":"Chosen and Byrds","ascension_level":2}}