{"host":"78zdngn0u28jm0pp","time":1611549082,"event":{"mods":["BaseMod","Jorbs\u0027s Wanderer Trilogy","Minty Spire (QoL Compilation)","Permanent Neow","Quick Restart","Relic Stats","StSLib","Unceasing Turn Reminder"],"gold_per_floor":[116,116,116,132,2,27,77,77,77,77,89,104,122,139,139,212,212,225,225,243,17,40,68,68,118,118,149,167,167,181,213,213,213,213],"floor_reached":33,"language":"ENG","playtime":1200,"items_purged":[],"score":710,"play_id":"c0419d44-c090-4472-85b0-8d6c6d1c13c5","local_time":"20210124213122","is_ascension_mode":true,"campfire_choices":[{"floor":8,"key":"REST"},{"data":"Predator","floor":10,"key":"SMITH"},{"data":"Finisher","floor":15,"key":"SMITH"},{"data":"After Image","floor":24,"key":"SMITH"},{"floor":32,"key":"REST"}],"circlet_count":0,"master_deck":["AscendersBane","Strike_G","Strike_G","Defend_G","Defend_G","Defend_G","Defend_G","Defend_G","Survivor","Neutralize","Finisher+1","Backstab","Predator+1","Unload","Blade Dance","Blade Dance","Deflect","Slice","After Image+1","Prepared+1","Storm of Steel+1","Die Die Die+1","Tactician","Blade Dance","Reflex","Caltrops+1","PiercingWail"],"relics":["Ring of the Snake","Nunchaku","HornCleat","Tiny Chest","Oddly Smooth Stone","Astrolabe","Sling","Lantern","Regal Pillow","Mummified Hand","Peace Pipe"],"acts_visited":["Exordium","TheCity"],"potions_floor_usage":[16,16,20,23,31],"damage_taken":[{"damage":3.0,"enemies":"Cultist","floor":1.0,"turns":5.0},{"damage":1.0,"enemies":"Small Slimes","floor":4.0,"turns":6.0},{"damage":13.0,"enemies":"Lagavulin","floor":6.0,"turns":5.0},{"damage":0,"enemies":"2 Louse","floor":11,"turns":1},{"damage":0,"enemies":"Red Slaver","floor":12,"turns":2},{"damage":13,"enemies":"Gremlin Gang","floor":13,"turns":4},{"damage":0,"enemies":"3 Louse","floor":14,"turns":2},{"damage":18,"enemies":"Hexaghost","floor":16,"turns":8},{"damage":9,"enemies":"Chosen","floor":18,"turns":4},{"damage":0,"enemies":"2 Thieves","floor":20,"turns":3},{"damage":0,"enemies":"Slavers","floor":23,"turns":4},{"damage":0,"enemies":"Book of Stabbing","floor":27,"turns":3},{"damage":2,"enemies":"Snake Plant","floor":28,"turns":2},{"damage":0,"enemies":"Chosen and Byrds","floor":30,"turns":4},{"damage":3,"enemies":"Gremlin Leader","floor":31,"turns":4},{"damage":31,"enemies":"Champ","floor":33,"turns":8}],"seed_played":"-4247389055136862331","potions_obtained":[{"floor":11,"key":"Swift Potion"},{"floor":12,"key":"Strength Potion"},{"floor":16,"key":"FearPotion"},{"floor":18,"key":"BlessingOfTheForge"},{"floor":19,"key":"SkillPotion"},{"floor":23,"key":"Energy Potion"},{"floor":28,"key":"SteroidPotion"}],"is_trial":false,"path_per_floor":["M","?","?","M","$","E","?","R","T","R","M","M","M","M","R","B",null,"M","?","M","$","T","E","R","?","T","E","M","?","M","E","R","B"],"character_chosen":"THE_SILENT","items_purchased":["Fire Potion","Predator","Sling","Blade Dance"],"campfire_rested":2,"item_purchase_floors":[5,5,21,21],"current_hp_per_floor":[56,38,38,37,37,24,18,37,37,37,37,37,24,24,24,6,51,42,42,42,42,42,42,42,42,42,42,40,40,40,37,66,35,35],"gold":213,"neow_bonus":"RANDOM_COMMON_RELIC","is_daily":false,"chose_seed":false,"campfire_upgraded":3,"win_rate":0.0,"timestamp":1611549082,"path_taken":["M","?","?","M","$","E","?","R","T","R","M","M","M","M","R","BOSS","M","?","?","$","?","E","R","?","T","E","M","?","M","E","R","BOSS"],"items_purchased_type":["Potion","Card","Relic","Card"],"build_version":"2020-12-22","purchased_purges":0,"victory":false,"max_hp_per_floor":[66,66,66,66,66,66,66,66,66,66,66,66,66,66,66,66,66,66,66,66,66,66,66,66,66,66,66,66,66,66,66,66,66,66],"relic_stats":{"Peace Pipe":0,"Nunchaku":[21],"Regal Pillow":10,"counters":[16,65],"Mummified Hand":[6],"Astrolabe":["Prepared","Storm of Steel","Die Die Die"],"Tiny Chest":1,"obtain_stats":[{"Peace Pipe":31,"Nunchaku":0,"Lantern":22,"Regal Pillow":23,"HornCleat":2,"Mummified Hand":27,"Astrolabe":17,"Oddly Smooth Stone":9,"Tiny Chest":6,"Sling":21,"Ring of the Snake":0},{"Peace Pipe":15,"Nunchaku":0,"Lantern":10,"Regal Pillow":11,"HornCleat":1,"Mummified Hand":12,"Astrolabe":8,"Oddly Smooth Stone":3,"Tiny Chest":3,"Sling":10,"Ring of the Snake":0},{"Peace Pipe":57,"Nunchaku":0,"Lantern":40,"Regal Pillow":44,"HornCleat":5,"Mummified Hand":47,"Astrolabe":33,"Oddly Smooth Stone":16,"Tiny Chest":16,"Sling":40,"Ring of the Snake":0}],"Ring of the Snake":[32]},"card_choices":[{"not_picked":["Sucker Punch","Bane"],"picked":"Finisher","floor":1.0},{"not_picked":["Quick Slash","Endless Agony"],"picked":"Backstab","floor":4.0},{"not_picked":["Dodge and Roll","Riddle With Holes"],"picked":"Unload","floor":6.0},{"not_picked":["Underhanded Strike","Distraction"],"picked":"Blade Dance","floor":11},{"not_picked":["Prepared","Footwork"],"picked":"Blade Dance","floor":12},{"not_picked":["Eviscerate","Outmaneuver"],"picked":"Deflect","floor":13},{"not_picked":["Catalyst","Outmaneuver"],"picked":"Slice","floor":14},{"not_picked":["Burst","Storm of Steel"],"picked":"After Image","floor":16},{"not_picked":["Expertise+1","Sucker Punch","Outmaneuver"],"picked":"SKIP","floor":18},{"not_picked":["Caltrops","Predator"],"picked":"Tactician","floor":20},{"not_picked":["Noxious Fumes","Accuracy"],"picked":"Reflex","floor":23},{"not_picked":["Backflip","Accuracy"],"picked":"Caltrops+1","floor":27},{"not_picked":["Setup","Underhanded Strike","Distraction"],"picked":"SKIP","floor":28},{"not_picked":["Deflect","Setup"],"picked":"PiercingWail","floor":30},{"not_picked":["Dodge and Roll","Bane","Setup"],"picked":"SKIP","floor":31}],"player_experience":239374,"relics_obtained":[{"floor":6.0,"key":"Tiny Chest"},{"floor":9,"key":"Oddly Smooth Stone"},{"floor":22,"key":"Lantern"},{"floor":23,"key":"Regal Pillow"},{"floor":27,"key":"Mummified Hand"},{"floor":31,"key":"Peace Pipe"}],"event_choices":[{"damage_healed":0.0,"max_hp_gain":0.0,"max_hp_loss":0.0,"gold_gain":0.0,"event_name":"Scrap Ooze","player_choice":"Success","floor":2.0,"gold_loss":0.0,"damage_taken":18.0,"relics_obtained":["HornCleat"]},{"damage_healed":0.0,"max_hp_gain":0.0,"max_hp_loss":0.0,"gold_gain":0.0,"cards_transformed":["Strike_G"],"event_name":"Living Wall","player_choice":"Change","floor":3.0,"gold_loss":0.0,"damage_taken":0.0,"cards_obtained":["Setup"]},{"damage_healed":0,"gold_gain":50,"player_choice":"Touch","damage_taken":6,"max_hp_gain":0,"max_hp_loss":0,"event_name":"FaceTrader","floor":7,"gold_loss":0},{"damage_healed":0,"gold_gain":0,"player_choice":"Got Potions","damage_taken":0,"max_hp_gain":0,"max_hp_loss":0,"event_name":"Lab","floor":19,"gold_loss":0},{"damage_healed":0,"gold_gain":50,"player_choice":"Stole From Cult","damage_taken":0,"max_hp_gain":0,"max_hp_loss":0,"event_name":"Nest","floor":25,"gold_loss":0},{"damage_healed":0,"gold_gain":0,"player_choice":"Ignored","damage_taken":0,"max_hp_gain":0,"max_hp_loss":0,"event_name":"Vampires","floor":29,"gold_loss":0}],"is_beta":false,"boss_relics":[{"not_picked":["Snecko Eye","Velvet Choker"],"picked":"Astrolabe"}],"items_purged_floors":[],"is_endless":false,"potions_floor_spawned":[11,12,16,18,23,28],"killed_by":"Champ","ascension_level":20}}