{"host":"nz11ypxva4e39b7q","time":1611587786,"event":{"mods":["BaseMod","Better Note","Better Third Choice","Better Vampires","Colored Map","Minty Spire (QoL Compilation)","Quick Restart","StSLib"],"gold_per_floor":[110,0,0,11,11,41,41,53,65,88,158,170,107,130,142,233,245,272,284,316,339,351,363,406,418,453,465,465],"floor_reached":27,"language":"ENG","playtime":967,"items_purged":[],"score":508,"play_id":"65469bef-5795-41ed-82cc-b34fefebf049","local_time":"20210125161626","is_ascension_mode":true,"campfire_choices":[{"data":"Quick Slash","floor":8.0,"key":"SMITH"},{"data":"Footwork","floor":12.0,"key":"SMITH"},{"data":"Deadly Poison","floor":15.0,"key":"SMITH"},{"floor":23.0,"key":"REST"},{"floor":25.0,"key":"REST"}],"circlet_count":0,"master_deck":["AscendersBane","Strike_G","Strike_G","Strike_G","Strike_G","Defend_G","Defend_G","Defend_G","Defend_G","Defend_G","Survivor","Neutralize","Quick Slash+1","Enlightenment+1","Escape Plan","Footwork+1","Terror","Adrenaline","Deadly Poison+1","A Thousand Cuts","CurseOfTheBell","Bouncing Flask+1","Noxious Fumes+1","Backflip","Tools of the Trade"],"relics":["Ring of the Snake","NeowsBlessing","Toy Ornithopter","MawBank","Question Card","Snake Skull","Calling Bell","Pen Nib","Gremlin Horn","Torii","Shovel"],"acts_visited":["Exordium","TheCity"],"potions_floor_usage":[],"damage_taken":[{"damage":0.0,"enemies":"2 Louse","floor":1.0,"turns":1.0},{"damage":0.0,"enemies":"Small Slimes","floor":4.0,"turns":1.0},{"damage":0.0,"enemies":"Lagavulin","floor":6.0,"turns":1.0},{"damage":1.0,"enemies":"Cultist","floor":10.0,"turns":3.0},{"damage":35.0,"enemies":"3 Sentries","floor":11.0,"turns":9.0},{"damage":1.0,"enemies":"3 Louse","floor":14.0,"turns":5.0},{"damage":24.0,"enemies":"Hexaghost","floor":16.0,"turns":11.0},{"damage":14.0,"enemies":"Spheric Guardian","floor":18.0,"turns":6.0},{"damage":13.0,"enemies":"2 Thieves","floor":20.0,"turns":4.0},{"damage":28.0,"enemies":"Snecko","floor":21.0,"turns":4.0},{"damage":27.0,"enemies":"Book of Stabbing","floor":24.0,"turns":5.0},{"damage":30,"enemies":"Gremlin Leader","floor":27,"turns":5}],"seed_played":"-8026203565128564909","potions_obtained":[{"floor":3.0,"key":"EssenceOfSteel"},{"floor":3.0,"key":"Energy Potion"},{"floor":4.0,"key":"CultistPotion"},{"floor":6.0,"key":"BlessingOfTheForge"},{"floor":14.0,"key":"SpeedPotion"},{"floor":16.0,"key":"BlessingOfTheForge"},{"floor":21.0,"key":"DuplicationPotion"}],"is_trial":false,"path_per_floor":["M","?","?","M","$","E","?","R","T","M","?","R","?","M","R","B",null,"M","?","M","M","?","R","E","R","T","E"],"character_chosen":"THE_SILENT","items_purchased":[],"campfire_rested":2,"item_purchase_floors":[],"current_hp_per_floor":[59,65,65,65,65,65,65,65,65,64,34,34,34,33,33,14,58,49,49,36,8,8,29,7,28,28,0,0],"gold":465,"neow_bonus":"THREE_ENEMY_KILL","is_daily":false,"chose_seed":false,"campfire_upgraded":3,"win_rate":0.0,"timestamp":1611587786,"path_taken":["M","?","?","?","$","E","?","R","T","?","?","R","?","M","R","BOSS","M","?","M","?","?","R","E","R","T","E"],"items_purchased_type":[],"build_version":"2020-12-22","purchased_purges":0,"victory":false,"max_hp_per_floor":[66,72,72,72,72,72,72,72,72,72,72,72,72,72,72,72,72,72,72,72,72,72,72,72,72,72,72,72],"card_choices":[{"not_picked":["Deadly Poison","Infinite Blades"],"picked":"Quick Slash","floor":1.0},{"not_picked":["Acrobatics","Outmaneuver"],"picked":"Escape Plan","floor":4.0},{"not_picked":["Heel Hook","Bane"],"picked":"Footwork","floor":6.0},{"not_picked":["PiercingWail","Acrobatics","Dagger Throw"],"picked":"Terror","floor":10.0},{"not_picked":["All Out Attack","Dodge and Roll","Predator"],"picked":"Adrenaline","floor":11.0},{"not_picked":["Sucker Punch","Underhanded Strike","Terror"],"picked":"Deadly Poison","floor":14.0},{"not_picked":["Unload","Burst","Bullet Time"],"picked":"A Thousand Cuts","floor":16.0},{"not_picked":["Dodge and Roll+1","Quick Slash","Backstab+1"],"picked":"Bouncing Flask+1","floor":18.0},{"not_picked":["Cloak And Dagger","Dagger Spray","Poisoned Stab"],"picked":"Backflip","floor":20.0},{"not_picked":["Cloak And Dagger","Sucker Punch+1","Blade Dance","Bouncing Flask"],"picked":"SKIP","floor":21.0},{"not_picked":["Dodge and Roll","Dagger Spray","Slice"],"picked":"Tools of the Trade","floor":24.0}],"player_experience":997483,"relics_obtained":[{"floor":6.0,"key":"Toy Ornithopter"},{"floor":9.0,"key":"Question Card"},{"floor":11.0,"key":"Snake Skull"},{"floor":17.0,"key":"Pen Nib"},{"floor":17.0,"key":"Gremlin Horn"},{"floor":17.0,"key":"Torii"},{"floor":24.0,"key":"Shovel"}],"event_choices":[{"damage_healed":0.0,"max_hp_gain":0.0,"max_hp_loss":0.0,"gold_gain":0.0,"event_name":"betterThird:BetterSerpent","player_choice":"RENOUNCE","floor":2.0,"gold_loss":110.0,"damage_taken":110.0,"cards_obtained":["Enlightenment"]},{"damage_healed":0.0,"max_hp_gain":0.0,"max_hp_loss":0.0,"gold_gain":0.0,"event_name":"Lab","player_choice":"Got Potions","floor":3.0,"gold_loss":0.0,"damage_taken":0.0},{"damage_healed":0.0,"max_hp_gain":0.0,"max_hp_loss":0.0,"gold_gain":0.0,"event_name":"WeMeetAgain","player_choice":"Gave Potion","floor":7.0,"gold_loss":0.0,"damage_taken":0.0,"relics_obtained":["MawBank"]},{"damage_healed":0.0,"max_hp_gain":0.0,"max_hp_loss":0.0,"gold_gain":0.0,"event_name":"Dead Adventurer","player_choice":"Searched \u00271\u0027 times","floor":11.0,"gold_loss":0.0,"damage_taken":0.0},{"cards_removed":["Strike_G"],"damage_healed":0.0,"max_hp_gain":0.0,"max_hp_loss":0.0,"gold_gain":0.0,"event_name":"The Cleric","player_choice":"Card Removal","floor":13.0,"gold_loss":75.0,"damage_taken":0.0},{"cards_removed":["Adrenaline"],"damage_healed":0.0,"max_hp_gain":0.0,"max_hp_loss":0.0,"gold_gain":0.0,"event_name":"betterNote:BetterNote","player_choice":"Take \u0026 Give","floor":19.0,"gold_loss":0.0,"damage_taken":0.0,"cards_obtained":["Noxious Fumes"]},{"damage_healed":0.0,"max_hp_gain":0.0,"max_hp_loss":0.0,"gold_gain":0.0,"event_name":"BanditSerpent","player_choice":"Serpent","floor":22.0,"gold_loss":0.0,"damage_taken":0.0}],"is_beta":false,"boss_relics":[{"not_picked":["HoveringKite","WristBlade"],"picked":"Calling Bell"}],"items_purged_floors":[],"is_endless":false,"potions_floor_spawned":[4,6,14,16,21],"killed_by":"Gremlin Leader","ascension_level":20}}