{"host":"z9811rt50ti81n54","time":1611555750,"event":{"mods":["BaseMod","Better Match","Better Skull","Better Third Choice","Minty Spire (QoL Compilation)","Permanent Neow","StSLib","SuperFastMode"],"gold_per_floor":[112,37,55,4,14,14,14,14,62,88,88,108,118,118,118,214,214,234,248,75,110,110,110,124,124,124,158,178,98,113,129,129,234,234,252,1251,1251,1251,1251,1251,1271,1271,1271,1271,1493,1509,1534,1566,1578,1590,1590],"floor_reached":50,"language":"ENG","playtime":1331,"items_purged":["Injury","Strike_B"],"score":515,"play_id":"edaf5420-8514-42ef-9d46-fd37a993ee0b","local_time":"20210125152230","is_ascension_mode":false,"campfire_choices":[{"data":"Chaos","floor":6,"key":"SMITH"},{"data":"Electrodynamics","floor":8,"key":"SMITH"},{"data":"Chaos","floor":11,"key":"SMITH"},{"data":"Defragment","floor":15,"key":"SMITH"},{"floor":23,"key":"REST"},{"floor":25,"key":"REST"},{"data":"Creative AI","floor":32,"key":"SMITH"},{"data":"Seek","floor":40,"key":"SMITH"},{"data":"Electrodynamics","floor":42,"key":"SMITH"},{"data":"Skim","floor":44,"key":"SMITH"},{"floor":49,"key":"REST"}],"circlet_count":0,"master_deck":["Defend_B","Defend_B","Zap","Dualcast","Electrodynamics+1","Chaos+1","Chaos+1","Turbo","Self Repair","BootSequence","Aggregate","Defragment+1","Creative AI+1","Skim+1","Capacitor+1","Capacitor+1","Electrodynamics+1","Core Surge","Seek+1","Coolheaded+1","Leap+1","Reinforced Body+1","Writhe","Consume+1","Glacier+1","Storm"],"relics":["Cracked Core","Pen Nib","Omamori","Singing Bowl","Sozu","Red Mask","Meat on the Bone","Letter Opener","Astrolabe","Sundial","MawBank"],"acts_visited":["Exordium","TheCity","TheBeyond"],"potions_floor_usage":[10,16,27],"damage_taken":[{"damage":10,"enemies":"Small Slimes","floor":1,"turns":2},{"damage":0,"enemies":"Cultist","floor":3,"turns":2},{"damage":1,"enemies":"2 Louse","floor":5,"turns":2},{"damage":30,"enemies":"Lagavulin","floor":10,"turns":4},{"damage":0,"enemies":"Exordium Wildlife","floor":12,"turns":2},{"damage":0,"enemies":"2 Fungi Beasts","floor":13,"turns":2},{"damage":6,"enemies":"The Guardian","floor":16,"turns":7},{"damage":10,"enemies":"Shell Parasite","floor":18,"turns":4},{"damage":38,"enemies":"2 Thieves","floor":19,"turns":4},{"damage":30,"enemies":"Masked Bandits","floor":21,"turns":4},{"damage":13,"enemies":"Snake Plant","floor":24,"turns":5},{"damage":22,"enemies":"Slavers","floor":27,"turns":3},{"damage":2,"enemies":"Shelled Parasite and Fungi","floor":28,"turns":4},{"damage":12,"enemies":"Cultist and Chosen","floor":30,"turns":4},{"damage":6,"enemies":"Snake Plant","floor":31,"turns":4},{"damage":54,"enemies":"Champ","floor":33,"turns":10},{"damage":43,"enemies":"3 Darklings","floor":35,"turns":3},{"damage":21,"enemies":"Orb Walker","floor":41,"turns":4},{"damage":0,"enemies":"3 Darklings","floor":46,"turns":3},{"damage":43,"enemies":"Nemesis","floor":47,"turns":5},{"damage":0,"enemies":"Maw","floor":48,"turns":8},{"damage":101,"enemies":"Awakened One","floor":50,"turns":7}],"seed_played":"6291091537100172524","potions_obtained":[{"floor":1,"key":"FearPotion"},{"floor":5,"key":"BlessingOfTheForge"},{"floor":10,"key":"DuplicationPotion"},{"floor":13,"key":"Regen Potion"}],"is_trial":false,"path_per_floor":["M","$","M","$","M","R","?","R","T","E","R","M","M","?","R","B",null,"M","M","$","?","?","R","M","R","T","E","M","$","M","M","R","B",null,"M","?","?","?","?","R","M","R","T","R","?","M","E","M","R","B"],"character_chosen":"DEFECT","items_purchased":["Turbo","Skim","Electrodynamics"],"campfire_rested":3,"item_purchase_floors":[4,20,29],"current_hp_per_floor":[65,65,65,65,64,64,64,64,64,41,41,41,41,41,41,42,75,74,43,43,22,22,45,39,62,62,58,63,63,60,61,61,26,83,61,61,61,61,82,82,70,70,70,70,70,70,46,53,79,0,0],"gold":1590,"neow_bonus":"THREE_RARE_CARDS","is_daily":false,"chose_seed":false,"campfire_upgraded":8,"win_rate":0.0,"timestamp":1611555750,"path_taken":["M","$","M","$","M","R","?","R","T","E","R","?","M","?","R","BOSS","M","M","$","?","?","R","M","R","T","E","M","$","?","M","R","BOSS","M","?","?","?","?","R","M","R","T","R","?","M","E","M","R","BOSS"],"items_purchased_type":["Card","Card","Card"],"build_version":"2020-12-22","purchased_purges":2,"victory":false,"max_hp_per_floor":[75,75,75,75,75,75,75,75,75,75,75,75,75,75,75,75,75,77,77,77,79,79,79,79,79,79,81,81,81,83,83,83,83,83,85,85,85,85,85,85,87,87,87,87,87,87,87,87,87,87,87],"card_choices":[{"not_picked":["Thunder Strike","Core Surge"],"picked":"Electrodynamics","floor":0},{"not_picked":["Beam Cell","Redo"],"picked":"Chaos","floor":1},{"not_picked":["Storm","Blizzard"],"picked":"Chaos","floor":3},{"not_picked":["Leap","Hologram"],"picked":"Self Repair","floor":5},{"not_picked":["Blizzard","Rebound"],"picked":"BootSequence","floor":10},{"not_picked":["Stack","Loop"],"picked":"Aggregate","floor":12},{"not_picked":["Cold Snap","Recycle"],"picked":"Defragment","floor":13},{"not_picked":["Electrodynamics","Machine Learning"],"picked":"Creative AI","floor":16},{"not_picked":["Stack","Barrage","Static Discharge"],"picked":"Singing Bowl","floor":18},{"not_picked":["Rip and Tear","Gash+1"],"picked":"Skim","floor":19},{"not_picked":["Barrage","FTL","Turbo"],"picked":"Singing Bowl","floor":21},{"not_picked":["Leap","Conserve Battery+1"],"picked":"Capacitor+1","floor":24},{"not_picked":["Capacitor","Ball Lightning","Reprogram+1"],"picked":"Singing Bowl","floor":27},{"not_picked":["Rip and Tear+1","Coolheaded+1"],"picked":"Capacitor+1","floor":28},{"not_picked":["Barrage","Cold Snap","Turbo"],"picked":"Singing Bowl","floor":30},{"not_picked":["Hologram","Recycle+1"],"picked":"Core Surge","floor":31},{"not_picked":["Hyperbeam","Creative AI"],"picked":"Seek","floor":33},{"not_picked":["Blizzard","Sweeping Beam+1","Leap"],"picked":"Singing Bowl","floor":35},{"not_picked":["Beam Cell+1","Stack+1","Reprogram+1"],"picked":"Singing Bowl","floor":41},{"not_picked":["Compile Driver+1","Biased Cognition"],"picked":"Consume+1","floor":46},{"not_picked":["Ball Lightning+1","Compile Driver+1"],"picked":"Glacier+1","floor":47},{"not_picked":["Rebound+1","Barrage+1"],"picked":"Storm","floor":48}],"player_experience":412489,"relics_obtained":[{"floor":9,"key":"Pen Nib"},{"floor":10,"key":"Omamori"},{"floor":21,"key":"Red Mask"},{"floor":26,"key":"Meat on the Bone"},{"floor":27,"key":"Letter Opener"},{"floor":43,"key":"Sundial"},{"floor":47,"key":"MawBank"}],"event_choices":[{"cards_removed":["Strike_B"],"damage_healed":0,"gold_gain":0,"player_choice":"Purged","damage_taken":0,"max_hp_gain":0,"max_hp_loss":0,"event_name":"Purifier","floor":7,"gold_loss":0},{"damage_healed":0,"gold_gain":0,"player_choice":"Searched \u00271\u0027 times","damage_taken":0,"relics_obtained":["Singing Bowl"],"max_hp_gain":0,"max_hp_loss":0,"event_name":"Dead Adventurer","floor":14,"gold_loss":0},{"damage_healed":0,"gold_gain":0,"player_choice":"Fought Bandits","damage_taken":0,"max_hp_gain":0,"max_hp_loss":0,"event_name":"Masked Bandits","floor":21,"gold_loss":0},{"cards_removed":["Strike_B"],"damage_healed":0,"gold_gain":0,"player_choice":"Elegance","damage_taken":0,"max_hp_gain":0,"max_hp_loss":0,"event_name":"Back to Basics","floor":22,"gold_loss":0},{"damage_healed":0,"gold_gain":999,"player_choice":"Gold","damage_taken":0,"max_hp_gain":0,"max_hp_loss":0,"event_name":"MindBloom","floor":36,"gold_loss":0,"cards_obtained":["Normality","Normality"]},{"damage_healed":0,"gold_gain":0,"player_choice":"Ignored","damage_taken":0,"max_hp_gain":0,"max_hp_loss":0,"event_name":"Mysterious Sphere","floor":37,"gold_loss":0},{"cards_removed":["Skim"],"damage_healed":0,"gold_gain":0,"player_choice":"Removed Skill","damage_taken":0,"max_hp_gain":0,"max_hp_loss":0,"event_name":"Falling","floor":38,"gold_loss":0},{"damage_healed":21,"gold_gain":0,"player_choice":"Writhe","damage_taken":0,"max_hp_gain":0,"max_hp_loss":0,"event_name":"Winding Halls","floor":39,"gold_loss":0,"cards_obtained":["Writhe"]},{"damage_healed":0,"gold_gain":222,"player_choice":"Wore Mask","damage_taken":0,"max_hp_gain":0,"max_hp_loss":0,"event_name":"Tomb of Lord Red Mask","floor":45,"gold_loss":0}],"is_beta":false,"boss_relics":[{"not_picked":["Busted Crown","Empty Cage"],"picked":"Sozu"},{"not_picked":["Black Star","Philosopher\u0027s Stone"],"picked":"Astrolabe"}],"items_purged_floors":[2,20],"is_endless":false,"potions_floor_spawned":[1,5,10,13,24,27,28,31,41,47],"killed_by":"Awakened One","ascension_level":0}}