{"host":"ojezjkpqju62j8xy","time":1611578567,"event":{"mods":["ATMod(°¢èªMod)","Act Like it!","Aspiration","BaseMod","Conspire","Minty Spire (QoL Compilation)","Pale of the Ancients","Replay The Spire","Spicy Shops","StSLib","[GremlinLeader]The Maniac","¡¾ÒÅÎï¿¨ÅÆ¡¿REMEMod"],"gold_per_floor":[111,61,80,90,265,290,290,364,412,432,450,450,450],"floor_reached":12,"language":"ZHS","playtime":348,"items_purged":[],"score":124,"play_id":"ae04ad2b-c554-45da-887b-f73eccbada9a","local_time":"20210125204247","is_ascension_mode":true,"campfire_choices":[{"floor":7,"key":"REST"}],"circlet_count":0,"master_deck":["AscendersBane","Strike_B","Strike_B","Strike_B","Strike_B","Defend_B","Defend_B","Defend_B","Zap","Dualcast","AT_DrawKnifeCut","maniac:Collecting","Pot Of Greed","Pot Of Greed","Go for the Eyes","Chaos","White Noise","Doubt","Go for the Eyes","Go for the Eyes","ReplayTheSpireMod:Dual Polarity"],"relics":["Cracked Core","AT_ATBox","REME_ComplimentaryCards","AT_BellDemon","Grinning Jar","Oddly Smooth Stone","AT_RedTearstoneRing","aspiration:HiddenCompartment","Replay:Mystery Machine","aspiration:FetidBarrel","Unceasing Top"],"acts_visited":["Exordium"],"potions_floor_usage":[3,12,12],"damage_taken":[{"damage":2,"enemies":"Cultist","floor":1,"turns":3},{"damage":11,"enemies":"2 Louse","floor":3,"turns":2},{"damage":12,"enemies":"Jaw Worm","floor":4,"turns":2},{"damage":40,"enemies":"3 Sentries","floor":6,"turns":6},{"damage":5,"enemies":"Exordium Wildlife","floor":10,"turns":2},{"damage":0,"enemies":"2 Fungi Beasts","floor":11,"turns":1},{"damage":28,"enemies":"Lagavulin","floor":12,"turns":5}],"seed_played":"3492885874610147296","potions_obtained":[{"floor":1,"key":"ColorlessPotion"},{"floor":6,"key":"Swift Potion"},{"floor":10,"key":"ColorlessPotion"}],"is_trial":false,"path_per_floor":["M","?","M","M","?","E","R","T","T","M","M","E"],"character_chosen":"DEFECT","items_purchased":[],"campfire_rested":1,"item_purchase_floors":[],"current_hp_per_floor":[66,66,55,43,43,3,25,25,25,20,20,0,0],"gold":450,"neow_bonus":"RANDOM_COMMON_RELIC","is_daily":false,"chose_seed":false,"campfire_upgraded":0,"win_rate":0.0,"timestamp":1611578567,"path_taken":["M","?","M","M","?","E","R","?","T","?","M","E"],"items_purchased_type":[],"build_version":"2020-12-22","purchased_purges":0,"victory":false,"max_hp_per_floor":[75,75,75,75,75,75,75,75,75,75,75,75,75],"card_choices":[{"not_picked":["Steam Power","Barrage"],"picked":"Go for the Eyes","floor":1},{"not_picked":["BasicCrystalCard","Beam Cell"],"picked":"Chaos","floor":3},{"not_picked":["Lockon","Force Field"],"picked":"White Noise","floor":4},{"not_picked":["Redo","Coolheaded"],"picked":"Go for the Eyes","floor":6},{"not_picked":["Sweeping Beam","Coolheaded"],"picked":"Go for the Eyes","floor":10},{"not_picked":["Compile Driver","REME_SelfUpgrade"],"picked":"ReplayTheSpireMod:Dual Polarity","floor":11}],"player_experience":1373269,"relics_obtained":[{"floor":1,"key":"Grinning Jar"},{"floor":3,"key":"Oddly Smooth Stone"},{"floor":4,"key":"aspiration:HiddenCompartment"},{"floor":6,"key":"Replay:Mystery Machine"},{"floor":8,"key":"aspiration:FetidBarrel"}],"event_choices":[{"cards_removed":["Defend_B"],"damage_healed":0,"gold_gain":0,"player_choice":"Card Removal","damage_taken":0,"max_hp_gain":0,"max_hp_loss":0,"event_name":"The Cleric","floor":2,"gold_loss":50},{"damage_healed":0,"gold_gain":175,"player_choice":"AGREE","damage_taken":0,"max_hp_gain":0,"max_hp_loss":0,"event_name":"Liars Game","floor":5,"gold_loss":0,"cards_obtained":["Doubt"]}],"is_beta":false,"boss_relics":[],"items_purged_floors":[],"is_endless":false,"potions_floor_spawned":[1,6,10],"killed_by":"Lagavulin","ascension_level":11}}