{"host":"40gggw0x72bpm5se","time":1611595716,"event":{"mods":["ATMod(°¢èªMod)","Act Like it!","Aspiration","BaseMod","Better Vampires","Colored Map","Conspire","Energized Spire","Friendly Minions","Gensokyo","GungeonMod","GungeonMod Extend","Infinite Spire","Koishi","Library of Ruina","Library of Ruina Extra","Lobotomy","LobotomyExtend","Minty Spire (QoL Compilation)","Quarter Circle Forward PUNCH!","Quick Restart","Relic Stats","Replay The Spire","RumiaBox-Â¶Ã×æ«µÄÉñÃØºÐ×Ó","Shop Mod","Spicy Shops","StSLib","TestMod","The Alterego","UnlockEverythingMod","Waifu the Spire","Youmu£¨»êÆÇÑýÃÎ£©","[LAZYMAN]RSMod","¡¾¹¦ÄÜMod¡¿»ìãçÖ®»·ÐÞ¸´²¹¶¡","¡¾ÒÅÎï¿¨ÅÆ¡¿REMEMod","Ä§½ä"],"gold_per_floor":[113,188,188,188,400,400,400],"floor_reached":6,"language":"ZHS","playtime":209,"items_purged":[],"score":36,"play_id":"a84b36a0-a657-477f-8bae-1e81530f6dfe","local_time":"20210126012836","is_ascension_mode":true,"campfire_choices":[],"circlet_count":0,"master_deck":["Dodge","LightDefense","LightAttack","LightAttack","LightAttack","LightDefense","LightDefense","LightDefense","ChargeAndCover","FocusedStrikes","testmod-Librarian+1","AT_ChampionStep","LossOfSenses","BurningFlash"],"relics":["PageOfLibrarian","REME_ComplimentaryCards","AT_ATBox","testmod-TestBox","testmod-Register","aspiration:Nostalgia","Burning Blood","Baka","LetterFromLob","DemoExt:KalibersBlessing","DemoExt:KalibersBlessing","dwlrmod:ProjectRecorder"],"acts_visited":["Exordium"],"potions_floor_usage":[],"damage_taken":[{"damage":2,"enemies":"conspire:RoseBush","floor":1,"turns":4},{"damage":0,"enemies":"2 Louse","floor":5,"turns":2},{"damage":0,"enemies":"3 Sentries","floor":6,"turns":1}],"seed_played":"-6042906984558413644","potions_obtained":[{"floor":5,"key":"Adrenaline Potion"}],"is_trial":false,"path_per_floor":["M","?","?","?","M","E"],"character_chosen":"Librarian","items_purchased":[],"campfire_rested":0,"item_purchase_floors":[],"current_hp_per_floor":[60,49,49,49,55,55,55],"gold":400,"neow_bonus":"NOSTALGIA","is_daily":false,"chose_seed":false,"campfire_upgraded":0,"win_rate":0.0,"timestamp":1611595716,"path_taken":["M","?","?","?","M","E"],"items_purchased_type":[],"build_version":"2020-12-22","purchased_purges":0,"victory":false,"max_hp_per_floor":[77,77,67,67,71,71,71],"relic_stats":{"counters":[3,7],"obtain_stats":[{"PageOfLibrarian":0,"dwlrmod:ProjectRecorder":5,"AT_ATBox":0,"testmod-TestBox":0,"testmod-Register":0,"aspiration:Nostalgia":0,"Baka":1,"LetterFromLob":1,"DemoExt:KalibersBlessing":3,"Burning Blood":0,"REME_ComplimentaryCards":0},{"PageOfLibrarian":0,"dwlrmod:ProjectRecorder":2,"AT_ATBox":0,"testmod-TestBox":0,"testmod-Register":0,"aspiration:Nostalgia":0,"Baka":1,"LetterFromLob":1,"DemoExt:KalibersBlessing":1,"Burning Blood":0,"REME_ComplimentaryCards":0},{"PageOfLibrarian":0,"dwlrmod:ProjectRecorder":6,"AT_ATBox":0,"testmod-TestBox":0,"testmod-Register":0,"aspiration:Nostalgia":0,"Baka":4,"LetterFromLob":4,"DemoExt:KalibersBlessing":4,"Burning Blood":0,"REME_ComplimentaryCards":0}],"Burning Blood":8},"card_choices":[{"not_picked":["QuickSuppression","HighKick","FierceCharge","RhinoRam","StrikeDown","NonstopAssault","Gigigig","ReadyUp"],"picked":"LossOfSenses","floor":1},{"not_picked":["FleetFootsteps","VenomousFangs","TrashDisposal","AsThePrescriptOrders","DeepDrag","RatsGuideToSurvival","ScatteringSlash","QuickAttack"],"picked":"BurningFlash","floor":5}],"player_experience":83084,"relics_obtained":[{"floor":1,"key":"Baka"},{"floor":1,"key":"LetterFromLob"},{"floor":5,"key":"DemoExt:KalibersBlessing"},{"floor":5,"key":"dwlrmod:ProjectRecorder"}],"event_choices":[{"damage_healed":0,"gold_gain":75,"player_choice":"Gather Gold","damage_taken":11,"max_hp_gain":0,"max_hp_loss":0,"event_name":"World of Goop","floor":2,"gold_loss":0},{"damage_healed":0,"gold_gain":0,"player_choice":"Upgraded","damage_taken":0,"max_hp_gain":0,"max_hp_loss":0,"event_name":"Upgrade Shrine","floor":4,"gold_loss":0,"cards_upgraded":["testmod-Librarian"]}],"is_beta":false,"boss_relics":[],"items_purged_floors":[],"is_endless":false,"potions_floor_spawned":[5],"killed_by":"3 Sentries","ascension_level":1}}