{"host":"xmr2g8b7eju0288o","time":1611588049,"event":{"mods":["AchievementEnabler","BaseMod","Colored Map","Colored Powertips","Minty Spire (QoL Compilation)","Quick Restart","StSLib","SuperFastMode"],"gold_per_floor":[112,193,46,46,46,46,78,78,78,90,106,116,116,140,140,266,329,348,371,371,286,310,343,343,343,368,368,368,382,426,447,447,568,568,588,588,612,612,612,643,643,663,663,996,1011,37,48,80,80,80],"floor_reached":51,"language":"KOR","playtime":1322,"items_purged":["Strike_G"],"score":893,"play_id":"714165fd-a425-4f38-94df-d4a2ca00a6ef","local_time":"20210126002049","is_ascension_mode":false,"campfire_choices":[{"floor":6.0,"key":"REST"},{"floor":8.0,"key":"REST"},{"floor":15.0,"key":"REST"},{"floor":27.0,"key":"REST"},{"floor":32.0,"key":"REST"},{"floor":41.0,"key":"REST"},{"floor":49.0,"key":"REST"}],"circlet_count":0,"master_deck":["Strike_G","Strike_G","Strike_G+1","Defend_G","Defend_G","Defend_G","Defend_G+1","Defend_G+1","Survivor","Neutralize","Blade Dance+1","Envenom","Envenom","Accuracy","Blade Dance+1","Dodge and Roll","Blade Dance","Adrenaline","Infinite Blades+1","Envenom+1"],"relics":["Fusion Hammer","Singing Bowl","Chemical X","Kunai","Gremlin Horn","Tiny House","Bag of Marbles","Darkstone Periapt","Matryoshka","Pen Nib","Omamori","Nilry\u0027s Codex","TungstenRod","WristBlade","Pantograph","Boot","Bottled Tornado","The Courier","Lantern","Ice Cream","Strawberry","Vajra","Anchor","Frozen Egg 2","Toy Ornithopter"],"acts_visited":["Exordium","TheCity","TheBeyond"],"potions_floor_usage":[50],"damage_taken":[{"damage":0.0,"enemies":"Cultist","floor":1.0,"turns":4.0},{"damage":31.0,"enemies":"Gremlin Nob","floor":7.0,"turns":4.0},{"damage":0.0,"enemies":"Small Slimes","floor":10.0,"turns":2.0},{"damage":0.0,"enemies":"Jaw Worm","floor":11.0,"turns":3.0},{"damage":2.0,"enemies":"Gremlin Gang","floor":12.0,"turns":5.0},{"damage":10.0,"enemies":"Exordium Wildlife","floor":14.0,"turns":4.0},{"damage":15.0,"enemies":"Hexaghost","floor":16.0,"turns":10.0},{"damage":0.0,"enemies":"Chosen","floor":18.0,"turns":4.0},{"damage":24.0,"enemies":"Spheric Guardian","floor":19.0,"turns":6.0},{"damage":2.0,"enemies":"Cultist and Chosen","floor":22.0,"turns":6.0},{"damage":23.0,"enemies":"Slavers","floor":23.0,"turns":3.0},{"damage":6.0,"enemies":"3 Cultists","floor":29.0,"turns":4.0},{"damage":14.0,"enemies":"Book of Stabbing","floor":30.0,"turns":3.0},{"damage":15.0,"enemies":"Centurion and Healer","floor":31.0,"turns":4.0},{"damage":20.0,"enemies":"Collector","floor":33.0,"turns":7.0},{"damage":0.0,"enemies":"3 Shapes","floor":35.0,"turns":1.0},{"damage":33.0,"enemies":"Reptomancer","floor":40.0,"turns":4.0},{"damage":8.0,"enemies":"3 Darklings","floor":42.0,"turns":3.0},{"damage":7.0,"enemies":"Writhing Mass","floor":45.0,"turns":4.0},{"damage":1.0,"enemies":"Transient","floor":47.0,"turns":5.0},{"damage":1.0,"enemies":"Giant Head","floor":48.0,"turns":5.0},{"damage":107,"enemies":"Time Eater","floor":50,"turns":8}],"seed_played":"8305002389096611346","potions_obtained":[{"floor":1.0,"key":"LiquidMemories"},{"floor":7.0,"key":"ColorlessPotion"},{"floor":14.0,"key":"Explosive Potion"},{"floor":16.0,"key":"FearPotion"},{"floor":17.0,"key":"EntropicBrew"},{"floor":18.0,"key":"SteroidPotion"},{"floor":29.0,"key":"PowerPotion"},{"floor":35.0,"key":"BlessingOfTheForge"},{"floor":42.0,"key":"CultistPotion"}],"is_trial":false,"path_per_floor":["M","T","$","?","?","R","E","R","T","M","M","M","?","M","R","B",null,"M","M","?","?","M","E","?","T","T","R","?","M","E","M","R","B",null,"M","?","T","?","?","E","R","M","T","?","M","$","M","E","R","B",null],"character_chosen":"THE_SILENT","items_purchased":["Chemical X","Lantern","Ice Cream","Strawberry","Vajra","Anchor","Frozen Egg 2"],"campfire_rested":7,"item_purchase_floors":[3,46,46,46,46,46,46],"current_hp_per_floor":[70,70,70,70,56,70,41,62,62,64,64,64,45,37,60,45,85,87,65,65,65,65,42,24,24,24,52,36,32,18,3,32,12,98,100,100,100,100,100,69,99,93,93,93,86,93,92,93,113,6],"gold":80,"neow_bonus":"BOSS_RELIC","is_daily":false,"chose_seed":false,"campfire_upgraded":0,"win_rate":0.0,"timestamp":1611588049,"path_taken":["M","?","$","?","?","R","E","R","T","M","M","M","?","?","R","BOSS","M","?","?","?","M","E","?","?","T","R","?","M","E","M","R","BOSS","M","?","?","?","?","E","R","M","T","?","M","$","?","E","R","BOSS"],"items_purchased_type":["Relic","Relic","Relic","Relic","Relic","Relic","Relic"],"build_version":"2020-12-22","purchased_purges":1,"victory":true,"max_hp_per_floor":[70,70,70,70,70,70,72,72,72,74,74,76,76,78,78,78,85,87,89,89,89,91,91,96,96,96,96,96,98,98,98,98,98,98,100,100,100,100,100,102,102,104,104,104,104,111,111,113,113,113],"card_choices":[{"not_picked":["Terror","Dodge and Roll"],"picked":"Blade Dance","floor":1.0},{"not_picked":["Caltrops","Predator","Skewer"],"picked":"Singing Bowl","floor":7.0},{"not_picked":["Calculated Gamble","Flying Knee","Well Laid Plans"],"picked":"Singing Bowl","floor":10.0},{"not_picked":["Flying Knee","Terror"],"picked":"Envenom","floor":11.0},{"not_picked":["Bane","Masterful Stab","Deadly Poison"],"picked":"Singing Bowl","floor":12.0},{"not_picked":["Prepared","Infinite Blades","Poisoned Stab"],"picked":"Singing Bowl","floor":14.0},{"not_picked":["Grand Finale","After Image"],"picked":"Envenom","floor":16.0},{"not_picked":["Dagger Spray","Deadly Poison","Escape Plan"],"picked":"Singing Bowl","floor":17.0},{"not_picked":["Terror","Flechettes","Underhanded Strike"],"picked":"Singing Bowl","floor":18.0},{"not_picked":["Deadly Poison","Dagger Throw","Bane"],"picked":"Singing Bowl","floor":19.0},{"not_picked":["Wraith Form v2","All Out Attack","Poisoned Stab"],"picked":"Singing Bowl","floor":22.0},{"not_picked":["Dodge and Roll","Flying Knee+1"],"picked":"Blade Dance+1","floor":23.0},{"not_picked":["Backflip","Well Laid Plans","Sucker Punch"],"picked":"Singing Bowl","floor":29.0},{"not_picked":["Prepared","Endless Agony+1"],"picked":"Dodge and Roll","floor":30.0},{"not_picked":["Flying Knee","Storm of Steel"],"picked":"Blade Dance","floor":31.0},{"not_picked":["Unload","Venomology"],"picked":"Adrenaline","floor":33.0},{"not_picked":["Concentrate+1","Flying Knee","Prepared"],"picked":"Singing Bowl","floor":35.0},{"not_picked":["Deadly Poison","Quick Slash+1","All Out Attack"],"picked":"Singing Bowl","floor":40.0},{"not_picked":["Predator","Caltrops","Sucker Punch"],"picked":"Singing Bowl","floor":42.0},{"not_picked":["Bane+1","Prepared"],"picked":"Infinite Blades+1","floor":45.0},{"not_picked":["Choke+1","All Out Attack"],"picked":"Envenom+1","floor":47.0},{"not_picked":["Dash","Underhanded Strike+1","Skewer+1"],"picked":"Singing Bowl","floor":48.0}],"player_experience":104903,"relics_obtained":[{"floor":2.0,"key":"Singing Bowl"},{"floor":7.0,"key":"Kunai"},{"floor":9.0,"key":"Gremlin Horn"},{"floor":23.0,"key":"Darkstone Periapt"},{"floor":25.0,"key":"Matryoshka"},{"floor":26.0,"key":"Pen Nib"},{"floor":26.0,"key":"Omamori"},{"floor":28.0,"key":"Nilry\u0027s Codex"},{"floor":30.0,"key":"TungstenRod"},{"floor":37.0,"key":"Pantograph"},{"floor":37.0,"key":"Boot"},{"floor":40.0,"key":"Bottled Tornado"},{"floor":43.0,"key":"The Courier"},{"floor":48.0,"key":"Toy Ornithopter"}],"event_choices":[{"damage_healed":0.0,"max_hp_gain":0.0,"max_hp_loss":0.0,"gold_gain":0.0,"event_name":"Living Wall","player_choice":"Grow","floor":4.0,"gold_loss":0.0,"damage_taken":0.0,"cards_upgraded":["Blade Dance"]},{"damage_healed":0.0,"max_hp_gain":0.0,"max_hp_loss":0.0,"gold_gain":0.0,"event_name":"Shining Light","player_choice":"Entered Light","floor":5.0,"gold_loss":0.0,"damage_taken":14.0,"cards_upgraded":["Strike_G","Defend_G"]},{"damage_healed":0.0,"max_hp_gain":0.0,"max_hp_loss":0.0,"gold_gain":0.0,"event_name":"Golden Idol","player_choice":"Take Damage","floor":13.0,"gold_loss":0.0,"damage_taken":19.0,"relics_obtained":["Golden Idol"]},{"damage_healed":0.0,"max_hp_gain":0.0,"max_hp_loss":0.0,"gold_gain":0.0,"event_name":"The Library","player_choice":"Read","floor":20.0,"gold_loss":0.0,"damage_taken":0.0,"cards_obtained":["Accuracy"]},{"damage_healed":0.0,"max_hp_gain":0.0,"max_hp_loss":0.0,"gold_gain":0.0,"event_name":"Addict","player_choice":"Obtained Relic","floor":21.0,"gold_loss":85.0,"damage_taken":0.0,"relics_obtained":["Bag of Marbles"]},{"damage_healed":0.0,"max_hp_gain":5.0,"max_hp_loss":0.0,"gold_gain":0.0,"event_name":"Forgotten Altar","player_choice":"Shed Blood","floor":24.0,"gold_loss":0.0,"damage_taken":23.0},{"damage_healed":0.0,"max_hp_gain":0.0,"max_hp_loss":0.0,"gold_gain":0.0,"event_name":"Cursed Tome","player_choice":"Obtained Book","floor":28.0,"gold_loss":0.0,"damage_taken":16.0},{"damage_healed":0.0,"max_hp_gain":0.0,"max_hp_loss":0.0,"gold_gain":0.0,"event_name":"Tomb of Lord Red Mask","player_choice":"Ignored","floor":36.0,"gold_loss":0.0,"damage_taken":0.0},{"damage_healed":25.0,"max_hp_gain":0.0,"max_hp_loss":0.0,"gold_gain":0.0,"event_name":"Winding Halls","player_choice":"Writhe","floor":38.0,"gold_loss":0.0,"damage_taken":0.0,"cards_obtained":["Writhe"]},{"cards_removed":["Strike_G"],"damage_healed":0.0,"max_hp_gain":0.0,"max_hp_loss":0.0,"gold_gain":0.0,"event_name":"Falling","player_choice":"Removed Attack","floor":39.0,"gold_loss":0.0,"damage_taken":0.0},{"damage_healed":0.0,"max_hp_gain":0.0,"max_hp_loss":0.0,"gold_gain":333.0,"event_name":"The Moai Head","player_choice":"Gave Idol","floor":44.0,"relics_lost":["Golden Idol"],"gold_loss":0.0,"damage_taken":0.0}],"is_beta":false,"boss_relics":[{"not_picked":["SlaversCollar","Cursed Key"],"picked":"Tiny House"},{"not_picked":["Pandora\u0027s Box","Busted Crown"],"picked":"WristBlade"}],"items_purged_floors":[46],"is_endless":false,"potions_floor_spawned":[1,7,14,16,18,29,35,42],"ascension_level":0}}