{"host":"d85gwtocd8go8gx0","time":1611544603,"event":{"mods":["AchievementEnabler","BaseMod","Better Altar","Better Skull","Better Third Choice","Block Reminder","Colored Powertips","Curses Come First","Dark Map","Filter the Spire","Highlight Path","Minty Spire (QoL Compilation)","Permanent Neow","Quick Restart","Shop Mod","StSLib","SuperFastMode","UnlockEverythingMod"],"gold_per_floor":[116,134,14,34,49,84,84,118,187,187,187,204,214,249,249,320,320,332,332,332,332],"floor_reached":20,"language":"ENG","playtime":832,"items_purged":[],"score":388,"play_id":"c15fc606-3018-45bd-a59f-ed472d869d04","local_time":"20210124191643","is_ascension_mode":true,"campfire_choices":[{"data":"BattleHymn","floor":7.0,"key":"SMITH"},{"data":"ClearTheMind","floor":10.0,"key":"SMITH"},{"floor":15.0,"key":"REST"}],"circlet_count":0,"master_deck":["AscendersBane","Strike_P","Strike_P","Strike_P","Strike_P","Defend_P","Defend_P","Defend_P","Defend_P","Eruption","Vigilance","FlurryOfBlows","BowlingBash","BattleHymn+1","EmptyMind","ClearTheMind+1","Consecrate","MasterReality","SashWhip","Decay","Perseverance","CutThroughFate","CarveReality","Wish","Wallop"],"relics":["PureWater","Mango","Gremlin Horn","Unceasing Top","Eternal Feather","Omamori","Busted Crown","Nilry\u0027s Codex"],"acts_visited":["Exordium","TheCity"],"potions_floor_usage":[],"damage_taken":[{"damage":0.0,"enemies":"Cultist","floor":1.0,"turns":2.0},{"damage":7.0,"enemies":"Small Slimes","floor":2.0,"turns":2.0},{"damage":3.0,"enemies":"2 Louse","floor":4.0,"turns":2.0},{"damage":0.0,"enemies":"Large Slime","floor":5.0,"turns":4.0},{"damage":9.0,"enemies":"3 Sentries","floor":6.0,"turns":6.0},{"damage":16.0,"enemies":"Gremlin Nob","floor":8.0,"turns":3.0},{"damage":3.0,"enemies":"Blue Slaver","floor":12.0,"turns":3.0},{"damage":22.0,"enemies":"Exordium Wildlife","floor":13.0,"turns":3.0},{"damage":9.0,"enemies":"3 Sentries","floor":14.0,"turns":4.0},{"damage":45.0,"enemies":"The Guardian","floor":16.0,"turns":8.0},{"damage":25.0,"enemies":"2 Thieves","floor":18.0,"turns":4.0},{"damage":19,"enemies":"3 Byrds","floor":20,"turns":2}],"seed_played":"-5780767592179025743","potions_obtained":[{"floor":1.0,"key":"BlessingOfTheForge"},{"floor":4.0,"key":"Ancient Potion"},{"floor":8.0,"key":"FearPotion"}],"is_trial":false,"path_per_floor":["M","M","$","M","M","E","R","E","T","R","?","M","M","E","R","B",null,"M","?","M"],"character_chosen":"WATCHER","items_purchased":["BattleHymn","EmptyMind"],"campfire_rested":1,"item_purchase_floors":[3,3],"current_hp_per_floor":[75,68,68,65,65,56,56,40,40,49,49,46,24,15,49,4,58,33,12,0,0],"gold":332,"neow_bonus":"ONE_RARE_RELIC","is_daily":false,"chose_seed":false,"campfire_upgraded":2,"win_rate":0.0,"timestamp":1611544603,"path_taken":["M","M","?","M","M","E","R","E","T","R","?","M","M","E","R","BOSS","M","?","M"],"items_purchased_type":["Card","Card"],"build_version":"2020-12-22","purchased_purges":0,"victory":false,"max_hp_per_floor":[76,76,76,76,76,76,76,76,76,76,76,76,76,76,76,76,76,76,76,76,76],"card_choices":[{"not_picked":["Meditate","FollowUp"],"picked":"FlurryOfBlows","floor":1.0},{"not_picked":["Prostrate","Evaluate"],"picked":"BowlingBash","floor":2.0},{"not_picked":["SpiritShield","InnerPeace"],"picked":"ClearTheMind","floor":4.0},{"not_picked":["SashWhip","Prostrate"],"picked":"Consecrate","floor":5.0},{"not_picked":["Conclude","Halt"],"picked":"MasterReality","floor":6.0},{"not_picked":["FlyingSleeves","Worship"],"picked":"SashWhip","floor":8.0},{"not_picked":["Wireheading","SashWhip"],"picked":"Perseverance","floor":12.0},{"not_picked":["BowlingBash","LikeWater"],"picked":"CutThroughFate","floor":13.0},{"not_picked":["BowlingBash","Evaluate"],"picked":"CarveReality","floor":14.0},{"not_picked":["Alpha","SpiritShield"],"picked":"Wish","floor":16.0},{"not_picked":[],"picked":"Wallop","floor":18.0}],"player_experience":20977,"relics_obtained":[{"floor":6.0,"key":"Gremlin Horn"},{"floor":8.0,"key":"Unceasing Top"},{"floor":9.0,"key":"Eternal Feather"},{"floor":14.0,"key":"Omamori"},{"floor":19,"key":"Nilry\u0027s Codex"}],"event_choices":[{"damage_healed":0.0,"max_hp_gain":0.0,"max_hp_loss":0.0,"gold_gain":0.0,"event_name":"Wheel of Change","player_choice":"Cursed","floor":11.0,"gold_loss":0.0,"damage_taken":0.0,"cards_obtained":["Decay"]},{"damage_healed":0,"gold_gain":0,"player_choice":"Obtained Book","damage_taken":21,"max_hp_gain":0,"max_hp_loss":0,"event_name":"Cursed Tome","floor":19,"gold_loss":0}],"is_beta":false,"boss_relics":[{"not_picked":["Snecko Eye","Philosopher\u0027s Stone"],"picked":"Busted Crown"}],"items_purged_floors":[],"is_endless":false,"potions_floor_spawned":[1,4,5,8,12,13],"killed_by":"3 Byrds","ascension_level":20}}