{"host":"cbs04hxbqwdiijvt","time":1611564787,"event":{"mods":["AchievementEnabler","BaseMod","Colored Map","Minty Spire (QoL Compilation)","StSLib","SuperFastMode","everything is the same but u backflip on backflip"],"gold_per_floor":[111,131,131,41,41,69,69,69,69,88,119,119,134,145,145,222,222,237,162,178,178,22,22,37,65,65,65,82,106,123,82,82,157,157,170,185,185,200,23,37,37,57,108,108,140,168,197,243,255,267,279,291,13,13,13],"floor_reached":54,"language":"KOR","playtime":2707,"items_purged":["Strike_G","Strike_G","Strike_G+1","Dash+1"],"score":1349,"play_id":"621cc823-f77f-459f-8a8e-27c4eb7b1da2","local_time":"20210125175307","is_ascension_mode":true,"campfire_choices":[{"data":"Blade Dance","floor":7.0,"key":"SMITH"},{"data":"Adrenaline","floor":12.0,"key":"SMITH"},{"data":"Cloak And Dagger","floor":15.0,"key":"SMITH"},{"data":"Cloak And Dagger","floor":23.0,"key":"SMITH"},{"data":"Well Laid Plans","floor":32.0,"key":"SMITH"},{"floor":41.0,"key":"REST"},{"floor":44.0,"key":"RECALL"},{"floor":49.0,"key":"REST"},{"data":"Acrobatics","floor":52.0,"key":"SMITH"}],"circlet_count":0,"master_deck":["AscendersBane","Strike_G","Defend_G","Defend_G","Defend_G","Defend_G","Defend_G","Survivor","Neutralize","Backflip","Blade Dance+1","Noxious Fumes","Blade Dance","Adrenaline+1","Cloak And Dagger+1","Storm of Steel","Cloak And Dagger+1","Deflect","Slice","Acrobatics+1","Accuracy+1","Prepared+1","Well Laid Plans+1","Backflip+1","Blur","Dodge and Roll"],"relics":["Ring of the Serpent","NeowsBlessing","Question Card","Kunai","Gremlin Horn","WristBlade","Nilry\u0027s Codex","Whetstone","Darkstone Periapt","Omamori","Oddly Smooth Stone","MawBank","Nunchaku"],"acts_visited":["Exordium","TheCity","TheBeyond","TheEnding"],"potions_floor_usage":[54,54],"damage_taken":[{"damage":0.0,"enemies":"Jaw Worm","floor":1.0,"turns":1.0},{"damage":0.0,"enemies":"Small Slimes","floor":2.0,"turns":1.0},{"damage":0.0,"enemies":"Lagavulin","floor":6.0,"turns":1.0},{"damage":0.0,"enemies":"Cultist","floor":10.0,"turns":3.0},{"damage":4.0,"enemies":"3 Sentries","floor":11.0,"turns":7.0},{"damage":0.0,"enemies":"Lots of Slimes","floor":13.0,"turns":3.0},{"damage":0.0,"enemies":"Blue Slaver","floor":14.0,"turns":4.0},{"damage":4.0,"enemies":"The Guardian","floor":16.0,"turns":13.0},{"damage":3.0,"enemies":"Spheric Guardian","floor":18.0,"turns":3.0},{"damage":5.0,"enemies":"Shell Parasite","floor":20.0,"turns":3.0},{"damage":5.0,"enemies":"Shelled Parasite and Fungi","floor":24.0,"turns":4.0},{"damage":3.0,"enemies":"Gremlin Leader","floor":25.0,"turns":4.0},{"damage":7.0,"enemies":"Snake Plant","floor":28.0,"turns":3.0},{"damage":0.0,"enemies":"Chosen and Byrds","floor":30.0,"turns":3.0},{"damage":12.0,"enemies":"Champ","floor":33.0,"turns":10.0},{"damage":0.0,"enemies":"Orb Walker","floor":35.0,"turns":2.0},{"damage":15.0,"enemies":"3 Shapes","floor":36.0,"turns":10.0},{"damage":1.0,"enemies":"Sphere and 2 Shapes","floor":38.0,"turns":7.0},{"damage":17.0,"enemies":"Maw","floor":40.0,"turns":7.0},{"damage":17.0,"enemies":"Jaw Worm Horde","floor":42.0,"turns":4.0},{"damage":1.0,"enemies":"Reptomancer","floor":45.0,"turns":5.0},{"damage":3.0,"enemies":"Spire Growth","floor":46.0,"turns":4.0},{"damage":3.0,"enemies":"Writhing Mass","floor":47.0,"turns":8.0},{"damage":3.0,"enemies":"Nemesis","floor":48.0,"turns":7.0},{"damage":11.0,"enemies":"Donu and Deca","floor":50.0,"turns":12.0},{"damage":61,"enemies":"Shield and Spear","floor":54,"turns":6}],"seed_played":"-8370266948056907994","potions_obtained":[{"floor":1.0,"key":"EntropicBrew"},{"floor":13.0,"key":"Block Potion"},{"floor":14.0,"key":"FearPotion"},{"floor":24.0,"key":"Dexterity Potion"},{"floor":40.0,"key":"LiquidBronze"},{"floor":46.0,"key":"Swift Potion"},{"floor":47.0,"key":"Block Potion"},{"floor":48.0,"key":"Ancient Potion"}],"is_trial":false,"path_per_floor":["M","M","?","$","?","E","R","T","T","M","E","R","M","M","R","B",null,"M","$","M","?","$","R","M","E","T","?","M","T","M","$","R","B",null,"M","M","?","M","$","M","R","M","T","R","E","M","M","E","R","B",null,"R","$","E"],"character_chosen":"THE_SILENT","items_purchased":["Dash","Slice","Well Laid Plans","Dodge and Roll","DistilledChaos","Swift Potion"],"campfire_rested":2,"item_purchase_floors":[4,22,31,39,53,53],"current_hp_per_floor":[59,59,52,52,57,57,57,57,57,57,53,53,53,53,53,49,66,63,63,58,37,37,37,32,29,29,29,22,22,22,22,22,10,56,56,41,41,40,40,23,44,27,27,27,26,23,20,17,38,27,60,60,60,0,0],"gold":13,"neow_bonus":"THREE_ENEMY_KILL","is_daily":false,"chose_seed":false,"campfire_upgraded":6,"win_rate":0.0,"timestamp":1611564787,"path_taken":["M","M","?","$","?","E","R","?","T","?","E","R","?","M","R","BOSS","M","?","M","?","$","R","M","E","T","?","M","?","M","$","R","BOSS","M","?","?","M","?","M","R","M","T","R","E","M","M","E","R","BOSS","R","$","E"],"items_purchased_type":["Card","Card","Card","Card","Potion","Potion"],"build_version":"2020-12-22","purchased_purges":4,"victory":false,"max_hp_per_floor":[66,66,66,66,71,71,71,71,71,71,71,71,71,71,71,71,71,71,71,71,71,71,71,71,71,71,71,71,71,71,71,71,71,71,71,71,71,71,71,71,71,71,71,71,71,71,71,71,71,71,71,71,71,71,71],"card_choices":[{"not_picked":["Riddle With Holes","Deflect"],"picked":"Backflip","floor":1.0},{"not_picked":["Leg Sweep","Outmaneuver"],"picked":"Blade Dance","floor":2.0},{"not_picked":["Heel Hook","Prepared"],"picked":"Noxious Fumes","floor":6.0},{"not_picked":["Bullet Time","Dash","Outmaneuver"],"picked":"Blade Dance","floor":10.0},{"not_picked":["Deflect","Deadly Poison","Poisoned Stab"],"picked":"Adrenaline","floor":11.0},{"not_picked":["Finisher","Slice","Bouncing Flask","Quick Slash"],"picked":"SKIP","floor":13.0},{"not_picked":["Dodge and Roll","Underhanded Strike","Noxious Fumes"],"picked":"Cloak And Dagger","floor":14.0},{"not_picked":["Bullet Time","Wraith Form v2","Glass Knife"],"picked":"Storm of Steel","floor":16.0},{"not_picked":["Quick Slash+1","Dagger Throw","PiercingWail"],"picked":"Cloak And Dagger","floor":18.0},{"not_picked":["Flying Knee","All Out Attack","Distraction"],"picked":"Deflect","floor":20.0},{"not_picked":["Deadly Poison","Choke","Leg Sweep"],"picked":"Acrobatics","floor":24.0},{"not_picked":["Blade Dance","Slice+1","Expertise"],"picked":"Accuracy","floor":25.0},{"not_picked":["Quick Slash","Noxious Fumes","A Thousand Cuts","Sucker Punch+1"],"picked":"SKIP","floor":28.0},{"not_picked":["Setup","Finisher+1","Prepared+1","Endless Agony+1"],"picked":"SKIP","floor":30.0},{"not_picked":["Setup","Finisher+1","Endless Agony+1"],"picked":"Prepared+1","floor":30.0},{"not_picked":["Masterful Stab","Outmaneuver+1","Prepared","Slice+1"],"picked":"SKIP","floor":35.0},{"not_picked":["Distraction","Backstab","Escape Plan"],"picked":"Backflip+1","floor":36.0},{"not_picked":["Dagger Spray","Choke","Infinite Blades"],"picked":"Blur","floor":38.0},{"not_picked":["Bane","Predator","Infinite Blades+1","Deflect+1"],"picked":"SKIP","floor":40.0},{"not_picked":["Envenom","Dodge and Roll","Dagger Spray","Backstab"],"picked":"SKIP","floor":42.0},{"not_picked":["Slice+1","Backflip","Reflex+1","Flying Knee"],"picked":"SKIP","floor":45.0},{"not_picked":["Backstab","Bane","Backflip","Calculated Gamble"],"picked":"SKIP","floor":46.0},{"not_picked":["Bane","Prepared+1","Endless Agony","Outmaneuver"],"picked":"SKIP","floor":47.0},{"not_picked":["Endless Agony","Sucker Punch","Underhanded Strike+1","Concentrate"],"picked":"SKIP","floor":48.0}],"player_experience":618827,"relics_obtained":[{"floor":6.0,"key":"Question Card"},{"floor":9.0,"key":"Kunai"},{"floor":11.0,"key":"Gremlin Horn"},{"floor":21.0,"key":"Nilry\u0027s Codex"},{"floor":25.0,"key":"Whetstone"},{"floor":26.0,"key":"Darkstone Periapt"},{"floor":29.0,"key":"Omamori"},{"floor":43.0,"key":"Oddly Smooth Stone"},{"floor":45.0,"key":"MawBank"},{"floor":48.0,"key":"Nunchaku"}],"event_choices":[{"cards_removed":["Strike_G"],"damage_healed":0.0,"max_hp_gain":0.0,"max_hp_loss":0.0,"gold_gain":0.0,"event_name":"Golden Wing","player_choice":"Card Removal","floor":3.0,"gold_loss":0.0,"damage_taken":7.0},{"damage_healed":0.0,"max_hp_gain":5.0,"max_hp_loss":0.0,"gold_gain":0.0,"event_name":"Big Fish","player_choice":"Donut","floor":5.0,"gold_loss":0.0,"damage_taken":0.0},{"damage_healed":0.0,"max_hp_gain":0.0,"max_hp_loss":0.0,"gold_gain":0.0,"event_name":"Cursed Tome","player_choice":"Obtained Book","floor":21.0,"gold_loss":0.0,"damage_taken":21.0},{"damage_healed":0.0,"max_hp_gain":0.0,"max_hp_loss":0.0,"gold_gain":0.0,"event_name":"Ghosts","player_choice":"Ignored","floor":27.0,"gold_loss":0.0,"damage_taken":0.0},{"damage_healed":0.0,"max_hp_gain":0.0,"max_hp_loss":0.0,"gold_gain":0.0,"event_name":"Accursed Blacksmith","player_choice":"Forge","floor":37.0,"gold_loss":0.0,"damage_taken":0.0,"cards_upgraded":["Accuracy"]}],"is_beta":false,"boss_relics":[{"not_picked":["Snecko Eye","SlaversCollar"],"picked":"WristBlade"},{"not_picked":["Black Star","Pandora\u0027s Box"],"picked":"Ring of the Serpent"}],"items_purged_floors":[19,22,39,53],"is_endless":false,"potions_floor_spawned":[1,13,14,20,24,33,40,46,47,48],"killed_by":"Shield and Spear","ascension_level":17}}