{"host":"vqs1j3qalc1cciyt","time":1611611798,"event":{"mods":["2.2 Compatiblity","AchievementEnabler","Aspiration","Bard","BaseMod","Beaked The Cultist","Better Altar","Better Match","Better Note","Better Sensory Stone","Better Skull","Better Third Choice","Clockwork Mod","Colored Map","Conspire","Downfall","Friendly Minions","GifTheSpireLib","Glutton Mod","Halation","Highlight Path","Hubris","Infinite Spire","Minty Spire (QoL Compilation)","RRrroohrrRGHHhhh!!","Replay The Spire","Spicy Shops","StSLib","Stuff the Spire","The Construct","The Cursed","The Disciple","The Hierophant"],"gold_per_floor":[117,127,146,146,146,146,146],"floor_reached":6,"language":"ENG","playtime":156,"items_purged":[],"score":47,"play_id":"3f35cf24-c05f-4f1c-8c34-9d8754137495","local_time":"20210125135638","is_ascension_mode":true,"campfire_choices":[],"circlet_count":0,"master_deck":["Strike_R","Strike_R","Strike_R","Strike_R","Strike_R","Defend_R","Defend_R","Defend_R","Defend_R","Bash","conspire:Blindness","Wild Strike","Heavy Blade","Burn","Dramatic Entrance"],"relics":["Burning Blood","StuffTheSpire:Wildfire"],"acts_visited":["Exordium"],"potions_floor_usage":[],"damage_taken":[{"damage":2,"enemies":"2 Louse","floor":1,"turns":2},{"damage":9,"enemies":"Jaw Worm","floor":2,"turns":3},{"damage":11,"enemies":"conspire:RoseBush","floor":3,"turns":2},{"damage":49,"enemies":"Replay:BlueRogue","floor":6,"turns":4}],"seed_played":"-2966617980175584563","potions_obtained":[{"floor":2,"key":"Strength Potion"},{"floor":3,"key":"Weak Potion"}],"is_trial":false,"path_per_floor":["M","M","M","?","?","E"],"character_chosen":"IRONCLAD","items_purchased":[],"campfire_rested":0,"item_purchase_floors":[],"current_hp_per_floor":[76,73,68,68,68,19,19],"gold":146,"neow_bonus":"ONE_RARE_RELIC","is_daily":false,"chose_seed":false,"campfire_upgraded":0,"win_rate":0.0,"timestamp":1611611798,"path_taken":["M","M","M","?","?","E"],"items_purchased_type":[],"build_version":"2020-12-22","purchased_purges":0,"victory":false,"max_hp_per_floor":[80,80,80,80,80,80,80],"card_choices":[{"not_picked":["Pommel Strike","Clothesline"],"picked":"Wild Strike","floor":1},{"not_picked":["Anger","Shockwave"],"picked":"Heavy Blade","floor":2},{"not_picked":["Clothesline","Pommel Strike","Run Through"],"picked":"SKIP","floor":3},{"not_picked":["Impatience","Jack Of All Trades"],"picked":"Dramatic Entrance","floor":5}],"player_experience":914971,"relics_obtained":[],"event_choices":[{"damage_healed":68,"gold_gain":0,"player_choice":"Embrace Burn","damage_taken":0,"max_hp_gain":0,"max_hp_loss":80,"event_name":"betterThird:BetterShining","floor":4,"gold_loss":0},{"damage_healed":0,"gold_gain":1,"player_choice":"1","damage_taken":0,"max_hp_gain":0,"max_hp_loss":0,"event_name":"betterStone:BetterStone","floor":5,"gold_loss":0}],"is_beta":false,"boss_relics":[],"items_purged_floors":[],"is_endless":false,"potions_floor_spawned":[2,3],"killed_by":"Replay:BlueRogue","ascension_level":6}}