{"host":"jjz4szgmev061tnm","time":1611564351,"event":{"mods":["Act Like it!","Arknights The Spire","BaseMod","Gensokyo","KinomotoSakuraMod(ƒæ÷Æ±æ”£)","Marisa£®ÏF”Í°°ƒß¿Ì…≥£©","Minty Spire (QoL Compilation)","Shop Mod","StSLib","Youmu£®ªÍ∆«—˝√Œ£©"],"gold_per_floor":[113,127,127,20,35,35,45,76,76,402,106,123,136,136,136,235,235,251,251,263,32,50,79,79,79,79,79,79,79,79],"floor_reached":29,"language":"ZHS","playtime":1661,"items_purged":["ats:Defend"],"score":253,"play_id":"2deebbb3-7bf7-4268-ae5c-8716ea337ba3","local_time":"20210125164551","is_ascension_mode":false,"campfire_choices":[{"data":"ats:Neurotoxin","floor":6,"key":"SMITH"},{"floor":15,"key":"REST"},{"data":"Gensokyo:SevenSchoolMysteries","floor":27,"key":"SMITH"}],"circlet_count":0,"master_deck":["ats:Strike C","ats:Strike G","ats:Strike S","ats:Strike V","ats:Armor Crushing Shot","ats:Defend","ats:Defend","ats:Defend","ats:Emotion Absorption","ats:Neurotoxin+1","ats:Consecutive Shot Auto","ats:Support Order","ats:Assault Order","ats:Thorns","ats:Healing Strengthening","ats:Overload","ats:Burning Ground","ats:Powerful Strike","ats:Apocalypse","Clumsy","ats:Volcano","ats:Overload","ats:Literary Storm","Gensokyo:TarnishedGold","Gensokyo:BlemishedSteel","Gensokyo:Shovel","ats:Healing Drone","ats:Very Hot Blade+1","ats:Ambush","Gensokyo:SevenSchoolMysteries+1"],"relics":["ats:Sanity","NeowsBlessing","ats:Originium","CaptainsWheel","The Courier","ats:Bonebreaker","ats:Arts","ats:Berate","Du-Vu Doll","Gensokyo:NagashiBinaDoll","ats:Omniscience","Gensokyo:RedStar","Bag of Marbles","Bottled Flame","Gremlin Horn","Centennial Puzzle","Frozen Eye"],"acts_visited":["Exordium","Gensokyo:Gensokyo"],"potions_floor_usage":[10,16,22,23,29],"damage_taken":[{"damage":0,"enemies":"Gensokyo:3_Fairies","floor":1,"turns":1},{"damage":0,"enemies":"Gensokyo:Python","floor":2,"turns":1},{"damage":0,"enemies":"Gensokyo:Gryphon","floor":5,"turns":1},{"damage":0,"enemies":"Gensokyo:LivingMonolith","floor":7,"turns":3},{"damage":6,"enemies":"Gensokyo:Cirno","floor":8,"turns":7},{"damage":22,"enemies":"Gensokyo:Aya","floor":10,"turns":9},{"damage":13,"enemies":"Gensokyo:2_Rabbits","floor":12,"turns":4},{"damage":12,"enemies":"Gensokyo:5_Fairies","floor":13,"turns":6},{"damage":23,"enemies":"Gensokyo:Reimu","floor":16,"turns":8},{"damage":15,"enemies":"Gensokyo:Chomper","floor":18,"turns":5},{"damage":15,"enemies":"Gensokyo:AngelMirror","floor":20,"turns":3},{"damage":24,"enemies":"Gensokyo:Monolith_and_Dog","floor":22,"turns":4},{"damage":33,"enemies":"Gensokyo:Reisen","floor":23,"turns":7},{"damage":22,"enemies":"Gensokyo:Koishi","floor":29,"turns":4}],"seed_played":"-3018590093861482587","potions_obtained":[{"floor":1,"key":"Fire Potion"},{"floor":2,"key":"Weak Potion"},{"floor":8,"key":"Weak Potion"},{"floor":12,"key":"ats:Top Emergency Sanity Potion"},{"floor":16,"key":"ats:Emergency Sanity Potion"},{"floor":23,"key":"DuplicationPotion"}],"is_trial":false,"path_per_floor":["M","M","?","COS","M","R","M","E","T","E","$","M","M","?","R","B",null,"M","?","M","COS","M","E","?","$","T","R","T","E"],"character_chosen":"DOCTOR_CLASS","items_purchased":["ats:Arts","ats:Berate"],"campfire_rested":1,"item_purchase_floors":[11,11],"current_hp_per_floor":[72,72,72,72,72,72,72,66,66,44,44,31,19,19,40,28,72,57,57,47,47,28,13,13,13,13,13,13,0,0],"gold":79,"neow_bonus":"THREE_ENEMY_KILL","is_daily":false,"chose_seed":false,"campfire_upgraded":2,"win_rate":0.0,"timestamp":1611564351,"path_taken":["M","?","?","COS","M","R","M","E","T","E","$","M","?","?","R","BOSS","M","?","M","COS","M","E","?","?","T","R","?","E"],"items_purchased_type":["Relic","Relic"],"build_version":"2020-12-22","purchased_purges":1,"victory":false,"max_hp_per_floor":[72,72,72,72,72,72,72,72,72,72,72,72,72,72,72,72,72,72,72,72,72,72,72,65,65,65,65,65,65,65],"card_choices":[{"not_picked":["ats:Rapid Magazine","ats:Guard Mode"],"picked":"ats:Neurotoxin","floor":1},{"not_picked":["ats:Flexible Camouflage","ats:Leaping Hammer"],"picked":"ats:Consecutive Shot Auto","floor":2},{"not_picked":["ats:Curse Doll","ats:Guard Mode"],"picked":"ats:Support Order","floor":3},{"not_picked":["ats:Counter Healing Mode","ats:Soul Absorption"],"picked":"ats:Assault Order","floor":3},{"not_picked":["ats:Shell Defense","ats:Serious Mode"],"picked":"ats:Thorns","floor":5},{"not_picked":["ats:Leaping Hammer","ats:Charging Defense"],"picked":"ats:Healing Strengthening","floor":7},{"not_picked":["ats:Mental Burst","ats:Spore Proliferation"],"picked":"ats:Overload","floor":8},{"not_picked":["ats:Sunburst","ats:Disruption Kick"],"picked":"ats:Burning Ground","floor":10},{"not_picked":["ats:Serious Mode","ats:Counter Healing Mode"],"picked":"ats:Powerful Strike","floor":12},{"not_picked":["ats:Powerful Strike","ats:Automatic Cover"],"picked":"ats:Apocalypse","floor":13},{"not_picked":["ats:Fractured Body","ats:Calcification"],"picked":"ats:Volcano","floor":16},{"not_picked":["ats:Consecutive Shot Auto","ats:Thorns"],"picked":"ats:Overload","floor":18},{"not_picked":["ats:Explosion Area Strengthen","ats:LN2 Cannon+1"],"picked":"ats:Literary Storm","floor":20},{"not_picked":["ats:Encircling Forest","ats:Curse Doll"],"picked":"ats:Healing Drone","floor":22},{"not_picked":["ats:Charging Defense+1","ats:Thorns+1"],"picked":"ats:Very Hot Blade+1","floor":23},{"not_picked":["ats:Assault Order+1","ats:Beaten Up+1"],"picked":"ats:Ambush","floor":23},{"not_picked":["Gensokyo:Doppelganger","Gensokyo:LittleGreenMen"],"picked":"Gensokyo:SevenSchoolMysteries","floor":24}],"player_experience":201269,"relics_obtained":[{"floor":8,"key":"ats:Originium"},{"floor":8,"key":"CaptainsWheel"},{"floor":9,"key":"The Courier"},{"floor":10,"key":"ats:Originium"},{"floor":10,"key":"ats:Bonebreaker"},{"floor":23,"key":"ats:Originium"},{"floor":23,"key":"Bottled Flame"},{"floor":26,"key":"Gremlin Horn"},{"floor":28,"key":"Centennial Puzzle"}],"event_choices":[],"is_beta":false,"boss_relics":[{"not_picked":["Velvet Choker","Sozu"],"picked":"ats:Omniscience"}],"items_purged_floors":[11],"is_endless":false,"potions_floor_spawned":[1,2,8,12,16,18,23],"killed_by":"Gensokyo:Koishi","ascension_level":0}}