{"host":"9tdk3zzhmpo6o3dg","time":1611588383,"event":{"mods":["AchievementEnabler","Act Like it!","BaseMod","Downfall","Hermit","Koishi","Marisa（F雨　魔理沙）","Minty Spire (QoL Compilation)","Remilia（蕾米莉亚）","SOS（斯巴达之子）","Shop Mod","StSLib","The Cursed","The Hierophant","The Marked","The Senshi","The Servant 0.9.4","WarShipGirlsR/战舰少女R mod"],"gold_per_floor":[111,130,32,48,48,74,24,24,24,34,34,45,76,76,76,178,178,193,45,45,59,59,59,74,74,74,74,85,184,211,311,311,415,415,434,434,83,100,118,118,148,163,236,236,31,41,41,72,84,96,108,120,83,118,118,118],"floor_reached":55,"language":"ZHS","playtime":3213,"items_purged":["Strike_MRS","SuperNova+1","MeteoricShower"],"score":851,"play_id":"fa87b101-edf9-4d5b-b17b-ceff4d873fd7","local_time":"20210125232623","is_ascension_mode":true,"campfire_choices":[{"data":"MasterSpark","floor":11.0,"key":"SMITH"},{"data":"Singularity","floor":15.0,"key":"SMITH"},{"data":"DarkSpark","floor":23,"key":"SMITH"},{"data":"MillisecondPulsars","floor":25,"key":"SMITH"},{"floor":27,"key":"REST"},{"floor":32,"key":"REST"},{"data":"MagicChant","floor":40,"key":"SMITH"},{"data":"Madness","floor":47,"key":"SMITH"},{"floor":49,"key":"RECALL"},{"data":"MaximisePower","floor":52,"key":"SMITH"}],"circlet_count":0,"master_deck":["MasterSpark+1","UpSweep","OortCloud","Acceleration","Orbital","Singularity+1","GrandCross","GrandCross","PulseMagic","DeepEcoloBomb","EventHorizon","MysteriousBeam","MaximisePower+1","StarDustReverie","DragonMeteor","Singularity+1","MilkyWay+1","IllusionStar+1","ManaConvection+1","MillisecondPulsars+1","MagicChant+1","CasketOfStar","MagicChant+1","SporeBomb+1","Metamorphosis","SuperPerseids","GrandCross+1","Madness","Madness+1","AlicesGift","ShootTheMoon+1"],"relics":["MiniHakkero","Regal Pillow","Kunai","Strawberry","Omamori","Pandora\u0027s Box","Orrery","Necronomicon","Incense Burner","Singing Bowl","HornCleat","Ginger","Matryoshka","Astrolabe","AmplifyWand","ScarletDevilRocket","Letter Opener","MawBank","Mango","Gremlin Horn"],"acts_visited":["Exordium","TheCity","TheBeyond","TheEnding"],"potions_floor_usage":[24,31,31,31,42,55,55],"damage_taken":[{"damage":2.0,"enemies":"2 Louse","floor":1.0,"turns":3.0},{"damage":2.0,"enemies":"Jaw Worm","floor":2.0,"turns":3.0},{"damage":3.0,"enemies":"Small Slimes","floor":4.0,"turns":3.0},{"damage":14.0,"enemies":"Gremlin Nob","floor":6.0,"turns":4.0},{"damage":5.0,"enemies":"2 Fungi Beasts","floor":10.0,"turns":4.0},{"damage":10.0,"enemies":"3 Louse","floor":12.0,"turns":3.0},{"damage":14.0,"enemies":"Lagavulin","floor":13.0,"turns":4.0},{"damage":20.0,"enemies":"Hexaghost","floor":16.0,"turns":7.0},{"damage":8.0,"enemies":"Chosen","floor":18.0,"turns":2.0},{"damage":11,"enemies":"2 Thieves","floor":21,"turns":2},{"damage":22,"enemies":"3 Cultists","floor":24,"turns":4},{"damage":0,"enemies":"Centurion and Healer","floor":28,"turns":2},{"damage":12,"enemies":"Book of Stabbing","floor":30,"turns":3},{"damage":27,"enemies":"Colosseum Slavers","floor":31,"turns":2},{"damage":16,"enemies":"Colosseum Nobs","floor":31,"turns":4},{"damage":32,"enemies":"Champ","floor":33,"turns":7},{"damage":0,"enemies":"3 Darklings","floor":35,"turns":3},{"damage":2,"enemies":"Orb Walker","floor":38,"turns":2},{"damage":5,"enemies":"Spire Growth","floor":39,"turns":3},{"damage":1,"enemies":"Giant Head","floor":41,"turns":3},{"damage":2,"enemies":"Transient","floor":42,"turns":5},{"damage":21,"enemies":"3 Darklings","floor":46,"turns":2},{"damage":8,"enemies":"Nemesis","floor":48,"turns":5},{"damage":12,"enemies":"Donu and Deca","floor":50,"turns":4},{"damage":36,"enemies":"Shield and Spear","floor":54,"turns":4},{"damage":125,"enemies":"The Heart","floor":55,"turns":6}],"seed_played":"5489331724963347336","potions_obtained":[{"floor":2.0,"key":"Fire Potion"},{"floor":10.0,"key":"EntropicBrew"},{"floor":12.0,"key":"champ:CounterPotion"},{"floor":21,"key":"ShroomBrew"},{"floor":30,"key":"EntropicBrew"},{"floor":33,"key":"Fire Potion"},{"floor":42,"key":"Fire Potion"}],"is_trial":false,"path_per_floor":["M","M","$","M","?","E","?","$","T","M","R","M","E","$","R","B",null,"M","$","?","M","?","R","M","R","T","R","M","?","E","?","R","B",null,"M","?","$","M","M","R","E","M","T","?","$","M","R","E","R","B",null,"R","$","E","B"],"character_chosen":"MARISA","items_purchased":["Acceleration","Orrery","AmplifyWand","AlicesGift","Swift Potion"],"campfire_rested":2,"item_purchase_floors":[3,19,37,45,53],"current_hp_per_floor":[73,71,71,68,68,54,54,54,61,56,56,46,41,41,41,21,82,74,74,58,47,47,47,25,25,25,64,64,64,54,18,58,26,86,88,88,88,86,81,81,82,82,82,70,70,51,51,43,43,31,94,94,94,74,0,0],"gold":118,"neow_bonus":"RANDOM_COMMON_RELIC","is_daily":false,"chose_seed":false,"campfire_upgraded":7,"win_rate":0.0,"timestamp":1611588383,"path_taken":["M","M","$","M","?","E","?","?","T","M","R","M","E","$","R","BOSS","M","$","?","M","?","R","M","R","T","R","M","?","E","?","R","BOSS","M","?","$","M","M","R","E","M","T","?","$","M","R","E","R","BOSS","R","$","E","BOSS"],"items_purchased_type":["Card","Relic","Relic","Card","Potion"],"build_version":"2020-12-22","purchased_purges":3,"victory":false,"max_hp_per_floor":[75,75,75,75,75,75,75,75,82,82,82,82,82,82,82,82,82,82,82,82,82,82,82,82,82,82,82,82,82,84,86,86,86,86,88,88,88,88,88,88,90,92,92,92,92,94,94,94,94,94,94,94,94,110,110,110],"card_choices":[{"not_picked":["MilkyWay","EarthLightRay"],"picked":"6A","floor":1.0},{"not_picked":["ShootingEcho","GrandCross"],"picked":"OortCloud","floor":2.0},{"not_picked":["AsteroidBelt","MilkyWay"],"picked":"Orbital","floor":4.0},{"not_picked":["OneTimeOff","Occultation","MilkyWay"],"picked":"SKIP","floor":6.0},{"not_picked":["MilkyWay","EventHorizon"],"picked":"GrandCross","floor":10.0},{"not_picked":["PowerUp","UnstableBomb"],"picked":"GrandCross","floor":12.0},{"not_picked":["DoubleSpark","BlazingStar"],"picked":"PulseMagic","floor":13.0},{"not_picked":["TreasureHunter","UltimateShortwave"],"picked":"BinaryStars","floor":16.0},{"not_picked":["NonDirectionalLaser","GravityBeat"],"picked":"DragonMeteor","floor":18.0},{"not_picked":["6A","MeteoricShower"],"picked":"Singularity+1","floor":19},{"not_picked":["LuminesStrike","StarDustReverie"],"picked":"MilkyWay+1","floor":19},{"not_picked":["6A","UnstableBomb"],"picked":"IllusionStar+1","floor":19},{"not_picked":["LuminesStrike","6A"],"picked":"DarkSpark","floor":19},{"not_picked":["NonDirectionalLaser","DC"],"picked":"MeteoricShower","floor":19},{"not_picked":["Robbery","WitchLeyline"],"picked":"ManaConvection+1","floor":21},{"not_picked":["MagicChant","AlicesGift+1"],"picked":"MillisecondPulsars","floor":24},{"not_picked":["Orbital","SporeBomb"],"picked":"MagicChant","floor":28},{"not_picked":["MeteoricShower","PropBag","GalacticHalo"],"picked":"Singing Bowl","floor":30},{"not_picked":["6A","DC","NonDirectionalLaser"],"picked":"Singing Bowl","floor":31},{"not_picked":["SuperNova","StarDustReverie"],"picked":"CasketOfStar","floor":33},{"not_picked":["ChargingUp","EventHorizon","WitchOfGreed+1"],"picked":"Singing Bowl","floor":35},{"not_picked":["Impatience","Panacea"],"picked":"Metamorphosis","floor":36},{"not_picked":["SporeBomb+1","ShootingEcho"],"picked":"SuperPerseids","floor":38},{"not_picked":["OrrerysSun","PowerUp"],"picked":"GrandCross+1","floor":39},{"not_picked":["WitchOfGreed+1","PowerUp","ChargingUp+1"],"picked":"Singing Bowl","floor":41},{"not_picked":["NonDirectionalLaser+1","ChargeUpSpray","6A+1"],"picked":"Singing Bowl","floor":42},{"not_picked":["OortCloud+1","UltimateShortwave","LuminesStrike"],"picked":"Singing Bowl","floor":46},{"not_picked":["RefractionSpark+1","EnergyRecoil+1"],"picked":"ShootTheMoon+1","floor":48},{"not_picked":["MeteoricShower+1","MysteriousBeam","GalacticHalo"],"picked":"Singing Bowl","floor":54}],"player_experience":227396,"relics_obtained":[{"floor":6.0,"key":"Kunai"},{"floor":9.0,"key":"Strawberry"},{"floor":13.0,"key":"Omamori"},{"floor":20,"key":"Necronomicon"},{"floor":26,"key":"Singing Bowl"},{"floor":30,"key":"HornCleat"},{"floor":31,"key":"Ginger"},{"floor":31,"key":"Matryoshka"},{"floor":41,"key":"ScarletDevilRocket"},{"floor":43,"key":"Letter Opener"},{"floor":48,"key":"MawBank"},{"floor":54,"key":"Mango"}],"event_choices":[{"damage_healed":0.0,"max_hp_gain":0.0,"max_hp_loss":0.0,"gold_gain":0.0,"cards_transformed":["Defend_MRS"],"event_name":"Living Wall","player_choice":"Change","floor":5.0,"gold_loss":0.0,"damage_taken":0.0,"cards_obtained":["Singularity"]},{"cards_removed":["Strike_MRS"],"damage_healed":0.0,"max_hp_gain":0.0,"max_hp_loss":0.0,"gold_gain":0.0,"event_name":"The Cleric","player_choice":"Card Removal","floor":7.0,"gold_loss":50.0,"damage_taken":0.0},{"damage_healed":0,"gold_gain":0,"player_choice":"Obtained Book","damage_taken":16,"max_hp_gain":0,"max_hp_loss":0,"event_name":"Cursed Tome","floor":20,"gold_loss":0},{"damage_healed":0,"gold_gain":0,"player_choice":"Opened","damage_taken":0,"relics_obtained":["Incense Burner"],"max_hp_gain":0,"max_hp_loss":0,"event_name":"The Mausoleum","floor":22,"gold_loss":0,"cards_obtained":["Writhe"]},{"damage_healed":0,"gold_gain":99,"player_choice":"Stole From Cult","damage_taken":0,"max_hp_gain":0,"max_hp_loss":0,"event_name":"Nest","floor":29,"gold_loss":0},{"damage_healed":0,"gold_gain":0,"player_choice":"Fight","damage_taken":0,"max_hp_gain":0,"max_hp_loss":0,"event_name":"Colosseum","floor":31,"gold_loss":0},{"damage_healed":0,"gold_gain":0,"player_choice":"Fought Nobs","damage_taken":0,"max_hp_gain":0,"max_hp_loss":0,"event_name":"Colosseum","floor":31,"gold_loss":0},{"damage_healed":0,"gold_gain":0,"player_choice":"Memory 1","damage_taken":0,"max_hp_gain":0,"max_hp_loss":0,"event_name":"SensoryStone","floor":36,"gold_loss":0},{"damage_healed":0,"gold_gain":0,"player_choice":"Embrace Madness","damage_taken":12,"max_hp_gain":0,"max_hp_loss":0,"event_name":"Winding Halls","floor":44,"gold_loss":0,"cards_obtained":["Madness","Madness"]}],"is_beta":false,"boss_relics":[{"not_picked":["Sozu","bronze:MakeshiftBattery"],"picked":"Pandora\u0027s Box"},{"not_picked":["BewitchedHakkero","Snecko Eye"],"picked":"Astrolabe"}],"items_purged_floors":[3,37,45],"is_endless":false,"potions_floor_spawned":[2,10,12,21,30,33,39,42,46,48],"killed_by":"The Heart","ascension_level":2}}