{"host":"2pqii8qptv2rr269","time":1611589216,"event":{"mods":["2.2 Compatiblity","BaseMod","Better Note","HololiveMod","KinomotoSakuraMod(木之本樱)","Minty Spire (QoL Compilation)","Permanent Neow","Prisma Mod","Quick Restart","StSLib","The Cursed","Voiceroid Mod"],"gold_per_floor":[114,114,64,64,79,109,109,109,134,134,149,149,164,179,179,179,179],"floor_reached":16,"language":"JPN","playtime":979,"items_purged":[],"score":100,"play_id":"ceb2dcd7-b989-4c2b-8879-e93d7640c870","local_time":"20210126004016","daily_mods":["Chimera","Colorless Cards","Lethality"],"is_ascension_mode":false,"campfire_choices":[{"floor":8,"key":"REST"},{"data":"TheCursedMod:CursedSpellbook","floor":10,"key":"SMITH"},{"data":"TheCursedMod:SmokeScreen","floor":12,"key":"SMITH"},{"floor":15,"key":"REST"}],"circlet_count":0,"master_deck":["Bash","Survivor","Zap+1","Strike_R","Strike_G+1","Strike_B","Defend_R","Defend_G","Defend_P","Finesse+1","TheCursedMod:WearCloak","TheCursedMod:CursedSpellbook+1","TheCursedMod:SmokeScreen+1","TheCursedMod:Grudge","Forethought"],"relics":["TheCursedMod:BlackMagic101","Darkstone Periapt","Orichalcum"],"acts_visited":["Exordium"],"potions_floor_usage":[14,16,16],"damage_taken":[{"damage":0,"enemies":"Cultist","floor":1,"turns":2},{"damage":12,"enemies":"2 Louse","floor":5,"turns":3},{"damage":26,"enemies":"Gremlin Nob","floor":6,"turns":4},{"damage":2,"enemies":"Small Slimes","floor":11,"turns":2},{"damage":19,"enemies":"Exordium Thugs","floor":13,"turns":6},{"damage":14,"enemies":"Exordium Wildlife","floor":14,"turns":4},{"damage":43,"enemies":"Slime Boss","floor":16,"turns":10}],"seed_played":"7295166269203286773","potions_obtained":[{"floor":1,"key":"Weak Potion"},{"floor":6,"key":"DuplicationPotion"},{"floor":13,"key":"Block Potion"},{"floor":14,"key":"AttackPotion"}],"is_trial":false,"path_per_floor":["M","?","?","?","M","E","?","R","T","R","M","R","M","M","R","B"],"character_chosen":"THE_CURSED","items_purchased":[],"campfire_rested":2,"item_purchase_floors":[],"current_hp_per_floor":[75,80,80,64,52,26,26,50,50,50,48,48,29,15,39,0,0],"gold":179,"neow_bonus":"","is_daily":true,"chose_seed":false,"campfire_upgraded":2,"win_rate":0.0,"timestamp":1611589216,"path_taken":["M","?","?","?","M","E","?","R","T","R","?","R","M","M","R","BOSS"],"items_purchased_type":[],"build_version":"2020-12-22","purchased_purges":0,"victory":false,"max_hp_per_floor":[75,80,80,80,80,80,80,80,80,80,80,80,80,80,80,80,80],"card_choices":[{"not_picked":["Bandage Up","FullSwing_MK"],"picked":"Finesse","floor":1},{"not_picked":["TheCursedMod:LuckyCharm","TheCursedMod:BloodBarrier"],"picked":"TheCursedMod:WearCloak","floor":5},{"not_picked":["TheCursedMod:DoubleShield","TheCursedMod:RavingStaff"],"picked":"TheCursedMod:CursedSpellbook","floor":6},{"not_picked":["TheCursedMod:TacticalStrike","TheCursedMod:Torture"],"picked":"TheCursedMod:SmokeScreen","floor":11},{"not_picked":["TheCursedMod:Torture","Trip"],"picked":"TheCursedMod:Grudge","floor":13},{"not_picked":["FullSwing_MK","VoiceroidParty_AKR"],"picked":"Forethought","floor":14}],"player_experience":92514,"relics_obtained":[{"floor":6,"key":"Darkstone Periapt"},{"floor":9,"key":"Orichalcum"}],"event_choices":[{"damage_healed":0,"gold_gain":0,"player_choice":"Donut","damage_taken":0,"max_hp_gain":5,"max_hp_loss":0,"event_name":"Big Fish","floor":2,"gold_loss":0},{"cards_removed":["Eruption"],"damage_healed":0,"gold_gain":0,"player_choice":"Card Removal","damage_taken":0,"max_hp_gain":0,"max_hp_loss":0,"event_name":"The Cleric","floor":3,"gold_loss":50},{"damage_healed":0,"gold_gain":0,"player_choice":"Entered Light","damage_taken":16,"max_hp_gain":0,"max_hp_loss":0,"event_name":"Shining Light","floor":4,"gold_loss":0,"cards_upgraded":["Strike_G","Finesse"]},{"damage_healed":0,"gold_gain":0,"player_choice":"Upgraded","damage_taken":0,"max_hp_gain":0,"max_hp_loss":0,"event_name":"Upgrade Shrine","floor":7,"gold_loss":0,"cards_upgraded":["Zap"]}],"is_beta":false,"boss_relics":[],"items_purged_floors":[],"is_endless":false,"potions_floor_spawned":[1,6,13,14],"killed_by":"Slime Boss","ascension_level":0}}