{"host":"zj59u6rib3fz4c79","time":1611580687,"event":{"mods":["AchievementEnabler","BaseMod","Bestiary","Colored Map","Colored Powertips","Highlight Path","Minty Spire (QoL Compilation)","StSLib"],"gold_per_floor":[119,119,132,147,147,181,181,209,235,246,262,272,292,302,302,398,398,416,416,178,193,292,292,292,312,336,336,336,336,336,356,356,356,356],"floor_reached":33,"language":"ENG","playtime":1817,"items_purged":["Strike_R"],"score":285,"play_id":"69588a9b-f970-4a1b-afda-c27de16f3a5f","local_time":"20210125071807","is_ascension_mode":true,"campfire_choices":[{"data":"Body Slam","floor":7,"key":"SMITH"},{"data":"Armaments","floor":15,"key":"SMITH"},{"data":"Juggernaut","floor":23,"key":"SMITH"},{"floor":28,"key":"REST"},{"data":"Armaments","floor":30,"key":"SMITH"},{"floor":32,"key":"RECALL"}],"circlet_count":0,"master_deck":["Strike_R+1","Strike_R+1","Strike_R+1","Defend_R+1","Defend_R+1","Defend_R+1","Defend_R+1","Bash","Body Slam+1","Cleave","Armaments+1","Armaments+1","Juggernaut+1","Body Slam"],"relics":["Black Blood","NeowsBlessing","Red Skull","Vajra","Lantern","Question Card"],"acts_visited":["Exordium","TheCity"],"potions_floor_usage":[6,6,16,21,25],"damage_taken":[{"damage":0,"enemies":"2 Louse","floor":1,"turns":1},{"damage":0,"enemies":"Cultist","floor":3,"turns":1},{"damage":0,"enemies":"Jaw Worm","floor":4,"turns":1},{"damage":37,"enemies":"Lagavulin","floor":6,"turns":8},{"damage":38,"enemies":"3 Sentries","floor":8,"turns":10},{"damage":0,"enemies":"2 Fungi Beasts","floor":10,"turns":2},{"damage":6,"enemies":"Looter","floor":11,"turns":2},{"damage":0,"enemies":"3 Louse","floor":12,"turns":1},{"damage":15,"enemies":"2 Fungi Beasts","floor":13,"turns":3},{"damage":0,"enemies":"Large Slime","floor":14,"turns":4},{"damage":26,"enemies":"The Guardian","floor":16,"turns":11},{"damage":12,"enemies":"3 Byrds","floor":18,"turns":6},{"damage":19,"enemies":"Spheric Guardian","floor":21,"turns":5},{"damage":35,"enemies":"3 Cultists","floor":25,"turns":6},{"damage":5,"enemies":"Snecko","floor":31,"turns":4},{"damage":73,"enemies":"Champ","floor":33,"turns":11}],"seed_played":"2251394329109040403","potions_obtained":[{"floor":3,"key":"Block Potion"},{"floor":4,"key":"Explosive Potion"},{"floor":8,"key":"GamblersBrew"},{"floor":13,"key":"ColorlessPotion"},{"floor":21,"key":"Energy Potion"}],"is_trial":false,"path_per_floor":["M","?","M","M","?","E","R","E","T","M","M","M","M","M","R","B",null,"M","?","$","M","?","R","?","M","T","T","R","?","R","M","R","B"],"character_chosen":"IRONCLAD","items_purchased":["Juggernaut"],"campfire_rested":1,"item_purchase_floors":[20],"current_hp_per_floor":[80,80,80,80,85,54,54,22,22,28,28,34,25,31,31,11,85,85,69,69,62,62,62,62,39,39,39,66,66,66,73,73,0,0],"gold":356,"neow_bonus":"THREE_ENEMY_KILL","is_daily":false,"chose_seed":false,"campfire_upgraded":4,"win_rate":0.0,"timestamp":1611580687,"path_taken":["M","?","?","M","?","E","R","E","T","M","M","M","M","M","R","BOSS","M","?","$","M","?","R","?","M","T","?","R","?","R","M","R","BOSS"],"items_purchased_type":["Card"],"build_version":"2020-12-22","purchased_purges":1,"victory":false,"max_hp_per_floor":[80,80,80,80,85,85,85,85,85,85,85,85,85,85,85,85,85,85,90,90,90,90,90,90,90,90,90,90,90,90,90,90,90,90],"card_choices":[{"not_picked":["Infernal Blade","Wild Strike"],"picked":"Body Slam","floor":1},{"not_picked":["Power Through","Bloodletting","Clothesline"],"picked":"SKIP","floor":3},{"not_picked":["Reckless Charge","Impervious"],"picked":"Cleave","floor":4},{"not_picked":["Seeing Red","Clothesline","Heavy Blade"],"picked":"SKIP","floor":6},{"not_picked":["Body Slam","Clash","Fiend Fire"],"picked":"SKIP","floor":8},{"not_picked":["Dual Wield","Body Slam"],"picked":"Armaments","floor":10},{"not_picked":["Evolve","Power Through","Iron Wave"],"picked":"SKIP","floor":11},{"not_picked":["Dual Wield","Infernal Blade","Flex"],"picked":"SKIP","floor":12},{"not_picked":["True Grit","Uppercut","Wild Strike"],"picked":"SKIP","floor":13},{"not_picked":["Feed","True Grit","Flex"],"picked":"SKIP","floor":14},{"not_picked":["True Grit","Inflame"],"picked":"Armaments","floor":18},{"not_picked":["Power Through","Warcry","Second Wind"],"picked":"SKIP","floor":21},{"not_picked":["Inflame","Clothesline"],"picked":"Body Slam","floor":25},{"not_picked":["Feel No Pain+1","Pummel","Body Slam+1","Wild Strike+1"],"picked":"SKIP","floor":31}],"player_experience":66788,"relics_obtained":[{"floor":6,"key":"Red Skull"},{"floor":8,"key":"Vajra"},{"floor":26,"key":"Lantern"},{"floor":27,"key":"Question Card"}],"event_choices":[{"cards_removed":["Strike_R"],"damage_healed":0,"gold_gain":0,"player_choice":"Purged","damage_taken":0,"max_hp_gain":0,"max_hp_loss":0,"event_name":"Purifier","floor":2,"gold_loss":0},{"damage_healed":0,"gold_gain":0,"player_choice":"Donut","damage_taken":0,"max_hp_gain":5,"max_hp_loss":0,"event_name":"Big Fish","floor":5,"gold_loss":0},{"damage_healed":0,"gold_gain":0,"player_choice":"Shed Blood","damage_taken":21,"max_hp_gain":5,"max_hp_loss":0,"event_name":"Forgotten Altar","floor":19,"gold_loss":0},{"damage_healed":0,"gold_gain":99,"player_choice":"Stole From Cult","damage_taken":0,"max_hp_gain":0,"max_hp_loss":0,"event_name":"Nest","floor":22,"gold_loss":0},{"damage_healed":0,"gold_gain":0,"player_choice":"Simplicity","damage_taken":0,"max_hp_gain":0,"max_hp_loss":0,"event_name":"Back to Basics","floor":24,"gold_loss":0,"cards_upgraded":["Strike_R","Strike_R","Strike_R","Defend_R","Defend_R","Defend_R","Defend_R"]},{"damage_healed":0,"gold_gain":0,"player_choice":"Ignored","damage_taken":0,"max_hp_gain":0,"max_hp_loss":0,"event_name":"Cursed Tome","floor":29,"gold_loss":0}],"is_beta":false,"boss_relics":[{"not_picked":["Mark of Pain","Fusion Hammer"],"picked":"Black Blood"}],"items_purged_floors":[20],"is_endless":false,"potions_floor_spawned":[3,4,8,13,21],"killed_by":"Champ","ascension_level":2}}