{"host":"hwrdjx5eod2cxh09","time":1611571544,"event":{"mods":["AchievementEnabler","BaseMod","Bestiary","Minty Spire (QoL Compilation)","Relic Stats"],"gold_per_floor":[109,126,139,89,264,298,316,316,340,216,216,226,81,93,93,189,189,207,207,122,148,48,48,68,68,68],"floor_reached":25,"language":"ENG","playtime":894,"items_purged":["Doubt","Strike_R"],"score":203,"play_id":"86b0c313-169f-49c8-b46d-efa087ba8537","local_time":"20210125194544","is_ascension_mode":false,"campfire_choices":[{"data":"Armaments","floor":8,"key":"SMITH"},{"data":"Cleave","floor":11,"key":"SMITH"},{"data":"Iron Wave","floor":15,"key":"SMITH"},{"data":"Sword Boomerang","floor":23,"key":"SMITH"}],"circlet_count":0,"master_deck":["Strike_R","Strike_R","Strike_R","Defend_R","Defend_R","Defend_R","Defend_R","Bash","Cleave+1","Clothesline","Armaments+1","Iron Wave+1","Twin Strike","Shrug It Off","Sword Boomerang+1","Shrug It Off"],"relics":["Burning Blood","Prayer Wheel","Vajra","Dream Catcher","Medical Kit","Snecko Eye","CeramicFish"],"acts_visited":["Exordium","TheCity"],"potions_floor_usage":[6,16],"damage_taken":[{"damage":7,"enemies":"2 Louse","floor":1,"turns":3},{"damage":5,"enemies":"Small Slimes","floor":2,"turns":3},{"damage":3,"enemies":"Jaw Worm","floor":3,"turns":3},{"damage":23,"enemies":"3 Sentries","floor":6,"turns":8},{"damage":3,"enemies":"Exordium Wildlife","floor":7,"turns":4},{"damage":0,"enemies":"3 Louse","floor":12,"turns":1},{"damage":2,"enemies":"Blue Slaver","floor":14,"turns":4},{"damage":43,"enemies":"The Guardian","floor":16,"turns":13},{"damage":14,"enemies":"Spheric Guardian","floor":18,"turns":4},{"damage":5,"enemies":"Shell Parasite","floor":21,"turns":6},{"damage":4,"enemies":"Centurion and Healer","floor":24,"turns":6},{"damage":44,"enemies":"Gremlin Leader","floor":25,"turns":6}],"seed_played":"-3249535330414578099","potions_obtained":[{"floor":1,"key":"Strength Potion"},{"floor":2,"key":"SpeedPotion"},{"floor":7,"key":"Energy Potion"},{"floor":12,"key":"SpeedPotion"},{"floor":18,"key":"BlessingOfTheForge"},{"floor":21,"key":"Regen Potion"},{"floor":24,"key":"HeartOfIron"}],"is_trial":false,"path_per_floor":["M","M","M","?","?","E","M","R","T","$","R","M","$","M","R","B",null,"M","?","?","M","$","R","M","E"],"character_chosen":"IRONCLAD","items_purchased":["Strength Potion","Medical Kit"],"campfire_rested":0,"item_purchase_floors":[10,13],"current_hp_per_floor":[71,72,72,72,72,55,58,58,58,58,58,64,64,68,68,31,72,64,64,64,65,65,65,67,23,23],"gold":68,"neow_bonus":"ONE_RARE_RELIC","is_daily":false,"chose_seed":false,"campfire_upgraded":4,"win_rate":0.0,"timestamp":1611571544,"path_taken":["M","M","M","?","?","E","M","R","T","?","R","M","$","M","R","BOSS","M","?","?","M","$","R","M","E"],"items_purchased_type":["Potion","Relic"],"build_version":"2020-12-22","purchased_purges":2,"victory":false,"max_hp_per_floor":[72,72,72,72,72,72,72,72,72,72,72,72,72,72,72,72,72,72,72,72,72,72,72,72,72,72],"relic_stats":{"Dream Catcher":0,"counters":[12,61],"CeramicFish":18,"Snecko Eye":[32,40,42,44],"Prayer Wheel":9,"Medical Kit":[0],"obtain_stats":[{"Dream Catcher":9,"CeramicFish":20,"Vajra":6,"Snecko Eye":17,"Prayer Wheel":0,"Medical Kit":13,"Burning Blood":0},{"Dream Catcher":5,"CeramicFish":9,"Vajra":4,"Snecko Eye":8,"Prayer Wheel":0,"Medical Kit":6,"Burning Blood":0},{"Dream Catcher":21,"CeramicFish":43,"Vajra":17,"Snecko Eye":39,"Prayer Wheel":0,"Medical Kit":22,"Burning Blood":0}],"Burning Blood":63},"card_choices":[{"not_picked":["Second Wind","Blood for Blood"],"picked":"Cleave","floor":1},{"not_picked":["Flex","Combust","Entrench"],"picked":"SKIP","floor":1},{"not_picked":["Iron Wave","Sentinel"],"picked":"Clothesline","floor":2},{"not_picked":["Body Slam","Inflame"],"picked":"Armaments","floor":2},{"not_picked":["Blood for Blood","Battle Trance","Havoc"],"picked":"SKIP","floor":3},{"not_picked":["Sword Boomerang","Body Slam","Whirlwind"],"picked":"SKIP","floor":3},{"not_picked":["Berserk","Second Wind"],"picked":"Iron Wave","floor":6},{"not_picked":["Armaments","Uppercut"],"picked":"Twin Strike","floor":7},{"not_picked":["Sword Boomerang","Heavy Blade","Reckless Charge"],"picked":"SKIP","floor":7},{"not_picked":["Sword Boomerang","Heavy Blade","Reckless Charge"],"picked":"SKIP","floor":7},{"not_picked":["Havoc","Armaments","Blood for Blood"],"picked":"SKIP","floor":12},{"not_picked":["Clothesline","Seeing Red","Whirlwind"],"picked":"SKIP","floor":12},{"not_picked":["Uppercut","Searing Blow","Rage"],"picked":"SKIP","floor":14},{"not_picked":["Dropkick","Body Slam","Sever Soul"],"picked":"SKIP","floor":14},{"not_picked":["Clash+1","Entrench","Feel No Pain"],"picked":"SKIP","floor":18},{"not_picked":["Cleave","Armaments+1","Reckless Charge+1"],"picked":"SKIP","floor":18},{"not_picked":["Headbutt","Warcry"],"picked":"Sword Boomerang","floor":21},{"not_picked":["Demon Form","Thunderclap","Whirlwind"],"picked":"SKIP","floor":21},{"not_picked":["Havoc","Armaments+1"],"picked":"Shrug It Off","floor":24},{"not_picked":["Dual Wield","Bloodletting+1","Twin Strike"],"picked":"SKIP","floor":24}],"player_experience":294580,"relics_obtained":[{"floor":6,"key":"Vajra"},{"floor":9,"key":"Dream Catcher"}],"event_choices":[{"cards_removed":["Strike_R"],"damage_healed":0,"gold_gain":0,"player_choice":"Card Removal","damage_taken":0,"max_hp_gain":0,"max_hp_loss":0,"event_name":"The Cleric","floor":4,"gold_loss":50},{"damage_healed":0,"gold_gain":175,"player_choice":"AGREE","damage_taken":0,"max_hp_gain":0,"max_hp_loss":0,"event_name":"Liars Game","floor":5,"gold_loss":0,"cards_obtained":["Doubt"]},{"damage_healed":0,"gold_gain":0,"player_choice":"Read","damage_taken":0,"max_hp_gain":0,"max_hp_loss":0,"event_name":"The Library","floor":19,"gold_loss":0,"cards_obtained":["Shrug It Off"]},{"damage_healed":0,"gold_gain":0,"player_choice":"Obtained Relic","damage_taken":0,"relics_obtained":["CeramicFish"],"max_hp_gain":0,"max_hp_loss":0,"event_name":"Addict","floor":20,"gold_loss":85}],"is_beta":false,"boss_relics":[{"not_picked":["Empty Cage","Astrolabe"],"picked":"Snecko Eye"}],"items_purged_floors":[10,22],"is_endless":false,"potions_floor_spawned":[1,2,7,12,18,21,24],"killed_by":"Gremlin Leader","ascension_level":0}}