{"host":"iph0xvuia0glosgr","time":1611604967,"event":{"mods":["AchievementEnabler","BaseMod","Minty Spire (QoL Compilation)"],"gold_per_floor":[114,133,133,133,150,150,176,189,239,274,292,292,292,308,308,408,408,418,94,121,140,150,150,161,161,161,171,185,185,201,233,233,336,336,356,356,356,32,46,46,46,46],"floor_reached":41,"language":"ENG","playtime":2709,"items_purged":[],"score":475,"play_id":"c70b9da4-29d1-486f-ba99-cb0726ae2b04","local_time":"20210125200247","is_ascension_mode":false,"campfire_choices":[{"floor":6,"key":"RECALL"},{"floor":12,"key":"REST"},{"data":"Bash","floor":15,"key":"SMITH"},{"data":"Searing Blow+1","floor":23,"key":"SMITH"},{"data":"Searing Blow+2","floor":25,"key":"SMITH"},{"floor":32,"key":"REST"},{"floor":40,"key":"REST"}],"circlet_count":0,"master_deck":["Strike_R","Strike_R","Strike_R","Strike_R","Strike_R","Defend_R","Defend_R","Defend_R","Defend_R","Bash+1","Clothesline","Clothesline","Perfected Strike+1","Flame Barrier","Ghostly Armor","Pommel Strike","Anger","Pommel Strike","Clash","Offering","Flex","Clothesline","Violence","Searing Blow+3","Sentinel","Headbutt+1","Inflame+1","Armaments","Heavy Blade+1","Feed+1","Clothesline+1","Twin Strike+1","Apotheosis","Flex","Clothesline+1"],"relics":["Black Blood","Ornamental Fan","Akabeko","Busted Crown","Pen Nib","Molten Egg 2","Tiny Chest"],"acts_visited":["Exordium","TheCity","TheBeyond"],"potions_floor_usage":[10,16,16,16,22,31,31,31,31,33,33,33,39],"damage_taken":[{"damage":5,"enemies":"2 Louse","floor":1,"turns":3},{"damage":12,"enemies":"Small Slimes","floor":2,"turns":4},{"damage":4,"enemies":"Cultist","floor":5,"turns":3},{"damage":20,"enemies":"Gremlin Nob","floor":7,"turns":4},{"damage":7,"enemies":"Exordium Wildlife","floor":8,"turns":5},{"damage":18,"enemies":"Lagavulin","floor":10,"turns":6},{"damage":14,"enemies":"Lots of Slimes","floor":11,"turns":5},{"damage":1,"enemies":"3 Louse","floor":14,"turns":3},{"damage":43,"enemies":"Slime Boss","floor":16,"turns":11},{"damage":6,"enemies":"Spheric Guardian","floor":18,"turns":1},{"damage":0,"enemies":"Shell Parasite","floor":21,"turns":2},{"damage":0,"enemies":"Snake Plant","floor":22,"turns":2},{"damage":7,"enemies":"Snecko","floor":24,"turns":4},{"damage":11,"enemies":"3 Cultists","floor":27,"turns":4},{"damage":14,"enemies":"Centurion and Healer","floor":28,"turns":2},{"damage":15,"enemies":"Cultist and Chosen","floor":30,"turns":4},{"damage":34,"enemies":"Slavers","floor":31,"turns":4},{"damage":17,"enemies":"Champ","floor":33,"turns":8},{"damage":12,"enemies":"Orb Walker","floor":35,"turns":2},{"damage":30,"enemies":"3 Darklings","floor":39,"turns":6},{"damage":82,"enemies":"Reptomancer","floor":41,"turns":5}],"seed_played":"-946821382415648397","potions_obtained":[{"floor":2,"key":"ElixirPotion"},{"floor":8,"key":"Strength Potion"},{"floor":13,"key":"Block Potion"},{"floor":13,"key":"GamblersBrew"},{"floor":13,"key":"AttackPotion"},{"floor":16,"key":"BlessingOfTheForge"},{"floor":22,"key":"EntropicBrew"},{"floor":31,"key":"BlessingOfTheForge"},{"floor":39,"key":"CultistPotion"}],"is_trial":false,"path_per_floor":["M","M","?","?","M","R","E","M","T","E","M","R","?","M","R","B",null,"M","$","T","M","M","R","M","R","T","M","M","?","M","E","R","B",null,"M","?","?","$","M","R","E"],"character_chosen":"IRONCLAD","items_purchased":["Clothesline","Violence","Explosive Potion","FearPotion","Twin Strike+1","Apotheosis","Flex","SteroidPotion"],"campfire_rested":3,"item_purchase_floors":[19,19,19,19,38,38,38,38],"current_hp_per_floor":[80,74,74,74,76,76,62,61,61,49,41,65,65,70,70,33,80,80,80,80,80,80,80,79,79,79,74,66,66,57,29,53,42,80,80,80,80,80,62,80,0,0],"gold":46,"neow_bonus":"THREE_CARDS","is_daily":false,"chose_seed":false,"campfire_upgraded":3,"win_rate":0.0,"timestamp":1611604967,"path_taken":["M","M","?","?","?","R","E","M","T","E","M","R","?","M","R","BOSS","M","$","?","M","M","R","M","R","T","M","M","?","M","E","R","BOSS","M","?","?","$","M","R","E"],"items_purchased_type":["Card","Card","Potion","Potion","Card","Card","Card","Potion"],"build_version":"2020-12-22","purchased_purges":0,"victory":false,"max_hp_per_floor":[80,80,80,80,80,80,80,80,80,80,80,80,80,80,80,80,80,80,80,80,80,80,80,80,80,80,80,80,80,80,80,80,80,80,80,80,80,80,80,80,80,80],"card_choices":[{"not_picked":["Headbutt","Heavy Blade"],"picked":"Clothesline","floor":0},{"not_picked":["Clash","Pommel Strike"],"picked":"Clothesline","floor":1},{"not_picked":["Dark Embrace","Blood for Blood"],"picked":"Perfected Strike","floor":2},{"not_picked":["Wild Strike","Havoc"],"picked":"Flame Barrier","floor":5},{"not_picked":["Havoc","True Grit"],"picked":"Ghostly Armor","floor":7},{"not_picked":["Thunderclap","Ghostly Armor"],"picked":"Pommel Strike","floor":8},{"not_picked":["Heavy Blade","Sever Soul"],"picked":"Anger","floor":10},{"not_picked":["True Grit","Body Slam"],"picked":"Pommel Strike","floor":11},{"not_picked":["Havoc","Fiend Fire"],"picked":"Clash","floor":14},{"not_picked":["Fiend Fire","Berserk"],"picked":"Offering","floor":16},{"not_picked":[],"picked":"Flex","floor":18},{"not_picked":[],"picked":"Searing Blow+1","floor":21},{"not_picked":[],"picked":"Hemokinesis","floor":22},{"not_picked":[],"picked":"Sentinel","floor":24},{"not_picked":[],"picked":"Headbutt+1","floor":27},{"not_picked":[],"picked":"Inflame+1","floor":28},{"not_picked":[],"picked":"Armaments","floor":30},{"not_picked":[],"picked":"Heavy Blade+1","floor":31},{"not_picked":[],"picked":"Feed+1","floor":33},{"not_picked":[],"picked":"Clothesline+1","floor":35},{"not_picked":[],"picked":"Clothesline+1","floor":39}],"player_experience":255739,"relics_obtained":[{"floor":7,"key":"Ornamental Fan"},{"floor":10,"key":"Akabeko"},{"floor":20,"key":"Pen Nib"},{"floor":26,"key":"Molten Egg 2"},{"floor":31,"key":"Tiny Chest"}],"event_choices":[{"damage_healed":0,"gold_gain":0,"player_choice":"Leave","damage_taken":0,"max_hp_gain":0,"max_hp_loss":0,"event_name":"The Cleric","floor":3,"gold_loss":0},{"damage_healed":0,"gold_gain":0,"player_choice":"Upgraded","damage_taken":0,"max_hp_gain":0,"max_hp_loss":0,"event_name":"Upgrade Shrine","floor":4,"gold_loss":0,"cards_upgraded":["Perfected Strike"]},{"damage_healed":0,"gold_gain":0,"player_choice":"Got Potions","damage_taken":0,"max_hp_gain":0,"max_hp_loss":0,"event_name":"Lab","floor":13,"gold_loss":0},{"cards_removed":["Hemokinesis"],"damage_healed":0,"gold_gain":0,"player_choice":"Purged","damage_taken":0,"max_hp_gain":0,"max_hp_loss":0,"event_name":"Purifier","floor":29,"gold_loss":0},{"damage_healed":0,"gold_gain":0,"player_choice":"Memory 1","damage_taken":0,"max_hp_gain":0,"max_hp_loss":0,"event_name":"SensoryStone","floor":36,"gold_loss":0},{"damage_healed":0,"gold_gain":0,"player_choice":"Ignored","damage_taken":0,"max_hp_gain":0,"max_hp_loss":0,"event_name":"Tomb of Lord Red Mask","floor":37,"gold_loss":0}],"is_beta":false,"boss_relics":[{"not_picked":["Empty Cage","Snecko Eye"],"picked":"Busted Crown"},{"not_picked":["Tiny House","Runic Pyramid"],"picked":"Black Blood"}],"items_purged_floors":[],"is_endless":false,"potions_floor_spawned":[2,8,16,22,24,31,39],"killed_by":"Reptomancer","ascension_level":0}}