{"host":"aukiz5jlacd3g5yc","time":1611556259,"event":{"mods":["2.2 Compatiblity","BaseMod","Bestiary","Colored Map","Colored Powertips","Downfall","GifTheSpireLib","Minty Spire (QoL Compilation)","Permanent Neow","Quick Restart","Random Character Button","Rare Cards Sparkle","Relic Sorter","Relic Stats","StSLib","everything is the same but u backflip on backflip","slay the spire mod where everything is the same but ironclad has a cowboy hat"],"gold_per_floor":[99,111,111,127,127,141,166,278,324,352,397,309,339,351,380,392,392,392],"floor_reached":16,"language":"ENG","playtime":745,"items_purged":[],"score":118,"play_id":"c42b9161-d3a7-4ccf-9f0b-01e529e28d1b","local_time":"20210125003059","is_ascension_mode":true,"campfire_choices":[{"floor":1,"key":"RECALL"},{"data":"champ:Taunt","floor":12,"key":"SMITH"}],"circlet_count":0,"master_deck":["champ:Strike","champ:Strike","champ:Strike","champ:Strike","champ:Defend","champ:Defend","champ:Defend","champ:Defend","champ:Execute","champ:Taunt+1","Trip","champ:FocusedDefense","champ:ShieldSigil","Parasite","champ:IgnorePain","champ:FocusedDefense","Regret","downfall:Icky","champ:FlashCut","champ:SetATrap","champ:Parry","champ:ViciousMockery","champ:DefensiveShout"],"relics":["champ:ChampionCrown","downfall:ShatteredFragment","downfall:ExtraCursedKey","MawBank","Guardian:PocketSentry","Torii","downfall:HeartBlessingRed"],"acts_visited":["Exordium"],"potions_floor_usage":[11,16,16],"damage_taken":[{"damage":13,"enemies":"Jaw Worm","floor":2,"turns":3},{"damage":0,"enemies":"Small Slimes","floor":4,"turns":3},{"damage":1,"enemies":"Cultist","floor":6,"turns":3},{"damage":25,"enemies":"Gremlin Nob","floor":9,"turns":4},{"damage":14,"enemies":"Red Slaver","floor":10,"turns":3},{"damage":9,"enemies":"Lagavulin","floor":11,"turns":5},{"damage":7,"enemies":"Exordium Thugs","floor":13,"turns":2},{"damage":0,"enemies":"3 Louse","floor":15,"turns":3},{"damage":57,"enemies":"WA_ARCHETYPE_RETAIN","floor":16,"turns":7}],"seed_played":"8261720931574687113","potions_obtained":[{"floor":2,"key":"SteroidPotion"},{"floor":6,"key":"hexamod:SoulburnPotion"},{"floor":11,"key":"DistilledChaos"}],"is_trial":false,"path_per_floor":["R","M","?","M","?","M","T","?","E","M","E","R","M","?","M","B"],"character_chosen":"THE_CHAMP","items_purchased":[],"campfire_rested":0,"item_purchase_floors":[],"current_hp_per_floor":[90,87,60,60,60,59,59,59,44,40,31,31,24,24,24,0,0,0],"gold":392,"neow_bonus":"RANDOM_COLORLESS","is_daily":false,"chose_seed":false,"campfire_upgraded":1,"win_rate":0.0,"timestamp":1611556259,"path_taken":["R","M","?","M","?","M","T","?","E","M","E","R","?","?","M","BOSS"],"items_purchased_type":[],"build_version":"2020-12-22","purchased_purges":0,"victory":false,"max_hp_per_floor":[90,90,90,90,90,90,90,90,90,90,90,90,90,90,90,90,90,90],"relic_stats":{"Torii":1,"counters":[9,33],"MawBank":108,"obtain_stats":[{"downfall:ShatteredFragment":3,"Torii":11,"downfall:HeartBlessingRed":12,"champ:ChampionCrown":0,"downfall:ExtraCursedKey":5,"Guardian:PocketSentry":9,"MawBank":7},{"downfall:ShatteredFragment":1,"Torii":6,"downfall:HeartBlessingRed":6,"champ:ChampionCrown":0,"downfall:ExtraCursedKey":2,"Guardian:PocketSentry":4,"MawBank":3},{"downfall:ShatteredFragment":3,"Torii":21,"downfall:HeartBlessingRed":21,"champ:ChampionCrown":0,"downfall:ExtraCursedKey":6,"Guardian:PocketSentry":13,"MawBank":9}]},"card_choices":[{"not_picked":["Finesse","Flash of Steel"],"picked":"Trip","floor":0},{"not_picked":["champ:BringItOn","champ:RisingSlash"],"picked":"champ:FocusedDefense","floor":2},{"not_picked":["champ:Circumvent","champ:Haymaker"],"picked":"champ:ShieldSigil","floor":4},{"not_picked":["champ:Haymaker","champ:Encircle"],"picked":"champ:FocusedDefense","floor":6},{"not_picked":["champ:BladeFlurry","champ:PreemptiveStrike"],"picked":"champ:FlashCut","floor":9},{"not_picked":["champ:CrookedStrike","champ:PreciseThrust"],"picked":"champ:SetATrap","floor":10},{"not_picked":["champ:ViciousMockery","champ:EnchantCrown"],"picked":"champ:Parry","floor":11},{"not_picked":["champ:EnragedBash","champ:GutPunch"],"picked":"champ:ViciousMockery","floor":13},{"not_picked":["champ:Parry","champ:CrownThrow"],"picked":"champ:DefensiveShout","floor":15}],"player_experience":355499,"relics_obtained":[{"floor":7,"key":"MawBank"},{"floor":9,"key":"Guardian:PocketSentry"},{"floor":11,"key":"Torii"}],"event_choices":[],"is_beta":false,"boss_relics":[],"items_purged_floors":[],"is_endless":false,"potions_floor_spawned":[2,6,11],"killed_by":"WA_ARCHETYPE_RETAIN","ascension_level":1}}