{"host":"mydft8i2zzydgggw","time":1611539863,"event":{"mods":["AchievementEnabler","BaseMod","BetterRewards","Colored Map","Colored Powertips","DeckTracker","Keyboard Shortcuts","Minty Spire (QoL Compilation)","Rare Cards Sparkle","StSLib","SuperFastMode","everything is the same but u backflip on backflip"],"gold_per_floor":[110,110,185,185,201,201,236,236,236,306,342,64,77,96,96,216,216,230,230,78,97,22,56,56,72,95,141,153,184,217,245,257,400,412,444,519,139,153,28,47,47,47,71,71,110,124,147,187,187,187,187,187,7,42,42,42],"floor_reached":55,"language":"KOR","playtime":1623,"items_purged":["Defend_P","Defend_P","Defend_P"],"score":1185,"play_id":"d83585ed-e864-4ce8-b3ce-e85a48eb8d1f","local_time":"20210125105743","is_ascension_mode":true,"campfire_choices":[{"data":"EmptyBody","floor":6.0,"key":"SMITH"},{"data":"Vigilance","floor":8.0,"key":"SMITH"},{"data":"Tantrum","floor":15.0,"key":"SMITH"},{"floor":24.0,"key":"REST"},{"floor":28.0,"key":"REST"},{"floor":32.0,"key":"REST"},{"floor":41.0,"key":"REST"},{"floor":44.0,"key":"REST"},{"floor":49.0,"key":"RECALL"},{"floor":52,"key":"REST"}],"circlet_count":0,"master_deck":["Strike_P+1","Strike_P+1","Defend_P","Eruption+1","Vigilance+1","EmptyFist+1","EmptyBody+1","FollowUp","Tantrum+1","DeusExMachina","TalkToTheHand","MentalFortress","FearNoEvil","EmptyMind","Wallop","Wallop+1","Perseverance","LessonLearned","Evaluate+1","MentalFortress","EmptyBody+1","DeusExMachina","InnerPeace","Parasite","Tantrum+1","WheelKick","Omniscience","LikeWater"],"relics":["PureWater","NeowsBlessing","Golden Idol","Oddly Smooth Stone","Kunai","Whetstone","StrikeDummy","Happy Flower","Fusion Hammer","Boot","MawBank","Letter Opener","Sozu","GoldenEye","Incense Burner","The Courier","Yang","TheAbacus","Anchor"],"acts_visited":["Exordium","TheCity","TheBeyond","TheEnding"],"potions_floor_usage":[],"damage_taken":[{"damage":0.0,"enemies":"Cultist","floor":1.0,"turns":1.0},{"damage":0.0,"enemies":"Small Slimes","floor":5.0,"turns":1.0},{"damage":0.0,"enemies":"Lagavulin","floor":7.0,"turns":1.0},{"damage":24.0,"enemies":"3 Sentries","floor":10.0,"turns":12.0},{"damage":7.0,"enemies":"3 Sentries","floor":11.0,"turns":5.0},{"damage":0.0,"enemies":"2 Louse","floor":13.0,"turns":1.0},{"damage":0.0,"enemies":"Red Slaver","floor":14.0,"turns":2.0},{"damage":5.0,"enemies":"Slime Boss","floor":16.0,"turns":6.0},{"damage":0.0,"enemies":"3 Byrds","floor":18.0,"turns":4.0},{"damage":0.0,"enemies":"Chosen","floor":21.0,"turns":3.0},{"damage":0.0,"enemies":"Gremlin Leader","floor":23.0,"turns":4.0},{"damage":16.0,"enemies":"Shelled Parasite and Fungi","floor":25.0,"turns":4.0},{"damage":39.0,"enemies":"Slavers","floor":27.0,"turns":10.0},{"damage":13.0,"enemies":"Centurion and Healer","floor":29.0,"turns":4.0},{"damage":3.0,"enemies":"Snecko","floor":30.0,"turns":4.0},{"damage":3.0,"enemies":"Snake Plant","floor":31.0,"turns":2.0},{"damage":22.0,"enemies":"Champ","floor":33.0,"turns":12.0},{"damage":0.0,"enemies":"3 Darklings","floor":35.0,"turns":5.0},{"damage":35.0,"enemies":"2 Orb Walkers","floor":36.0,"turns":5.0},{"damage":0.0,"enemies":"Orb Walker","floor":38.0,"turns":3.0},{"damage":1.0,"enemies":"Spire Growth","floor":40.0,"turns":4.0},{"damage":0.0,"enemies":"Giant Head","floor":45.0,"turns":9.0},{"damage":0.0,"enemies":"Writhing Mass","floor":46.0,"turns":6.0},{"damage":16.0,"enemies":"3 Darklings","floor":47.0,"turns":5.0},{"damage":17.0,"enemies":"Nemesis","floor":48.0,"turns":5.0},{"damage":10,"enemies":"Awakened One","floor":50,"turns":13},{"damage":54,"enemies":"Shield and Spear","floor":54,"turns":8},{"damage":14,"enemies":"The Heart","floor":55,"turns":2}],"seed_played":"-5583035377509732089","potions_obtained":[{"floor":5.0,"key":"DuplicationPotion"},{"floor":10.0,"key":"Block Potion"},{"floor":16.0,"key":"ColorlessPotion"},{"floor":23.0,"key":"BottledMiracle"},{"floor":27.0,"key":"BlessingOfTheForge"},{"floor":30.0,"key":"AttackPotion"},{"floor":31.0,"key":"LiquidMemories"}],"is_trial":false,"path_per_floor":["M","?","?","?","M","R","E","R","T","?","E","$","M","M","R","B",null,"M","?","$","M","?","E","R","M","T","E","R","M","M","M","R","B",null,"M","?","$","M","$","M","R","?","T","R","E","M","M","E","R","B",null,"R","$","E","B"],"character_chosen":"WATCHER","items_purchased":["Happy Flower","Energy Potion","MentalFortress","FearNoEvil","Incense Burner","TheAbacus","LikeWater"],"campfire_rested":6,"item_purchase_floors":[12,12,20,20,37,53,53],"current_hp_per_floor":[65,65,54,54,54,54,54,54,54,30,23,23,23,23,23,18,55,55,55,55,55,55,55,67,51,51,12,32,19,16,13,33,11,53,53,18,18,18,18,17,37,37,37,57,57,57,41,24,24,14,54,67,67,13,0,0],"gold":42,"neow_bonus":"THREE_ENEMY_KILL","is_daily":false,"chose_seed":false,"campfire_upgraded":3,"win_rate":0.0,"timestamp":1611539863,"path_taken":["M","?","?","?","?","R","E","R","T","?","E","$","M","M","R","BOSS","M","?","$","M","?","E","R","?","T","E","R","M","M","M","R","BOSS","M","?","$","M","$","M","R","?","T","R","E","M","M","E","R","BOSS","R","$","E","BOSS"],"items_purchased_type":["Relic","Potion","Card","Card","Relic","Relic","Card"],"build_version":"2020-12-22","purchased_purges":3,"victory":false,"max_hp_per_floor":[72,67,67,67,67,67,67,67,67,67,67,67,67,67,67,67,67,67,67,67,67,67,67,67,67,67,67,67,67,67,67,67,67,67,67,67,67,67,67,67,67,67,67,67,67,67,67,67,67,67,67,67,67,67,67,67],"card_choices":[{"not_picked":["Evaluate","Prostrate"],"picked":"EmptyFist","floor":1.0},{"not_picked":["PathToVictory","Wireheading"],"picked":"EmptyBody","floor":5.0},{"not_picked":["SandsOfTime","Wireheading","Worship"],"picked":"SKIP","floor":7.0},{"not_picked":["FlyingSleeves","Perseverance"],"picked":"FollowUp","floor":10.0},{"not_picked":["ClearTheMind","FlyingSleeves"],"picked":"Tantrum","floor":11.0},{"not_picked":["WaveOfTheHand","Protect","Halt"],"picked":"SKIP","floor":13.0},{"not_picked":["Crescendo","Indignation","Swivel"],"picked":"SKIP","floor":14.0},{"not_picked":["Alpha","Brilliance"],"picked":"DeusExMachina","floor":16.0},{"not_picked":["FlurryOfBlows","WaveOfTheHand"],"picked":"TalkToTheHand","floor":18.0},{"not_picked":["DeceiveReality","Indignation","Wireheading"],"picked":"SKIP","floor":21.0},{"not_picked":["Wireheading+1","Halt"],"picked":"CrushJoints","floor":23.0},{"not_picked":["Consecrate","CarveReality"],"picked":"EmptyMind","floor":25.0},{"not_picked":["FlyingSleeves+1","Crescendo","Worship"],"picked":"SKIP","floor":27.0},{"not_picked":["Prostrate+1","Protect"],"picked":"Wallop","floor":29.0},{"not_picked":["CrushJoints","EmptyBody"],"picked":"Wallop","floor":30.0},{"not_picked":["CarveReality","Consecrate"],"picked":"Perseverance","floor":31.0},{"not_picked":["Scrawl","Blasphemy"],"picked":"LessonLearned","floor":33.0},{"not_picked":["FollowUp+1","Nirvana+1"],"picked":"Evaluate+1","floor":35.0},{"not_picked":["BattleHymn","EmptyBody"],"picked":"MentalFortress","floor":36.0},{"not_picked":["CutThroughFate+1","FlurryOfBlows","FlyingSleeves"],"picked":"SKIP","floor":38.0},{"not_picked":["Crescendo","Halt+1"],"picked":"EmptyBody+1","floor":40.0},{"not_picked":["Fasting2","Consecrate+1"],"picked":"InnerPeace","floor":45.0},{"not_picked":["Fasting2","FollowUp+1"],"picked":"Tantrum+1","floor":46.0},{"not_picked":["Wish","PathToVictory+1"],"picked":"WheelKick","floor":47.0},{"not_picked":["CutThroughFate+1","BowlingBash+1"],"picked":"Omniscience","floor":48.0},{"not_picked":["EmptyBody","Conclude","SignatureMove"],"picked":"SKIP","floor":54}],"player_experience":216943,"relics_obtained":[{"floor":7.0,"key":"Oddly Smooth Stone"},{"floor":9.0,"key":"Kunai"},{"floor":10.0,"key":"Whetstone"},{"floor":11.0,"key":"StrikeDummy"},{"floor":23.0,"key":"Boot"},{"floor":26.0,"key":"MawBank"},{"floor":27.0,"key":"Letter Opener"},{"floor":36.0,"key":"GoldenEye"},{"floor":45.0,"key":"The Courier"},{"floor":48.0,"key":"Yang"},{"floor":54,"key":"Anchor"}],"event_choices":[{"damage_healed":0.0,"max_hp_gain":0.0,"max_hp_loss":5.0,"gold_gain":0.0,"event_name":"Golden Idol","player_choice":"Lose Max HP","floor":2.0,"gold_loss":0.0,"damage_taken":0.0,"relics_obtained":["Golden Idol"]},{"damage_healed":0.0,"max_hp_gain":0.0,"max_hp_loss":0.0,"gold_gain":75.0,"event_name":"World of Goop","player_choice":"Gather Gold","floor":3.0,"gold_loss":0.0,"damage_taken":11.0},{"damage_healed":0.0,"max_hp_gain":0.0,"max_hp_loss":0.0,"gold_gain":0.0,"event_name":"Upgrade Shrine","player_choice":"Upgraded","floor":4.0,"gold_loss":0.0,"damage_taken":0.0,"cards_upgraded":["Eruption"]},{"damage_healed":0.0,"max_hp_gain":0.0,"max_hp_loss":0.0,"gold_gain":30.0,"event_name":"Dead Adventurer","player_choice":"Searched \u00273\u0027 times","floor":10.0,"gold_loss":0.0,"damage_taken":0.0},{"cards_removed":["Strike_P"],"damage_healed":0.0,"max_hp_gain":0.0,"max_hp_loss":0.0,"gold_gain":0.0,"event_name":"Back to Basics","player_choice":"Elegance","floor":19.0,"gold_loss":0.0,"damage_taken":0.0},{"cards_removed":["Strike_P"],"damage_healed":0.0,"max_hp_gain":0.0,"max_hp_loss":0.0,"gold_gain":0.0,"event_name":"Beggar","player_choice":"Gave Gold","floor":22.0,"gold_loss":75.0,"damage_taken":0.0},{"damage_healed":0.0,"max_hp_gain":0.0,"max_hp_loss":0.0,"gold_gain":0.0,"event_name":"Mysterious Sphere","player_choice":"Fight","floor":36.0,"gold_loss":0.0,"damage_taken":0.0},{"damage_healed":0.0,"max_hp_gain":0.0,"max_hp_loss":0.0,"gold_gain":0.0,"cards_transformed":["CrushJoints"],"event_name":"Transmorgrifier","player_choice":"Transformed","floor":42.0,"gold_loss":0.0,"damage_taken":0.0,"cards_obtained":["DeusExMachina"]}],"is_beta":false,"boss_relics":[{"not_picked":["Ectoplasm","Snecko Eye"],"picked":"Fusion Hammer"},{"not_picked":["Cursed Key","Philosopher\u0027s Stone"],"picked":"Sozu"}],"items_purged_floors":[12,37,39],"is_endless":false,"potions_floor_spawned":[5,10,16,23,27,30,31,36,40,48],"killed_by":"The Heart","ascension_level":9}}