{"host":"6drv1qzpbnls60z2","time":1611552715,"event":{"mods":["ATMod(°¢èªMod)","Act Like it!","Arknights The Spire","BaseMod","Hallownest","Minty Spire (QoL Compilation)","Reimu£¨²©ÀöÁéÃÎ£©","Replay The Spire","Shop Mod","Spicy Shops","StSLib","The Dragonkin","Uncapped","¡¾ÒÅÎï¿¨ÅÆ¡¿REMEMod","óô»ðÖ¸ÄÏ"],"gold_per_floor":[111,128,147,164,164,164,214,214,214,239,258,277,58,76,76,150,150,163,68,87,97,97,97,117,132,132,132,166,166,166],"floor_reached":29,"language":"ZHS","playtime":2013,"items_purged":[],"score":723,"play_id":"ec8ded89-ac10-427f-b015-b6bf6b5a54bf","local_time":"20210125133155","daily_mods":["SealedDeck"],"is_ascension_mode":true,"campfire_choices":[{"data":"ats:Explosion Area Strengthen","floor":6,"key":"SMITH"},{"data":"InherentArray:ReiMu","floor":8,"key":"SMITH"},{"data":"SubcavityFantasy:ReiMu","floor":15,"key":"SMITH"},{"data":"ats:Serious Mode","floor":23,"key":"SMITH"},{"data":"ats:Part Time Job","floor":27,"key":"SMITH"}],"circlet_count":0,"master_deck":["AscendersBane","ats:Support Order","ats:Overload","Amulet:ReiMu","Amulet:ReiMu","SubAcupoint:ReiMu","ats:Apocalypse","ats:Guard Mode","InherentArray:ReiMu+1","ats:Very Hot Blade","ats:Charging Defense","ats:Guard Mode","RainPray2:ReiMu","SpreadBorder2:ReiMu","ats:Explosion Area Strengthen+1","SubcavityFantasy:ReiMu+1","ats:Flexible Camouflage","Amulet:ReiMu","SubAcupoint:ReiMu","ats:Rapid Magazine","ats:Wolf Pack","ats:Explosion Area Strengthen+1","ats:Directed Diagnosis","REME_HeartOfCthun","ats:Flexible Camouflage","SubAcupoint:ReiMu","ats:Serious Mode+1","Bite","Bite","Bite","Bite","Bite","ats:Part Time Job+1","ats:Sunburst+1"],"relics":["ats:Sanity","AT_ATBox","REME_ComplimentaryCards","Gremlin Horn","ats:Originium","REME_LimitBreaker","MerchantsRug","Pantograph","Molten Egg 2"],"acts_visited":["Exordium","TheCity"],"potions_floor_usage":[16],"damage_taken":[{"damage":0,"enemies":"Cultist","floor":1,"turns":3},{"damage":0,"enemies":"2 Louse","floor":2,"turns":4},{"damage":0,"enemies":"Small Slimes","floor":3,"turns":3},{"damage":1,"enemies":"2 Fungi Beasts","floor":4,"turns":5},{"damage":44,"enemies":"Gremlin Nob","floor":10,"turns":6},{"damage":0,"enemies":"Blue Slaver","floor":11,"turns":5},{"damage":1,"enemies":"3 Louse","floor":12,"turns":3},{"damage":3,"enemies":"Large Slime","floor":14,"turns":6},{"damage":17,"enemies":"The Guardian","floor":16,"turns":13},{"damage":0,"enemies":"3 Byrds","floor":18,"turns":7},{"damage":29,"enemies":"2 Thieves","floor":20,"turns":4},{"damage":1,"enemies":"3 Cultists","floor":21,"turns":5},{"damage":19,"enemies":"Centurion and Healer","floor":24,"turns":3},{"damage":10,"enemies":"Snecko","floor":25,"turns":3},{"damage":26,"enemies":"Book of Stabbing","floor":28,"turns":4},{"damage":20,"enemies":"Snake Plant","floor":29,"turns":1}],"seed_played":"-7557793813384938029","potions_obtained":[{"floor":10,"key":"ats:Top Emergency Sanity Potion"},{"floor":11,"key":"Strength Potion"},{"floor":12,"key":"Swift Potion"},{"floor":16,"key":"ats:Emergency Sanity Potion"},{"floor":25,"key":"BlessingOfTheForge"}],"is_trial":true,"path_per_floor":["M","M","M","M","?","R","?","R","T","E","M","M","R","M","R","B",null,"M","$","M","M","?","R","M","M","T","R","E","M"],"character_chosen":"DOCTOR_CLASS","items_purchased":["SubAcupoint:ReiMu","MerchantsRug","REME_HeartOfCthun","ats:Flexible Camouflage"],"campfire_rested":0,"item_purchase_floors":[13,13,19,19],"current_hp_per_floor":[70,70,70,72,77,77,77,77,77,38,48,57,57,64,64,62,73,77,77,48,57,53,53,36,30,30,30,14,0,0],"gold":166,"neow_bonus":"","is_daily":false,"chose_seed":false,"campfire_upgraded":5,"win_rate":0.0,"timestamp":1611552715,"path_taken":["M","M","M","M","?","R","?","R","T","E","?","M","R","M","R","BOSS","M","$","M","M","?","R","M","M","T","R","E","M"],"items_purchased_type":["Card","Relic","Card","Card"],"build_version":"2020-12-22","purchased_purges":0,"victory":false,"max_hp_per_floor":[72,72,72,72,77,77,77,77,77,77,77,77,77,77,77,77,77,77,77,77,77,53,53,53,53,53,53,53,53,53],"card_choices":[{"not_picked":["SafetyPray:ReiMu","Enchanting:ReiMu"],"picked":"ats:Guard Mode","floor":1},{"not_picked":["YinYangSange:ReiMu","CareerPray:ReiMu"],"picked":"RainPray2:ReiMu","floor":2},{"not_picked":["ats:Curse Doll","OrbThrow:ReiMu"],"picked":"SpreadBorder2:ReiMu","floor":3},{"not_picked":["BarrageOfMoneybags:ReiMu","UpKicking:ReiMu"],"picked":"ats:Explosion Area Strengthen","floor":4},{"not_picked":["ats:Cat Scratch","ats:LN2 Cannon"],"picked":"SubcavityFantasy:ReiMu","floor":10},{"not_picked":["CollectionFlower2:ReiMu","SafetyPray:ReiMu"],"picked":"ats:Flexible Camouflage","floor":11},{"not_picked":["EmergencyTakeOff:ReiMu","PhosphorusFlame:ReiMu"],"picked":"Amulet:ReiMu","floor":12},{"not_picked":["ats:Consecutive Shot Auto","ats:Explosion Area Strengthen"],"picked":"ats:Rapid Magazine","floor":14},{"not_picked":["RunawayExorcism:ReiMu","ats:Nebulous Foxfire"],"picked":"ats:Wolf Pack","floor":16},{"not_picked":["ats:Curse Doll","Dreaming2:ReiMu"],"picked":"ats:Directed Diagnosis","floor":18},{"not_picked":["ats:Consecutive Shot Auto","AirStrike:ReiMu"],"picked":"SubAcupoint:ReiMu","floor":20},{"not_picked":["ats:Curse Doll","SafetyPray:ReiMu"],"picked":"ats:Serious Mode","floor":21},{"not_picked":["ats:Powerful Strike","ats:Mental Burst"],"picked":"ats:Part Time Job","floor":24},{"not_picked":["ats:Serious Mode","SubcavityInstant:ReiMu","ats:Cat Scratch"],"picked":"SKIP","floor":25},{"not_picked":["OrbThrow:ReiMu+1","ats:Echo Reverb"],"picked":"ats:Sunburst+1","floor":28}],"player_experience":122967,"relics_obtained":[{"floor":9,"key":"Gremlin Horn"},{"floor":10,"key":"ats:Originium"},{"floor":10,"key":"REME_LimitBreaker"},{"floor":26,"key":"Pantograph"},{"floor":28,"key":"ats:Originium"},{"floor":28,"key":"Molten Egg 2"}],"event_choices":[{"damage_healed":0,"gold_gain":0,"player_choice":"Donut","damage_taken":0,"max_hp_gain":5,"max_hp_loss":0,"event_name":"Big Fish","floor":5,"gold_loss":0},{"damage_healed":0,"gold_gain":50,"player_choice":"Pray","damage_taken":0,"max_hp_gain":0,"max_hp_loss":0,"event_name":"Golden Shrine","floor":7,"gold_loss":0},{"damage_healed":0,"gold_gain":0,"player_choice":"Became a vampire","damage_taken":0,"max_hp_gain":0,"max_hp_loss":24,"event_name":"Vampires","floor":22,"gold_loss":0,"cards_obtained":["Bite","Bite","Bite","Bite","Bite"]}],"is_beta":false,"boss_relics":[{"not_picked":["Replay:Drink Me","Busted Crown"],"picked":"RedLine:ReiMu"}],"items_purged_floors":[],"is_endless":true,"potions_floor_spawned":[10,11,12,16,21,25],"killed_by":"Snake Plant","ascension_level":20}}