{"host":"qwp6882a7gaon7u5","time":1611597354,"event":{"mods":["ATMod(阿瑾Mod)","Act Like it!","BaseMod","BetterRewards","Gensokyo","Minty Spire (QoL Compilation)","Red Circlet Mod","Relic Filter Mod","Replay The Spire","RumiaBox-露米娅的神秘盒子","Spicy Shops","StSLib","The Alterego","【功能Mod】混沌之环修复补丁","【遗物卡牌】REMEMod","篝火指南"],"gold_per_floor":[111,124,124,142,160,191,206,239,239,253,273,303,303,337,337,438,438,449,464,477,493,507,541,541,570,570,598,617,617,633,294,294,389,389,400,400,27,47,59,584,596,626,626,1000,629,648,672,701,104,104,104,104,30,58,58],"floor_reached":56,"language":"ZHS","playtime":3058,"items_purged":["Injury","Hemogenesis","alterego_mod:Defend","alterego_mod:Strike","alterego_mod:Strike","alterego_mod:Strike","alterego_mod:Defend","alterego_mod:Defend","ReplayTheSpireMod:Doomed","Injury","alterego_mod:Defend"],"score":2219,"play_id":"2941e916-e71e-4888-b77e-0a67ce6c6ed9","local_time":"20210126015554","is_ascension_mode":true,"campfire_choices":[{"data":"alterego_mod:Impale","floor":15,"key":"SMITH"},{"data":"alterego_mod:SuperDuperMasochism","floor":15,"key":"SMITH"},{"data":"alterego_mod:Palingenesis+2","floor":24,"key":"SMITH"},{"data":"alterego_mod:Palingenesis+3","floor":24,"key":"SMITH"},{"data":"alterego_mod:Palingenesis+4","floor":29,"key":"SMITH"},{"data":"alterego_mod:Palingenesis+5","floor":29,"key":"SMITH"},{"floor":32,"key":"RECALL"},{"data":"alterego_mod:Palingenesis+6","floor":52,"key":"SMITH"},{"data":"ReplayTheSpireMod:Private Reserves","floor":52,"key":"SMITH"}],"circlet_count":0,"master_deck":["alterego_mod:Impale+1","alterego_mod:BigMeatyClaws+1","alterego_mod:BrynhildrsRune","REME_HeartOfCthun+1","AT_RealColorLess+1","alterego_mod:Birthday+1","alterego_mod:BreastValley+1","alterego_mod:Birthday","Flash of Steel","alterego_mod:BigMeatyClaws+1","alterego_mod:SuperDuperMasochism+1","alterego_mod:Palingenesis+7","alterego_mod:Rip","alterego_mod:BiFurious","alterego_mod:BreastValley+1","alterego_mod:IdEs+1","alterego_mod:ClassAdvantage+1","Replay:Bootleg Shield Generator","alterego_mod:Exercise","alterego_mod:DiscoLights+1","ReplayUltimateDefense+1","REME_FirmDetermination+1","alterego_mod:Rake+1","alterego_mod:IndependentAction+1","Mayhem+1","REME_MagicPocketWatch+1","ReplayTheSpireMod:Private Reserves+1","Transmutation+1","Flash of Steel+1","Replay:Bootleg Shield Generator+1","Bandage Up+1","alterego_mod:Cooking+1","alterego_mod:IndependentAction+1"],"relics":["alterego_mod:MasochisticConstitution","REME_ComplimentaryCards","AT_ATBox","GodSword3","Membership Card","Chemical X","AT_ChloranthyRing","AT_BladeRuinedKing","MagicDraw2","Frozen Egg 2","Guide Book","GodSword5","Replay:Bottled Steam","alterego_mod:SistersRibbon","MoreBug","Strawberry","Toolbox","Replay:Baseball","Blue Doll","Orichalcum","Kunai","Strange Spoon","AT_EbonyIvory","Replay:Arrowhead","Pet Ghost","Gensokyo:OccultBall","PreservedInsect","Golden Egg","Ancient Tea Set","Replay:Bottled Eggs","Centennial Puzzle","Replay:Grab Bag","ChewingGum","SlaversCollar","REME_LowDesire","Replay:Mystery Machine","Art of War","ZombieArmy","Pantograph","MagicDraw1","Gremlin Food","Replay:Wax Seal","Tiny Chest","REME_DuelDisc","Eternal Feather","Potion Belt","Calipers","ReplayTheSpireMod:CursedCoin","Iron Hammer","Akabeko","REME_LimitBreaker","MagicDraw3","Snack Pack","Replay:Ringing Soul","Chameleon Ring","Anchor","HandDrill","Pen Nib","War Paint","Bronze Scales"],"acts_visited":["Exordium","TheCity","TheBeyond","TheEnding"],"potions_floor_usage":[41,55,55],"damage_taken":[{"damage":0,"enemies":"Gensokyo:2_Kodama","floor":1,"turns":1},{"damage":0,"enemies":"Gensokyo:Gryphon","floor":2,"turns":1},{"damage":0,"enemies":"Gensokyo:Python","floor":4,"turns":1},{"damage":0,"enemies":"Gensokyo:LivingMonolith","floor":5,"turns":1},{"damage":0,"enemies":"Gensokyo:Cirno","floor":6,"turns":4},{"damage":0,"enemies":"Gensokyo:VengefulSpirit","floor":7,"turns":1},{"damage":0,"enemies":"Gensokyo:Mamizou","floor":8,"turns":1},{"damage":0,"enemies":"Gensokyo:2_Rabbits","floor":10,"turns":2},{"damage":0,"enemies":"Gensokyo:Kitsune","floor":11,"turns":1},{"damage":0,"enemies":"Gensokyo:Aya","floor":12,"turns":1},{"damage":4,"enemies":"Gensokyo:Mamizou","floor":14,"turns":3},{"damage":0,"enemies":"Gensokyo:Kokoro","floor":16,"turns":2},{"damage":0,"enemies":"Shell Parasite","floor":18,"turns":2},{"damage":4,"enemies":"Spheric Guardian","floor":19,"turns":1},{"damage":2,"enemies":"Shelled Parasite and Fungi","floor":20,"turns":3},{"damage":0,"enemies":"Snake Plant","floor":21,"turns":1},{"damage":4,"enemies":"3 Cultists","floor":22,"turns":1},{"damage":0,"enemies":"Replay:Snechameleon","floor":23,"turns":3},{"damage":0,"enemies":"Book of Stabbing","floor":25,"turns":1},{"damage":0,"enemies":"Replay:Snechameleon","floor":27,"turns":1},{"damage":4,"enemies":"Snecko","floor":28,"turns":1},{"damage":0,"enemies":"Cultist and Chosen","floor":30,"turns":3},{"damage":8,"enemies":"Automaton","floor":33,"turns":1},{"damage":0,"enemies":"3 Darklings","floor":35,"turns":1},{"damage":8,"enemies":"3 Shapes","floor":38,"turns":1},{"damage":38,"enemies":"R_Hoarder","floor":40,"turns":2},{"damage":8,"enemies":"R_Hoarder","floor":41,"turns":2},{"damage":7,"enemies":"Giant Head","floor":42,"turns":3},{"damage":36,"enemies":"Writhing Mass","floor":44,"turns":1},{"damage":0,"enemies":"Jaw Worm Horde","floor":46,"turns":1},{"damage":0,"enemies":"R_Hoarder","floor":48,"turns":2},{"damage":8,"enemies":"Donu and Deca","floor":50,"turns":2},{"damage":0,"enemies":"Shield and Spear","floor":54,"turns":1},{"damage":7,"enemies":"The Heart","floor":55,"turns":4}],"seed_played":"-6234175132856069600","potions_obtained":[{"floor":2,"key":"SkillPotion"},{"floor":6,"key":"Elixir"},{"floor":10,"key":"DuplicationPotion"},{"floor":38,"key":"EntropicBrew"},{"floor":41,"key":"REME_GoldPotion"},{"floor":42,"key":"Adrenaline Potion"},{"floor":44,"key":"Strength Potion"}],"is_trial":false,"path_per_floor":["M","M","?","M","M","E","M","E","T","M","M","E","?","E","R","B",null,"M","M","M","M","M","E","R","E","T","E","M","R","M","$","R","B",null,"M","?","$","M","$","E","R","E","T","M","$","M","T","E","R","B",null,"R","$","E","B",null],"character_chosen":"The_Alterego","items_purchased":["GodSword3","Membership Card","Chemical X","AT_ChloranthyRing","AT_BladeRuinedKing","REME_HeartOfCthun","alterego_mod:Birthday+1","MagicDraw2","Frozen Egg 2","Guide Book","GodSword5","Replay:Bottled Steam","alterego_mod:SistersRibbon","alterego_mod:BreastValley+1","MoreBug","Strawberry","Toolbox","Replay:Baseball","Blue Doll","Orichalcum","Kunai","Strange Spoon","Transmutation","AT_EbonyIvory","Replay:Arrowhead","Pet Ghost","alterego_mod:Birthday","Flash of Steel","Replay:Wax Seal","Tiny Chest","Eternal Feather","Potion Belt","Calipers","Mayhem+1","ReplayTheSpireMod:CursedCoin","MagicDraw3","Snack Pack","Flash of Steel","Chameleon Ring","Anchor","HandDrill","Pen Nib","Bandage Up","alterego_mod:Cooking+1","War Paint"],"campfire_rested":0,"item_purchase_floors":[0,0,0,0,0,0,0,0,0,0,0,0,0,0,0,0,0,0,0,0,0,0,0,0,0,0,0,0,31,31,37,37,37,37,39,45,45,45,49,49,49,49,49,49,53],"current_hp_per_floor":[77,77,77,77,77,77,77,77,77,77,77,77,62,60,60,60,78,78,75,75,75,75,81,81,81,81,81,81,81,82,82,82,77,83,83,83,83,76,76,42,59,56,56,21,21,21,21,23,48,92,92,92,92,95,96],"gold":58,"neow_bonus":"","is_daily":false,"chose_seed":false,"campfire_upgraded":8,"win_rate":0.0,"timestamp":1611597354,"path_taken":["M","M","?","M","M","E","M","E","T","M","M","E","?","E","R","BOSS","M","M","?","M","M","E","R","E","T","E","M","R","M","$","R","BOSS","M","?","$","?","?","E","R","E","T","M","$","M","?","E","R","BOSS","R","$","E","BOSS"],"items_purchased_type":["Relic","Relic","Relic","Relic","Relic","Card","Card","Relic","Relic","Relic","Relic","Relic","Relic","Card","Relic","Relic","Relic","Relic","Relic","Relic","Relic","Relic","Card","Relic","Relic","Relic","Card","Card","Relic","Relic","Relic","Relic","Relic","Card","Relic","Relic","Relic","Card","Relic","Relic","Relic","Relic","Card","Card","Relic"],"build_version":"2020-12-22","purchased_purges":11,"victory":true,"max_hp_per_floor":[77,77,77,77,77,77,77,77,77,77,77,77,77,78,78,78,78,78,79,80,80,81,81,81,81,81,81,82,82,82,82,82,83,83,83,83,83,84,84,85,86,87,87,88,88,88,88,88,91,92,92,92,92,95,96],"card_choices":[{"not_picked":["alterego_mod:Clap","alterego_mod:Cycle","alterego_mod:PerceptionDisorder+1"],"picked":"SKIP","floor":1},{"not_picked":["alterego_mod:Pet","alterego_mod:BiFurious","alterego_mod:MaintainEyeContact"],"picked":"SKIP","floor":2},{"not_picked":["alterego_mod:Cushion","alterego_mod:Bunnysuit"],"picked":"alterego_mod:SuperDuperMasochism","floor":4},{"not_picked":["alterego_mod:Maid","alterego_mod:Bounce","alterego_mod:Mirror"],"picked":"SKIP","floor":5},{"not_picked":["alterego_mod:Maid","alterego_mod:RocketPunch"],"picked":"alterego_mod:Palingenesis+1","floor":6},{"not_picked":["alterego_mod:1TonWallop","alterego_mod:Smother+1"],"picked":"alterego_mod:Rip","floor":7},{"not_picked":["alterego_mod:Complex","alterego_mod:Skirt"],"picked":"alterego_mod:BiFurious","floor":8},{"not_picked":["alterego_mod:HighServant","alterego_mod:MaintainEyeContact","alterego_mod:Undulate"],"picked":"SKIP","floor":10},{"not_picked":["alterego_mod:Complex","alterego_mod:Punishment+1"],"picked":"alterego_mod:BreastValley+1","floor":11},{"not_picked":["alterego_mod:GoddessCore","alterego_mod:Maid","alterego_mod:SakuraFive"],"picked":"SKIP","floor":12},{"not_picked":["alterego_mod:MagicResistance","alterego_mod:Cushion"],"picked":"alterego_mod:IdEs","floor":14},{"not_picked":["alterego_mod:TrickOrTreatment+1","alterego_mod:AlterEgo+1"],"picked":"alterego_mod:ClassAdvantage+1","floor":16},{"not_picked":["alterego_mod:GoddessCore","alterego_mod:MagicResistance","alterego_mod:Jiggle","Secret Technique"],"picked":"SKIP","floor":18},{"not_picked":["alterego_mod:DeftHands","alterego_mod:MagicResistance","alterego_mod:Bloomers+1"],"picked":"Replay:Bootleg Shield Generator","floor":19},{"not_picked":["alterego_mod:Bunnysuit+1","alterego_mod:Venus","Dark Shackles"],"picked":"alterego_mod:Exercise","floor":20},{"not_picked":["alterego_mod:BusterCard","alterego_mod:Punishment+1","alterego_mod:Mirror","Violence"],"picked":"SKIP","floor":21},{"not_picked":["alterego_mod:SakuraPetals+1","alterego_mod:Undulate","Poisoned Strike"],"picked":"alterego_mod:DiscoLights+1","floor":22},{"not_picked":["alterego_mod:DustData+1","alterego_mod:Undulate","alterego_mod:Lingerie","AT_EmpoweredMortalDraw"],"picked":"SKIP","floor":23},{"not_picked":["alterego_mod:SuperDuperMasochism","alterego_mod:RocketPunch","alterego_mod:Undulate"],"picked":"ReplayUltimateDefense+1","floor":25},{"not_picked":["alterego_mod:Skirt","alterego_mod:Jiggle+1","alterego_mod:SuperDuperMasochism","AT_TearsDenial"],"picked":"SKIP","floor":27},{"not_picked":["alterego_mod:Clap","alterego_mod:Undulate","alterego_mod:DeftHands","REME_HeartOfCthun"],"picked":"SKIP","floor":28},{"not_picked":["alterego_mod:Jiggle","alterego_mod:Lift+1","alterego_mod:PerceptionDisorder+1"],"picked":"REME_FirmDetermination+1","floor":30},{"not_picked":["alterego_mod:Vow","alterego_mod:Lift+1","REME_ProfessionalPlagiarism"],"picked":"alterego_mod:Rake","floor":33},{"not_picked":["alterego_mod:Skirt+1","alterego_mod:Crossover+1","AT_CelerityRune+1"],"picked":"alterego_mod:IndependentAction+1","floor":35},{"not_picked":["alterego_mod:BusterCard+1","alterego_mod:DeftHands","alterego_mod:BustOut+1","REME_ShortnessOfBreath"],"picked":"SKIP","floor":38},{"not_picked":["alterego_mod:SakuraLabyrinth","alterego_mod:Mirror","alterego_mod:BustOut+1"],"picked":"REME_MagicPocketWatch+1","floor":40},{"not_picked":["alterego_mod:DustData+1","alterego_mod:Birthday","alterego_mod:Rip+1"],"picked":"ReplayTheSpireMod:Private Reserves","floor":41},{"not_picked":["alterego_mod:Clones","alterego_mod:Punishment+1","alterego_mod:Cycle"],"picked":"Transmutation","floor":42},{"not_picked":["alterego_mod:HighServant","alterego_mod:PerceptionDisorder+1","alterego_mod:GoddessCore+1","Dark Shackles+1"],"picked":"SKIP","floor":44},{"not_picked":["alterego_mod:RidiculouslyBig","alterego_mod:Mirror","alterego_mod:Support+1"],"picked":"Replay:Bootleg Shield Generator+1","floor":46},{"not_picked":["alterego_mod:RingBreak+1","alterego_mod:MagicResistance","alterego_mod:DiscoLights+1","Blind+1"],"picked":"SKIP","floor":48},{"not_picked":["alterego_mod:Complex","alterego_mod:Maid","Secret Technique"],"picked":"alterego_mod:IndependentAction+1","floor":54}],"player_experience":184328,"relics_obtained":[{"floor":4,"key":"Gensokyo:OccultBall"},{"floor":6,"key":"PreservedInsect"},{"floor":8,"key":"Golden Egg"},{"floor":12,"key":"Ancient Tea Set"},{"floor":14,"key":"Centennial Puzzle"},{"floor":16,"key":"Gensokyo:OccultBall"},{"floor":17,"key":"Replay:Mystery Machine"},{"floor":17,"key":"Art of War"},{"floor":20,"key":"Gensokyo:OccultBall"},{"floor":23,"key":"ZombieArmy"},{"floor":25,"key":"Pantograph"},{"floor":26,"key":"MagicDraw1"},{"floor":27,"key":"Gremlin Food"},{"floor":33,"key":"Gensokyo:OccultBall"},{"floor":38,"key":"Gensokyo:OccultBall"},{"floor":40,"key":"Gensokyo:OccultBall"},{"floor":40,"key":"Iron Hammer"},{"floor":41,"key":"Gensokyo:OccultBall"},{"floor":42,"key":"Akabeko"},{"floor":43,"key":"REME_LimitBreaker"},{"floor":48,"key":"Replay:Ringing Soul"},{"floor":54,"key":"Bronze Scales"}],"event_choices":[{"cards_removed":["alterego_mod:Strike"],"damage_healed":0,"gold_gain":0,"player_choice":"Purged","damage_taken":0,"max_hp_gain":0,"max_hp_loss":0,"event_name":"Purifier","floor":36,"gold_loss":0}],"is_beta":false,"boss_relics":[{"not_picked":["Fusion Hammer","Replay:Wanted Poster"],"picked":"Replay:Grab Bag"},{"not_picked":["Busted Crown","Sozu"],"picked":"ChewingGum"},{"not_picked":["Runic Dome","Coffee Dripper"],"picked":"SlaversCollar"},{"not_picked":["Kintsugi","REME_DemonsWealth"],"picked":"REME_LowDesire"},{"not_picked":["Runic Pyramid","Ring of Chaos"],"picked":"REME_DuelDisc"}],"items_purged_floors":[0,0,0,0,0,0,31,31,39,45,49],"is_endless":false,"potions_floor_spawned":[2,6,10,11,12,18,19,22,25,30,38,41,42,44],"ascension_level":1}}