{"host":"och2iitg9ibgz06n","time":1611618938,"event":{"mods":["Abigail Mod","AchievementEnabler","Aspiration","BaseMod","Colored Powertips","Dio Mod","Hubris","Hyrulean Relics","Infinite Spire","Minty Spire (QoL Compilation)","Replay The Spire","Small Relic Pack","StSLib","The Animator","The Bug Knight","The Hierophant","The Jungle","The Saiyan","TheHero","Wandering Minibosses","everything is the same but u backflip on backflip","slay the spire mod where everything is the same but ironclad has a cowboy hat"],"gold_per_floor":[119,134,146,162,162,199,218,152,179,208,208,236,191,232,232,340,340,340,340],"floor_reached":18,"language":"ENG","playtime":710,"items_purged":[],"score":252,"play_id":"6b580fad-0acd-4dcd-8131-3c9b9d7f6333","local_time":"20210125175538","is_ascension_mode":true,"campfire_choices":[{"data":"Heavy Blade","floor":11,"key":"SMITH"},{"data":"Berserk","floor":15,"key":"SMITH"}],"circlet_count":0,"master_deck":["Strike_R","Strike_R","Strike_R","Strike_R","Strike_R","Defend_R","Defend_R","Defend_R","Defend_R","Bash","Shrug It Off","Heavy Blade+1","Infernal Blade","Headbutt","hubris:CleavingFinish","Replay:Undeath\u0027s Touch","Inflame","Armaments","Berserk+1","Flex","Limit Break"],"relics":["Burning Blood","CeramicFish","Akabeko","King of Hearts","aspiration:RunicSpoon"],"acts_visited":["Exordium","TheCity"],"potions_floor_usage":[7,14,16],"damage_taken":[{"damage":7,"enemies":"Small Slimes","floor":1,"turns":3},{"damage":1,"enemies":"Jaw Worm","floor":2,"turns":6},{"damage":0,"enemies":"Cultist","floor":3,"turns":4},{"damage":7,"enemies":"2 Fungi Beasts","floor":4,"turns":4},{"damage":32,"enemies":"Gremlin Nob","floor":6,"turns":4},{"damage":26,"enemies":"Large Slime","floor":7,"turns":8},{"damage":15,"enemies":"Lots of Slimes","floor":10,"turns":3},{"damage":9,"enemies":"3 Louse","floor":12,"turns":2},{"damage":17,"enemies":"3 Sentries","floor":14,"turns":5},{"damage":66,"enemies":"Fading Forest","floor":16,"turns":11},{"damage":1,"enemies":"3 Byrds","floor":18,"turns":2}],"seed_played":"-1807071349556735315","potions_obtained":[{"floor":0,"key":"Adrenaline Potion"},{"floor":0,"key":"FairyPotion"},{"floor":0,"key":"HeartOfIron"},{"floor":7,"key":"FairyPotion"},{"floor":14,"key":"Weak Potion"}],"is_trial":false,"path_per_floor":["M","M","M","M","?","E","M","$","T","M","R","M","?","E","R","B",null,"M"],"character_chosen":"IRONCLAD","items_purchased":["Inflame"],"campfire_rested":0,"item_purchase_floors":[8],"current_hp_per_floor":[71,76,80,79,84,58,38,38,38,29,29,26,26,15,15,13,67,66,66],"gold":340,"neow_bonus":"THREE_SMALL_POTIONS","is_daily":false,"chose_seed":false,"campfire_upgraded":2,"win_rate":0.0,"timestamp":1611618938,"path_taken":["M","M","M","M","?","E","M","$","T","M","R","M","?","E","R","BOSS","M"],"items_purchased_type":["Card"],"build_version":"2020-12-22","purchased_purges":0,"victory":false,"max_hp_per_floor":[80,80,80,80,85,85,85,85,85,85,85,85,85,85,85,85,85,85,85],"card_choices":[{"not_picked":["Whirlwind","Warcry"],"picked":"Shrug It Off","floor":1},{"not_picked":["Body Slam","Life Link"],"picked":"Heavy Blade","floor":2},{"not_picked":["Sentinel","Pommel Strike"],"picked":"Infernal Blade","floor":3},{"not_picked":["Clothesline","Flame Barrier"],"picked":"Headbutt","floor":4},{"not_picked":["ReplayTheSpireMod:Strike From Hell","ReplayReversal"],"picked":"hubris:CleavingFinish","floor":6},{"not_picked":["Exhume","True Grit"],"picked":"Replay:Undeath\u0027s Touch","floor":7},{"not_picked":["Run Through","Wild Strike"],"picked":"Armaments","floor":10},{"not_picked":["Anger","Havoc"],"picked":"Berserk","floor":12},{"not_picked":["Dual Wield","Replay:Undeath\u0027s Touch"],"picked":"Flex","floor":14},{"not_picked":["Replay:Many Hands","hubris:StunningStrike"],"picked":"Limit Break","floor":16}],"player_experience":490237,"relics_obtained":[{"floor":6,"key":"CeramicFish"},{"floor":9,"key":"Akabeko"},{"floor":14,"key":"King of Hearts"}],"event_choices":[{"damage_healed":0,"gold_gain":0,"player_choice":"Donut","damage_taken":0,"max_hp_gain":5,"max_hp_loss":0,"event_name":"Big Fish","floor":5,"gold_loss":0},{"damage_healed":0,"gold_gain":0,"player_choice":"Left Gold","damage_taken":0,"max_hp_gain":0,"max_hp_loss":0,"event_name":"World of Goop","floor":13,"gold_loss":45}],"is_beta":false,"boss_relics":[{"not_picked":["relicPack:ShieldShield","infinitespire:Cupcake"],"picked":"aspiration:RunicSpoon"}],"items_purged_floors":[],"is_endless":false,"potions_floor_spawned":[2,7,10,14],"killed_by":"3 Byrds","ascension_level":9}}