{"host":"CK","time":1611544160,"event":{"mods":["2.2 Compatiblity","BaseMod","Bestiary","Block Reminder","Colored Powertips","DeckTracker","Displayed Cursed Tome","Minty Spire (QoL Compilation)","Permanent Neow","Slay-I","Unknown Chances"],"gold_per_floor":[115,125,145,145,157,157,176,176,176,203,203,231,231,250,250,329,329,340,355,366,366,378,378,378,378,403,403,403],"floor_reached":27,"language":"ENG","playtime":1749,"items_purged":[],"score":439,"play_id":"323269cf-d0cc-427b-9a42-78b8338150b4","local_time":"20210124190920","is_ascension_mode":true,"campfire_choices":[{"data":"Glacier","floor":6,"key":"SMITH"},{"data":"Dualcast","floor":8,"key":"SMITH"},{"data":"Darkness","floor":11,"key":"SMITH"},{"data":"Beam Cell","floor":15,"key":"SMITH"},{"data":"Darkness","floor":23,"key":"SMITH"},{"data":"Self Repair","floor":25,"key":"SMITH"}],"circlet_count":0,"master_deck":["AscendersBane","Strike_B","Strike_B","Strike_B","Strike_B","Defend_B","Defend_B","Defend_B","Defend_B","Zap","Dualcast+1","CurseOfTheBell","Glacier+1","Steam","Leap","Darkness+1","Sweeping Beam","Beam Cell+1","Multi-Cast","Darkness+1","Conserve Battery","Coolheaded+1","Decay","Self Repair+1"],"relics":["Calling Bell","Nunchaku","Symbiotic Virus","Turnip","InkBottle","Potion Belt","Girya","Mercury Hourglass","Velvet Choker","Art of War"],"acts_visited":["Exordium","TheCity"],"potions_floor_usage":[5,12,27],"damage_taken":[{"damage":8,"enemies":"Small Slimes","floor":1,"turns":3},{"damage":0,"enemies":"Cultist","floor":2,"turns":3},{"damage":0,"enemies":"2 Louse","floor":3,"turns":3},{"damage":7,"enemies":"Lots of Slimes","floor":5,"turns":3},{"damage":7,"enemies":"Gremlin Gang","floor":7,"turns":11},{"damage":33,"enemies":"Lagavulin","floor":10,"turns":9},{"damage":6,"enemies":"3 Sentries","floor":12,"turns":5},{"damage":0,"enemies":"3 Louse","floor":14,"turns":3},{"damage":19,"enemies":"The Guardian","floor":16,"turns":12},{"damage":15,"enemies":"3 Byrds","floor":18,"turns":5},{"damage":12,"enemies":"Spheric Guardian","floor":19,"turns":4},{"damage":13,"enemies":"Snecko","floor":20,"turns":4},{"damage":7,"enemies":"Snake Plant","floor":22,"turns":2},{"damage":16,"enemies":"Centurion and Healer","floor":27,"turns":4}],"seed_played":"3915192015659757116","potions_obtained":[{"floor":2,"key":"SmokeBomb"},{"floor":3,"key":"EssenceOfDarkness"},{"floor":10,"key":"SkillPotion"},{"floor":12,"key":"FearPotion"},{"floor":20,"key":"Weak Potion"},{"floor":22,"key":"EssenceOfSteel"}],"is_trial":false,"path_per_floor":["M","M","M","?","M","R","M","R","T","E","R","E","?","M","R","B",null,"M","M","M","?","M","R","?","R","T","M"],"character_chosen":"DEFECT","items_purchased":[],"campfire_rested":0,"item_purchase_floors":[],"current_hp_per_floor":[56,56,56,81,74,74,67,67,67,34,34,28,28,28,28,9,63,48,36,23,23,16,16,16,16,16,0,0],"gold":403,"neow_bonus":"BOSS_RELIC","is_daily":false,"chose_seed":false,"campfire_upgraded":6,"win_rate":0.0,"timestamp":1611544160,"path_taken":["M","M","M","?","M","R","?","R","T","E","R","E","?","?","R","BOSS","M","M","?","?","M","R","?","R","T","M"],"items_purchased_type":[],"build_version":"2020-12-18","purchased_purges":0,"victory":false,"max_hp_per_floor":[71,71,71,81,81,81,81,81,81,81,81,81,81,81,81,81,81,81,81,81,81,81,81,81,81,81,81,81],"card_choices":[{"not_picked":["Beam Cell","Gash"],"picked":"Glacier","floor":1},{"not_picked":["Stack","Hologram"],"picked":"Steam","floor":2},{"not_picked":["Cold Snap","Stack"],"picked":"Biased Cognition","floor":3},{"not_picked":["Conserve Battery","Ball Lightning"],"picked":"Leap","floor":5},{"not_picked":["Gash","Chaos","Redo"],"picked":"SKIP","floor":7},{"not_picked":["Gash","Chaos","Redo"],"picked":"SKIP","floor":7},{"not_picked":["Steam","Creative AI"],"picked":"Darkness","floor":10},{"not_picked":["Amplify","Leap"],"picked":"Sweeping Beam","floor":12},{"not_picked":["Turbo","Steam"],"picked":"Beam Cell","floor":14},{"not_picked":["All For One","Echo Form"],"picked":"Multi-Cast","floor":16},{"not_picked":["Steam+1","Leap"],"picked":"Darkness","floor":18},{"not_picked":["Compile Driver","White Noise"],"picked":"Conserve Battery","floor":19},{"not_picked":["Compile Driver+1","Chill"],"picked":"Coolheaded+1","floor":20},{"not_picked":["Beam Cell","Steam+1"],"picked":"Self Repair","floor":22}],"player_experience":1195097,"relics_obtained":[{"floor":0,"key":"Nunchaku"},{"floor":0,"key":"Symbiotic Virus"},{"floor":0,"key":"Turnip"},{"floor":9,"key":"InkBottle"},{"floor":10,"key":"Potion Belt"},{"floor":12,"key":"Girya"},{"floor":26,"key":"Art of War"}],"event_choices":[{"cards_removed":["Biased Cognition"],"damage_healed":15,"gold_gain":0,"player_choice":"Offered Rare","damage_taken":0,"max_hp_gain":10,"max_hp_loss":0,"event_name":"Bonfire Elementals","floor":4,"gold_loss":0},{"damage_healed":0,"gold_gain":0,"player_choice":"Gave Potion","damage_taken":0,"relics_obtained":["Mercury Hourglass"],"max_hp_gain":0,"max_hp_loss":0,"event_name":"WeMeetAgain","floor":13,"gold_loss":0},{"damage_healed":0,"gold_gain":0,"player_choice":"Smashed Altar","damage_taken":0,"max_hp_gain":0,"max_hp_loss":0,"event_name":"Forgotten Altar","floor":21,"gold_loss":0,"cards_obtained":["Decay"]},{"damage_healed":0,"gold_gain":0,"player_choice":"Ignored","damage_taken":0,"max_hp_gain":0,"max_hp_loss":0,"event_name":"Cursed Tome","floor":24,"gold_loss":0}],"is_beta":true,"boss_relics":[{"not_picked":["Black Star","Busted Crown"],"picked":"Velvet Choker"}],"items_purged_floors":[],"is_endless":false,"potions_floor_spawned":[2,3,10,12,20,22],"killed_by":"Centurion and Healer","ascension_level":19}}