{"host":"09c1j7k0szn5tpd7","time":1611612727,"event":{"mods":["BaseMod","Googly Eyes","Hubris","Infinite Spire","Minty Spire (QoL Compilation)","Replay The Spire","StSLib","??????REMEMod"],"gold_per_floor":[118,138,63,63,78,78,78,78,101,121,121,152,52,64,64,164,164,181,197,72,86,100,100,126,126,152,165,165,15,43,43,43,117,117,131,131,146,126,145,172,184,209,209,209,209],"floor_reached":44,"language":"ENG","playtime":8458,"items_purged":["Strike_B","Strike_B","Defend_B","Strike_B","Defend_B"],"score":1020,"play_id":"509f9ef3-8476-4ba8-b097-3b06b5bc3d90","local_time":"20210125231207","is_ascension_mode":true,"campfire_choices":[{"floor":6.0,"key":"REST"},{"floor":6.0,"key":"RECALL"},{"floor":8.0,"key":"REST"},{"data":"Zap","floor":8.0,"key":"SMITH"},{"floor":11.0,"key":"REST"},{"data":"Dualcast","floor":11.0,"key":"SMITH"},{"floor":15.0,"key":"REST"},{"data":"Barrage","floor":23,"key":"SMITH"},{"floor":28,"key":"REST"},{"data":"Crystallizer","floor":28,"key":"SMITH"},{"floor":32,"key":"REST"},{"data":"REME_Shoggoth","floor":32,"key":"SMITH"}],"circlet_count":0,"master_deck":["AscendersBane","Defend_B","Defend_B","Zap+1","Dualcast+1","ReplayTheSpireMod:Calculation Training+1","Time Bomb","infinitespire:Oblivion","REME_Shoggoth","Barrage+1","Compile Driver","ReplayRNGCard","Go for the Eyes","Go for the Eyes","Tempest","Crystallizer+1","REME_Shoggoth+1","infinitespire:Gouge","Rainbow","Scrape+1","Beam Cell","Steam Power","Rainbow","REME_Shoggoth"],"relics":["Cracked Core","REME_ComplimentaryCards","infinitespire:Magic Flask","Pet Ghost","infinitespire:Freezer","hubris:TerracottaHorce","Darkstone Periapt","hubris:SlimyHat","Replay:Bottled Steam","Durian","hubris:Backtick","hubris:64BitClover","Prayer Wheel","Prayer Wheel","Peace Pipe","infinitespire:Joker Card"],"acts_visited":["Exordium","TheCity","TheBeyond"],"potions_floor_usage":[],"damage_taken":[{"damage":8.0,"enemies":"Jaw Worm","floor":1.0,"turns":4.0},{"damage":3.0,"enemies":"2 Louse","floor":2.0,"turns":3.0},{"damage":18.0,"enemies":"infinitespire:Voidling","floor":5.0,"turns":4.0},{"damage":29.0,"enemies":"Lots of Slimes","floor":10.0,"turns":5.0},{"damage":10.0,"enemies":"Lagavulin","floor":12.0,"turns":5.0},{"damage":0.0,"enemies":"2 Fungi Beasts","floor":14.0,"turns":2.0},{"damage":1.0,"enemies":"The Guardian","floor":16.0,"turns":6.0},{"damage":0.0,"enemies":"3 Byrds","floor":18.0,"turns":2.0},{"damage":7.0,"enemies":"Shell Parasite","floor":19.0,"turns":4.0},{"damage":6.0,"enemies":"Sentry and Sphere","floor":21.0,"turns":3.0},{"damage":13.0,"enemies":"Centurion and Healer","floor":22.0,"turns":2.0},{"damage":11,"enemies":"Gremlin Leader","floor":24,"turns":5},{"damage":0,"enemies":"Chosen and Byrds","floor":27,"turns":2},{"damage":20,"enemies":"REME_1_Revenger","floor":30,"turns":4},{"damage":14,"enemies":"Pondfish","floor":33,"turns":7},{"damage":0,"enemies":"Orb Walker","floor":35,"turns":2},{"damage":1,"enemies":"3 Shapes","floor":37,"turns":3},{"damage":0,"enemies":"3 Darklings","floor":39,"turns":2},{"damage":8,"enemies":"R_Hoarder","floor":40,"turns":7},{"damage":2,"enemies":"Spire Growth","floor":41,"turns":3},{"damage":4,"enemies":"Nemesis","floor":42,"turns":3},{"damage":66,"enemies":"Nightmare","floor":44,"turns":6}],"seed_played":"-8553462099982145381","potions_obtained":[{"floor":5.0,"key":"SteroidPotion"},{"floor":10.0,"key":"Ancient Potion"},{"floor":16.0,"key":"Doom Potion"},{"floor":19.0,"key":"Fruit Juice"},{"floor":24,"key":"SmokeBomb"}],"is_trial":false,"path_per_floor":["M","M","$","?","M","R","?","R","T","M","R","E","$","M","R","B",null,"M","M","$","M","M","R","E","?","T","M","R","$","E","AVR","R","B",null,"M","?","M","?","M","E","M","E","T","NM"],"character_chosen":"DEFECT","items_purchased":[],"campfire_rested":6,"item_purchase_floors":[],"current_hp_per_floor":[42,39,39,21,3,25,25,47,47,18,40,30,30,30,52,51,69,69,62,67,61,48,48,37,37,37,37,61,61,41,46,71,57,78,78,81,80,80,80,72,70,66,66,0,0],"gold":209,"neow_bonus":"ONE_RARE_RELIC","is_daily":false,"chose_seed":false,"campfire_upgraded":5,"win_rate":0.0,"timestamp":1611612727,"path_taken":["M","M","$","?","M","R","?","R","T","M","R","E","$","?","R","BOSS","M","?","$","M","M","R","E","?","T","?","R","?","E","AVR","R","BOSS","M","?","M","?","M","E","M","E","T","NM"],"items_purchased_type":[],"build_version":"2020-12-22","purchased_purges":5,"victory":false,"max_hp_per_floor":[75,75,75,75,75,75,75,75,75,75,75,75,75,75,75,75,75,75,75,80,80,80,80,80,80,80,80,80,80,80,85,85,85,85,85,88,88,88,88,88,88,88,88,88,88],"card_choices":[{"not_picked":["Cold Snap","Conserve Battery"],"picked":"ReplayTheSpireMod:Calculation Training","floor":1.0},{"not_picked":["Turbo","Go for the Eyes"],"picked":"Time Bomb","floor":2.0},{"not_picked":["infinitespire:TheBestDefense","ReplayTheSpireMod:Chaos Vortex"],"picked":"infinitespire:Oblivion","floor":4.0},{"not_picked":["Steam","Darkness","Coolheaded"],"picked":"SKIP","floor":5.0},{"not_picked":["Panic Button","Streamline"],"picked":"REME_Shoggoth","floor":10.0},{"not_picked":["Auto Shields","Conserve Battery"],"picked":"Barrage","floor":12.0},{"not_picked":["REME_Whirling","Beam Cell"],"picked":"Compile Driver","floor":14.0},{"not_picked":["Meteor Strike","Biased Cognition"],"picked":"ReplayRNGCard","floor":16.0},{"not_picked":["Stack","Coolheaded"],"picked":"Go for the Eyes","floor":18.0},{"not_picked":["Sweeping Beam","Barrage","Hologram"],"picked":"SKIP","floor":19.0},{"not_picked":["hubris:SpecializedCircuitry","ReplayTheSpireMod:Repulse"],"picked":"Go for the Eyes","floor":21.0},{"not_picked":["ReplayTheSpireMod:GoodbyeWorld","Barrage+1","Sweeping Beam"],"picked":"SKIP","floor":22.0},{"not_picked":["Hologram","Reinforced Body","Rebound"],"picked":"SKIP","floor":24},{"not_picked":["Compile Driver+1","Lockon+1"],"picked":"Crystallizer","floor":27},{"not_picked":["Time Bomb","Barrage"],"picked":"REME_Shoggoth","floor":30},{"not_picked":["Meteor Strike","ReplayTheSpireMod:Fabricate Wheel"],"picked":"Rainbow","floor":33},{"not_picked":["Cold Snap","Sweeping Beam"],"picked":"Scrape+1","floor":35},{"not_picked":["Steam+1","BootSequence"],"picked":"Beam Cell","floor":37},{"not_picked":["Sweeping Beam","Beam Cell"],"picked":"Steam Power","floor":39},{"not_picked":["Leap+1","Streamline"],"picked":"Rainbow","floor":40},{"not_picked":["Rip and Tear+1","BasicCrystalCard","Cold Snap"],"picked":"SKIP","floor":41},{"not_picked":["Redo","Chaos","Stack"],"picked":"SKIP","floor":41},{"not_picked":["Cold Snap+1","Leap","Stack"],"picked":"SKIP","floor":41},{"not_picked":["ReplayTheSpireMod:GoodbyeWorld","BasicCrystalCard"],"picked":"REME_Shoggoth","floor":42}],"player_experience":939127,"relics_obtained":[{"floor":9.0,"key":"Pet Ghost"},{"floor":12.0,"key":"infinitespire:Freezer"},{"floor":24,"key":"Darkstone Periapt"},{"floor":26,"key":"hubris:SlimyHat"},{"floor":30,"key":"Replay:Bottled Steam"},{"floor":40,"key":"Peace Pipe"},{"floor":42,"key":"infinitespire:Joker Card"}],"event_choices":[{"damage_healed":0.0,"max_hp_gain":0.0,"max_hp_loss":0.0,"gold_gain":0.0,"event_name":"Accursed Blacksmith","player_choice":"Forge","floor":7.0,"gold_loss":0.0,"damage_taken":0.0,"cards_upgraded":["ReplayTheSpireMod:Calculation Training"]},{"damage_healed":0,"gold_gain":0,"cards_transformed":["Strike_B"],"player_choice":"Transformed","damage_taken":0,"max_hp_gain":0,"max_hp_loss":0,"event_name":"Transmorgrifier","floor":25,"gold_loss":0,"cards_obtained":["Tempest"]},{"damage_healed":0,"gold_gain":0,"player_choice":"Bought 1 Potion","damage_taken":0,"max_hp_gain":0,"max_hp_loss":0,"event_name":"The Woman in Blue","floor":38,"gold_loss":0}],"is_beta":false,"boss_relics":[{"not_picked":["hubris:BlackHole","Coffee Dripper"],"picked":"hubris:TerracottaHorce"},{"not_picked":["Honey Jar","hubris:CrackedHourglass"],"picked":"hubris:Backtick"}],"items_purged_floors":[3,13,20,29,31],"is_endless":false,"potions_floor_spawned":[5,10,16,19,24,30,37,41],"killed_by":"Nightmare","ascension_level":11}}