{"host":"nukjzc0ca34w6eem","time":1611594571,"event":{"mods":["2.2 Compatiblity","AchievementEnabler","BaseMod","Colored Powertips","Downfall","Minty Spire (QoL Compilation)","StSLib"],"gold_per_floor":[99,114,127,127,37,57,57,42,54,88,104,117,117,127,144,144,144,144],"floor_reached":16,"language":"ENG","playtime":1806,"items_purged":["bronze:Defend"],"score":106,"play_id":"66f3fbda-3710-4b4b-b50a-fa50655f6ea8","local_time":"20210125090931","is_ascension_mode":false,"campfire_choices":[{"floor":1.0,"key":"RECALL"},{"data":"bronze:Repulsor","floor":13,"key":"SMITH"}],"circlet_count":0,"master_deck":["bronze:Strike","bronze:Strike","bronze:Defend","bronze:Defend","bronze:Replicate","bronze:Goto","bronze:Repulsor+1","bronze:DarkDash","Normality","bronze:BronzeOrb","bronze:Turbo","bronze:WhirlingStrike","bronze:WildBeam","bronze:Boost","bronze:BuggyMess"],"relics":["bronze:BronzeCore","hexamod:CandleOfCauterizing","Kunai"],"acts_visited":["Exordium"],"potions_floor_usage":[10,12],"damage_taken":[{"damage":0.0,"enemies":"2 Louse","floor":2.0,"turns":3.0},{"damage":1.0,"enemies":"Cultist","floor":3.0,"turns":3.0},{"damage":0.0,"enemies":"downfall:FleeingMerchant","floor":5.0,"turns":4.0},{"damage":0.0,"enemies":"Small Slimes","floor":6.0,"turns":2.0},{"damage":7.0,"enemies":"downfall:FleeingMerchant","floor":8.0,"turns":4.0},{"damage":18.0,"enemies":"2 Fungi Beasts","floor":9.0,"turns":3.0},{"damage":5,"enemies":"3 Sentries","floor":10,"turns":5},{"damage":2,"enemies":"Red Slaver","floor":11,"turns":3},{"damage":7,"enemies":"Exordium Thugs","floor":12,"turns":4},{"damage":3,"enemies":"Blue Slaver","floor":14,"turns":3},{"damage":10,"enemies":"Gremlin Gang","floor":15,"turns":4},{"damage":14,"enemies":"IC_STATUS_ARCHETYPE","floor":16,"turns":4}],"seed_played":"-7626298266353034466","potions_obtained":[{"floor":2.0,"key":"Energy Potion"},{"floor":6.0,"key":"LiquidBronze"},{"floor":9.0,"key":"DistilledChaos"},{"floor":10,"key":"SpeedPotion"},{"floor":15,"key":"SpeedPotion"}],"is_trial":false,"path_per_floor":["R","M","M","?","$","M","T","$","M","E","M","M","R","M","M","B"],"character_chosen":"THE_AUTOMATON","items_purchased":[],"campfire_rested":0,"item_purchase_floors":[],"current_hp_per_floor":[77,77,76,76,76,76,76,69,51,46,44,37,37,34,24,10,10,10],"gold":144,"neow_bonus":"TEN_PERCENT_HP_BONUS","is_daily":false,"chose_seed":false,"campfire_upgraded":1,"win_rate":0.0,"timestamp":1611594571,"path_taken":["R","M","M","?","$","M","T","?","M","E","M","M","R","M","M","BOSS"],"items_purchased_type":[],"build_version":"2020-12-22","purchased_purges":1,"victory":false,"max_hp_per_floor":[77,77,77,77,77,77,77,77,77,77,77,77,77,77,77,77,77,77],"card_choices":[{"not_picked":["bronze:BitShift","bronze:FineTuning"],"picked":"bronze:Repulsor","floor":2.0},{"not_picked":["bronze:Philosophize","bronze:Turbo"],"picked":"bronze:DarkDash","floor":3.0},{"not_picked":["bronze:ForLoop","bronze:Invalidate"],"picked":"bronze:BronzeOrb","floor":5.0},{"not_picked":["bronze:Allocate","bronze:Frontload"],"picked":"bronze:Turbo","floor":6.0},{"not_picked":["bronze:Terminator","bronze:Safeguard"],"picked":"bronze:WhirlingStrike","floor":8.0},{"not_picked":["bronze:Branch","bronze:FineTuning"],"picked":"bronze:WildBeam","floor":9.0},{"not_picked":["bronze:HyperBeam","bronze:CutThrough"],"picked":"bronze:Boost","floor":10},{"not_picked":["bronze:ForceShield","bronze:CutThrough"],"picked":"bronze:BuggyMess","floor":11},{"not_picked":["bronze:BronzeArmor","bronze:CloningBeam","bronze:DelayedSlice"],"picked":"SKIP","floor":12},{"not_picked":["bronze:ForceShield","bronze:BronzeOrb","bronze:Iterate"],"picked":"SKIP","floor":14},{"not_picked":["bronze:Frontload","bronze:CloningBeam","bronze:Boost"],"picked":"SKIP","floor":15}],"player_experience":542983,"relics_obtained":[{"floor":7.0,"key":"hexamod:CandleOfCauterizing"},{"floor":10,"key":"Kunai"}],"event_choices":[],"is_beta":false,"boss_relics":[],"items_purged_floors":[5],"is_endless":false,"potions_floor_spawned":[2,6,9,10,15],"killed_by":"IC_STATUS_ARCHETYPE","ascension_level":0}}