{"host":"w01zow3jg16g8jdh","time":1611579644,"event":{"mods":["AchievementEnabler","BaseMod","DeckTracker","Keyboard Shortcuts","Minty Spire (QoL Compilation)","Permanent Neow","StSLib","SuperFastMode"],"gold_per_floor":[117,117,117,131,144,176,176,195,242,271,346,346,356,384,384,461,461,480,497,497,325,345,345,260,271,296,308,325,65,65,81,81,155,155,165,29,45,65,83,115,115,115,141,160,489,501,536,547,547,547,547,547],"floor_reached":51,"language":"KOR","playtime":1449,"items_purged":["Strike_R","Strike_R"],"score":1551,"play_id":"a5652bdd-3b03-4d44-bfba-b0380271134a","local_time":"20210125220044","is_ascension_mode":true,"campfire_choices":[{"data":"Pommel Strike","floor":7.0,"key":"SMITH"},{"data":"Pommel Strike","floor":12.0,"key":"SMITH"},{"floor":15.0,"key":"REST"},{"floor":23.0,"key":"REST"},{"floor":30.0,"key":"REST"},{"floor":32.0,"key":"REST"},{"floor":42.0,"key":"RECALL"},{"floor":49.0,"key":"REST"}],"circlet_count":0,"master_deck":["AscendersBane","Strike_R","Strike_R","Strike_R","Defend_R","Defend_R","Defend_R","Defend_R","Bash+1","Pommel Strike+1","Power Through","Pommel Strike+1","Fiend Fire","Barricade+1","Shrug It Off","Burning Pact+1","Ghostly Armor","Battle Trance","Havoc+1"],"relics":["Burning Blood","Sundial","PreservedInsect","Bag of Marbles","Smiling Mask","Boot","Philosopher\u0027s Stone","Orrery","Pen Nib","Dream Catcher","Membership Card","Runic Pyramid","TheAbacus","Girya","Old Coin","Mercury Hourglass"],"acts_visited":["Exordium","TheCity","TheBeyond"],"potions_floor_usage":[50],"damage_taken":[{"damage":10.0,"enemies":"2 Louse","floor":1.0,"turns":3.0},{"damage":4.0,"enemies":"Jaw Worm","floor":4.0,"turns":4.0},{"damage":6.0,"enemies":"Cultist","floor":5.0,"turns":3.0},{"damage":8.0,"enemies":"Gremlin Nob","floor":6.0,"turns":3.0},{"damage":7.0,"enemies":"Exordium Wildlife","floor":8.0,"turns":5.0},{"damage":15.0,"enemies":"Lagavulin","floor":10.0,"turns":5.0},{"damage":12.0,"enemies":"Looter","floor":13.0,"turns":4.0},{"damage":25.0,"enemies":"3 Sentries","floor":14.0,"turns":10.0},{"damage":36.0,"enemies":"Slime Boss","floor":16.0,"turns":7.0},{"damage":4.0,"enemies":"2 Thieves","floor":18.0,"turns":4.0},{"damage":19.0,"enemies":"Shell Parasite","floor":19.0,"turns":5.0},{"damage":44.0,"enemies":"Sentry and Sphere","floor":22.0,"turns":11.0},{"damage":23.0,"enemies":"Cultist and Chosen","floor":25.0,"turns":4.0},{"damage":5.0,"enemies":"Centurion and Healer","floor":27.0,"turns":3.0},{"damage":4.0,"enemies":"Snecko","floor":28.0,"turns":8.0},{"damage":29.0,"enemies":"Shelled Parasite and Fungi","floor":31.0,"turns":5.0},{"damage":26.0,"enemies":"Champ","floor":33.0,"turns":9.0},{"damage":0.0,"enemies":"Orb Walker","floor":35.0,"turns":2.0},{"damage":10.0,"enemies":"3 Darklings","floor":37.0,"turns":3.0},{"damage":0.0,"enemies":"4 Shapes","floor":38.0,"turns":4.0},{"damage":44.0,"enemies":"Sphere and 2 Shapes","floor":39.0,"turns":4.0},{"damage":1.0,"enemies":"Nemesis","floor":40.0,"turns":3.0},{"damage":0.0,"enemies":"Maw","floor":44.0,"turns":4.0},{"damage":0.0,"enemies":"Giant Head","floor":45.0,"turns":4.0},{"damage":4.0,"enemies":"Transient","floor":46.0,"turns":6.0},{"damage":20.0,"enemies":"Nemesis","floor":47.0,"turns":5.0},{"damage":18.0,"enemies":"Jaw Worm Horde","floor":48.0,"turns":3.0},{"damage":44,"enemies":"Awakened One","floor":50,"turns":4},{"damage":8,"enemies":"Donu and Deca","floor":51,"turns":3}],"seed_played":"-9197172179218305021","potions_obtained":[{"floor":4.0,"key":"Explosive Potion"},{"floor":5.0,"key":"FearPotion"},{"floor":13.0,"key":"SneckoOil"},{"floor":14.0,"key":"BlessingOfTheForge"},{"floor":22.0,"key":"Strength Potion"},{"floor":25.0,"key":"AttackPotion"},{"floor":28.0,"key":"BlessingOfTheForge"},{"floor":31.0,"key":"DuplicationPotion"},{"floor":39.0,"key":"Swift Potion"},{"floor":40.0,"key":"Explosive Potion"},{"floor":45.0,"key":"ColorlessPotion"}],"is_trial":false,"path_per_floor":["M","?","?","M","M","E","R","M","T","E","?","R","M","E","R","B",null,"M","M","?","$","M","R","?","M","T","M","M","$","R","M","R","B",null,"M","$","M","M","M","E","?","R","T","M","E","M","E","M","R","B","B"],"character_chosen":"IRONCLAD","items_purchased":["Orrery","Membership Card","Regen Potion","TheAbacus"],"campfire_rested":5,"item_purchase_floors":[21,29,29,36],"current_hp_per_floor":[64,64,64,66,66,64,64,63,63,54,43,43,37,18,40,10,59,61,48,48,48,10,32,32,15,15,16,18,18,40,17,39,34,65,71,71,67,73,35,40,40,40,40,46,52,54,40,28,50,12,4,4],"gold":547,"neow_bonus":"UPGRADE_CARD","is_daily":false,"chose_seed":false,"campfire_upgraded":2,"win_rate":0.0,"timestamp":1611579644,"path_taken":["M","?","?","M","M","E","R","?","T","E","?","R","M","E","R","BOSS","M","M","?","$","M","R","?","M","T","M","M","$","R","M","R","BOSS","M","$","M","M","M","E","?","R","T","M","E","M","E","M","R","BOSS","BOSS"],"items_purchased_type":["Relic","Relic","Potion","Relic"],"build_version":"2020-12-22","purchased_purges":2,"victory":false,"max_hp_per_floor":[75,75,75,75,75,75,75,75,75,75,75,75,75,75,75,75,75,75,75,75,75,75,75,75,75,75,75,75,75,75,75,75,75,75,75,75,75,75,75,75,75,75,75,75,75,75,75,75,75,75,75,75],"card_choices":[{"not_picked":["Perfected Strike","Combust","Headbutt"],"picked":"SKIP","floor":1.0},{"not_picked":["Iron Wave","Armaments","Headbutt"],"picked":"SKIP","floor":4.0},{"not_picked":["Limit Break","Shrug It Off"],"picked":"Pommel Strike","floor":5.0},{"not_picked":["Immolate","Carnage"],"picked":"Power Through","floor":6.0},{"not_picked":["Disarm","Havoc"],"picked":"Pommel Strike","floor":8.0},{"not_picked":["Anger","Heavy Blade","Bloodletting"],"picked":"SKIP","floor":10.0},{"not_picked":["Iron Wave","Cleave","Spot Weakness"],"picked":"SKIP","floor":13.0},{"not_picked":["Heavy Blade","Twin Strike"],"picked":"Fiend Fire","floor":14.0},{"not_picked":["Exhume","Bludgeon"],"picked":"Barricade","floor":16.0},{"not_picked":["Pummel","Cleave"],"picked":"Shrug It Off","floor":18.0},{"not_picked":["Warcry","Sentinel","Wild Strike"],"picked":"SKIP","floor":19.0},{"not_picked":["Fire Breathing+1","Pommel Strike"],"picked":"Burning Pact+1","floor":21.0},{"not_picked":["Fiend Fire","Intimidate"],"picked":"Ghostly Armor","floor":21.0},{"not_picked":["Thunderclap","Pommel Strike","Warcry"],"picked":"SKIP","floor":22.0},{"not_picked":["True Grit","Reckless Charge"],"picked":"Battle Trance","floor":25.0},{"not_picked":["Anger","Dual Wield","Havoc"],"picked":"SKIP","floor":27.0},{"not_picked":["Pommel Strike","Blood for Blood","True Grit"],"picked":"SKIP","floor":28.0},{"not_picked":["Heavy Blade","Flex+1","Sword Boomerang"],"picked":"SKIP","floor":31.0},{"not_picked":["Rampage+1","Pommel Strike","Clothesline"],"picked":"SKIP","floor":35.0},{"not_picked":["Whirlwind+1","Twin Strike","Clash+1"],"picked":"SKIP","floor":37.0},{"not_picked":["Clash+1","Headbutt","Battle Trance"],"picked":"SKIP","floor":38.0},{"not_picked":["Seeing Red","Barricade","Shrug It Off"],"picked":"SKIP","floor":39.0},{"not_picked":["Heavy Blade","Shockwave+1","Burning Pact"],"picked":"SKIP","floor":40.0},{"not_picked":["Fire Breathing","Iron Wave","Shockwave+1"],"picked":"SKIP","floor":44.0},{"not_picked":["Burning Pact","Dual Wield+1"],"picked":"Havoc+1","floor":45.0},{"not_picked":["Armaments","Iron Wave","Power Through"],"picked":"SKIP","floor":46.0},{"not_picked":["Hemokinesis","Clash+1","Pummel"],"picked":"SKIP","floor":47.0},{"not_picked":["Pummel","Headbutt+1","Perfected Strike"],"picked":"SKIP","floor":48.0}],"player_experience":314751,"relics_obtained":[{"floor":3.0,"key":"Sundial"},{"floor":6.0,"key":"PreservedInsect"},{"floor":9.0,"key":"Bag of Marbles"},{"floor":10.0,"key":"Smiling Mask"},{"floor":14.0,"key":"Boot"},{"floor":26.0,"key":"Dream Catcher"},{"floor":40.0,"key":"Girya"},{"floor":45.0,"key":"Old Coin"},{"floor":47.0,"key":"Mercury Hourglass"}],"event_choices":[{"damage_healed":0.0,"max_hp_gain":0.0,"max_hp_loss":0.0,"gold_gain":0.0,"event_name":"Liars Game","player_choice":"Ignored","floor":2.0,"gold_loss":0.0,"damage_taken":0.0},{"damage_healed":0.0,"max_hp_gain":0.0,"max_hp_loss":0.0,"gold_gain":0.0,"event_name":"Wheel of Change","player_choice":"Relic","floor":3.0,"gold_loss":0.0,"damage_taken":0.0},{"damage_healed":0.0,"max_hp_gain":0.0,"max_hp_loss":0.0,"gold_gain":75.0,"event_name":"World of Goop","player_choice":"Gather Gold","floor":11.0,"gold_loss":0.0,"damage_taken":11.0},{"damage_healed":0.0,"max_hp_gain":0.0,"max_hp_loss":0.0,"gold_gain":0.0,"event_name":"Ghosts","player_choice":"Ignored","floor":20.0,"gold_loss":0.0,"damage_taken":0.0},{"damage_healed":0.0,"max_hp_gain":0.0,"max_hp_loss":0.0,"gold_gain":0.0,"event_name":"Addict","player_choice":"Obtained Relic","floor":24.0,"gold_loss":85.0,"damage_taken":0.0,"relics_obtained":["Pen Nib"]},{"damage_healed":0.0,"max_hp_gain":0.0,"max_hp_loss":0.0,"gold_gain":0.0,"event_name":"Upgrade Shrine","player_choice":"Upgraded","floor":41.0,"gold_loss":0.0,"damage_taken":0.0,"cards_upgraded":["Barricade"]}],"is_beta":false,"boss_relics":[{"not_picked":["Busted Crown","Mark of Pain"],"picked":"Philosopher\u0027s Stone"},{"not_picked":["Astrolabe","Coffee Dripper"],"picked":"Runic Pyramid"}],"items_purged_floors":[29,36],"is_endless":false,"potions_floor_spawned":[4,5,13,14,22,25,28,31,39,40,45,46],"killed_by":"Donu and Deca","ascension_level":20}}