{"host":"0uumfqrc8aynrssa","time":1611584874,"event":{"mods":["AchievementEnabler","Act Like it!","Aspiration","Astrologer","BaseMod","Better Altar","Better Match","Better Note","Better Sensory Stone","Better Skull","Better Third Choice","Better Vampires","CapriCore","Colored Map","Colored Powertips","Conspire","Downfall","Energized Spire","Friendly Minions","Gensokyo","GifTheSpireLib","Hallownest","Hermit","Highlight Path","Hubris","Infinite Spire","Koishi","Marisa????????","Marked Mod","Minty Spire (QoL Compilation)","Pale of the Ancients","Permanent Neow","Potionbrewer","Random Character Button","Rare Cards Sparkle","Reimu??????","Relic Sorter","Reliquary","Remilia??????","Robot Space Explorer","Shop Mod","Somnambulant","Spicy Shops","Spikes Relics","Spire Arcade","StSLib","Stuff the Spire","The Animator","The Awakened One except there are too many feathers","The Bug Knight","The Cursed","The Hierophant","The Immortal","The Marked","The Problem Sleuth","The Runesmith","The Servant 0.9.4","TheBandit","TheFirefly","Trackpad","Wandering Minibosses","everything is the same but u backflip on backflip","slay the spire mod where everything is the same but ironclad has a cowboy hat"],"gold_per_floor":[119,119,119,3,19,54,54,283,283,26,26,37,47,47,47,144,144,163,174,11,11,21,21,46,46,46,258,258,284,338,350,350,449,449,467,467,487,503,503,503,516,441,464,13,30,30,50,68,68,68,47,47,47,72,72,52,52,52,52,52,52],"floor_reached":60,"language":"ENG","playtime":6360,"items_purged":["PrepareRite:ReiMu"],"score":946,"play_id":"916a78e2-a5d3-4d57-a98b-03b6ad9e315d","local_time":"20210125092754","is_ascension_mode":false,"campfire_choices":[{"floor":7.0,"key":"REST"},{"floor":11.0,"key":"REST"},{"data":"Conquer:ReiMu","floor":15.0,"key":"SMITH"},{"data":"SubcavityFantasy:ReiMu","floor":23.0,"key":"SMITH"},{"floor":25.0,"key":"REST"},{"floor":28.0,"key":"REST"},{"data":"SpreadBorder2:ReiMu","floor":32.0,"key":"SMITH"},{"data":"HakureiPhantom:ReiMu","floor":40.0,"key":"SMITH"},{"floor":49.0,"key":"REST"},{"data":"SpreadBorder2:ReiMu","floor":55,"key":"SMITH"},{"floor":57,"key":"REST"}],"circlet_count":0,"master_deck":["Strike_Lin:ReiMu","Strike_Lin:ReiMu","Defend_Lin:ReiMu","Defend_Lin:ReiMu","Defend_Lin:ReiMu","Defend_Lin:ReiMu","NB:ReiMu","Stagnation:ReiMu","Bandage Up","Conquer:ReiMu+1","AlertArray:ReiMu+1","CareerPray:ReiMu","Revelation:ReiMu","Gathering:ReiMu","Conquer:ReiMu+1","TightArray:ReiMu+1","SubcavityFantasy:ReiMu+1","SpiritualOutbreak2:ReiMu+1","SealNeedle:ReiMu+1","SpreadBorder2:ReiMu+1","HakureiPhantom:ReiMu+1","SpreadBorder2:ReiMu+1","Gensokyo:PrivateSquare","Pride","SpreadBorder2:ReiMu+1","RainPray2:ReiMu","SpreadBorder2:ReiMu","SpiritualOutbreak2:ReiMu+1","Determination:ReiMu+1","Conquer:ReiMu+1","infinitespire:Collect","SpreadBorder2:ReiMu","InherentArray:ReiMu+1"],"relics":["FlyPower:ReiMu","StuffTheSpire:PointBlank","Molten Egg 2","infinitespire:Satchel","SnailShell","hubris:BundleOfHerbs","hubris:Backtick","aspiration:HatOfInfinitePower","Art of War","Frozen Egg 2","Toy Ornithopter","Gensokyo:Companionship","Dead Branch","Bow_fan:ReiMu","hubris:VirtuousBlindfold","Blood Vial","Medical Kit","StuffTheSpire:BottledEssence","potionbrewer:BoosterPack","Regal Pillow","paleoftheancients:Timepiece","CultistMask","paleoftheancients:SoulOfTheIroncluck","trackpad:CultistFigurine","reliquary:QuartzCube"],"acts_visited":["Gensokyo:Gensokyo","Gensokyo:Gensokyoer","Gensokyo:Gensokyoest","paleoftheancients:PaleOfTheAncients"],"potions_floor_usage":[51,51,52,56],"damage_taken":[{"damage":7.0,"enemies":"Gensokyo:3_Fairies","floor":1.0,"turns":7.0},{"damage":2.0,"enemies":"Gensokyo:Python","floor":5.0,"turns":5.0},{"damage":17.0,"enemies":"Gensokyo:Mamizou","floor":6.0,"turns":10.0},{"damage":47.0,"enemies":"Gensokyo:Cirno","floor":8.0,"turns":8.0},{"damage":0.0,"enemies":"Gensokyo:Gryphon","floor":12.0,"turns":3.0},{"damage":3.0,"enemies":"Gensokyo:2_Rabbits","floor":13.0,"turns":4.0},{"damage":6.0,"enemies":"Gensokyo:Yukari","floor":16.0,"turns":7.0},{"damage":0.0,"enemies":"Gensokyo:CosmicMonolith","floor":18.0,"turns":3.0},{"damage":3.0,"enemies":"Gensokyo:Chomper","floor":19.0,"turns":3.0},{"damage":28.0,"enemies":"Gensokyo:Swordslinger","floor":22.0,"turns":4.0},{"damage":27.0,"enemies":"Gensokyo:Tenshi","floor":24.0,"turns":6.0},{"damage":0.0,"enemies":"Gensokyo:Slime_Group","floor":27.0,"turns":5.0},{"damage":3.0,"enemies":"conspire:MimicChest","floor":29.0,"turns":7.0},{"damage":6.0,"enemies":"Gensokyo:Wraith","floor":31.0,"turns":5.0},{"damage":47.0,"enemies":"Gensokyo:Eiki","floor":33.0,"turns":10.0},{"damage":18.0,"enemies":"Gensokyo:AncientGuardian","floor":35.0,"turns":7.0},{"damage":0.0,"enemies":"Gensokyo:3_Bats","floor":37.0,"turns":2.0},{"damage":20.0,"enemies":"Gensokyo:Rafflesia","floor":38.0,"turns":8.0},{"damage":14.0,"enemies":"Gensokyo:Sharpion","floor":41.0,"turns":5.0},{"damage":4.0,"enemies":"Gensokyo:3_Boulders","floor":45.0,"turns":6.0},{"damage":0.0,"enemies":"Gensokyo:4_Bats","floor":47.0,"turns":2.0},{"damage":0.0,"enemies":"Gensokyo:SeedOfUnknown","floor":48.0,"turns":6.0},{"damage":0.0,"enemies":"Gensokyo:Yuyuko","floor":50.0,"turns":8.0},{"damage":34,"enemies":"","floor":51,"turns":13},{"damage":68,"enemies":"","floor":52,"turns":9},{"damage":52,"enemies":"","floor":56,"turns":8},{"damage":68,"enemies":"paleoftheancients:N","floor":60,"turns":12}],"seed_played":"2346613004799701343","potions_obtained":[{"floor":6.0,"key":"potionbrewer:FreezingPotion"},{"floor":12.0,"key":"PinkPotion:ReiMu"},{"floor":13.0,"key":"FearPotion"},{"floor":24.0,"key":"GrandPatriotsElixir:ReiMu"},{"floor":27.0,"key":"potionbrewer:StunPotion"},{"floor":29.0,"key":"AttackPotion"},{"floor":41.0,"key":"Dexterity Potion"},{"floor":47.0,"key":"Weak Potion"},{"floor":48.0,"key":"Fire Potion"},{"floor":51,"key":"potionbrewer:NoxiousPotion"}],"is_trial":false,"path_per_floor":["M","?","?","COS","M","E","R","E","T","$","R","M","M","$","R","B",null,"M","M","COS","$","M","R","E","R","T","M","R","?","T","M","R","B",null,"M","?","M","M","?","R","M","?","T","COS","M","AVR","M","M","R","B","M","M","?","T","R","M","R","T","?","B"],"character_chosen":"REIMU","items_purchased":["SnailShell","Gathering:ReiMu","Conquer:ReiMu+1"],"campfire_rested":6,"item_purchase_floors":[10,10,10],"current_hp_per_floor":[62,62,62,62,63,48,65,22,22,22,41,41,42,42,42,40,65,65,65,65,65,37,37,14,33,33,37,56,62,62,59,59,31,65,47,47,47,31,31,31,21,21,21,21,23,23,25,31,65,65,49,65,65,65,65,22,56,56,56,0,0],"gold":52,"neow_bonus":"RANDOM_COLORLESS","is_daily":false,"chose_seed":false,"campfire_upgraded":5,"win_rate":0.0,"timestamp":1611584874,"path_taken":["M","?","?","COS","M","E","R","E","T","$","R","M","M","?","R","BOSS","M","?","COS","?","M","R","E","R","T","?","R","?","?","M","R","BOSS","M","?","M","M","?","R","M","?","T","COS","M","AVR","M","M","R","BOSS","M","M","?","T","R","M","R","T","?","BOSS"],"items_purchased_type":["Relic","Card","Card"],"build_version":"2020-12-22","purchased_purges":1,"victory":false,"max_hp_per_floor":[65,65,65,65,65,65,65,65,65,65,65,65,65,65,65,65,65,65,65,65,65,65,65,65,65,65,65,65,65,65,65,65,65,65,65,65,65,65,65,65,65,65,65,65,65,65,65,65,65,65,65,65,65,65,65,65,65,65,65,65,65],"card_choices":[{"not_picked":["Purity","Assess"],"picked":"Bandage Up","floor":0.0},{"not_picked":["Mountainwind:ReiMu","SubAcupoint:ReiMu"],"picked":"Conquer:ReiMu","floor":1.0},{"not_picked":["WonderfulDomain:ReiMu","SpreadBorder2:ReiMu"],"picked":"CareerPray:ReiMu","floor":5.0},{"not_picked":["SafetyPray:ReiMu","Amulet:ReiMu","LovePray:ReiMu"],"picked":"SKIP","floor":6.0},{"not_picked":["RainPray2:ReiMu","RunawayExorcism:ReiMu"],"picked":"Revelation:ReiMu","floor":8.0},{"not_picked":["InherentArray:ReiMu","KamiSacrifice:ReiMu","PayForSelf:ReiMu+1"],"picked":"SKIP","floor":12.0},{"not_picked":["Intuition:ReiMu","SubcavityInstant:ReiMu"],"picked":"TightArray:ReiMu+1","floor":13.0},{"not_picked":["Free:ReiMu","Authority:ReiMu"],"picked":"SubcavityFantasy:ReiMu","floor":16.0},{"not_picked":["KamiSacrifice:ReiMu","ManaGlint:ReiMu+1"],"picked":"SpiritualOutbreak2:ReiMu+1","floor":18.0},{"not_picked":["SpringWay:ReiMu","AirManeuver:ReiMu"],"picked":"SealNeedle:ReiMu+1","floor":19.0},{"not_picked":["FantasyBorder:ReiMu","SpiritualOutbreak2:ReiMu+1","EmergencyTakeOff:ReiMu"],"picked":"SKIP","floor":22.0},{"not_picked":["RainPray2:ReiMu+1","Conquer:ReiMu+1"],"picked":"SpreadBorder2:ReiMu","floor":24.0},{"not_picked":["SubAcupoint:ReiMu+1","CareerPray:ReiMu","UpKicking:ReiMu+1"],"picked":"SKIP","floor":27.0},{"not_picked":["Intuition:ReiMu","PayForSelf:ReiMu+1","SubAcupoint:ReiMu+1"],"picked":"SKIP","floor":31.0},{"not_picked":["OctopathSalyBorderN:ReiMu+1","KyokaiOfKami:ReiMu+1"],"picked":"HakureiPhantom:ReiMu","floor":33.0},{"not_picked":["Meditation:ReiMu","CareerPray:ReiMu"],"picked":"SpreadBorder2:ReiMu+1","floor":35.0},{"not_picked":["TakeOff:ReiMu","AlertArray:ReiMu","Meditation:ReiMu"],"picked":"SKIP","floor":37.0},{"not_picked":["Revelation:ReiMu","TightArray:ReiMu+1","AirStrike:ReiMu+1"],"picked":"SKIP","floor":38.0},{"not_picked":["Amulet:ReiMu","FantasyMoon:ReiMu+1","Crusade:ReiMu+1"],"picked":"SKIP","floor":41.0},{"not_picked":["Amulet:ReiMu","SafetyPray:ReiMu+1"],"picked":"Conquer:ReiMu+1","floor":45.0},{"not_picked":["TakeOff:ReiMu+1","KamiSacrifice:ReiMu"],"picked":"SpreadBorder2:ReiMu","floor":47.0},{"not_picked":["SubAcupoint:ReiMu+1","FoulBorder2:ReiMu+1","Dreaming2:ReiMu+1"],"picked":"SKIP","floor":48.0},{"not_picked":["CareerPray:ReiMu","AlertArray:ReiMu"],"picked":"InherentArray:ReiMu+1","floor":51},{"not_picked":["SpringWay:ReiMu","SubcavityInstant:ReiMu","AlertArray:ReiMu"],"picked":"SKIP","floor":56}],"player_experience":923188,"relics_obtained":[{"floor":6.0,"key":"StuffTheSpire:PointBlank"},{"floor":8.0,"key":"Molten Egg 2"},{"floor":9.0,"key":"infinitespire:Satchel"},{"floor":24.0,"key":"Frozen Egg 2"},{"floor":26.0,"key":"Toy Ornithopter"},{"floor":29.0,"key":"Dead Branch"},{"floor":30.0,"key":"Bow_fan:ReiMu"},{"floor":43.0,"key":"Blood Vial"},{"floor":51,"key":"paleoftheancients:SoulOfTheIroncluck"},{"floor":54,"key":"trackpad:CultistFigurine"},{"floor":58,"key":"reliquary:QuartzCube"}],"event_choices":[{"damage_healed":0.0,"max_hp_gain":0.0,"max_hp_loss":0.0,"gold_gain":0.0,"event_name":"betterMatch:BetterMatch","player_choice":"3","floor":42.0,"gold_loss":0.0,"damage_taken":0.0,"cards_obtained":[]},{"damage_healed":0,"gold_gain":0,"player_choice":"Leave","damage_taken":0,"max_hp_gain":0,"max_hp_loss":0,"event_name":"conspire:Investor","floor":53,"gold_loss":0}],"is_beta":false,"boss_relics":[{"not_picked":["Snecko Eye","energizedSpire:MagnifyingGlass"],"picked":"hubris:Backtick"},{"not_picked":["Runic Pyramid","aspiration:IroncladSkillbook"],"picked":"hubris:VirtuousBlindfold"}],"items_purged_floors":[46],"is_endless":false,"potions_floor_spawned":[6,12,13,24,27,29,41,47,48,51],"killed_by":"paleoftheancients:N","ascension_level":0}}