{"host":"6xsbn6ynqlzwllfm","time":1611585446,"event":{"mods":["2.2 Compatiblity","BaseMod","Bestiary","Colored Map","Colored Powertips","Curses Come First","Highlight Path","Keyboard Shortcuts","Minty Spire (QoL Compilation)","Relic Stats","Slay the Relics Exporter","StSLib","SuperFastMode"],"gold_per_floor":[110,129,129,16,30,56,56,72,72,72,85,85,85,110,110,187,187,197,197,78,78,97,97,124,138,138,158,8,28,28,40,40,111,111,122,22,34,45,6,20,20,52,52,80,80,80,112,112,112,112,112],"floor_reached":52,"language":"ENG","playtime":2967,"items_purged":["Pain","Parasite"],"score":2215,"play_id":"7ab7a015-6091-4f64-af02-49ef693b4d9e","local_time":"20210125093726","is_ascension_mode":true,"campfire_choices":[{"data":"True Grit","floor":7,"key":"SMITH"},{"data":"Dark Embrace","floor":10,"key":"SMITH"},{"data":"Feed","floor":12,"key":"SMITH"},{"data":"Brutality","floor":15,"key":"SMITH"},{"data":"Armaments","floor":23,"key":"SMITH"},{"floor":30,"key":"REST"},{"floor":32,"key":"REST"},{"floor":41,"key":"REST"},{"floor":46,"key":"REST"},{"floor":49,"key":"REST"}],"circlet_count":0,"master_deck":["AscendersBane","Bash","Shockwave","True Grit","Seeing Red","Pummel","Body Slam","Cleave","Dark Embrace+1","Power Through","Armaments+1","Headbutt","Feel No Pain","True Grit+1","Anger","Sever Soul","Feed+1","Brutality+1","Reaper","Burning Pact","Evolve","Burning Pact","Offering","Burning Pact+1","Corruption","Flame Barrier","Rupture","Feel No Pain+1","Barricade","Decay","Reaper","Uppercut+1","Madness","Madness"],"relics":["Pandora\u0027s Box","WarpedTongs","InkBottle","Mercury Hourglass","Centennial Puzzle","Cursed Key","Ice Cream","Question Card","Fusion Hammer","Anchor","Regal Pillow","Frozen Egg 2"],"acts_visited":["Exordium","TheCity","TheBeyond"],"potions_floor_usage":[6,14,14,16,22,24,27,33,40,50,51],"damage_taken":[{"damage":3.0,"enemies":"Small Slimes","floor":1.0,"turns":5.0},{"damage":1.0,"enemies":"Cultist","floor":2.0,"turns":5.0},{"damage":2,"enemies":"2 Louse","floor":5,"turns":3},{"damage":22,"enemies":"Lagavulin","floor":6,"turns":5},{"damage":0,"enemies":"2 Fungi Beasts","floor":8,"turns":3},{"damage":1,"enemies":"Large Slime","floor":11,"turns":4},{"damage":0,"enemies":"Gremlin Nob","floor":14,"turns":2},{"damage":23,"enemies":"Slime Boss","floor":16,"turns":7},{"damage":10,"enemies":"Shell Parasite","floor":18,"turns":4},{"damage":23,"enemies":"Spheric Guardian","floor":22,"turns":5},{"damage":15,"enemies":"Gremlin Leader","floor":24,"turns":5},{"damage":17,"enemies":"Shelled Parasite and Fungi","floor":25,"turns":3},{"damage":12,"enemies":"Centurion and Healer","floor":27,"turns":4},{"damage":12,"enemies":"Chosen and Byrds","floor":29,"turns":3},{"damage":25,"enemies":"Shelled Parasite and Fungi","floor":31,"turns":3},{"damage":37,"enemies":"Champ","floor":33,"turns":9},{"damage":26,"enemies":"3 Shapes","floor":35,"turns":3},{"damage":47,"enemies":"3 Darklings","floor":37,"turns":3},{"damage":10,"enemies":"Spire Growth","floor":38,"turns":4},{"damage":34,"enemies":"Transient","floor":40,"turns":6},{"damage":7,"enemies":"Giant Head","floor":42,"turns":2},{"damage":8,"enemies":"Nemesis","floor":44,"turns":3},{"damage":8,"enemies":"Giant Head","floor":47,"turns":3},{"damage":16,"enemies":"Time Eater","floor":50,"turns":6},{"damage":16,"enemies":"Donu and Deca","floor":51,"turns":5}],"seed_played":"-6521283959395047482","potions_obtained":[{"floor":5,"key":"AttackPotion"},{"floor":6,"key":"LiquidMemories"},{"floor":11,"key":"EntropicBrew"},{"floor":14,"key":"Swift Potion"},{"floor":18,"key":"BlessingOfTheForge"},{"floor":22,"key":"Energy Potion"},{"floor":29,"key":"AttackPotion"},{"floor":33,"key":"EssenceOfSteel"},{"floor":35,"key":"Strength Potion"},{"floor":38,"key":"CultistPotion"},{"floor":40,"key":"SkillPotion"}],"is_trial":false,"path_per_floor":["M","M","?","$","M","E","R","M","T","R","M","R","?","E","R","B",null,"M","?","$","?","M","R","E","M","T","M","$","M","R","M","R","B",null,"M","$","M","M","$","M","R","E","T","E","?","R","E","?","R","B","B",null],"character_chosen":"IRONCLAD","items_purchased":["Feel No Pain","True Grit","Evolve","Offering","Rupture"],"campfire_rested":5,"item_purchase_floors":[4,4,20,28,39],"current_hp_per_floor":[65,64,64,64,62,40,40,40,40,40,39,39,39,39,39,20,64,58,58,58,58,39,39,39,31,31,31,31,33,62,41,71,39,87,83,83,51,48,48,27,58,51,51,56,56,103,112,92,112,112,115],"gold":112,"neow_bonus":"BOSS_RELIC","is_daily":false,"chose_seed":false,"campfire_upgraded":5,"win_rate":0.0,"timestamp":1611585446,"path_taken":["M","M","?","$","?","E","R","M","T","R","M","R","?","E","R","BOSS","M","?","$","?","M","R","E","M","T","M","$","M","R","M","R","BOSS","M","$","M","?","$","M","R","E","T","E","?","R","E","?","R","BOSS","BOSS"],"items_purchased_type":["Card","Card","Card","Card","Card"],"build_version":"2020-12-22","purchased_purges":2,"victory":true,"max_hp_per_floor":[75,75,75,75,75,75,75,75,75,75,75,75,75,75,75,79,79,79,79,79,79,83,83,87,91,91,95,95,99,99,103,103,103,103,107,104,104,104,104,104,104,104,104,108,108,108,112,112,112,112,116],"relic_stats":{"Centennial Puzzle":[54],"Regal Pillow":15,"counters":[25,105],"Pandora\u0027s Box":["Shockwave","True Grit","Seeing Red","Pummel","Body Slam","Clash","Cleave","Dark Embrace","Power Through"],"Cursed Key":2,"Question Card":11,"obtain_stats":[{"Ice Cream":24,"Regal Pillow":44,"Frozen Egg 2":47,"Cursed Key":17,"Question Card":26,"Burning Blood":0,"WarpedTongs":3,"Mercury Hourglass":9,"Centennial Puzzle":14,"Anchor":42,"Pandora\u0027s Box":0,"Fusion Hammer":34,"InkBottle":6},{"Ice Cream":11,"Regal Pillow":22,"Frozen Egg 2":23,"Cursed Key":8,"Question Card":12,"Burning Blood":0,"WarpedTongs":2,"Mercury Hourglass":5,"Centennial Puzzle":7,"Anchor":21,"Pandora\u0027s Box":0,"Fusion Hammer":16,"InkBottle":4},{"Ice Cream":48,"Regal Pillow":91,"Frozen Egg 2":94,"Cursed Key":34,"Question Card":51,"Burning Blood":0,"WarpedTongs":10,"Mercury Hourglass":21,"Centennial Puzzle":27,"Anchor":88,"Pandora\u0027s Box":0,"Fusion Hammer":70,"InkBottle":18}],"InkBottle":[50],"WarpedTongs":[83],"Mercury Hourglass":[254]},"card_choices":[{"not_picked":["Body Slam","Sword Boomerang"],"picked":"Armaments","floor":1.0},{"not_picked":["Pummel","Warcry"],"picked":"Headbutt","floor":2.0},{"not_picked":["Limit Break","Shrug It Off"],"picked":"Anger","floor":5},{"not_picked":["Flex","Havoc"],"picked":"Sever Soul","floor":6},{"not_picked":["Cleave","Headbutt","Sword Boomerang"],"picked":"SKIP","floor":8},{"not_picked":["Pommel Strike","Cleave"],"picked":"Feed","floor":11},{"not_picked":["Flex","Bloodletting"],"picked":"Brutality","floor":14},{"not_picked":["Juggernaut","Brutality"],"picked":"Reaper","floor":16},{"not_picked":["Heavy Blade","Hemokinesis","Havoc+1"],"picked":"SKIP","floor":18},{"not_picked":["Iron Wave","Heavy Blade","Metallicize"],"picked":"SKIP","floor":22},{"not_picked":["Clothesline","Anger"],"picked":"Dropkick","floor":25},{"not_picked":["Clothesline","Heavy Blade","Perfected Strike"],"picked":"Burning Pact","floor":27},{"not_picked":["Flame Barrier","Metallicize","Clash+1"],"picked":"Burning Pact+1","floor":31},{"not_picked":["Feed","Fiend Fire","Double Tap"],"picked":"Corruption","floor":33},{"not_picked":["Iron Wave","Pommel Strike","Perfected Strike"],"picked":"Flame Barrier","floor":35},{"not_picked":["Disarm","Anger","Clothesline"],"picked":"Feel No Pain+1","floor":40},{"not_picked":["Cleave","Battle Trance+1","Clash+1"],"picked":"Barricade","floor":42},{"not_picked":["Bloodletting","Perfected Strike","Double Tap"],"picked":"Reaper","floor":44},{"not_picked":["Shockwave","Flex","Body Slam"],"picked":"Uppercut+1","floor":47}],"player_experience":1113981,"relics_obtained":[{"floor":6,"key":"InkBottle"},{"floor":9,"key":"Mercury Hourglass"},{"floor":14,"key":"Centennial Puzzle"},{"floor":24,"key":"Ice Cream"},{"floor":26,"key":"Question Card"},{"floor":42,"key":"Anchor"},{"floor":44,"key":"Regal Pillow"},{"floor":47,"key":"Frozen Egg 2"}],"event_choices":[{"damage_healed":0.0,"max_hp_gain":0.0,"max_hp_loss":0.0,"gold_gain":0.0,"event_name":"Accursed Blacksmith","player_choice":"Rummage","floor":3.0,"gold_loss":0.0,"damage_taken":0.0,"relics_obtained":["WarpedTongs"],"cards_obtained":["Pain"]},{"damage_healed":0,"gold_gain":0,"player_choice":"Ignored","damage_taken":0,"max_hp_gain":0,"max_hp_loss":0,"event_name":"Liars Game","floor":13,"gold_loss":0},{"damage_healed":0,"gold_gain":0,"player_choice":"Read","damage_taken":0,"max_hp_gain":0,"max_hp_loss":0,"event_name":"The Library","floor":19,"gold_loss":0,"cards_obtained":["Burning Pact"]},{"cards_removed":["Clash"],"damage_healed":0,"gold_gain":0,"player_choice":"Purged","damage_taken":0,"max_hp_gain":0,"max_hp_loss":0,"event_name":"Purifier","floor":21,"gold_loss":0},{"cards_removed":["Dropkick"],"damage_healed":0,"gold_gain":0,"player_choice":"Removed Attack","damage_taken":0,"max_hp_gain":0,"max_hp_loss":0,"event_name":"Falling","floor":45,"gold_loss":0},{"damage_healed":0,"gold_gain":0,"player_choice":"Embrace Madness","damage_taken":20,"max_hp_gain":0,"max_hp_loss":0,"event_name":"Winding Halls","floor":48,"gold_loss":0,"cards_obtained":["Madness","Madness"]}],"is_beta":false,"boss_relics":[{"not_picked":["Empty Cage","Velvet Choker"],"picked":"Cursed Key"},{"not_picked":["Coffee Dripper","Astrolabe"],"picked":"Fusion Hammer"}],"items_purged_floors":[20,36],"is_endless":false,"potions_floor_spawned":[5,6,11,14,18,22,29,33,35,38,40],"ascension_level":20}}