{"host":"8is2j71l4wmybkoi","time":1611593774,"event":{"mods":["AchievementEnabler","BaseMod","Colored Map","Minty Spire (QoL Compilation)","Rare Cards Sparkle","StSLib","SuperFastMode"],"gold_per_floor":[111,111,36,50,15,15,32,65,65,65,84,116,131,143,143,215,215,251,251,266,266,278,278,303,303,349,349,25,42,61,90,90,161,161,172,1171,1171,1190,650,660,177,177,201,201,43,43,43,62,62,62,62],"floor_reached":52,"language":"KOR","playtime":2019,"items_purged":["Doubt","Strike_G","Normality","Normality"],"score":1800,"play_id":"92a4fee5-b0a0-411f-af29-656fcadce4d8","local_time":"20210126015614","is_ascension_mode":true,"campfire_choices":[{"data":"Apotheosis","floor":6.0,"key":"SMITH"},{"floor":10.0,"key":"REST"},{"floor":15.0,"key":"REST"},{"floor":23.0,"key":"REST"},{"floor":25.0,"key":"REST"},{"floor":27.0,"key":"REST"},{"floor":32.0,"key":"REST"},{"floor":42.0,"key":"REST"},{"data":"Malaise","floor":44.0,"key":"SMITH"},{"floor":49.0,"key":"REST"}],"circlet_count":0,"master_deck":["AscendersBane","Strike_G","Defend_G","Defend_G","Defend_G","Defend_G","Defend_G","Survivor","Neutralize","Apotheosis+1","Blade Dance","Dagger Spray","Predator","Bouncing Flask","Footwork","Well Laid Plans","Venomology","Blur+1","RitualDagger","PiercingWail","Acrobatics","Flying Knee","After Image","Backflip","Blade Dance+1","Reflex","Noxious Fumes","Leg Sweep+1","Adrenaline+1","Blade Dance+1","Accuracy","Terror","Malaise+1","A Thousand Cuts","PiercingWail"],"relics":["Ring of the Snake","Singing Bowl","PreservedInsect","Letter Opener","Dream Catcher","Philosopher\u0027s Stone","Akabeko","Nunchaku","Bird Faced Urn","Astrolabe","Chemical X","Oddly Smooth Stone","TwistedFunnel","Toy Ornithopter","Lantern","Medical Kit"],"acts_visited":["Exordium","TheCity","TheBeyond"],"potions_floor_usage":[51,51],"damage_taken":[{"damage":20.0,"enemies":"Small Slimes","floor":1.0,"turns":5.0},{"damage":0.0,"enemies":"Cultist","floor":4.0,"turns":4.0},{"damage":1.0,"enemies":"Jaw Worm","floor":7.0,"turns":3.0},{"damage":27.0,"enemies":"Gremlin Nob","floor":8.0,"turns":4.0},{"damage":9.0,"enemies":"Looter","floor":11.0,"turns":3.0},{"damage":12.0,"enemies":"3 Sentries","floor":12.0,"turns":5.0},{"damage":0.0,"enemies":"2 Fungi Beasts","floor":13.0,"turns":1.0},{"damage":2.0,"enemies":"Blue Slaver","floor":14.0,"turns":2.0},{"damage":33.0,"enemies":"Slime Boss","floor":16.0,"turns":10.0},{"damage":19.0,"enemies":"3 Byrds","floor":18.0,"turns":4.0},{"damage":18.0,"enemies":"Chosen","floor":20.0,"turns":5.0},{"damage":8.0,"enemies":"Sentry and Sphere","floor":22.0,"turns":5.0},{"damage":12.0,"enemies":"Slavers","floor":24.0,"turns":4.0},{"damage":2.0,"enemies":"Centurion and Healer","floor":29.0,"turns":6.0},{"damage":9.0,"enemies":"Snake Plant","floor":30.0,"turns":4.0},{"damage":2.0,"enemies":"Book of Stabbing","floor":31.0,"turns":4.0},{"damage":30.0,"enemies":"Collector","floor":33.0,"turns":10.0},{"damage":20.0,"enemies":"3 Shapes","floor":35.0,"turns":5.0},{"damage":11.0,"enemies":"Orb Walker","floor":38.0,"turns":4.0},{"damage":20.0,"enemies":"Jaw Worm Horde","floor":40.0,"turns":5.0},{"damage":11.0,"enemies":"Maw","floor":48.0,"turns":6.0},{"damage":69.0,"enemies":"Time Eater","floor":50.0,"turns":11.0},{"damage":28,"enemies":"Awakened One","floor":51,"turns":11}],"seed_played":"-6592821297670265177","potions_obtained":[{"floor":1.0,"key":"BlessingOfTheForge"},{"floor":8.0,"key":"ColorlessPotion"},{"floor":12.0,"key":"Explosive Potion"},{"floor":13.0,"key":"Energy Potion"},{"floor":14.0,"key":"GamblersBrew"},{"floor":22.0,"key":"SteroidPotion"},{"floor":24.0,"key":"AttackPotion"},{"floor":31.0,"key":"CunningPotion"},{"floor":33.0,"key":"Poison Potion"},{"floor":38.0,"key":"Fire Potion"},{"floor":40.0,"key":"Fire Potion"}],"is_trial":false,"path_per_floor":["M","?","$","M","?","R","M","E","T","R","M","E","M","M","R","B",null,"M","?","M","?","M","R","E","R","T","R","$","M","M","E","R","B",null,"M","?","?","M","$","M","$","R","T","R","$","?","$","M","R","B","B",null],"character_chosen":"THE_SILENT","items_purchased":["After Image","Backflip","Malaise","Chemical X","Oddly Smooth Stone","TwistedFunnel","Toy Ornithopter","Medical Kit"],"campfire_rested":8,"item_purchase_floors":[28,28,39,39,39,41,41,45],"current_hp_per_floor":[39,39,39,39,55,55,54,27,27,46,37,25,25,25,47,14,56,37,31,13,13,5,28,18,42,42,64,64,62,53,51,75,52,73,61,61,61,58,58,46,46,72,72,72,72,72,72,73,80,26,20],"gold":62,"neow_bonus":"RANDOM_COLORLESS_2","is_daily":false,"chose_seed":false,"campfire_upgraded":2,"win_rate":0.0,"timestamp":1611593774,"path_taken":["M","?","$","?","?","R","M","E","T","R","M","E","M","M","R","BOSS","M","?","M","?","M","R","E","R","T","R","$","M","M","E","R","BOSS","M","?","?","M","$","M","$","R","T","R","$","?","?","M","R","BOSS","BOSS"],"items_purchased_type":["Card","Card","Card","Relic","Relic","Relic","Relic","Relic"],"build_version":"2020-12-22","purchased_purges":4,"victory":true,"max_hp_per_floor":[66,66,66,66,66,66,66,66,66,66,66,66,66,68,70,70,70,70,70,70,70,70,72,74,76,76,76,76,76,76,76,78,80,80,80,80,80,80,80,80,80,82,82,82,82,78,78,78,80,80,80],"card_choices":[{"not_picked":["Thinking Ahead","Metamorphosis"],"picked":"Apotheosis","floor":0.0},{"not_picked":["Sucker Punch","Slice","Prepared"],"picked":"SKIP","floor":1.0},{"not_picked":["Accuracy","Predator"],"picked":"Blade Dance","floor":4.0},{"not_picked":["Bane","Distraction"],"picked":"Dagger Spray","floor":7.0},{"not_picked":["Noxious Fumes","Dagger Throw"],"picked":"Predator","floor":8.0},{"not_picked":["Reflex","Backstab"],"picked":"Bouncing Flask","floor":11.0},{"not_picked":["Grand Finale","Deflect"],"picked":"Footwork","floor":12.0},{"not_picked":["PiercingWail","Finisher"],"picked":"Well Laid Plans","floor":13.0},{"not_picked":["Calculated Gamble","Outmaneuver","Tactician"],"picked":"Singing Bowl","floor":14.0},{"not_picked":["Slice","Underhanded Strike","All Out Attack"],"picked":"Singing Bowl","floor":15.0},{"not_picked":["Glass Knife","Grand Finale"],"picked":"Venomology","floor":16.0},{"not_picked":["Riddle With Holes","Flying Knee"],"picked":"Blur+1","floor":18.0},{"not_picked":["Dash","Dagger Spray"],"picked":"PiercingWail","floor":20.0},{"not_picked":["Deflect","Cloak And Dagger+1"],"picked":"Acrobatics","floor":22.0},{"not_picked":["Endless Agony","Outmaneuver+1","Bane"],"picked":"Singing Bowl","floor":23.0},{"not_picked":["Underhanded Strike","Quick Slash","Dagger Throw"],"picked":"Singing Bowl","floor":24.0},{"not_picked":["Riddle With Holes","Dagger Throw","Outmaneuver"],"picked":"Singing Bowl","floor":25.0},{"not_picked":["Heel Hook","Slice"],"picked":"Flying Knee","floor":27.0},{"not_picked":["Bouncing Flask","Tools of the Trade"],"picked":"Blade Dance+1","floor":29.0},{"not_picked":["Acrobatics","Deadly Poison"],"picked":"Reflex","floor":30.0},{"not_picked":["Expertise","Dodge and Roll"],"picked":"Noxious Fumes","floor":31.0},{"not_picked":["Bane+1","Choke","Quick Slash"],"picked":"Singing Bowl","floor":32.0},{"not_picked":["Die Die Die","Storm of Steel","Night Terror"],"picked":"Singing Bowl","floor":33.0},{"not_picked":["Bane+1","Blade Dance"],"picked":"Accuracy","floor":35.0},{"not_picked":["Dagger Throw","Cloak And Dagger"],"picked":"Terror","floor":38.0},{"not_picked":["PiercingWail","Caltrops+1"],"picked":"A Thousand Cuts","floor":40.0},{"not_picked":["Deadly Poison+1","Escape Plan","Acrobatics"],"picked":"Singing Bowl","floor":42.0},{"not_picked":["Slice+1","Blade Dance"],"picked":"PiercingWail","floor":48.0},{"not_picked":["Deflect","Slice","Unload"],"picked":"Singing Bowl","floor":49.0}],"player_experience":803822,"relics_obtained":[{"floor":8.0,"key":"PreservedInsect"},{"floor":9.0,"key":"Letter Opener"},{"floor":12.0,"key":"Dream Catcher"},{"floor":24.0,"key":"Akabeko"},{"floor":26.0,"key":"Nunchaku"},{"floor":31.0,"key":"Bird Faced Urn"},{"floor":43.0,"key":"Lantern"}],"event_choices":[{"damage_healed":0.0,"max_hp_gain":0.0,"max_hp_loss":0.0,"gold_gain":0.0,"event_name":"WeMeetAgain","player_choice":"Gave Potion","floor":2.0,"gold_loss":0.0,"damage_taken":0.0,"relics_obtained":["Singing Bowl"]},{"damage_healed":16.0,"max_hp_gain":0.0,"max_hp_loss":0.0,"gold_gain":0.0,"event_name":"The Cleric","player_choice":"Healed","floor":5.0,"gold_loss":35.0,"damage_taken":0.0},{"damage_healed":0.0,"max_hp_gain":0.0,"max_hp_loss":0.0,"gold_gain":0.0,"event_name":"Nest","player_choice":"Joined the Cult","floor":19.0,"gold_loss":0.0,"damage_taken":6.0,"cards_obtained":["RitualDagger"]},{"damage_healed":0.0,"max_hp_gain":0.0,"max_hp_loss":0.0,"gold_gain":0.0,"event_name":"The Mausoleum","player_choice":"Ignored","floor":21.0,"gold_loss":0.0,"damage_taken":0.0},{"damage_healed":0.0,"max_hp_gain":0.0,"max_hp_loss":0.0,"gold_gain":999.0,"event_name":"MindBloom","player_choice":"Gold","floor":36.0,"gold_loss":0.0,"damage_taken":0.0,"cards_obtained":["Normality","Normality"]},{"damage_healed":0.0,"max_hp_gain":0.0,"max_hp_loss":0.0,"gold_gain":0.0,"event_name":"Tomb of Lord Red Mask","player_choice":"Ignored","floor":37.0,"gold_loss":0.0,"damage_taken":0.0},{"damage_healed":0.0,"max_hp_gain":0.0,"max_hp_loss":4.0,"gold_gain":0.0,"event_name":"Winding Halls","player_choice":"Max HP","floor":46.0,"gold_loss":0.0,"damage_taken":0.0}],"is_beta":false,"boss_relics":[{"not_picked":["WristBlade","SlaversCollar"],"picked":"Philosopher\u0027s Stone"},{"not_picked":["Busted Crown","Tiny House"],"picked":"Astrolabe"}],"items_purged_floors":[3,28,39,41],"is_endless":false,"potions_floor_spawned":[1,8,12,13,14,22,24,31,33,38,40],"ascension_level":20}}