{"host":"aqym1xxr3lb31d9m","time":1611586644,"event":{"mods":["BaseMod","Block Reminder","Colored Map","Colored Powertips","DeckTracker","Highlight Path","Minty Spire (QoL Compilation)","Quick Restart","Random Character Button","StSLib","SuperFastMode","UnlockEverythingMod"],"gold_per_floor":[117,192,211,211,25,25,25,38,65,97,97,107,107,118,118,118,118],"floor_reached":16,"language":"JPN","playtime":440,"items_purged":[],"score":200,"play_id":"7c698156-bed0-47c4-bcb8-71682ea065eb","local_time":"20210125235724","is_ascension_mode":true,"campfire_choices":[{"data":"Zap","floor":6,"key":"SMITH"},{"data":"Sunder","floor":13,"key":"SMITH"},{"floor":15,"key":"REST"}],"circlet_count":0,"master_deck":["AscendersBane","Strike_B","Strike_B","Strike_B","Strike_B","Defend_B","Defend_B","Defend_B","Defend_B","Zap+1","Dualcast","Multi-Cast","Sweeping Beam","All For One","Violence","Gash","Fission","Sunder+1","Cold Snap"],"relics":["Cracked Core","Bottled Lightning","Vajra","Omamori"],"acts_visited":["Exordium"],"potions_floor_usage":[10],"damage_taken":[{"damage":3,"enemies":"Small Slimes","floor":1,"turns":3},{"damage":7,"enemies":"Jaw Worm","floor":3,"turns":3},{"damage":1,"enemies":"Cultist","floor":8,"turns":3},{"damage":8,"enemies":"Gremlin Nob","floor":10,"turns":3},{"damage":24,"enemies":"Exordium Wildlife","floor":12,"turns":4},{"damage":1,"enemies":"Lots of Slimes","floor":14,"turns":3},{"damage":31,"enemies":"Slime Boss","floor":16,"turns":3}],"seed_played":"-8691326609347357372","potions_obtained":[{"floor":1,"key":"Block Potion"},{"floor":8,"key":"Energy Potion"}],"is_trial":false,"path_per_floor":["M","?","M","?","$","R","T","M","T","E","?","M","R","M","R","B"],"character_chosen":"DEFECT","items_purchased":["Violence"],"campfire_rested":1,"item_purchase_floors":[5],"current_hp_per_floor":[61,50,43,43,43,43,43,42,42,34,34,10,10,9,30,0,0],"gold":118,"neow_bonus":"ONE_RANDOM_RARE_CARD","is_daily":false,"chose_seed":false,"campfire_upgraded":2,"win_rate":0.0,"timestamp":1611586644,"path_taken":["M","?","M","?","$","R","?","?","T","E","?","M","R","M","R","BOSS"],"items_purchased_type":["Card"],"build_version":"2020-12-22","purchased_purges":0,"victory":false,"max_hp_per_floor":[71,71,71,71,71,71,71,71,71,71,71,71,71,71,71,71,71],"card_choices":[{"not_picked":["BootSequence","Redo"],"picked":"Sweeping Beam","floor":1},{"not_picked":["Leap","Gash"],"picked":"All For One","floor":3},{"not_picked":["Compile Driver","Rebound"],"picked":"Gash","floor":8},{"not_picked":["Steam","Force Field"],"picked":"Fission","floor":10},{"not_picked":["Melter","Consume"],"picked":"Sunder","floor":12},{"not_picked":["Stack","Compile Driver"],"picked":"Cold Snap","floor":14}],"player_experience":4056313,"relics_obtained":[{"floor":7,"key":"Bottled Lightning"},{"floor":9,"key":"Vajra"},{"floor":10,"key":"Omamori"}],"event_choices":[{"damage_healed":0,"gold_gain":75,"player_choice":"Gather Gold","damage_taken":11,"max_hp_gain":0,"max_hp_loss":0,"event_name":"World of Goop","floor":2,"gold_loss":0},{"damage_healed":0,"gold_gain":0,"player_choice":"Ignored","damage_taken":0,"max_hp_gain":0,"max_hp_loss":0,"event_name":"Shining Light","floor":4,"gold_loss":0},{"damage_healed":0,"gold_gain":0,"player_choice":"0 cards matched","damage_taken":0,"max_hp_gain":0,"max_hp_loss":0,"event_name":"Match and Keep!","floor":11,"gold_loss":0,"cards_obtained":[]}],"is_beta":false,"boss_relics":[],"items_purged_floors":[],"is_endless":false,"potions_floor_spawned":[1,8],"killed_by":"Slime Boss","ascension_level":20}}