{"host":"om3vwxs2fz5vu4gd","time":1611565210,"event":{"mods":["BaseMod","Downfall","Minty Spire (QoL Compilation)","Robot Space Explorer","StSLib"],"gold_per_floor":[349,367,467,482,493,493,493,180,208,208,234,234,86,118,132,231,231,131,145,163,163,163,197,224,252,283,329,341,363,395,149,168,168,168,168],"floor_reached":33,"language":"ENG","playtime":3050,"items_purged":["bronze:Strike","bronze:Strike","bronze:Replicate"],"score":322,"play_id":"bd7878cf-49ab-4a44-848f-c8e5ff40c888","local_time":"20210125200010","is_ascension_mode":true,"campfire_choices":[{"data":"bronze:Goto","floor":1.0,"key":"SMITH"},{"data":"bronze:Constructor","floor":12.0,"key":"SMITH"},{"floor":18.0,"key":"RECALL"},{"floor":28.0,"key":"REST"}],"circlet_count":0,"master_deck":["bronze:Defend","bronze:Defend","bronze:Defend","bronze:Defend","bronze:Goto+1","bronze:Constructor+1","bronze:ChosenStrike","bronze:Repair","bronze:Iterate","bronze:BronzeOrb","bronze:Terminator","bronze:ChosenStrike","bronze:Philosophize","bronze:Optimize","bronze:Philosophize","bronze:Terminator","bronze:AlphaBuild","bronze:FineTuning","bronze:BronzeOrb+1","RitualDagger+1","bronze:Shield+1","bronze:Boost+1","bronze:Branch+1","bronze:Mutator","bronze:ItsAFeature+1","bronze:Frontload+1","bronze:Refactor+1","Deep Breath+1","bronze:Repulsor"],"relics":["bronze:BronzeCore","Bottled Lightning","Chemical X","Vajra","Oddly Smooth Stone","Bag of Marbles","Empty Cage","downfall:HeartBlessingGreen","Toxic Egg 2","MawBank","Shovel"],"acts_visited":["Exordium","TheCity"],"potions_floor_usage":[33],"damage_taken":[{"damage":1.0,"enemies":"Cultist","floor":2.0,"turns":3.0},{"damage":1.0,"enemies":"Jaw Worm","floor":4.0,"turns":5.0},{"damage":0.0,"enemies":"Small Slimes","floor":5.0,"turns":3.0},{"damage":0.0,"enemies":"downfall:FleeingMerchant","floor":8.0,"turns":4.0},{"damage":12.0,"enemies":"Gremlin Nob","floor":9.0,"turns":5.0},{"damage":4.0,"enemies":"Lagavulin","floor":11.0,"turns":6.0},{"damage":9.0,"enemies":"downfall:FleeingMerchant","floor":13.0,"turns":4.0},{"damage":6.0,"enemies":"3 Sentries","floor":14.0,"turns":5.0},{"damage":0.0,"enemies":"2 Fungi Beasts","floor":15.0,"turns":3.0},{"damage":29.0,"enemies":"WA_ARCHETYPE_RETAIN","floor":16.0,"turns":9.0},{"damage":0.0,"enemies":"3 Byrds","floor":19.0,"turns":6.0},{"damage":16.0,"enemies":"Snecko","floor":20.0,"turns":4.0},{"damage":30.0,"enemies":"Book of Stabbing","floor":23.0,"turns":5.0},{"damage":12.0,"enemies":"Sentry and Sphere","floor":25.0,"turns":6.0},{"damage":0.0,"enemies":"Snake Plant","floor":26.0,"turns":4.0},{"damage":22.0,"enemies":"Slavers","floor":27.0,"turns":7.0},{"damage":0.0,"enemies":"3 Cultists","floor":29.0,"turns":3.0},{"damage":0.0,"enemies":"Cultist and Chosen","floor":30.0,"turns":6.0},{"damage":4.0,"enemies":"downfall:FleeingMerchant","floor":31.0,"turns":4.0},{"damage":5.0,"enemies":"Centurion and Healer","floor":32.0,"turns":9.0},{"damage":54,"enemies":"IC_MUSHROOM_ARCHETYPE","floor":33,"turns":8}],"seed_played":"-519830904411156634","potions_obtained":[{"floor":2.0,"key":"SneckoOil"},{"floor":9.0,"key":"Swift Potion"},{"floor":11.0,"key":"SkillPotion"},{"floor":16.0,"key":"PowerPotion"},{"floor":22.0,"key":"CultistPotion"}],"is_trial":false,"path_per_floor":["R","M","?","M","M","?","T","$","E","?","E","R","$","E","M","B",null,"R","M","M","?","?","E","T","M","M","E","R","M","M","$","M","B"],"character_chosen":"THE_AUTOMATON","items_purchased":["Chemical X","bronze:BronzeOrb","bronze:Optimize","bronze:Refactor+1","Deep Breath+1"],"campfire_rested":1,"item_purchase_floors":[8,8,13,31,31],"current_hp_per_floor":[49,48,48,47,47,47,47,54,49,49,52,52,43,44,51,29,70,70,70,54,41,41,21,21,19,26,11,33,33,40,36,38,0,0,0],"gold":168,"neow_bonus":"TWO_FIFTY_GOLD","is_daily":false,"chose_seed":false,"campfire_upgraded":2,"win_rate":0.0,"timestamp":1611565210,"path_taken":["R","?","?","M","M","?","T","$","E","?","E","R","$","E","M","BOSS","R","M","M","?","?","E","T","M","M","E","R","M","M","$","M","BOSS"],"items_purchased_type":["Relic","Card","Card","Card","Card"],"build_version":"2020-12-22","purchased_purges":3,"victory":false,"max_hp_per_floor":[70,70,70,70,70,70,70,70,70,70,70,70,70,70,70,70,70,70,70,70,75,75,75,75,75,75,75,75,75,75,75,75,75,75,75],"card_choices":[{"not_picked":["bronze:Shell","bronze:DarkDash"],"picked":"bronze:Constructor","floor":2.0},{"not_picked":["bronze:Overheat","bronze:GetLatest"],"picked":"bronze:ChosenStrike","floor":4.0},{"not_picked":["bronze:Iterate","bronze:ItsAFeature"],"picked":"bronze:Repair","floor":5.0},{"not_picked":["bronze:Branch","bronze:DelayedSlice"],"picked":"bronze:Iterate","floor":8.0},{"not_picked":["bronze:ForceShield","bronze:ChildClass"],"picked":"bronze:Terminator","floor":9.0},{"not_picked":["bronze:ChildClass","bronze:Allocate"],"picked":"bronze:ChosenStrike","floor":11.0},{"not_picked":["bronze:Separator","bronze:FineTuning"],"picked":"bronze:Philosophize","floor":13.0},{"not_picked":["bronze:DelayedGuard","bronze:BitShift"],"picked":"bronze:Philosophize","floor":14.0},{"not_picked":["bronze:ChildClass","bronze:Constructor"],"picked":"bronze:Terminator","floor":15.0},{"not_picked":["bronze:BurnOut","bronze:Break"],"picked":"bronze:AlphaBuild","floor":16.0},{"not_picked":["bronze:BugBarrage","bronze:BronzeArmor"],"picked":"bronze:FineTuning","floor":19.0},{"not_picked":["bronze:Backtrace","bronze:Invalidate"],"picked":"bronze:BronzeOrb+1","floor":20.0},{"not_picked":["bronze:GetLatest+1","bronze:BronzeArmor+1","bronze:Backtrace"],"picked":"SKIP","floor":23.0},{"not_picked":["bronze:Safeguard+1","bronze:Invalidate+1"],"picked":"bronze:Shield+1","floor":25.0},{"not_picked":["bronze:ForceShield+1","bronze:DelayedGuard+1"],"picked":"bronze:Boost+1","floor":26.0},{"not_picked":["bronze:OilSpill","bronze:NullPointer+1"],"picked":"bronze:Branch+1","floor":27.0},{"not_picked":["bronze:Fortify","bronze:CutThrough"],"picked":"bronze:Mutator","floor":29.0},{"not_picked":["bronze:Deprecate+1","bronze:CutThrough+1"],"picked":"bronze:ItsAFeature+1","floor":30.0},{"not_picked":["bronze:Allocate+1","bronze:Format+1"],"picked":"bronze:Frontload+1","floor":31.0},{"not_picked":["bronze:FollowUp","bronze:DelayedSlice"],"picked":"bronze:Repulsor","floor":32.0}],"player_experience":434987,"relics_obtained":[{"floor":7.0,"key":"Bottled Lightning"},{"floor":9.0,"key":"Vajra"},{"floor":11.0,"key":"Oddly Smooth Stone"},{"floor":14.0,"key":"Bag of Marbles"},{"floor":23.0,"key":"Toxic Egg 2"},{"floor":24.0,"key":"MawBank"},{"floor":27.0,"key":"Shovel"}],"event_choices":[],"is_beta":false,"boss_relics":[{"not_picked":["Tiny House","Velvet Choker"],"picked":"Empty Cage"}],"items_purged_floors":[8,13,31],"is_endless":false,"potions_floor_spawned":[2,9,11,16,19,25,27,30,32],"killed_by":"IC_MUSHROOM_ARCHETYPE","ascension_level":1}}