{"host":"1qhzi8r9ejho5yph","time":1611573596,"event":{"mods":["AchievementEnabler","BaseMod","Colored Map","Colored Powertips","Highlight Path","Minty Spire (QoL Compilation)","Permanent Neow","Quick Restart","Random Character Button","StSLib","SuperFastMode"],"gold_per_floor":[214,214,10,23,34,34,34,46,124,124,199,211,211,230,230,333,333,343,128,128,46,46,63,63,63,63,73,73,89,89,41,41,140,140,150,169,74,74,74],"floor_reached":38,"language":"ENG","playtime":1208,"items_purged":["Strike_R","Strike_R"],"score":364,"play_id":"3b685bed-03e0-416f-93ff-d1b5f95edfa0","local_time":"20210125191956","is_ascension_mode":false,"campfire_choices":[{"data":"Bash","floor":6,"key":"SMITH"},{"data":"Thunderclap","floor":10,"key":"SMITH"},{"data":"Pommel Strike","floor":13,"key":"SMITH"},{"data":"Armaments","floor":15,"key":"SMITH"},{"data":"Berserk","floor":24,"key":"SMITH"},{"floor":28,"key":"REST"},{"floor":30,"key":"REST"},{"floor":32,"key":"REST"}],"circlet_count":0,"master_deck":["Strike_R+1","Defend_R","Defend_R","Defend_R+1","Defend_R","Bash+1","Reckless Charge","Warcry","Ghostly Armor","Thunderclap+1","Headbutt","Pommel Strike+1","Armaments+1","Berserk+1","Dark Embrace","True Grit","Inflame","Purity","Evolve+1","True Grit","Shrug It Off","Juggernaut","Inflame+1","Blind"],"relics":["Burning Blood"],"acts_visited":["Exordium","TheCity","TheBeyond"],"potions_floor_usage":[33,33,35,36,38],"damage_taken":[{"damage":6,"enemies":"Cultist","floor":1,"turns":3},{"damage":0,"enemies":"Jaw Worm","floor":4,"turns":3},{"damage":5,"enemies":"Small Slimes","floor":5,"turns":4},{"damage":0,"enemies":"Exordium Wildlife","floor":8,"turns":3},{"damage":0,"enemies":"3 Louse","floor":12,"turns":3},{"damage":1,"enemies":"Large Slime","floor":14,"turns":4},{"damage":20,"enemies":"Slime Boss","floor":16,"turns":9},{"damage":10,"enemies":"3 Byrds","floor":18,"turns":7},{"damage":25,"enemies":"Spheric Guardian","floor":23,"turns":6},{"damage":38,"enemies":"Chosen and Byrds","floor":27,"turns":8},{"damage":16,"enemies":"Snecko","floor":29,"turns":9},{"damage":57,"enemies":"Champ","floor":33,"turns":13},{"damage":31,"enemies":"3 Darklings","floor":35,"turns":8},{"damage":33,"enemies":"Orb Walker","floor":36,"turns":5},{"damage":56,"enemies":"Spire Growth","floor":38,"turns":6}],"seed_played":"-1435072376473970495","potions_obtained":[{"floor":1,"key":"GamblersBrew"},{"floor":12,"key":"BloodPotion"},{"floor":14,"key":"Regen Potion"},{"floor":16,"key":"LiquidBronze"},{"floor":33,"key":"AttackPotion"},{"floor":35,"key":"Block Potion"}],"is_trial":false,"path_per_floor":["M","?","$","M","M","R","?","M","T","R","?","M","R","M","R","B",null,"M","$","?","$","?","M","R","?","T","M","R","M","R","$","R","B",null,"M","M","$","M"],"character_chosen":"IRONCLAD","items_purchased":["Warcry","Ghostly Armor","True Grit","Inflame","Purity","Shrug It Off","Blind"],"campfire_rested":3,"item_purchase_floors":[3,3,19,19,21,31,37],"current_hp_per_floor":[80,73,73,79,80,80,64,70,70,70,59,65,65,70,70,56,80,76,76,76,76,67,48,48,48,48,16,40,30,54,54,78,42,80,55,28,28,0,0],"gold":74,"neow_bonus":"HUNDRED_GOLD","is_daily":false,"chose_seed":false,"campfire_upgraded":5,"win_rate":0.0,"timestamp":1611573596,"path_taken":["M","?","$","M","M","R","?","M","T","R","?","?","R","M","R","BOSS","M","$","?","$","?","M","R","?","T","M","R","M","R","?","R","BOSS","M","M","$","M"],"items_purchased_type":["Card","Card","Card","Card","Card","Card","Card"],"build_version":"2020-12-22","purchased_purges":2,"victory":false,"max_hp_per_floor":[80,80,80,80,80,80,80,80,80,80,80,80,80,80,80,80,80,80,80,80,80,80,80,80,80,80,80,80,80,80,80,80,80,80,80,80,80,80,80],"card_choices":[{"not_picked":["Searing Blow","Anger"],"picked":"Reckless Charge","floor":1},{"not_picked":["Sword Boomerang","Flex"],"picked":"Thunderclap","floor":4},{"not_picked":["Thunderclap","Anger"],"picked":"Headbutt","floor":5},{"not_picked":["Thunderclap","Combust","Heavy Blade"],"picked":"SKIP","floor":8},{"not_picked":["Headbutt","Combust"],"picked":"Pommel Strike","floor":12},{"not_picked":["Flex","Flame Barrier"],"picked":"Armaments","floor":14},{"not_picked":["Immolate","Juggernaut"],"picked":"Berserk","floor":16},{"not_picked":["Body Slam","Headbutt"],"picked":"Dark Embrace","floor":18},{"not_picked":["Body Slam+1","Anger","Heavy Blade"],"picked":"SKIP","floor":23},{"not_picked":["Cleave+1","Brutality"],"picked":"Evolve+1","floor":27},{"not_picked":["Dark Embrace","Wild Strike"],"picked":"True Grit","floor":29},{"not_picked":["Exhume","Bludgeon"],"picked":"Juggernaut","floor":33},{"not_picked":["Clothesline","Havoc+1"],"picked":"Inflame+1","floor":35},{"not_picked":["Cleave","Heavy Blade+1","Thunderclap"],"picked":"SKIP","floor":36}],"player_experience":334016,"relics_obtained":[],"event_choices":[{"cards_removed":["Strike_R"],"damage_healed":0,"gold_gain":0,"player_choice":"Card Removal","damage_taken":7,"max_hp_gain":0,"max_hp_loss":0,"event_name":"Golden Wing","floor":2,"gold_loss":0},{"damage_healed":0,"gold_gain":0,"player_choice":"Entered Light","damage_taken":16,"max_hp_gain":0,"max_hp_loss":0,"event_name":"Shining Light","floor":7,"gold_loss":0,"cards_upgraded":["Strike_R","Defend_R"]},{"damage_healed":0,"gold_gain":75,"player_choice":"Gather Gold","damage_taken":11,"max_hp_gain":0,"max_hp_loss":0,"event_name":"World of Goop","floor":11,"gold_loss":0},{"cards_removed":["Strike_R"],"damage_healed":0,"gold_gain":0,"player_choice":"Elegance","damage_taken":0,"max_hp_gain":0,"max_hp_loss":0,"event_name":"Back to Basics","floor":20,"gold_loss":0},{"damage_healed":0,"gold_gain":0,"player_choice":"Stopped","damage_taken":9,"max_hp_gain":0,"max_hp_loss":0,"event_name":"Cursed Tome","floor":22,"gold_loss":0}],"is_beta":false,"boss_relics":[{"not_picked":[]},{"not_picked":[]}],"items_purged_floors":[3,19],"is_endless":false,"potions_floor_spawned":[1,12,14,16,29,33,35],"killed_by":"Spire Growth","ascension_level":0}}