{"host":"1tl36azeqm6yhdgj","time":1611578621,"event":{"mods":["AchievementEnabler","BaseMod","Minty Spire (QoL Compilation)","StSLib","The IronCluck","everything is the same but u backflip on backflip"],"gold_per_floor":[111,10,29,29,29,29,29,29,29,29,60,3,42,63,63,161,161,182,25,48,48,48,48,88,88,135,151,151,151],"floor_reached":28,"language":"ENG","playtime":632,"items_purged":["Strike_R"],"score":484,"play_id":"220b629e-8dfe-4d5e-9c4c-b2ba31dc49c7","local_time":"20210125074341","is_ascension_mode":true,"campfire_choices":[{"data":"Inflame","floor":6.0,"key":"SMITH"},{"data":"Bash","floor":8.0,"key":"SMITH"},{"data":"Fire Breathing","floor":10.0,"key":"SMITH"},{"floor":15.0,"key":"REST"},{"floor":23,"key":"REST"},{"floor":25,"key":"REST"}],"circlet_count":0,"master_deck":["AscendersBane","Strike_R","Strike_R","Defend_R","Defend_R","Defend_R+1","Defend_R","Bash+1","Fire Breathing+1","Inflame+1","Disarm+1","Bludgeon","Dark Embrace","Juggernaut","Demon Form","Metallicize","Pommel Strike","Rampage","Spot Weakness"],"relics":["Burning Blood","Golden Idol","Pantograph","Smiling Mask","Happy Flower","Calipers","Empty Cage","StrikeDummy","Pen Nib"],"acts_visited":["Exordium","TheCity"],"potions_floor_usage":[18,18,20,24,24],"damage_taken":[{"damage":6.0,"enemies":"Cultist","floor":1.0,"turns":3.0},{"damage":0.0,"enemies":"2 Louse","floor":3.0,"turns":2.0},{"damage":25.0,"enemies":"3 Sentries","floor":11.0,"turns":5.0},{"damage":12.0,"enemies":"Lagavulin","floor":13.0,"turns":6.0},{"damage":7.0,"enemies":"Small Slimes","floor":14.0,"turns":4.0},{"damage":32.0,"enemies":"The Guardian","floor":16.0,"turns":11.0},{"damage":58,"enemies":"Shell Parasite","floor":18,"turns":8},{"damage":13,"enemies":"Chosen","floor":20,"turns":5},{"damage":32,"enemies":"Book of Stabbing","floor":24,"turns":5},{"damage":34,"enemies":"Snake Plant","floor":27,"turns":4},{"damage":19,"enemies":"Shelled Parasite and Fungi","floor":28,"turns":1}],"seed_played":"2834261140751998586","potions_obtained":[{"floor":0.0,"key":"DuplicationPotion"},{"floor":0.0,"key":"Ancient Potion"},{"floor":3.0,"key":"AttackPotion"},{"floor":11.0,"key":"Block Potion"},{"floor":16.0,"key":"Swift Potion"},{"floor":22,"key":"LiquidBronze"},{"floor":22,"key":"PowerPotion"}],"is_trial":false,"path_per_floor":["M","$","M","?","?","R","?","R","T","R","E","?","E","M","R","B",null,"M","$","M","$","?","R","E","R","T","M","M"],"character_chosen":"IRONCLAD","items_purchased":["Inflame","Fire Potion","BloodPotion","Pommel Strike"],"campfire_rested":3,"item_purchase_floors":[2,2,19,19],"current_hp_per_floor":[68,68,74,74,74,74,51,51,51,51,32,32,26,25,47,46,68,16,16,24,24,24,46,20,42,42,14,0,0],"gold":151,"neow_bonus":"THREE_SMALL_POTIONS","is_daily":false,"chose_seed":false,"campfire_upgraded":3,"win_rate":0.0,"timestamp":1611578621,"path_taken":["M","?","M","?","?","R","?","R","T","R","E","?","E","M","R","BOSS","M","?","?","$","?","R","E","R","T","M","M"],"items_purchased_type":["Card","Potion","Potion","Card"],"build_version":"2020-12-22","purchased_purges":1,"victory":false,"max_hp_per_floor":[75,75,75,75,75,75,75,75,75,75,75,75,75,75,75,75,75,75,75,75,75,75,75,75,75,75,75,75,75],"card_choices":[{"not_picked":["Body Slam","Twin Strike"],"picked":"Fire Breathing","floor":1.0},{"not_picked":["Wild Strike","Heavy Blade"],"picked":"Disarm","floor":3.0},{"not_picked":["Headbutt","Cleave"],"picked":"Bludgeon","floor":11.0},{"not_picked":["Wild Strike","Pommel Strike"],"picked":"Dark Embrace","floor":13.0},{"not_picked":["Iron Wave","Perfected Strike"],"picked":"Juggernaut","floor":14.0},{"not_picked":["Corruption","Brutality"],"picked":"Demon Form","floor":16.0},{"not_picked":["Headbutt","Body Slam"],"picked":"Metallicize","floor":18},{"not_picked":["Wild Strike","Iron Wave","Headbutt"],"picked":"SKIP","floor":20},{"not_picked":["Wild Strike","Power Through"],"picked":"Rampage","floor":24},{"not_picked":["Cleave","Flex"],"picked":"Spot Weakness","floor":27}],"player_experience":2036309,"relics_obtained":[{"floor":9.0,"key":"Pantograph"},{"floor":11.0,"key":"Smiling Mask"},{"floor":13.0,"key":"Calipers"},{"floor":24,"key":"StrikeDummy"},{"floor":26,"key":"Pen Nib"}],"event_choices":[{"damage_healed":0.0,"max_hp_gain":0.0,"max_hp_loss":0.0,"gold_gain":0.0,"event_name":"Golden Idol","player_choice":"Take Wound","floor":4.0,"gold_loss":0.0,"damage_taken":0.0,"relics_obtained":["Golden Idol"],"cards_obtained":["Injury"]},{"cards_removed":["Injury"],"damage_healed":0.0,"max_hp_gain":0.0,"max_hp_loss":0.0,"gold_gain":0.0,"event_name":"Living Wall","player_choice":"Forget","floor":5.0,"gold_loss":0.0,"damage_taken":0.0},{"damage_healed":0.0,"max_hp_gain":0.0,"max_hp_loss":0.0,"gold_gain":0.0,"event_name":"Shining Light","player_choice":"Entered Light","floor":7.0,"gold_loss":0.0,"damage_taken":23.0,"cards_upgraded":["Disarm","Defend_R"]},{"damage_healed":0.0,"max_hp_gain":0.0,"max_hp_loss":0.0,"gold_gain":0.0,"event_name":"WeMeetAgain","player_choice":"Paid Gold","floor":12.0,"gold_loss":57.0,"damage_taken":0.0,"relics_obtained":["Happy Flower"]},{"damage_healed":0,"gold_gain":0,"player_choice":"Got Potions","damage_taken":0,"max_hp_gain":0,"max_hp_loss":0,"event_name":"Lab","floor":22,"gold_loss":0}],"is_beta":false,"boss_relics":[{"not_picked":["Black Blood","Sozu"],"picked":"Empty Cage"}],"items_purged_floors":[19],"is_endless":false,"potions_floor_spawned":[3,11,16],"killed_by":"Shelled Parasite and Fungi","ascension_level":20}}