{"host":"vqgrg90fv56geajp","time":1611599241,"event":{"mods":["BaseMod","Colored Map","Colored Powertips","Minty Spire (QoL Compilation)","Quick Restart","Rare Cards Sparkle","Relic Stats"],"gold_per_floor":[116,116,127,127,145,145,145],"floor_reached":6,"language":"ENG","playtime":546,"items_purged":[],"score":72,"play_id":"2ae43147-5a46-4d5b-867e-4d09745b3684","local_time":"20210125202721","is_ascension_mode":true,"campfire_choices":[],"circlet_count":0,"master_deck":["AscendersBane","Strike_G","Strike_G","Strike_G","Strike_G","Strike_G","Defend_G","Defend_G","Defend_G","Defend_G","Defend_G","Survivor","Neutralize","Dagger Spray","Pain","Underhanded Strike","Regret","Prepared"],"relics":["Sozu","WarpedTongs","Orichalcum"],"acts_visited":["Exordium"],"potions_floor_usage":[],"damage_taken":[{"damage":4,"enemies":"Small Slimes","floor":1,"turns":5},{"damage":2,"enemies":"Cultist","floor":3,"turns":4},{"damage":10,"enemies":"Jaw Worm","floor":5,"turns":3},{"damage":52,"enemies":"Gremlin Nob","floor":6,"turns":4}],"seed_played":"1485562293927246806","potions_obtained":[],"is_trial":false,"path_per_floor":["M","?","M","?","M","E"],"character_chosen":"THE_SILENT","items_purchased":[],"campfire_rested":0,"item_purchase_floors":[],"current_hp_per_floor":[55,55,53,53,43,0,0],"gold":145,"neow_bonus":"BOSS_RELIC","is_daily":false,"chose_seed":false,"campfire_upgraded":0,"win_rate":0.0,"timestamp":1611599241,"path_taken":["M","?","?","?","M","E"],"items_purchased_type":[],"build_version":"2020-12-22","purchased_purges":0,"victory":false,"max_hp_per_floor":[66,66,66,66,66,66,66],"relic_stats":{"Sozu":1,"counters":[4,16],"Orichalcum":[18],"obtain_stats":[{"Sozu":0,"Orichalcum":4,"Ring of the Snake":0,"WarpedTongs":2},{"Sozu":0,"Orichalcum":2,"Ring of the Snake":0,"WarpedTongs":1},{"Sozu":0,"Orichalcum":9,"Ring of the Snake":0,"WarpedTongs":5}],"WarpedTongs":[11]},"card_choices":[{"not_picked":["Quick Slash","Caltrops"],"picked":"Dagger Spray","floor":1},{"not_picked":["Poisoned Stab","Prepared"],"picked":"Underhanded Strike","floor":3},{"not_picked":["Endless Agony","Setup"],"picked":"Prepared","floor":5}],"player_experience":2495905,"relics_obtained":[],"event_choices":[{"damage_healed":0,"gold_gain":0,"player_choice":"Rummage","damage_taken":0,"relics_obtained":["WarpedTongs"],"max_hp_gain":0,"max_hp_loss":0,"event_name":"Accursed Blacksmith","floor":2,"gold_loss":0,"cards_obtained":["Pain"]},{"damage_healed":0,"gold_gain":0,"player_choice":"Box","damage_taken":0,"relics_obtained":["Orichalcum"],"max_hp_gain":0,"max_hp_loss":0,"event_name":"Big Fish","floor":4,"gold_loss":0,"cards_obtained":["Regret"]}],"is_beta":false,"boss_relics":[],"items_purged_floors":[],"is_endless":false,"potions_floor_spawned":[5],"killed_by":"Gremlin Nob","ascension_level":20}}