{"host":"anox4050deqdcqoh","time":1611588608,"event":{"mods":["BaseMod","Colored Map","Highlight Path","Minty Spire (QoL Compilation)","Quick Restart","Rare Cards Sparkle","everything is the same but u backflip on backflip"],"gold_per_floor":[10,23,38,38,38,38,71,85,85,85,35,35,70,21,21,123,123,141,141,141,141,141,141,66,66,66,99,111,111,111,128,128,226,226,237,237,237],"floor_reached":36,"language":"ENG","playtime":1864,"items_purged":["Strike_B"],"score":469,"play_id":"a76b2808-e63a-4f41-9840-dec03985affe","local_time":"20210125103008","is_ascension_mode":true,"campfire_choices":[{"data":"Zap","floor":6.0,"key":"SMITH"},{"floor":10.0,"key":"REST"},{"data":"Defragment","floor":12.0,"key":"SMITH"},{"floor":15.0,"key":"REST"},{"floor":23,"key":"REST"},{"floor":25,"key":"REST"},{"floor":32,"key":"REST"}],"circlet_count":0,"master_deck":["Strike_B","Strike_B","Defend_B","Defend_B","Defend_B","Defend_B","Zap+1","Dualcast","Genetic Algorithm","Melter","Conserve Battery","Defragment+1","Storm","Conserve Battery","Thunder Strike","Capacitor","Sunder+1","Self Repair","Glacier","Echo Form","Hologram"],"relics":["Cracked Core","CaptainsWheel","Pantograph","Gambling Chip","Ginger","Pen Nib","SacredBark","Enchiridion","Pear","MutagenicStrength","Art of War","Black Star"],"acts_visited":["Exordium","TheCity","TheBeyond"],"potions_floor_usage":[27],"damage_taken":[{"damage":3.0,"enemies":"Jaw Worm","floor":1.0,"turns":5.0},{"damage":7.0,"enemies":"Small Slimes","floor":2.0,"turns":4.0},{"damage":2.0,"enemies":"2 Louse","floor":3.0,"turns":2.0},{"damage":19.0,"enemies":"Gremlin Nob","floor":7.0,"turns":4.0},{"damage":4.0,"enemies":"Large Slime","floor":8.0,"turns":5.0},{"damage":16.0,"enemies":"3 Sentries","floor":13.0,"turns":7.0},{"damage":13.0,"enemies":"Slime Boss","floor":16.0,"turns":9.0},{"damage":26,"enemies":"3 Byrds","floor":18,"turns":5},{"damage":48,"enemies":"Slavers","floor":27,"turns":7},{"damage":0,"enemies":"Spheric Guardian","floor":28,"turns":2},{"damage":4,"enemies":"Centurion and Healer","floor":31,"turns":5},{"damage":80,"enemies":"Champ","floor":33,"turns":14},{"damage":22,"enemies":"Orb Walker","floor":35,"turns":6},{"damage":26,"enemies":"3 Darklings","floor":36,"turns":4}],"seed_played":"2460224099344494580","potions_obtained":[{"floor":1.0,"key":"SmokeBomb"},{"floor":3.0,"key":"LiquidMemories"},{"floor":13.0,"key":"Fire Potion"},{"floor":16.0,"key":"EssenceOfSteel"},{"floor":27,"key":"CultistPotion"}],"is_trial":false,"path_per_floor":["M","M","M","?","?","R","E","M","T","R","?","R","E","$","R","B",null,"M","?","?","$","?","R","$","R","T","E","M","?","T","M","R","B",null,"M","M"],"character_chosen":"DEFECT","items_purchased":["Conserve Battery"],"campfire_rested":5,"item_purchase_floors":[14],"current_hp_per_floor":[72,65,63,56,61,61,42,38,38,62,62,62,46,46,70,67,80,54,39,39,39,23,48,48,73,73,35,35,35,35,38,66,18,95,80,54,54],"gold":237,"neow_bonus":"ONE_RARE_RELIC","is_daily":false,"chose_seed":false,"campfire_upgraded":2,"win_rate":0.0,"timestamp":1611588608,"path_taken":["M","M","M","?","?","R","E","M","T","R","?","R","E","?","R","BOSS","M","?","?","$","?","R","$","R","T","E","M","?","?","M","R","BOSS","M","M"],"items_purchased_type":["Card"],"build_version":"2020-12-22","purchased_purges":1,"victory":false,"max_hp_per_floor":[75,75,75,75,80,80,80,80,80,80,80,80,80,80,80,80,80,80,85,85,85,85,85,85,85,85,95,95,95,95,95,95,95,95,95,95,95],"card_choices":[{"not_picked":["Undo","Force Field"],"picked":"Genetic Algorithm","floor":1.0},{"not_picked":["Cold Snap","Heatsinks"],"picked":"Melter","floor":2.0},{"not_picked":["Beam Cell","Scrape","Steam"],"picked":"SKIP","floor":3.0},{"not_picked":["Beam Cell","Storm"],"picked":"Conserve Battery","floor":7.0},{"not_picked":["Sunder","Blizzard"],"picked":"Defragment","floor":8.0},{"not_picked":["Chill","Streamline"],"picked":"Storm","floor":13.0},{"not_picked":["Creative AI","Fission"],"picked":"Thunder Strike","floor":16.0},{"not_picked":["Skim","Chaos"],"picked":"Capacitor","floor":18},{"not_picked":["Rip and Tear","Go for the Eyes"],"picked":"Sunder+1","floor":27},{"not_picked":["Steam Power","Genetic Algorithm"],"picked":"Self Repair","floor":28},{"not_picked":["Ball Lightning","Barrage"],"picked":"Glacier","floor":31},{"not_picked":["Reboot","Seek"],"picked":"Echo Form","floor":33},{"not_picked":["Stack+1","Darkness+1"],"picked":"Hologram","floor":35}],"player_experience":395036,"relics_obtained":[{"floor":7.0,"key":"Gambling Chip"},{"floor":9.0,"key":"Ginger"},{"floor":13.0,"key":"Pen Nib"},{"floor":22,"key":"Enchiridion"},{"floor":27,"key":"Pear"},{"floor":30,"key":"Art of War"}],"event_choices":[{"damage_healed":0.0,"max_hp_gain":0.0,"max_hp_loss":0.0,"gold_gain":0.0,"event_name":"Scrap Ooze","player_choice":"Success","floor":4.0,"gold_loss":0.0,"damage_taken":7.0,"relics_obtained":["Pantograph"]},{"damage_healed":0.0,"max_hp_gain":5.0,"max_hp_loss":0.0,"gold_gain":0.0,"event_name":"Big Fish","player_choice":"Donut","floor":5.0,"gold_loss":0.0,"damage_taken":0.0},{"cards_removed":["Strike_B"],"damage_healed":0.0,"max_hp_gain":0.0,"max_hp_loss":0.0,"gold_gain":0.0,"event_name":"The Cleric","player_choice":"Card Removal","floor":11.0,"gold_loss":50.0,"damage_taken":0.0},{"damage_healed":0,"gold_gain":0,"player_choice":"Shed Blood","damage_taken":20,"max_hp_gain":5,"max_hp_loss":0,"event_name":"Forgotten Altar","floor":19,"gold_loss":0},{"damage_healed":0,"gold_gain":0,"player_choice":"Ignored","damage_taken":0,"max_hp_gain":0,"max_hp_loss":0,"event_name":"Vampires","floor":20,"gold_loss":0},{"damage_healed":0,"gold_gain":0,"player_choice":"Obtained Book","damage_taken":16,"max_hp_gain":0,"max_hp_loss":0,"event_name":"Cursed Tome","floor":22,"gold_loss":0},{"damage_healed":0,"gold_gain":0,"player_choice":"Inject Mutagens","damage_taken":0,"relics_obtained":["MutagenicStrength"],"max_hp_gain":0,"max_hp_loss":0,"event_name":"Drug Dealer","floor":29,"gold_loss":0}],"is_beta":false,"boss_relics":[{"not_picked":["Coffee Dripper","Snecko Eye"],"picked":"SacredBark"},{"not_picked":["Busted Crown","Cursed Key"],"picked":"Black Star"}],"items_purged_floors":[24],"is_endless":false,"potions_floor_spawned":[1,3,13,16,18,27,35],"killed_by":"3 Darklings","ascension_level":3}}