{"host":"oeeu8njhzvf3llor","time":1611606362,"event":{"mods":["BaseMod","Better Match","Better Note","Better Skull","Better Third Choice","Hubris","Minty Spire (QoL Compilation)","Rare Cards Sparkle","Replay The Spire","Shop Mod","Spicy Shops","StSLib","Swap Starting Deck Mod"],"gold_per_floor":[114,133,133,153,169,169,199,219,219,247,247,247,272,272,272,368,368,382,396,408,418,192,192,219,219,219,219,244,261,290,290,290,386,386,397,167,167,215,271,271,344,398,425,334,378,443,523,559,559,583,583],"floor_reached":50,"language":"ENG","playtime":1709,"items_purged":[],"score":1132,"play_id":"921a7d25-7f29-4dee-a98f-3516ebaf41bd","local_time":"20210125152602","is_ascension_mode":true,"campfire_choices":[{"data":"Reprogram","floor":6,"key":"SMITH"},{"data":"Sweeping Beam","floor":12,"key":"SMITH"},{"data":"ReplayTheSpireMod:Fabricate Wheel","floor":23,"key":"SMITH"},{"data":"Sweeping Beam","floor":25,"key":"SMITH"},{"data":"Core Surge","floor":32,"key":"SMITH"},{"floor":40,"key":"RECALL"},{"data":"Self Repair","floor":49,"key":"SMITH"}],"circlet_count":0,"master_deck":["Gash","Gash","Gash","Gash","Rip and Tear+1","Reprogram+1","Steam","Steam","Steam+1","Steam","Gash","Sweeping Beam","Steam+1","Sweeping Beam+1","Scrape+1","Sweeping Beam+1","Gash+1","Self Repair+1","Gash","Self Repair+1","Beam Cell+1"],"relics":["swapstartingdeckmod:Bellows","Emotion Chip","Oddly Smooth Stone","Garlic","Replay:Grab Bag","Busted Crown","Coffee Dripper","Ring of Chaos","MerchantsRug","hubris:TenFootPole","Replay:Kaleidoscope","Torii","Calipers","Meat on the Bone","hubris:CuriousFeather","Replay:Bandana","Golden Egg","Replay:Antivirus Software","Vajra","MealTicket","hubris:RGBLights"],"acts_visited":["Exordium","TheCity","TheBeyond"],"potions_floor_usage":[24,24,41,50],"damage_taken":[{"damage":0,"enemies":"Cultist","floor":1,"turns":3},{"damage":0,"enemies":"Jaw Worm","floor":2,"turns":2},{"damage":0,"enemies":"Small Slimes","floor":4,"turns":3},{"damage":0,"enemies":"Looter","floor":5,"turns":2},{"damage":2,"enemies":"Lagavulin","floor":7,"turns":3},{"damage":3,"enemies":"Exordium Wildlife","floor":8,"turns":3},{"damage":0,"enemies":"Gremlin Nob","floor":10,"turns":3},{"damage":0,"enemies":"Lagavulin","floor":13,"turns":3},{"damage":0,"enemies":"Slime Boss","floor":16,"turns":5},{"damage":0,"enemies":"Spheric Guardian","floor":18,"turns":3},{"damage":16,"enemies":"Shell Parasite","floor":19,"turns":3},{"damage":15,"enemies":"Snake Plant","floor":20,"turns":4},{"damage":0,"enemies":"Chosen and Byrds","floor":21,"turns":3},{"damage":4,"enemies":"Slavers","floor":24,"turns":4},{"damage":6,"enemies":"Replay:Snechameleon","floor":28,"turns":5},{"damage":0,"enemies":"3 Cultists","floor":29,"turns":3},{"damage":9,"enemies":"Slavers","floor":30,"turns":4},{"damage":0,"enemies":"Pondfish","floor":33,"turns":7},{"damage":13,"enemies":"3 Darklings","floor":35,"turns":3},{"damage":9,"enemies":"3 Shapes","floor":38,"turns":2},{"damage":8,"enemies":"Jaw Worm Horde","floor":39,"turns":3},{"damage":2,"enemies":"Reptomancer","floor":41,"turns":6},{"damage":1,"enemies":"Sphere and 2 Shapes","floor":42,"turns":3},{"damage":1,"enemies":"Maw","floor":45,"turns":5},{"damage":0,"enemies":"Nemesis","floor":46,"turns":3},{"damage":1,"enemies":"Jaw Worm Horde","floor":48,"turns":3},{"damage":89,"enemies":"hubris:GrandSnecko","floor":50,"turns":9}],"seed_played":"7543496171760856864","potions_obtained":[{"floor":1,"key":"Reflective Coating"},{"floor":2,"key":"Weak Potion"},{"floor":4,"key":"Death Potion"},{"floor":28,"key":"FearPotion"},{"floor":29,"key":"Elixir"},{"floor":35,"key":"SkillPotion"},{"floor":39,"key":"Dexterity Potion"},{"floor":41,"key":"PotionOfCapacity"}],"is_trial":false,"path_per_floor":["M","M","$","M","M","R","E","M","T","E","?","R","E","?","R","B",null,"M","M","M","M","$","R","E","R","T","?","E","M","E","?","R","B",null,"M","$","?","M","M","R","E","M","T","$","M","E","T","M","R","B"],"character_chosen":"DEFECT","items_purchased":["MerchantsRug","hubris:TenFootPole","Self Repair","hubris:CuriousFeather","Replay:Bandana","Gash","Vajra","Beam Cell"],"campfire_rested":0,"item_purchase_floors":[22,22,36,36,36,36,44,44],"current_hp_per_floor":[75,75,75,75,75,75,73,70,70,70,70,70,70,55,75,75,75,75,59,44,44,44,44,40,40,40,40,34,34,25,25,25,37,75,62,62,85,76,75,75,80,85,85,85,85,85,85,85,85,0,0],"gold":583,"neow_bonus":"","is_daily":false,"chose_seed":false,"campfire_upgraded":6,"win_rate":0.0,"timestamp":1611606362,"path_taken":["M","M","$","?","M","R","E","M","T","E","?","R","E","?","R","BOSS","M","M","M","M","$","R","E","R","T","?","E","M","E","?","R","BOSS","M","$","?","M","?","R","E","M","T","$","M","E","?","M","R","BOSS"],"items_purchased_type":["Relic","Relic","Card","Relic","Relic","Card","Relic","Card"],"build_version":"2020-12-22","purchased_purges":0,"victory":false,"max_hp_per_floor":[75,75,75,75,75,75,75,75,75,75,75,75,75,75,75,75,75,75,75,75,75,75,75,75,75,75,75,75,75,75,75,75,75,75,75,75,85,85,85,85,85,85,85,85,85,85,85,85,85,85,85],"card_choices":[{"not_picked":["White Noise","Hologram"],"picked":"Gash","floor":1},{"not_picked":["Redo","Conserve Battery","Time Bomb"],"picked":"SKIP","floor":2},{"not_picked":["Leap","BasicCrystalCard"],"picked":"Sweeping Beam","floor":4},{"not_picked":["BasicCrystalCard","Barrage","Streamline"],"picked":"SKIP","floor":5},{"not_picked":["Capacitor","Meteor Strike"],"picked":"Steam","floor":7},{"not_picked":["Hello World","Stack"],"picked":"Sweeping Beam","floor":8},{"not_picked":["Fusion","Double Energy"],"picked":"Scrape","floor":10},{"not_picked":["Defragment","Hologram","Tempest"],"picked":"SKIP","floor":13},{"not_picked":["Biased Cognition","hubris:Prefetch"],"picked":"ReplayTheSpireMod:Fabricate Wheel","floor":16},{"not_picked":["Chaos+1"],"picked":"SKIP","floor":18},{"not_picked":[],"picked":"Sweeping Beam","floor":19},{"not_picked":["Leap"],"picked":"SKIP","floor":20},{"not_picked":["Leap"],"picked":"SKIP","floor":21},{"not_picked":["ReplayTheSpireMod:Calculation Training+1"],"picked":"SKIP","floor":24},{"not_picked":["Force Field"],"picked":"SKIP","floor":28},{"not_picked":["Leap"],"picked":"SKIP","floor":29},{"not_picked":["Sweeping Beam"],"picked":"SKIP","floor":29},{"not_picked":["Reinforced Body+1"],"picked":"SKIP","floor":30},{"not_picked":[],"picked":"Gash+1","floor":35},{"not_picked":["Leap"],"picked":"SKIP","floor":35},{"not_picked":["Cold Snap+1"],"picked":"SKIP","floor":38},{"not_picked":["Sweeping Beam+1"],"picked":"SKIP","floor":38},{"not_picked":["BasicCrystalCard+1"],"picked":"SKIP","floor":39},{"not_picked":["Panic Button+1"],"picked":"SKIP","floor":39},{"not_picked":["ReplayTheSpireMod:Calculation Training"],"picked":"SKIP","floor":41},{"not_picked":[],"picked":"Self Repair+1","floor":42},{"not_picked":["Hologram"],"picked":"SKIP","floor":42},{"not_picked":["ReplayTheSpireMod:Reroute Power+1"],"picked":"SKIP","floor":45},{"not_picked":["ReplayTheSpireMod:Repulse"],"picked":"SKIP","floor":46},{"not_picked":["Barrage"],"picked":"SKIP","floor":48}],"player_experience":507004,"relics_obtained":[{"floor":7,"key":"Emotion Chip"},{"floor":10,"key":"Oddly Smooth Stone"},{"floor":13,"key":"Garlic"},{"floor":24,"key":"Replay:Kaleidoscope"},{"floor":26,"key":"Mummified Hand"},{"floor":28,"key":"Torii"},{"floor":30,"key":"Calipers"},{"floor":41,"key":"Golden Egg"},{"floor":43,"key":"Replay:Antivirus Software"},{"floor":46,"key":"MealTicket"},{"floor":47,"key":"hubris:RGBLights"}],"event_choices":[{"damage_healed":70,"gold_gain":0,"player_choice":"Upgrade","damage_taken":15,"max_hp_gain":0,"max_hp_loss":75,"event_name":"betterThird:BetterShining","floor":14,"gold_loss":0,"cards_upgraded":["Rip and Tear","Steam"]},{"damage_healed":0,"gold_gain":0,"player_choice":"Ignored","damage_taken":0,"max_hp_gain":0,"max_hp_loss":0,"event_name":"betterNote:BetterNote","floor":27,"gold_loss":0,"cards_obtained":["Strike_R"]},{"damage_healed":0,"gold_gain":0,"player_choice":"Gave Potion","damage_taken":0,"relics_obtained":["Meat on the Bone"],"max_hp_gain":0,"max_hp_loss":0,"event_name":"WeMeetAgain","floor":31,"gold_loss":0},{"cards_removed":["Core Surge"],"damage_healed":13,"gold_gain":0,"player_choice":"Offered Rare","damage_taken":0,"max_hp_gain":10,"max_hp_loss":0,"event_name":"Bonfire Elementals","floor":37,"gold_loss":0}],"is_beta":false,"boss_relics":[{"not_picked":["Runic Dome","Black Star"],"picked":"Replay:Grab Bag"},{"not_picked":["hubris:TerracottaHorce","Painkiller Herb"],"picked":"Busted Crown"},{"not_picked":["Philosopher\u0027s Stone","Abe\u0027s Treasure"],"picked":"Coffee Dripper"},{"not_picked":["SlaversCollar","Nuclear Battery"],"picked":"Ring of Chaos"},{"not_picked":["ReplayTheSpireMod:DimensionalGlitch","hubris:GrandSneckoEye"],"picked":"Replay:Bronze Core"}],"items_purged_floors":[],"is_endless":false,"potions_floor_spawned":[1,2,4,18,21,28,29,35,39,41],"killed_by":"hubris:GrandSnecko","ascension_level":1}}