{"host":"wwo1kwxjf4eyz37q","time":1611586689,"event":{"mods":["AchievementEnabler","BaseMod","Colored Map","Minty Spire (QoL Compilation)","Quick Restart","SuperFastMode"],"gold_per_floor":[109,119,129,28,46,75,75,106,106,106,106,126,157,169,181,298,310,322,322],"floor_reached":18,"language":"KOR","playtime":863,"items_purged":["Strike_B"],"score":297,"play_id":"4583aa17-705d-449c-97b7-277b360ff356","local_time":"20210125235809","is_ascension_mode":true,"campfire_choices":[{"data":"Dualcast","floor":7.0,"key":"SMITH"},{"data":"Coolheaded","floor":11.0,"key":"SMITH"},{"floor":15.0,"key":"REST"}],"circlet_count":0,"master_deck":["Strike_B","Strike_B","Defend_B","Defend_B","Defend_B","Zap","Dualcast+1","Injury","Rebound","Chill","Gash","BootSequence","Compile Driver","Conserve Battery","Coolheaded+1","BootSequence","Hologram","Capacitor","Buffer"],"relics":["Cracked Core","Strawberry","StrikeDummy","Cables","MawBank","Runic Pyramid"],"acts_visited":["Exordium","TheCity"],"potions_floor_usage":[],"damage_taken":[{"damage":7.0,"enemies":"Small Slimes","floor":1.0,"turns":3.0},{"damage":0.0,"enemies":"Cultist","floor":2.0,"turns":3.0},{"damage":7.0,"enemies":"Jaw Worm","floor":3.0,"turns":3.0},{"damage":2.0,"enemies":"Looter","floor":5.0,"turns":4.0},{"damage":24.0,"enemies":"Gremlin Nob","floor":6.0,"turns":4.0},{"damage":17.0,"enemies":"Lagavulin","floor":8.0,"turns":7.0},{"damage":0.0,"enemies":"Large Slime","floor":12.0,"turns":6.0},{"damage":0.0,"enemies":"3 Sentries","floor":13.0,"turns":8.0},{"damage":7.0,"enemies":"The Guardian","floor":16.0,"turns":12.0},{"damage":0,"enemies":"Spheric Guardian","floor":18,"turns":3}],"seed_played":"1913120930898439568","potions_obtained":[{"floor":1.0,"key":"FearPotion"},{"floor":2.0,"key":"Ancient Potion"},{"floor":3.0,"key":"Block Potion"},{"floor":8.0,"key":"PotionOfCapacity"}],"is_trial":false,"path_per_floor":["M","M","M","$","M","E","R","E","T","?","R","M","E","$","R","B",null,"M"],"character_chosen":"DEFECT","items_purchased":["Compile Driver"],"campfire_rested":1,"item_purchase_floors":[4],"current_hp_per_floor":[61,61,54,54,52,35,35,18,18,18,18,18,18,18,42,35,70,70,70],"gold":322,"neow_bonus":"TRANSFORM_TWO_CARDS","is_daily":false,"chose_seed":false,"campfire_upgraded":2,"win_rate":0.0,"timestamp":1611586689,"path_taken":["M","M","M","$","M","E","R","E","T","?","R","?","E","$","R","BOSS","M"],"items_purchased_type":["Card"],"build_version":"2020-12-22","purchased_purges":1,"victory":false,"max_hp_per_floor":[75,75,75,75,75,82,82,82,82,82,82,82,82,82,82,82,82,82,82],"card_choices":[{"not_picked":["Melter","Double Energy"],"picked":"Chill","floor":1.0},{"not_picked":["Barrage","FTL"],"picked":"Gash","floor":2.0},{"not_picked":["Beam Cell","Barrage"],"picked":"BootSequence","floor":3.0},{"not_picked":["Turbo","Chill"],"picked":"Conserve Battery","floor":5.0},{"not_picked":["Core Surge","Aggregate"],"picked":"Coolheaded","floor":6.0},{"not_picked":["Go for the Eyes","Steam"],"picked":"BootSequence","floor":8.0},{"not_picked":["Leap","Scrape"],"picked":"Capacitor","floor":12.0},{"not_picked":["Double Energy","Darkness","Streamline"],"picked":"SKIP","floor":13.0},{"not_picked":["Fission","Rainbow"],"picked":"Buffer","floor":16.0}],"player_experience":253669,"relics_obtained":[{"floor":6.0,"key":"Strawberry"},{"floor":8.0,"key":"StrikeDummy"},{"floor":9.0,"key":"Cables"},{"floor":13.0,"key":"MawBank"}],"event_choices":[{"damage_healed":0.0,"max_hp_gain":0.0,"max_hp_loss":0.0,"gold_gain":0.0,"cards_transformed":["Turbo"],"event_name":"Transmorgrifier","player_choice":"Transformed","floor":10.0,"gold_loss":0.0,"damage_taken":0.0,"cards_obtained":["Hologram"]}],"is_beta":false,"boss_relics":[{"not_picked":["Runic Dome","FrozenCore"],"picked":"Runic Pyramid"}],"items_purged_floors":[4],"is_endless":false,"potions_floor_spawned":[1,2,3,8],"killed_by":"Spheric Guardian","ascension_level":9}}