{"host":"hnfelxnirsihwvcb","time":1611532916,"event":{"mods":["BaseMod","Colored Map","DeckTracker","Highlight Path","Minty Spire (QoL Compilation)","Quick Restart","Relic Sorter","Relic Stats","Shop Mod","StSLib","SuperFastMode"],"gold_per_floor":[117,117,135,210,14,14,31,31,57,57,84,104,124,154,154,254,254,266,280,280,280,44,77,77,77,77,92,111,111,123,134,134,235,235,253,174,0,12,32,32,85,85,85,85,98,98,98,117,117,117],"floor_reached":51,"language":"ENG","playtime":1557,"items_purged":["Steam"],"score":1077,"play_id":"e8cf6a3b-c246-434e-8bc3-761d8259d6d3","local_time":"20210125010156","daily_mods":["SealedDeck","Vintage","Binary"],"is_ascension_mode":false,"campfire_choices":[{"data":"Scrape","floor":6,"key":"SMITH"},{"data":"Double Energy","floor":10,"key":"SMITH"},{"data":"Panache","floor":15,"key":"SMITH"},{"floor":24,"key":"REST"},{"data":"Go for the Eyes","floor":32,"key":"SMITH"},{"data":"1","floor":40,"key":"LIFT"},{"data":"2","floor":42,"key":"LIFT"},{"data":"3","floor":44,"key":"LIFT"},{"data":"Gash","floor":49,"key":"PURGE"}],"circlet_count":0,"master_deck":["Double Energy+1","Gash","Gash","Go for the Eyes+1","Steam","Scrape+1","Gash","Gash","Gash","Panache+1"],"relics":["Unceasing Top","Busted Crown","Ornamental Fan","Kunai","PreservedInsect","Potion Belt","Dream Catcher","Akabeko","Matryoshka","White Beast Statue","SlaversCollar","The Courier","Cables","Nunchaku","Bag of Preparation","Pear","InkBottle","Blue Candle","Juzu Bracelet","Darkstone Periapt","Bronze Scales","Sundial","Strawberry","Fusion Hammer","Toy Ornithopter","Red Mask","Girya","Mercury Hourglass","Peace Pipe","Oddly Smooth Stone","Meat on the Bone","Pen Nib","CeramicFish"],"acts_visited":["Exordium","TheCity","TheBeyond"],"potions_floor_usage":[],"damage_taken":[{"damage":0,"enemies":"Jaw Worm","floor":1,"turns":1},{"damage":0,"enemies":"Cultist","floor":3,"turns":1},{"damage":0,"enemies":"2 Louse","floor":7,"turns":1},{"damage":0,"enemies":"3 Sentries","floor":11,"turns":1},{"damage":0,"enemies":"2 Fungi Beasts","floor":12,"turns":1},{"damage":0,"enemies":"Exordium Wildlife","floor":13,"turns":1},{"damage":0,"enemies":"Lagavulin","floor":14,"turns":1},{"damage":0,"enemies":"The Guardian","floor":16,"turns":1},{"damage":0,"enemies":"2 Thieves","floor":18,"turns":1},{"damage":0,"enemies":"Chosen","floor":19,"turns":1},{"damage":0,"enemies":"Book of Stabbing","floor":23,"turns":1},{"damage":0,"enemies":"Snecko","floor":27,"turns":1},{"damage":0,"enemies":"Cultist and Chosen","floor":28,"turns":1},{"damage":0,"enemies":"Shelled Parasite and Fungi","floor":30,"turns":1},{"damage":0,"enemies":"3 Cultists","floor":31,"turns":1},{"damage":0,"enemies":"Automaton","floor":33,"turns":1},{"damage":0,"enemies":"3 Darklings","floor":35,"turns":1},{"damage":0,"enemies":"3 Shapes","floor":38,"turns":1},{"damage":0,"enemies":"Spire Growth","floor":39,"turns":1},{"damage":0,"enemies":"2 Orb Walkers","floor":41,"turns":1},{"damage":0,"enemies":"Writhing Mass","floor":45,"turns":1},{"damage":0,"enemies":"4 Shapes","floor":48,"turns":1},{"damage":0,"enemies":"Awakened One","floor":50,"turns":2}],"seed_played":"-559692889571111755","potions_obtained":[{"floor":3,"key":"PotionOfCapacity"},{"floor":7,"key":"AttackPotion"},{"floor":12,"key":"SpeedPotion"},{"floor":13,"key":"Energy Potion"},{"floor":16,"key":"LiquidBronze"}],"is_trial":true,"path_per_floor":["M","?","M","?","$","R","M","?","T","R","E","M","M","E","R","B",null,"M","M","?","?","$","E","R","$","T","M","M","?","M","M","R","B",null,"M","$","?","M","M","R","?","R","T","R","M","$","?","M","R","B",null],"character_chosen":"DEFECT","items_purchased":["Panache","Nunchaku","Bag of Preparation","Gash"],"campfire_rested":1,"item_purchase_floors":[5,22,22,36],"current_hp_per_floor":[75,75,75,64,64,64,64,64,64,64,64,64,64,64,64,64,75,75,75,61,61,61,71,90,90,90,90,90,90,90,97,97,97,97,97,97,97,97,97,97,97,97,97,97,97,97,97,97,97,97],"gold":117,"neow_bonus":"","is_daily":false,"chose_seed":false,"campfire_upgraded":4,"win_rate":0.0,"timestamp":1611532916,"path_taken":["M","?","?","?","$","R","M","?","T","R","E","M","M","E","R","BOSS","M","M","?","?","$","E","R","$","T","M","M","?","M","M","R","BOSS","M","$","?","M","M","R","?","R","T","R","M","$","?","M","R","BOSS"],"items_purchased_type":["Card","Relic","Relic","Card"],"build_version":"2020-12-22","purchased_purges":1,"victory":true,"max_hp_per_floor":[75,75,75,75,75,75,75,75,75,75,75,75,75,75,75,75,75,75,75,80,80,80,90,90,90,90,90,90,90,90,97,97,97,97,97,97,97,97,97,97,97,97,97,97,97,97,97,97,97,97],"relic_stats":{"Darkstone Periapt":0,"counters":[23,24],"Blue Candle":[0],"CeramicFish":0,"PreservedInsect":100,"Pen Nib":[3],"Bag of Preparation":[26],"Juzu Bracelet":0,"Cables":[0,0,0,0,0],"Mercury Hourglass":[33],"Peace Pipe":1,"Dream Catcher":1,"Nunchaku":[17],"Busted Crown":16,"Ornamental Fan":[300],"Sundial":[14],"Bronze Scales":[0],"Kunai":[73],"obtain_stats":[{"Darkstone Periapt":28,"CeramicFish":48,"Bag of Preparation":22,"Juzu Bracelet":27,"Dream Catcher":11,"Nunchaku":22,"Matryoshka":13,"Sundial":30,"Strawberry":31,"Fusion Hammer":34,"Red Mask":37,"Kunai":3,"InkBottle":26,"Potion Belt":9,"Girya":38,"Pear":23,"Blue Candle":26,"Oddly Smooth Stone":43,"PreservedInsect":7,"The Courier":18,"Pen Nib":45,"Akabeko":12,"White Beast Statue":14,"Cables":19,"Mercury Hourglass":39,"Peace Pipe":41,"SlaversCollar":17,"Busted Crown":0,"Ornamental Fan":1,"Bronze Scales":29,"Unceasing Top":0,"Toy Ornithopter":35,"Meat on the Bone":43},{"Darkstone Periapt":13,"CeramicFish":22,"Bag of Preparation":10,"Juzu Bracelet":12,"Dream Catcher":4,"Nunchaku":10,"Matryoshka":6,"Sundial":14,"Strawberry":15,"Fusion Hammer":16,"Red Mask":17,"Kunai":2,"InkBottle":11,"Potion Belt":3,"Girya":18,"Pear":11,"Blue Candle":11,"Oddly Smooth Stone":20,"PreservedInsect":3,"The Courier":9,"Pen Nib":21,"Akabeko":5,"White Beast Statue":7,"Cables":10,"Mercury Hourglass":19,"Peace Pipe":20,"SlaversCollar":8,"Busted Crown":0,"Ornamental Fan":1,"Bronze Scales":13,"Unceasing Top":0,"Toy Ornithopter":17,"Meat on the Bone":20},{"Darkstone Periapt":13,"CeramicFish":22,"Bag of Preparation":10,"Juzu Bracelet":12,"Dream Catcher":4,"Nunchaku":10,"Matryoshka":6,"Sundial":14,"Strawberry":15,"Fusion Hammer":16,"Red Mask":17,"Kunai":2,"InkBottle":11,"Potion Belt":3,"Girya":18,"Pear":11,"Blue Candle":11,"Oddly Smooth Stone":20,"PreservedInsect":3,"The Courier":9,"Pen Nib":21,"Akabeko":5,"White Beast Statue":7,"Cables":10,"Mercury Hourglass":19,"Peace Pipe":20,"SlaversCollar":8,"Busted Crown":0,"Ornamental Fan":1,"Bronze Scales":13,"Unceasing Top":0,"Toy Ornithopter":17,"Meat on the Bone":20}],"Unceasing Top":[83],"InkBottle":[20],"Toy Ornithopter":0,"Meat on the Bone":0},"card_choices":[],"player_experience":836834,"relics_obtained":[{"floor":1,"key":"Ornamental Fan"},{"floor":3,"key":"Kunai"},{"floor":7,"key":"PreservedInsect"},{"floor":9,"key":"Potion Belt"},{"floor":11,"key":"Dream Catcher"},{"floor":12,"key":"Akabeko"},{"floor":13,"key":"Matryoshka"},{"floor":14,"key":"White Beast Statue"},{"floor":18,"key":"The Courier"},{"floor":19,"key":"Cables"},{"floor":23,"key":"Pear"},{"floor":26,"key":"InkBottle"},{"floor":26,"key":"Blue Candle"},{"floor":27,"key":"Juzu Bracelet"},{"floor":28,"key":"Darkstone Periapt"},{"floor":30,"key":"Sundial"},{"floor":31,"key":"Strawberry"},{"floor":35,"key":"Toy Ornithopter"},{"floor":38,"key":"Girya"},{"floor":39,"key":"Mercury Hourglass"},{"floor":41,"key":"Peace Pipe"},{"floor":43,"key":"Oddly Smooth Stone"},{"floor":43,"key":"Meat on the Bone"},{"floor":45,"key":"Pen Nib"},{"floor":48,"key":"CeramicFish"}],"event_choices":[{"damage_healed":0,"gold_gain":0,"player_choice":"Ignored","damage_taken":0,"max_hp_gain":0,"max_hp_loss":0,"event_name":"Transmorgrifier","floor":2,"gold_loss":0},{"damage_healed":0,"gold_gain":75,"player_choice":"Gather Gold","damage_taken":11,"max_hp_gain":0,"max_hp_loss":0,"event_name":"World of Goop","floor":4,"gold_loss":0},{"damage_healed":0,"gold_gain":0,"player_choice":"Ignored","damage_taken":0,"max_hp_gain":0,"max_hp_loss":0,"event_name":"Liars Game","floor":8,"gold_loss":0},{"damage_healed":0,"gold_gain":0,"player_choice":"Shed Blood","damage_taken":19,"max_hp_gain":5,"max_hp_loss":0,"event_name":"Forgotten Altar","floor":20,"gold_loss":0},{"damage_healed":0,"gold_gain":0,"player_choice":"Ignored","damage_taken":0,"max_hp_gain":0,"max_hp_loss":0,"event_name":"Vampires","floor":21,"gold_loss":0},{"damage_healed":0,"gold_gain":0,"player_choice":"Opened","damage_taken":0,"relics_obtained":["Bronze Scales"],"max_hp_gain":0,"max_hp_loss":0,"event_name":"The Mausoleum","floor":29,"gold_loss":0},{"damage_healed":0,"gold_gain":0,"player_choice":"Paid","damage_taken":0,"relics_obtained":["Red Mask"],"max_hp_gain":0,"max_hp_loss":0,"event_name":"Tomb of Lord Red Mask","floor":37,"gold_loss":174},{"damage_healed":0,"gold_gain":0,"player_choice":"Fight","damage_taken":0,"max_hp_gain":0,"max_hp_loss":0,"event_name":"Mysterious Sphere","floor":41,"gold_loss":0},{"damage_healed":0,"gold_gain":0,"player_choice":"Memory 1","damage_taken":0,"max_hp_gain":0,"max_hp_loss":0,"event_name":"SensoryStone","floor":47,"gold_loss":0}],"is_beta":false,"boss_relics":[{"not_picked":["Philosopher\u0027s Stone","Runic Dome"],"picked":"SlaversCollar"},{"not_picked":["Coffee Dripper","Inserter"],"picked":"Fusion Hammer"}],"items_purged_floors":[36],"is_endless":false,"potions_floor_spawned":[3,7,12,13,16,18,19,23,27,28,30,31,33,35,38,39,41,45,48],"ascension_level":0}}