{"host":"p11r1vg7ld7z2n97","time":1611534657,"event":{"mods":["BaseMod","Better Note","Colored Map","Downfall","Minty Spire (QoL Compilation)","Rare Cards Sparkle","StSLib","Waifu the Spire"],"gold_per_floor":[99,119,119,139,158,58,58,58,43,43,28,43,43,70,99,111,111,111],"floor_reached":16,"language":"ENG","playtime":747,"items_purged":[],"score":100,"play_id":"509bd98e-a299-4da3-8ca5-720910c6fc0e","local_time":"20210124173057","is_ascension_mode":false,"campfire_choices":[{"floor":1,"key":"RECALL"},{"data":"bronze:GetLatest","floor":6,"key":"SMITH"},{"data":"bronze:Constructor","floor":8,"key":"SMITH"},{"data":"bronze:Separator","floor":13,"key":"SMITH"}],"circlet_count":0,"master_deck":["bronze:Strike","bronze:Strike","bronze:Strike","bronze:Strike","bronze:Defend","bronze:Defend","bronze:Defend","bronze:Defend","bronze:Replicate+1","bronze:Goto+1","bronze:OilSpill+1","bronze:GetLatest+1","bronze:Constructor+1","bronze:CutThrough","bronze:Separator+1","bronze:ClassDefault","bronze:Overheat"],"relics":["bronze:BronzeCore","downfall:HeartBlessingRed","Gremlin Horn","MawBank"],"acts_visited":["Exordium"],"potions_floor_usage":[],"damage_taken":[{"damage":2,"enemies":"Jaw Worm","floor":2,"turns":6},{"damage":0,"enemies":"Cultist","floor":4,"turns":3},{"damage":5,"enemies":"Small Slimes","floor":5,"turns":2},{"damage":5,"enemies":"downfall:FleeingMerchant","floor":9,"turns":4},{"damage":3,"enemies":"downfall:FleeingMerchant","floor":11,"turns":4},{"damage":0,"enemies":"2 Fungi Beasts","floor":12,"turns":3},{"damage":2,"enemies":"Gremlin Nob","floor":14,"turns":3},{"damage":10,"enemies":"Large Slime","floor":15,"turns":6},{"damage":41,"enemies":"DF_ARCHETYPE_STREAMLINE","floor":16,"turns":4}],"seed_played":"-5133057604334984886","potions_obtained":[{"floor":12,"key":"Block Potion"},{"floor":14,"key":"bronze:FreeFunctionsPotion"},{"floor":15,"key":"Swift Potion"}],"is_trial":false,"path_per_floor":["R","M","?","M","M","R","T","R","$","?","$","M","R","E","M","B"],"character_chosen":"THE_AUTOMATON","items_purchased":[],"campfire_rested":0,"item_purchase_floors":[],"current_hp_per_floor":[77,75,75,75,70,70,70,70,65,53,50,50,50,48,38,0,0,0],"gold":111,"neow_bonus":"TEN_PERCENT_HP_BONUS","is_daily":false,"chose_seed":false,"campfire_upgraded":3,"win_rate":0.0,"timestamp":1611534657,"path_taken":["R","M","?","M","?","R","T","R","?","?","$","M","R","E","M","BOSS"],"items_purchased_type":[],"build_version":"2020-12-22","purchased_purges":0,"victory":false,"max_hp_per_floor":[77,77,77,77,77,77,77,77,77,77,77,77,77,77,77,77,77,77],"card_choices":[{"not_picked":["bronze:Turbo","bronze:BitShift"],"picked":"bronze:OilSpill","floor":2},{"not_picked":["bronze:Iterate","bronze:DelayedGuard"],"picked":"bronze:GetLatest","floor":4},{"not_picked":["bronze:Backtrace","bronze:Shield"],"picked":"bronze:Constructor","floor":5},{"not_picked":["bronze:FollowUp","bronze:Invalidate"],"picked":"bronze:CutThrough","floor":9},{"not_picked":["bronze:Deprecate","bronze:HyperBeam"],"picked":"bronze:Separator","floor":11},{"not_picked":["bronze:DelayedSlice","bronze:DelayedGuard","bronze:Return"],"picked":"SKIP","floor":12},{"not_picked":["bronze:Repulsor","bronze:ThunderWave"],"picked":"bronze:ClassDefault","floor":14},{"not_picked":["bronze:Iterate","bronze:DelayedGuard"],"picked":"bronze:Overheat","floor":15}],"player_experience":675309,"relics_obtained":[{"floor":14,"key":"MawBank"}],"event_choices":[{"damage_healed":0,"gold_gain":0,"player_choice":"Success","damage_taken":12,"relics_obtained":["Gremlin Horn"],"max_hp_gain":0,"max_hp_loss":0,"event_name":"Scrap Ooze","floor":10,"gold_loss":0}],"is_beta":false,"boss_relics":[],"items_purged_floors":[],"is_endless":false,"potions_floor_spawned":[12,14,15],"killed_by":"DF_ARCHETYPE_STREAMLINE","ascension_level":0}}