{"host":"sckme7d1fomdxamv","time":1611589321,"event":{"mods":["Act Like it!","BaseMod","Downfall","Friendly Minions","Gensokyo","Kiyohime（清姬）","Marisa（F雨　魔理沙）","Minty Spire (QoL Compilation)","READ ME - Guardian Mod","Rare Cards Sparkle","Remilia（蕾米莉亚）","Replay The Spire","Shop Mod","StSLib","The Bug Knight","The Hierophant","The Servant 0.9.4"],"gold_per_floor":[112,123,48,48,61,75,75,75,75],"floor_reached":8,"language":"ZHS","playtime":779,"items_purged":[],"score":48,"play_id":"700008a5-15ab-4652-b842-7e541fa4b681","local_time":"20210125234201","is_ascension_mode":false,"campfire_choices":[{"floor":7,"key":"RECALL"}],"circlet_count":0,"master_deck":["HollowMod:NailStrikeStart","HollowMod:NailStrikeStart","HollowMod:NailStrikeStart","HollowMod:NailStrikeStart","HollowMod:QuickDashStart","HollowMod:QuickDashStart","HollowMod:QuickDashStart","HollowMod:QuickDashStart","HollowMod:FocusHealStart","HollowMod:PogoStrike","Secret Technique","HollowMod:SiblingsSouls","HollowMod:NewLittleFool","Pain","HollowMod:CornifersMapStart","HollowMod:NewGlowingWomb"],"relics":["HollowMod:VesselMask","Gensokyo:LunaticRedEyes"],"acts_visited":["Exordium"],"potions_floor_usage":[8],"damage_taken":[{"damage":13,"enemies":"Gensokyo:2_Kodama","floor":1,"turns":3},{"damage":4,"enemies":"Gensokyo:3_Fairies","floor":2,"turns":4},{"damage":5,"enemies":"Gensokyo:Python","floor":5,"turns":4},{"damage":15,"enemies":"Gensokyo:VengefulSpirit","floor":6,"turns":4},{"damage":47,"enemies":"Gensokyo:Cirno","floor":8,"turns":9}],"seed_played":"3651373922842196198","potions_obtained":[{"floor":2,"key":"LiquidMemories"}],"is_trial":false,"path_per_floor":["M","M","?","?","M","M","R","E"],"character_chosen":"THE_BUGKNIGHT","items_purchased":[],"campfire_rested":0,"item_purchase_floors":[],"current_hp_per_floor":[51,53,58,58,59,50,50,13,13],"gold":75,"neow_bonus":"RANDOM_COLORLESS_2","is_daily":false,"chose_seed":false,"campfire_upgraded":0,"win_rate":0.0,"timestamp":1611589321,"path_taken":["M","?","?","?","M","M","R","E"],"items_purchased_type":[],"build_version":"2020-12-22","purchased_purges":0,"victory":false,"max_hp_per_floor":[75,75,80,80,80,80,80,80,80],"card_choices":[{"not_picked":["Chrysalis","ReplayTheSpireMod:Necrogeddon"],"picked":"Secret Technique","floor":0},{"not_picked":["HollowMod:BaldurShell","HollowMod:GoodIntentions"],"picked":"HollowMod:SiblingsSouls","floor":1},{"not_picked":["HollowMod:MonarchWings","HollowMod:SoulVessel"],"picked":"HollowMod:NewLittleFool","floor":2},{"not_picked":["HollowMod:ShapeofUnn","HollowMod:TaintedHusks"],"picked":"HollowMod:CornifersMapStart","floor":5},{"not_picked":["HollowMod:InfectedCysts","HollowMod:DescendingDark"],"picked":"HollowMod:NewGlowingWomb","floor":6}],"player_experience":208872,"relics_obtained":[],"event_choices":[],"is_beta":false,"boss_relics":[],"items_purged_floors":[],"is_endless":false,"potions_floor_spawned":[2],"killed_by":"Gensokyo:Cirno","ascension_level":0}}