{"host":"h1qktzcccqnez8tx","time":1611612425,"event":{"mods":["AchievementEnabler","BaseMod","Bestiary","Better Note","Block Reminder","Colored Map","Colored Powertips","Curses Come First","Highlight Path","Minty Spire (QoL Compilation)","Permanent Neow","Quick Restart","Relic Stats","StSLib","UnlockEverythingMod"],"gold_per_floor":[367,367,220,234,234,49,83,103,126,159,179,179,31,49,49,151,151,168,179,191,202,202,202],"floor_reached":22,"language":"ENG","playtime":900,"items_purged":[],"score":248,"play_id":"45dd2b5a-2dbf-4fd0-913b-309ecd4641b1","local_time":"20210125230705","is_ascension_mode":true,"campfire_choices":[{"floor":12,"key":"REST"},{"data":"Electrodynamics","floor":15,"key":"SMITH"}],"circlet_count":0,"master_deck":["Strike_B","Strike_B","Strike_B","Strike_B","Defend_B","Defend_B","Defend_B","Defend_B","Zap","Dualcast","Sweeping Beam","Genetic Algorithm","Glacier","Gash","Electrodynamics+1","Capacitor","Gash","Reinforced Body","Sunder","Sweeping Beam","Ball Lightning","Aggregate","Biased Cognition","Creative AI","Turbo","Self Repair+1","Turbo+1","Steam"],"relics":["Cracked Core","Orrery","MealTicket","Strange Spoon","Blood Vial","Orichalcum","Bottled Tornado","Chemical X","Black Star"],"acts_visited":["Exordium","TheCity"],"potions_floor_usage":[22,22],"damage_taken":[{"damage":3,"enemies":"Small Slimes","floor":1,"turns":3},{"damage":2,"enemies":"Jaw Worm","floor":4,"turns":4},{"damage":12,"enemies":"Lagavulin","floor":7,"turns":9},{"damage":1,"enemies":"Cultist","floor":8,"turns":4},{"damage":22,"enemies":"Gremlin Nob","floor":10,"turns":5},{"damage":11,"enemies":"Blue Slaver","floor":11,"turns":4},{"damage":8,"enemies":"Red Slaver","floor":14,"turns":2},{"damage":15,"enemies":"Slime Boss","floor":16,"turns":7},{"damage":17,"enemies":"2 Thieves","floor":18,"turns":4},{"damage":29,"enemies":"Shell Parasite","floor":19,"turns":8},{"damage":11,"enemies":"Snake Plant","floor":20,"turns":5},{"damage":11,"enemies":"Centurion and Healer","floor":21,"turns":8},{"damage":25,"enemies":"Shelled Parasite and Fungi","floor":22,"turns":2}],"seed_played":"1930249881932322147","potions_obtained":[{"floor":10,"key":"FearPotion"},{"floor":16,"key":"PowerPotion"},{"floor":20,"key":"PowerPotion"}],"is_trial":false,"path_per_floor":["M","?","$","M","?","$","E","M","T","E","M","R","$","M","R","B",null,"M","M","M","M","M"],"character_chosen":"DEFECT","items_purchased":["Orrery","Reinforced Body","Strange Spoon","Chemical X"],"campfire_rested":1,"item_purchase_floors":[3,6,6,13],"current_hp_per_floor":[51,56,56,54,42,57,45,46,46,26,17,41,56,50,50,37,69,54,27,28,19,0,0],"gold":202,"neow_bonus":"TWO_FIFTY_GOLD","is_daily":false,"chose_seed":false,"campfire_upgraded":1,"win_rate":0.0,"timestamp":1611612425,"path_taken":["M","?","$","M","?","$","E","M","T","E","M","R","$","M","R","BOSS","M","M","M","M","M"],"items_purchased_type":["Relic","Card","Relic","Relic"],"build_version":"2020-12-22","purchased_purges":0,"victory":false,"max_hp_per_floor":[75,80,80,80,80,80,80,80,80,80,80,80,80,80,80,80,80,80,80,80,80,80,80],"relic_stats":{"Blood Vial":20,"Strange Spoon":[5],"counters":[13,65],"MealTicket":30,"Black Star":0,"Chemical X":[8],"Orichalcum":[108],"obtain_stats":[{"Blood Vial":7,"Strange Spoon":6,"Orrery":3,"MealTicket":5,"Black Star":17,"Chemical X":13,"Orichalcum":9,"Bottled Tornado":10,"Cracked Core":0},{"Blood Vial":3,"Strange Spoon":2,"Orrery":1,"MealTicket":2,"Black Star":8,"Chemical X":6,"Orichalcum":4,"Bottled Tornado":5,"Cracked Core":0},{"Blood Vial":16,"Strange Spoon":7,"Orrery":3,"MealTicket":7,"Black Star":38,"Chemical X":29,"Orichalcum":20,"Bottled Tornado":25,"Cracked Core":0}]},"card_choices":[{"not_picked":["Go for the Eyes","Double Energy"],"picked":"Sweeping Beam","floor":1},{"not_picked":["Fusion","Double Energy"],"picked":"Genetic Algorithm","floor":3},{"not_picked":["Reprogram","Leap"],"picked":"Glacier","floor":3},{"not_picked":["Force Field","Redo"],"picked":"Gash","floor":3},{"not_picked":["Streamline","Capacitor"],"picked":"Electrodynamics","floor":3},{"not_picked":["Ball Lightning","Heatsinks"],"picked":"Capacitor","floor":3},{"not_picked":["Redo","Steam Power"],"picked":"Gash","floor":4},{"not_picked":["Compile Driver","Go for the Eyes"],"picked":"Sunder","floor":7},{"not_picked":["Cold Snap","Go for the Eyes"],"picked":"Sweeping Beam","floor":8},{"not_picked":["Aggregate","Go for the Eyes"],"picked":"Ball Lightning","floor":10},{"not_picked":["Leap","Static Discharge"],"picked":"Aggregate","floor":11},{"not_picked":["Leap","Coolheaded"],"picked":"Biased Cognition","floor":14},{"not_picked":["Meteor Strike","Multi-Cast"],"picked":"Creative AI","floor":16},{"not_picked":["Go for the Eyes+1","Steam"],"picked":"Turbo","floor":18},{"not_picked":["Hologram","Compile Driver"],"picked":"Self Repair+1","floor":19},{"not_picked":["Ball Lightning","Static Discharge+1"],"picked":"Turbo+1","floor":20},{"not_picked":["Fusion+1","Storm"],"picked":"Steam","floor":21}],"player_experience":160743,"relics_obtained":[{"floor":7,"key":"Blood Vial"},{"floor":9,"key":"Orichalcum"},{"floor":10,"key":"Bottled Tornado"}],"event_choices":[{"damage_healed":0,"gold_gain":0,"player_choice":"Donut","damage_taken":0,"max_hp_gain":5,"max_hp_loss":0,"event_name":"Big Fish","floor":2,"gold_loss":0},{"damage_healed":0,"gold_gain":0,"player_choice":"Success","damage_taken":12,"relics_obtained":["MealTicket"],"max_hp_gain":0,"max_hp_loss":0,"event_name":"Scrap Ooze","floor":5,"gold_loss":0}],"is_beta":false,"boss_relics":[{"not_picked":["Tiny House","FrozenCore"],"picked":"Black Star"}],"items_purged_floors":[],"is_endless":false,"potions_floor_spawned":[10,16,20],"killed_by":"Shelled Parasite and Fungi","ascension_level":5}}