{"host":"bq4pt811tk9yrmjl","time":1611602200,"event":{"mods":["AchievementEnabler","BaseMod","Colored Map","Colored Powertips","Defuse TimeMaze Blight","Hermit","Minty Spire (QoL Compilation)","StSLib","SuperFastMode"],"gold_per_floor":[113,123,123,123,139,139,151,185,185,196,208,236,236,250,250,347,347,364,374,374,404,416,428,440,440],"floor_reached":24,"language":"ENG","playtime":439,"items_purged":[],"score":210,"play_id":"75210b52-9778-4839-98fa-1fb317548c99","local_time":"20210125171640","is_ascension_mode":true,"campfire_choices":[{"data":"Bash","floor":6,"key":"SMITH"},{"data":"Armaments","floor":13,"key":"SMITH"},{"data":"Bludgeon","floor":15,"key":"SMITH"},{"data":"Berserk","floor":23,"key":"SMITH"}],"circlet_count":0,"master_deck":["Strike_R","Strike_R","Strike_R","Strike_R","Strike_R","Defend_R","Defend_R","Defend_R+1","Defend_R","Bash+1","Clash","Anger+1","Bludgeon+1","Armaments+1","Berserk+1","Metallicize","Seeing Red+1","Writhe"],"relics":["Burning Blood","NeowsBlessing","Darkstone Periapt","Odd Mushroom","Sozu","MawBank"],"acts_visited":["Exordium","TheCity"],"potions_floor_usage":[8,8,11,12],"damage_taken":[{"damage":0,"enemies":"Cultist","floor":1,"turns":1},{"damage":0,"enemies":"2 Louse","floor":2,"turns":1},{"damage":0,"enemies":"Jaw Worm","floor":5,"turns":1},{"damage":2,"enemies":"Large Slime","floor":7,"turns":5},{"damage":19,"enemies":"3 Sentries","floor":8,"turns":9},{"damage":8,"enemies":"Lots of Slimes","floor":10,"turns":6},{"damage":7,"enemies":"Gremlin Gang","floor":11,"turns":4},{"damage":18,"enemies":"The Mushroom Lair","floor":12,"turns":4},{"damage":0,"enemies":"Large Slime","floor":14,"turns":4},{"damage":51,"enemies":"The Guardian","floor":16,"turns":16},{"damage":5,"enemies":"Spheric Guardian","floor":18,"turns":3},{"damage":29,"enemies":"2 Thieves","floor":19,"turns":4},{"damage":14,"enemies":"Snecko","floor":21,"turns":5},{"damage":38,"enemies":"Slavers","floor":24,"turns":3}],"seed_played":"4712489398511585470","potions_obtained":[{"floor":2,"key":"ColorlessPotion"},{"floor":7,"key":"SkillPotion"},{"floor":10,"key":"Block Potion"},{"floor":12,"key":"BloodPotion"}],"is_trial":false,"path_per_floor":["M","M","?","$","M","R","M","E","T","M","M","?","R","M","R","B",null,"M","M","?","M","?","R","E"],"character_chosen":"IRONCLAD","items_purchased":[],"campfire_rested":0,"item_purchase_floors":[],"current_hp_per_floor":[80,80,64,64,70,70,74,61,61,59,58,62,62,68,68,23,80,80,57,63,55,55,55,17,17],"gold":440,"neow_bonus":"THREE_ENEMY_KILL","is_daily":false,"chose_seed":false,"campfire_upgraded":4,"win_rate":0.0,"timestamp":1611602200,"path_taken":["M","M","?","$","M","R","M","E","T","M","M","?","R","M","R","BOSS","M","M","?","M","?","R","E"],"items_purchased_type":[],"build_version":"2020-12-22","purchased_purges":0,"victory":false,"max_hp_per_floor":[80,80,80,80,80,80,80,80,80,80,80,80,80,80,80,80,80,80,80,86,86,86,86,86,86],"card_choices":[{"not_picked":["Headbutt","Flex"],"picked":"Clash","floor":1},{"not_picked":["Searing Blow","Clash"],"picked":"Anger","floor":2},{"not_picked":["Perfected Strike","Intimidate","Heavy Blade"],"picked":"SKIP","floor":5},{"not_picked":["Rupture","Twin Strike","Uppercut"],"picked":"SKIP","floor":7},{"not_picked":["Flex","Warcry","Searing Blow"],"picked":"SKIP","floor":8},{"not_picked":["Warcry","Clash"],"picked":"Bludgeon","floor":10},{"not_picked":["Hemokinesis","Clothesline","Shrug It Off"],"picked":"SKIP","floor":11},{"not_picked":["Warcry","Flame Barrier"],"picked":"Armaments","floor":12},{"not_picked":["Iron Wave","Shrug It Off","Bloodletting"],"picked":"SKIP","floor":14},{"not_picked":["Bludgeon","Barricade"],"picked":"Berserk","floor":16},{"not_picked":["Clothesline","Blood for Blood+1"],"picked":"Metallicize","floor":18},{"not_picked":["Perfected Strike","Shrug It Off","Seeing Red"],"picked":"SKIP","floor":19},{"not_picked":["Perfected Strike","Shrug It Off"],"picked":"Seeing Red","floor":19},{"not_picked":["True Grit","Thunderclap","Warcry"],"picked":"SKIP","floor":21}],"player_experience":248731,"relics_obtained":[{"floor":8,"key":"Darkstone Periapt"},{"floor":12,"key":"Odd Mushroom"}],"event_choices":[{"damage_healed":0,"gold_gain":0,"player_choice":"Entered Light","damage_taken":16,"max_hp_gain":0,"max_hp_loss":0,"event_name":"Shining Light","floor":3,"gold_loss":0,"cards_upgraded":["Anger","Defend_R"]},{"damage_healed":0,"gold_gain":0,"player_choice":"Fought Mushrooms","damage_taken":0,"max_hp_gain":0,"max_hp_loss":0,"event_name":"Mushrooms","floor":12,"gold_loss":0},{"damage_healed":0,"gold_gain":0,"player_choice":"Opened","damage_taken":0,"relics_obtained":["MawBank"],"max_hp_gain":0,"max_hp_loss":0,"event_name":"The Mausoleum","floor":20,"gold_loss":0,"cards_obtained":["Writhe"]},{"damage_healed":0,"gold_gain":0,"player_choice":"Upgraded","damage_taken":0,"max_hp_gain":0,"max_hp_loss":0,"event_name":"Upgrade Shrine","floor":22,"gold_loss":0,"cards_upgraded":["Seeing Red"]}],"is_beta":false,"boss_relics":[{"not_picked":["Pandora\u0027s Box","Fusion Hammer"],"picked":"Sozu"}],"items_purged_floors":[],"is_endless":false,"potions_floor_spawned":[2,7,10,12,18,19],"killed_by":"Slavers","ascension_level":1}}