{"host":"5fpb1gzflhq9886n","time":1611534260,"event":{"mods":["AchievementEnabler","BaseMod","Colored Map","Colored Powertips","Minty Spire (QoL Compilation)","Permanent Neow"],"gold_per_floor":[109,25,25,36,36,63,63,63,114,132,146,201,235,253,253,349,349,369,284,353,353,353,353,383,402,402,402,425,437,437,122,122,122,122],"floor_reached":33,"language":"ENG","playtime":1270,"items_purged":["Strike_G"],"score":355,"play_id":"e4b4c495-75ae-4271-87d3-1e138d20f82c","local_time":"20210124192420","is_ascension_mode":true,"campfire_choices":[{"data":"Noxious Fumes","floor":8.0,"key":"SMITH"},{"floor":15.0,"key":"REST"},{"data":"Riddle With Holes","floor":23.0,"key":"SMITH"},{"floor":27.0,"key":"REST"},{"floor":30.0,"key":"REST"},{"floor":32.0,"key":"REST"}],"circlet_count":0,"master_deck":["Strike_G+1","Strike_G","Strike_G+1","Defend_G","Defend_G","Defend_G","Defend_G","Defend_G","Survivor+1","Neutralize+1","Noxious Fumes+1","Dodge and Roll","Blade Dance","Dagger Spray","Riddle With Holes+1","Deadly Poison","Dagger Spray","Burst","Die Die Die","Poisoned Stab+1","Pain","Dash","Blade Dance+1","Clumsy","Flying Knee+1","Shame","Skewer+1","Terror","Poisoned Stab+1"],"relics":["Ring of the Snake","NeowsBlessing","Whetstone","Tiny Chest","Bottled Flame","Bag of Marbles","Cursed Key","The Specimen","Blue Candle","Dream Catcher","WingedGreaves","Ornamental Fan","Pen Nib","Sling"],"acts_visited":["Exordium","TheCity"],"potions_floor_usage":[33,33],"damage_taken":[{"damage":0.0,"enemies":"2 Louse","floor":1.0,"turns":1.0},{"damage":0.0,"enemies":"Jaw Worm","floor":4.0,"turns":1.0},{"damage":0.0,"enemies":"Lagavulin","floor":6.0,"turns":1.0},{"damage":0.0,"enemies":"Cultist","floor":10.0,"turns":3.0},{"damage":0.0,"enemies":"2 Fungi Beasts","floor":11.0,"turns":2.0},{"damage":35.0,"enemies":"Lagavulin Event","floor":12.0,"turns":6.0},{"damage":15.0,"enemies":"3 Sentries","floor":13.0,"turns":4.0},{"damage":0.0,"enemies":"3 Louse","floor":14.0,"turns":1.0},{"damage":25.0,"enemies":"Hexaghost","floor":16.0,"turns":9.0},{"damage":3.0,"enemies":"3 Byrds","floor":18.0,"turns":3.0},{"damage":37.0,"enemies":"Slavers","floor":24.0,"turns":3.0},{"damage":22.0,"enemies":"Shell Parasite","floor":25.0,"turns":4.0},{"damage":6.0,"enemies":"Shelled Parasite and Fungi","floor":29.0,"turns":3.0},{"damage":68,"enemies":"Champ","floor":33,"turns":5}],"seed_played":"-8256328246443667289","potions_obtained":[{"floor":4.0,"key":"DuplicationPotion"},{"floor":11.0,"key":"SneckoOil"},{"floor":13.0,"key":"LiquidMemories"},{"floor":16.0,"key":"DuplicationPotion"},{"floor":18.0,"key":"PowerPotion"},{"floor":22.0,"key":"Strength Potion"},{"floor":29.0,"key":"Energy Potion"}],"is_trial":false,"path_per_floor":["M","$","?","M","$","E","?","R","T","M","M","?","E","M","R","B",null,"M","?","T","?","?","R","E","M","T","R","T","M","R","$","R","B"],"character_chosen":"THE_SILENT","items_purchased":["Noxious Fumes","Dodge and Roll","Terror","Sling","AttackPotion"],"campfire_rested":4,"item_purchase_floors":[2,2,31,31,31],"current_hp_per_floor":[70,70,56,56,56,56,56,56,56,56,56,21,6,6,27,2,70,67,67,67,67,67,67,30,8,8,29,29,23,44,44,65,0,0],"gold":122,"neow_bonus":"THREE_ENEMY_KILL","is_daily":false,"chose_seed":false,"campfire_upgraded":2,"win_rate":0.0,"timestamp":1611534260,"path_taken":["M","$","?","M","$","E","?","R","T","M","?","?","E","M","R","BOSS","M","?","?","?","?","R","E","?","T","R","?","M","R","$","R","BOSS"],"items_purchased_type":["Card","Card","Card","Relic","Potion"],"build_version":"2020-12-22","purchased_purges":1,"victory":false,"max_hp_per_floor":[70,70,70,70,70,70,70,70,70,70,70,70,70,70,70,70,70,70,70,70,70,70,70,70,70,70,70,70,70,70,70,70,70,70],"card_choices":[{"not_picked":["Underhanded Strike","Prepared","Eviscerate"],"picked":"SKIP","floor":1.0},{"not_picked":["Cloak And Dagger","Deflect"],"picked":"Blade Dance","floor":4.0},{"not_picked":["Storm of Steel","Blade Dance"],"picked":"Dagger Spray","floor":6.0},{"not_picked":["Backflip","PiercingWail"],"picked":"Riddle With Holes","floor":10.0},{"not_picked":["Endless Agony","Slice"],"picked":"Deadly Poison","floor":11.0},{"not_picked":["Expertise","Deflect"],"picked":"Dagger Spray","floor":12.0},{"not_picked":["Prepared","Blade Dance"],"picked":"Burst","floor":13.0},{"not_picked":["Dagger Spray","Underhanded Strike","Deflect"],"picked":"SKIP","floor":14.0},{"not_picked":["Envenom","After Image"],"picked":"Die Die Die","floor":16.0},{"not_picked":["Prepared","Blur"],"picked":"Poisoned Stab+1","floor":18.0},{"not_picked":["Slice","Malaise"],"picked":"Dash","floor":24.0},{"not_picked":["Acrobatics+1","PiercingWail"],"picked":"Blade Dance+1","floor":25.0},{"not_picked":["Dagger Throw","Night Terror"],"picked":"Flying Knee+1","floor":27.0},{"not_picked":["Sucker Punch","Acrobatics"],"picked":"Skewer+1","floor":29.0},{"not_picked":["Deadly Poison","Bane"],"picked":"Poisoned Stab+1","floor":32.0}],"player_experience":764668,"relics_obtained":[{"floor":6.0,"key":"Whetstone"},{"floor":9.0,"key":"Tiny Chest"},{"floor":12.0,"key":"Bottled Flame"},{"floor":13.0,"key":"Bag of Marbles"},{"floor":20.0,"key":"Blue Candle"},{"floor":24.0,"key":"WingedGreaves"},{"floor":26.0,"key":"Ornamental Fan"},{"floor":28.0,"key":"Pen Nib"}],"event_choices":[{"damage_healed":0.0,"max_hp_gain":0.0,"max_hp_loss":0.0,"gold_gain":0.0,"event_name":"Shining Light","player_choice":"Entered Light","floor":3.0,"gold_loss":0.0,"damage_taken":14.0,"cards_upgraded":["Survivor","Strike_G"]},{"cards_removed":["Strike_G"],"damage_healed":0.0,"max_hp_gain":0.0,"max_hp_loss":0.0,"gold_gain":0.0,"event_name":"Bonfire Elementals","player_choice":"Offered Basic","floor":7.0,"gold_loss":0.0,"damage_taken":0.0},{"damage_healed":0.0,"max_hp_gain":0.0,"max_hp_loss":0.0,"gold_gain":0.0,"event_name":"Dead Adventurer","player_choice":"Searched \u00271\u0027 times","floor":12.0,"gold_loss":0.0,"damage_taken":0.0},{"damage_healed":0.0,"max_hp_gain":0.0,"max_hp_loss":0.0,"gold_gain":0.0,"event_name":"Addict","player_choice":"Obtained Relic","floor":19.0,"gold_loss":85.0,"damage_taken":0.0,"relics_obtained":["The Specimen"]},{"damage_healed":0.0,"max_hp_gain":0.0,"max_hp_loss":0.0,"gold_gain":0.0,"event_name":"The Mausoleum","player_choice":"Opened","floor":21.0,"gold_loss":0.0,"damage_taken":0.0,"relics_obtained":["Dream Catcher"]},{"damage_healed":0.0,"max_hp_gain":0.0,"max_hp_loss":0.0,"gold_gain":0.0,"event_name":"Lab","player_choice":"Got Potions","floor":22.0,"gold_loss":0.0,"damage_taken":0.0}],"is_beta":false,"boss_relics":[{"not_picked":["SacredBark","HoveringKite"],"picked":"Cursed Key"}],"items_purged_floors":[31],"is_endless":false,"potions_floor_spawned":[4,11,13,16,18,29],"killed_by":"Champ","ascension_level":4}}