{"host":"4beu4narw43z8fnn","time":1611561670,"event":{"mods":["2.2 Compatiblity","AchievementEnabler","Act Like it!","Ascension Reborn","BaseMod","Better Match","Better Note","Better Skull","Better Third Choice","BetterRewards","Colored Map","Colored Powertips","Conspire","Downfall","Gensokyo","Highlight Path","Hubris","Jorbs\u0027s Wanderer Trilogy","Minty Spire (QoL Compilation)","Pale of the Ancients","Quick Restart","Rare Cards Sparkle","Reorder Act Four","StSLib","Synergy Search","The Animator","The Construct","The Cursed","The Gatherer","The Jungle","The Marked","The Servant 0.9.4","The Showman","Trackpad","Wandering Minibosses"],"gold_per_floor":[99,97,107,127,119,135,135,919,949,949,949,982,1000,343,361,462,462,462,478,498,498,230,265,265,265,276,286,190,215,235,246,260,361,411,411,421,436,100,113,123,150,150,163,163,163,173,184,184,196,196],"floor_reached":51,"language":"ENG","playtime":7769,"items_purged":["Slimebound:Strike_Slimebound","Slimebound:Strike_Slimebound","Slimebound:Defend_Slimebound","Slimebound:Strike_Slimebound"],"score":709,"play_id":"7ab127d2-b520-4735-84cb-4c6ecdeb60a1","local_time":"20210125030110","is_ascension_mode":false,"campfire_choices":[{"data":"Slimebound:Split","floor":1,"key":"SMITH"},{"data":"1","floor":18,"key":"LIFT"},{"data":"Slimebound:Defend_Slimebound","floor":35,"key":"PURGE"},{"data":"expansioncontent:StudyTheSpire","floor":44,"key":"SMITH"}],"circlet_count":0,"master_deck":["Slimebound:Tackle","Slimebound:Defend_Slimebound","Slimebound:Defend_Slimebound","Slimebound:Split+1","Slimebound:CorrosiveSpit+1","Slimebound:PressTheAttack","Slimebound:SlimeSpikes+1","Slimebound:ProtectTheBoss","Slimebound:DisruptingSlam","Slimebound:LeadByExample+1","Slimebound:Schlurp+1","expansioncontent:QuickStudy+1","Slimebound:MinionMaster","Slimebound:Equalize+1","Slimebound:SplitMire","Slimebound:Repurpose","Slimebound:FirmFortitude","Slimebound:MegaLick+1","Slimebound:SplitBruiser+1","Slimebound:SplitLeeching+1","Slimebound:SplitSpecialist+1","Slimebound:PressTheAttack","Slimebound:SlimeTap","Slimebound:SlimeBarrage+1","Slimebound:PrepareCrush","expansioncontent:StudyTheSpire+1","Slimebound:FirmFortitude"],"relics":["Slimebound:AbsorbEndCombat","hubris:GlazedTorus","Peace Pipe","wanderingMiniBosses:MasterThiefsPresence","Girya","Vajra","Slimebound:TarBlob","Slimebound:AggressiveSlimeRelic","Bag of Preparation","hubris:MysteriousPyramids","War Paint","Slimebound:SelfDamagePreventRelic","Ancient Tea Set","Tiny House"],"acts_visited":["Exordium","TheCity","TheBeyond"],"potions_floor_usage":[6,16,50,50,50],"damage_taken":[{"damage":3,"enemies":"Small Slimes","floor":2,"turns":6},{"damage":6,"enemies":"conspire:RoseBush","floor":3,"turns":3},{"damage":0,"enemies":"2 Louse","floor":4,"turns":3},{"damage":8,"enemies":"Red Slaver","floor":5,"turns":6},{"damage":25,"enemies":"3 Sentries","floor":6,"turns":10},{"damage":8,"enemies":"3 Louse","floor":8,"turns":6},{"damage":27,"enemies":"Gremlin Nob","floor":12,"turns":4},{"damage":0,"enemies":"conspire:2 RoseBushes","floor":13,"turns":4},{"damage":5,"enemies":"downfall:FleeingMerchant","floor":14,"turns":4},{"damage":0,"enemies":"Exordium Wildlife","floor":15,"turns":2},{"damage":49,"enemies":"SI_SHIV_ARCHETYPE","floor":16,"turns":9},{"damage":0,"enemies":"Spheric Guardian","floor":19,"turns":3},{"damage":3,"enemies":"Shell Parasite","floor":20,"turns":2},{"damage":5,"enemies":"downfall:FleeingMerchant","floor":22,"turns":4},{"damage":7,"enemies":"conspire:SneckoGhost","floor":23,"turns":3},{"damage":0,"enemies":"Cultist and Chosen","floor":26,"turns":2},{"damage":6,"enemies":"Snake Plant","floor":27,"turns":3},{"damage":9,"enemies":"downfall:FleeingMerchant","floor":28,"turns":4},{"damage":0,"enemies":"Gremlin Leader","floor":29,"turns":4},{"damage":0,"enemies":"Centurion and Healer","floor":30,"turns":2},{"damage":0,"enemies":"Sentry and Sphere","floor":31,"turns":3},{"damage":0,"enemies":"Cultist and Chosen","floor":32,"turns":3},{"damage":40,"enemies":"DF_ARCHETYPE_CLAW","floor":33,"turns":7},{"damage":0,"enemies":"Orb Walker","floor":36,"turns":3},{"damage":0,"enemies":"3 Shapes","floor":37,"turns":3},{"damage":0,"enemies":"Writhing Mass","floor":39,"turns":3},{"damage":2,"enemies":"Sphere and 2 Shapes","floor":40,"turns":3},{"damage":6,"enemies":"Spire Growth","floor":43,"turns":3},{"damage":7,"enemies":"Writhing Mass","floor":46,"turns":3},{"damage":0,"enemies":"Sphere and 2 Shapes","floor":47,"turns":4},{"damage":2,"enemies":"3 Darklings","floor":49,"turns":2},{"damage":21,"enemies":"WA_ARCHETYPE_DIVINITY","floor":50,"turns":9}],"seed_played":"-6856801826617734438","potions_obtained":[{"floor":2,"key":"EssenceOfSteel"},{"floor":12,"key":"hexamod:SoulburnPotion"},{"floor":15,"key":"Slimebound:SlimedPotion"},{"floor":16,"key":"Fire Potion"},{"floor":19,"key":"Block Potion"}],"is_trial":false,"path_per_floor":["R","M","M","M","M","E","T","M","?","?","?","E","M","$","M","B",null,"R","M","M","?","$","E","T","?","M","M","$","E","M","M","M","B",null,"R","M","M","$","M","M","T","$","M","R","?","M","M","?","M","B",null],"character_chosen":"SLIMEBOUND","items_purchased":["expansioncontent:QuickStudy","Slimebound:MinionMaster","Vajra","Slimebound:Equalize","Slimebound:SplitMire","Slimebound:AggressiveSlimeRelic","War Paint","Slimebound:SelfDamagePreventRelic","expansioncontent:StudyTheSpire"],"campfire_rested":0,"item_purchase_floors":[14,14,14,14,14,22,28,28,38],"current_hp_per_floor":[65,62,58,58,58,41,41,37,37,37,37,12,18,21,25,17,65,65,65,62,62,64,62,62,62,65,61,60,65,65,65,65,33,70,70,70,70,70,70,70,70,70,66,66,66,65,70,70,70,49],"gold":196,"neow_bonus":"UPGRADE_CARD","is_daily":false,"chose_seed":false,"campfire_upgraded":2,"win_rate":0.0,"timestamp":1611561670,"path_taken":["R","M","M","M","M","E","T","M","?","?","?","E","M","?","M","BOSS","R","M","M","?","$","E","T","?","M","?","$","E","M","M","M","BOSS","R","M","M","$","?","?","T","$","M","R","?","?","M","?","M","BOSS"],"items_purchased_type":["Card","Card","Relic","Card","Card","Relic","Relic","Relic","Card"],"build_version":"2020-12-22","purchased_purges":4,"victory":true,"max_hp_per_floor":[65,65,65,65,65,65,65,65,65,65,65,65,65,65,65,65,65,65,65,65,65,65,65,65,65,65,65,65,65,65,65,65,65,70,70,70,70,70,70,70,70,70,70,70,70,70,70,70,70,70],"card_choices":[{"not_picked":["Slimebound:RainOfGoop","Slimebound:BestDefense"],"picked":"Slimebound:PressTheAttack","floor":2},{"not_picked":["Slimebound:SplitLeeching","Slimebound:SplitAcid"],"picked":"Slimebound:SlimeSpikes","floor":3},{"not_picked":["Slimebound:SplitAcid","Slimebound:ForwardTackle","Slimebound:HauntingLick"],"picked":"SKIP","floor":4},{"not_picked":["Slimebound:PressTheAttack","Slimebound:FinishingTackle"],"picked":"Slimebound:ProtectTheBoss","floor":5},{"not_picked":["Slimebound:Dissolve","Slimebound:ForwardTackle","Slimebound:SlimeBrawl"],"picked":"SKIP","floor":6},{"not_picked":["Slimebound:ComboTackle","Slimebound:TongueLash","Slimebound:SplitAcid"],"picked":"SKIP","floor":8},{"not_picked":["Slimebound:CheckThePlaybook","Slimebound:HauntingLick"],"picked":"Slimebound:DisruptingSlam","floor":12},{"not_picked":["Slimebound:PressTheAttack","Slimebound:ComboTackle"],"picked":"Slimebound:LeadByExample","floor":13},{"not_picked":["Slimebound:FinishingTackle","Slimebound:GoopTackle"],"picked":"Slimebound:Schlurp","floor":14},{"not_picked":["Slimebound:RainOfGoop","Slimebound:SplitMire"],"picked":"Slimebound:Repurpose","floor":15},{"not_picked":["Slimebound:WasteNot","Slimebound:SlimeSlap"],"picked":"Slimebound:FirmFortitude","floor":16},{"not_picked":["Slimebound:LivingWall","Slimebound:Schlurp"],"picked":"Slimebound:MegaLick+1","floor":19},{"not_picked":["Slimebound:LivingWall","Slimebound:Replication"],"picked":"Slimebound:SplitBruiser+1","floor":20},{"not_picked":["Slimebound:HauntingLick+1","Slimebound:FlameTackle","Slimebound:SamplingLick"],"picked":"SKIP","floor":22},{"not_picked":["Slimebound:SelfFormingGoo","Slimebound:FlameTackle+1"],"picked":"Slimebound:SplitLeeching+1","floor":23},{"not_picked":["Slimebound:SplitLeeching","Slimebound:ItLooksTasty"],"picked":"Slimebound:SplitSpecialist+1","floor":26},{"not_picked":["Slimebound:LivingWall","Slimebound:SplitLeeching","Slimebound:Prepare+1"],"picked":"SKIP","floor":27},{"not_picked":["Slimebound:FormOfPuddle","Slimebound:SplitBruiser"],"picked":"Slimebound:PressTheAttack","floor":28},{"not_picked":["Slimebound:Schlurp+1","Slimebound:SplitBruiser+1"],"picked":"Slimebound:SlimeTap","floor":29},{"not_picked":["Slimebound:FormOfPuddle+1","Slimebound:Prepare","Slimebound:GoopTackle"],"picked":"SKIP","floor":30},{"not_picked":["Slimebound:SplitAcid+1","Slimebound:GoopTackle","Slimebound:AcidTongue+1"],"picked":"SKIP","floor":31},{"not_picked":["Slimebound:FirmFortitude","Slimebound:GoopTackle"],"picked":"Slimebound:SlimeBarrage+1","floor":32},{"not_picked":["Slimebound:Darklings","Slimebound:DouseInSlime"],"picked":"Slimebound:PrepareCrush","floor":33},{"not_picked":["Slimebound:ForwardTackle+1","Slimebound:AcidTongue","Slimebound:SlimeBarrage"],"picked":"SKIP","floor":36},{"not_picked":["Slimebound:HauntingLick","Slimebound:RollThrough","Slimebound:ItLooksTasty"],"picked":"SKIP","floor":37},{"not_picked":["Slimebound:SplitLeeching","Slimebound:LeechEnergy","Slimebound:ItLooksTasty"],"picked":"SKIP","floor":39},{"not_picked":["Slimebound:Prepare+1","Slimebound:Schlurp","Slimebound:SplitLeeching+1"],"picked":"SKIP","floor":40},{"not_picked":["Slimebound:Equalize+1","Slimebound:SplitAcid"],"picked":"Slimebound:FirmFortitude","floor":43},{"not_picked":["Slimebound:SlimeTap+1","Slimebound:Prepare","Slimebound:HauntingLick+1"],"picked":"SKIP","floor":46},{"not_picked":["Slimebound:FinishingTackle","Slimebound:SlimeSpikes+1","Slimebound:GoopTackle"],"picked":"SKIP","floor":47},{"not_picked":["Slimebound:RollThrough+1","Slimebound:Dissolve+1","Slimebound:Chomp"],"picked":"SKIP","floor":49}],"player_experience":474794,"relics_obtained":[{"floor":6,"key":"hubris:GlazedTorus"},{"floor":7,"key":"Peace Pipe"},{"floor":8,"key":"wanderingMiniBosses:MasterThiefsPresence"},{"floor":12,"key":"Girya"},{"floor":23,"key":"Bag of Preparation"},{"floor":24,"key":"hubris:MysteriousPyramids"},{"floor":29,"key":"Ancient Tea Set"}],"event_choices":[{"cards_removed":["expansioncontent:QuickStudy"],"damage_healed":0,"gold_gain":0,"player_choice":"Give","damage_taken":0,"max_hp_gain":0,"max_hp_loss":0,"event_name":"betterNote:BetterNote","floor":45,"gold_loss":0,"cards_obtained":["None"]},{"damage_healed":0,"gold_gain":0,"player_choice":"Forge","damage_taken":0,"max_hp_gain":0,"max_hp_loss":0,"event_name":"Accursed Blacksmith","floor":48,"gold_loss":0,"cards_upgraded":["Slimebound:LeadByExample"]}],"is_beta":false,"boss_relics":[{"not_picked":["Runic Pyramid","trackpad:Coffee"],"picked":"Slimebound:TarBlob"},{"not_picked":["Snecko Eye","Velvet Choker"],"picked":"Tiny House"}],"items_purged_floors":[14,22,28,38],"is_endless":false,"potions_floor_spawned":[2,12,15,16,19,20,26,29,30,32,37,46,49],"ascension_level":0}}