{"host":"s9n53dspxjwkh5no","time":1611550345,"event":{"mods":["AchievementEnabler","Aspiration","Bard","BaseMod","Beaked The Cultist","Better Altar","Better Match","Better Note","Better Sensory Stone","Better Skull","Better Third Choice","BetterRewards","Colored Map","Colored Powertips","Conspire","Disable Question Mark Monsters","Downfall","Halation","Hermit","Hubris","Jorbs\u0027s Wanderer Trilogy","Koishi","Marisa????????","Marked Mod","Melee Mod","Minty Spire (QoL Compilation)","Permanent Neow","Quick Restart","RRrroohrrRGHHhhh!!","Random Character Button","Rare Cards Sparkle","Reimu??????","Relic Stats","Remilia??????","Replay The Spire","Shade Mod","Small Relic Pack","Spicy Shops","Spire Arcade","StSLib","The Animator","The Bug Knight","The Construct","The Disciple","The Hierophant","The Mystic","The Runesmith","The Senshi","The Servant 0.9.4","The Valiant","The Wild Card","TheBandit","TheVacant","Wandering Minibosses"],"gold_per_floor":[118,118,118,18,38,72,91,109,135,150,150,4,4,27,27,139,139,172,195,195,86,112,112,182,214,290,290,474,484,484],"floor_reached":29,"language":"ENG","playtime":1331,"items_purged":[],"score":320,"play_id":"c098af0a-4f8e-4c15-8677-3a8d2be03e30","local_time":"20210124215225","is_ascension_mode":false,"campfire_choices":[{"floor":11.0,"key":"RECALL"},{"data":"MarkedMod:ChiBlock","floor":13.0,"key":"SMITH"},{"floor":15.0,"key":"REST"},{"floor":23.0,"key":"REST"},{"floor":27,"key":"REST"}],"circlet_count":0,"master_deck":["Strike_P","Strike_P","Strike_P","Strike_P","Defend_P","Defend_P","Defend_P","Defend_P","Eruption","Vigilance","MarkedMod:PinPointDefense+1","MarkedMod:Acupuncture","SashWhip","MarkedMod:GentlePulse","Indignation","MentalFortress","Forethought","MarkedMod:ChiBlock+1","MarkedMod:Acupuncture","Consecrate","ReachHeaven","Wallop","SpiritShield","WaveOfTheHand","MarkedMod:FirstStrike+1","theWildCard:Metatron+1","MarkedMod:GracefulMovements","MarkedMod:FirstStrike+1","CrushJoints","Perseverance","EmptyBody"],"relics":["PureWater","NeowsBlessing","hubris:Icosahedron","BargainBundle","Ginger","ReplayTheSpireMod:TigerMarble","Replay:Bandana","rorgmod:Black Star","hubris:GlazedTorus","MarkedMod:AcupunctureKit","ReplayTheSpireMod:Lightbulb","Molten Egg 2"],"acts_visited":["Exordium","TheCity"],"potions_floor_usage":[24,24,28,28,28,28,28,28],"damage_taken":[{"damage":0.0,"enemies":"2 Louse","floor":1.0,"turns":1.0},{"damage":0.0,"enemies":"Gremlin Nob","floor":6.0,"turns":1.0},{"damage":0.0,"enemies":"Jaw Worm","floor":7.0,"turns":2.0},{"damage":0.0,"enemies":"Cultist","floor":8.0,"turns":3.0},{"damage":0.0,"enemies":"Large Slime","floor":10.0,"turns":2.0},{"damage":11.0,"enemies":"Red Slaver","floor":14.0,"turns":3.0},{"damage":0.0,"enemies":"Slime Boss","floor":16.0,"turns":6.0},{"damage":2.0,"enemies":"3 Byrds","floor":18.0,"turns":5.0},{"damage":23.0,"enemies":"conspire:FuzzyDice","floor":19.0,"turns":6.0},{"damage":35.0,"enemies":"Snake Plant","floor":22.0,"turns":4.0},{"damage":18,"enemies":"HollowMod:Nosk","floor":24,"turns":9},{"damage":1,"enemies":"Shelled Parasite and Fungi","floor":25,"turns":3},{"damage":23,"enemies":"Snecko","floor":28,"turns":7},{"damage":15,"enemies":"Centurion and Healer","floor":29,"turns":2}],"seed_played":"3627897019906512618","potions_obtained":[{"floor":5.0,"key":"SteroidPotion"},{"floor":6.0,"key":"BottledMiracle"},{"floor":7.0,"key":"Elixir"},{"floor":8.0,"key":"Ancient Potion"},{"floor":14.0,"key":"BottledMiracle"},{"floor":19.0,"key":"Adrenaline Potion"},{"floor":24,"key":"FearPotion"},{"floor":24,"key":"FearPotion"},{"floor":25,"key":"Ancient Potion"},{"floor":28,"key":"DistilledChaos"}],"is_trial":false,"path_per_floor":["M","?","?","$","?","E","M","M","T","M","R","$","R","M","R","B",null,"M","M","?","$","M","R","E","M","T","R","M","M"],"character_chosen":"WATCHER","items_purchased":["BargainBundle","MarkedMod:Acupuncture","SashWhip","MarkedMod:GentlePulse","Indignation","MentalFortress","Forethought","Replay:Bandana","hubris:GlazedTorus","MarkedMod:GracefulMovements"],"campfire_rested":3,"item_purchase_floors":[4,4,4,4,4,4,4,12,21,21],"current_hp_per_floor":[72,72,72,72,72,72,72,72,72,72,72,72,72,61,72,72,72,70,47,47,47,12,33,15,14,14,35,12,0,0],"gold":484,"neow_bonus":"THREE_ENEMY_KILL","is_daily":false,"chose_seed":false,"campfire_upgraded":1,"win_rate":0.0,"timestamp":1611550345,"path_taken":["M","?","?","$","?","E","M","M","T","M","R","$","R","M","R","BOSS","M","M","?","$","M","R","E","M","T","R","M","M"],"items_purchased_type":["Relic","Card","Card","Card","Card","Card","Card","Relic","Relic","Card"],"build_version":"2020-12-22","purchased_purges":0,"victory":false,"max_hp_per_floor":[72,72,72,72,72,72,72,72,72,72,72,72,72,72,72,72,72,72,72,72,72,72,72,72,72,72,72,72,72,72],"relic_stats":{"counters":[14,54],"Ginger":[6],"obtain_stats":[{"BargainBundle":4,"Replay:Bandana":12,"hubris:Icosahedron":2,"NeowsBlessing":0,"rorgmod:Black Star":17,"Molten Egg 2":26,"ReplayTheSpireMod:TigerMarble":9,"Ginger":6,"PureWater":0,"ReplayTheSpireMod:Lightbulb":24,"hubris:GlazedTorus":21,"MarkedMod:AcupunctureKit":24},{"BargainBundle":1,"Replay:Bandana":5,"hubris:Icosahedron":1,"NeowsBlessing":0,"rorgmod:Black Star":7,"Molten Egg 2":12,"ReplayTheSpireMod:TigerMarble":4,"Ginger":2,"PureWater":0,"ReplayTheSpireMod:Lightbulb":11,"hubris:GlazedTorus":9,"MarkedMod:AcupunctureKit":11},{"BargainBundle":1,"Replay:Bandana":9,"hubris:Icosahedron":1,"NeowsBlessing":0,"rorgmod:Black Star":18,"Molten Egg 2":45,"ReplayTheSpireMod:TigerMarble":7,"Ginger":2,"PureWater":0,"ReplayTheSpireMod:Lightbulb":42,"hubris:GlazedTorus":29,"MarkedMod:AcupunctureKit":42}]},"card_choices":[{"not_picked":["CutThroughFate","BowlingBash"],"picked":"MarkedMod:PinPointDefense","floor":1.0},{"not_picked":["EmptyFist","Evaluate"],"picked":"MarkedMod:ChiBlock","floor":6.0},{"not_picked":["EmptyFist","ReachHeaven"],"picked":"MarkedMod:Acupuncture","floor":7.0},{"not_picked":["CutThroughFate","DeceiveReality"],"picked":"Consecrate","floor":8.0},{"not_picked":["BowlingBash","EmptyMind"],"picked":"ReachHeaven","floor":10.0},{"not_picked":["WheelKick","Replay:Vibes"],"picked":"Wallop","floor":14.0},{"not_picked":["LessonLearned","Brilliance"],"picked":"SpiritShield","floor":16.0},{"not_picked":["SashWhip+1","ClearTheMind"],"picked":"WaveOfTheHand","floor":18.0},{"not_picked":["DeceiveReality","Consecrate"],"picked":"MarkedMod:FirstStrike+1","floor":19.0},{"not_picked":["Perseverance","EmptyMind+1"],"picked":"MarkedMod:FirstStrike+1","floor":22.0},{"not_picked":["ClearTheMind","MarkedMod:Acupuncture+1"],"picked":"CrushJoints","floor":24},{"not_picked":["FlyingSleeves","Prostrate"],"picked":"Perseverance","floor":25},{"not_picked":["Replay:AtTheReady","MarkedMod:GracefulMovements"],"picked":"EmptyBody","floor":28}],"player_experience":379866,"relics_obtained":[{"floor":6.0,"key":"Ginger"},{"floor":9.0,"key":"ReplayTheSpireMod:TigerMarble"},{"floor":24,"key":"MarkedMod:AcupunctureKit"},{"floor":24,"key":"ReplayTheSpireMod:Lightbulb"},{"floor":26,"key":"Molten Egg 2"}],"event_choices":[{"damage_healed":0.0,"max_hp_gain":0.0,"max_hp_loss":0.0,"gold_gain":0.0,"event_name":"Upgrade Shrine","player_choice":"Upgraded","floor":3.0,"gold_loss":0.0,"damage_taken":0.0,"cards_upgraded":["MarkedMod:PinPointDefense"]},{"cards_removed":["MarkedMod:PinPointDefense"],"damage_healed":0.0,"max_hp_gain":0.0,"max_hp_loss":0.0,"gold_gain":0.0,"event_name":"betterNote:BetterNote","player_choice":"Take \u0026 Give","floor":20.0,"gold_loss":0.0,"damage_taken":0.0,"cards_obtained":["theWildCard:Metatron"]}],"is_beta":false,"boss_relics":[{"not_picked":["halation:SmartPhone","Ectoplasm"],"picked":"rorgmod:Black Star"}],"items_purged_floors":[],"is_endless":false,"potions_floor_spawned":[6,7,8,14,19,24,25,28],"killed_by":"Centurion and Healer","ascension_level":0}}