{"host":"v4tuy5ykrbdcm9o9","time":1611601865,"event":{"mods":["BaseMod","Duelist Mod","Minty Spire (QoL Compilation)","Replay The Spire","StSLib"],"gold_per_floor":[112,131,14,31,31,64,64,96,120,140,169,181,181,196,196,317,317,291,291,291],"floor_reached":19,"language":"ENG","playtime":4675,"items_purged":[],"score":278,"play_id":"32e43b90-8e50-4398-a43b-0d3090fee457","local_time":"20210125141105","is_ascension_mode":true,"campfire_choices":[{"floor":15,"key":"REST"}],"circlet_count":0,"master_deck":["Strike_P","Strike_P","Strike_P","Strike_P","Defend_P","Defend_P","Defend_P","Defend_P","Eruption","Vigilance","EmptyBody+1","Halt","Establishment","Establishment","Replay:DivineShield","Indignation+1","CutThroughFate","Replay:Cycle","Prostrate","CrushJoints","Protect","DevaForm","Replay:BluntJabs"],"relics":["PureWater","ReplayTheSpireMod:Ring of Challenge","Damaru","Ancient Tea Set","Toy Ornithopter","Bronze Scales","Golden Idol","Cursed Key"],"acts_visited":["Exordium","TheCity"],"potions_floor_usage":[16,19],"damage_taken":[{"damage":0.0,"enemies":"Cultist","floor":1.0,"turns":2.0},{"damage":0.0,"enemies":"2 Louse","floor":2.0,"turns":2.0},{"damage":0.0,"enemies":"Jaw Worm","floor":4.0,"turns":4.0},{"damage":9.0,"enemies":"Replay:BlueRogue","floor":6.0,"turns":9.0},{"damage":0.0,"enemies":"Lagavulin","floor":8.0,"turns":8.0},{"damage":1,"enemies":"Blue Slaver","floor":10,"turns":3},{"damage":11,"enemies":"3 Sentries","floor":11,"turns":9},{"damage":16,"enemies":"Exordium Thugs","floor":12,"turns":7},{"damage":3,"enemies":"Large Slime","floor":14,"turns":5},{"damage":8,"enemies":"The Guardian","floor":16,"turns":13},{"damage":31,"enemies":"2 Thieves","floor":18,"turns":5},{"damage":28,"enemies":"Masked Bandits","floor":19,"turns":5}],"seed_played":"467375008377396077","potions_obtained":[{"floor":1.0,"key":"SteroidPotion"},{"floor":2.0,"key":"Cursed Concoction"},{"floor":6.0,"key":"BlessingOfTheForge"},{"floor":14,"key":"Fire Potion"},{"floor":18,"key":"LifebloodPotion"}],"is_trial":false,"path_per_floor":["M","M","$","M","?","E","?","E","T","M","E","M","?","M","R","B",null,"M","?"],"character_chosen":"WATCHER","items_purchased":["Establishment"],"campfire_rested":1,"item_purchase_floors":[3],"current_hp_per_floor":[72,72,72,72,72,63,47,47,47,46,35,19,19,16,37,34,63,32,9,9],"gold":291,"neow_bonus":"TEN_PERCENT_HP_BONUS","is_daily":false,"chose_seed":false,"campfire_upgraded":0,"win_rate":0.0,"timestamp":1611601865,"path_taken":["M","M","?","M","?","E","?","E","T","M","E","M","?","M","R","BOSS","M","?"],"items_purchased_type":["Card"],"build_version":"2020-12-22","purchased_purges":0,"victory":false,"max_hp_per_floor":[79,79,79,79,79,79,79,79,79,79,79,79,73,73,73,73,73,73,73,73],"card_choices":[{"not_picked":["Tantrum","LikeWater"],"picked":"EmptyBody","floor":1.0},{"not_picked":["Replay:BluntJabs","Prostrate"],"picked":"Halt","floor":2.0},{"not_picked":["MentalFortress","Prostrate"],"picked":"Replay:DivineShield","floor":4.0},{"not_picked":["JustLucky","EmptyBody"],"picked":"Indignation","floor":6.0},{"not_picked":["JustLucky","Crescendo"],"picked":"CutThroughFate","floor":8.0},{"not_picked":["InnerPeace","JustLucky"],"picked":"Replay:Cycle","floor":10},{"not_picked":["Evaluate","Indignation"],"picked":"Prostrate","floor":11},{"not_picked":["Replay:ManipulateFuture","ForeignInfluence"],"picked":"CrushJoints","floor":12},{"not_picked":["Replay:Battleflow","Replay:AtTheReady"],"picked":"Protect","floor":14},{"not_picked":["Wish","Omniscience"],"picked":"DevaForm","floor":16},{"not_picked":["ClearTheMind+1","Vengeance"],"picked":"Replay:BluntJabs","floor":18}],"player_experience":666896,"relics_obtained":[{"floor":5.0,"key":"ReplayTheSpireMod:Ring of Challenge"},{"floor":6.0,"key":"Damaru"},{"floor":8.0,"key":"Ancient Tea Set"},{"floor":9.0,"key":"Toy Ornithopter"},{"floor":11,"key":"Bronze Scales"}],"event_choices":[{"damage_healed":0.0,"max_hp_gain":0.0,"max_hp_loss":0.0,"gold_gain":0.0,"event_name":"Shining Light","player_choice":"Entered Light","floor":7.0,"gold_loss":0.0,"damage_taken":16.0,"cards_upgraded":["EmptyBody","Indignation"]},{"damage_healed":0,"gold_gain":0,"player_choice":"Lose Max HP","damage_taken":0,"relics_obtained":["Golden Idol"],"max_hp_gain":0,"max_hp_loss":6,"event_name":"Golden Idol","floor":13,"gold_loss":0},{"damage_healed":0,"gold_gain":0,"player_choice":"Fought Bandits","damage_taken":0,"max_hp_gain":0,"max_hp_loss":0,"event_name":"Masked Bandits","floor":19,"gold_loss":0}],"is_beta":false,"boss_relics":[{"not_picked":["Sozu","HolyWater"],"picked":"Cursed Key"}],"items_purged_floors":[],"is_endless":false,"potions_floor_spawned":[1,2,6,14,18],"killed_by":"Masked Bandits","ascension_level":6}}