{"host":"j4js999tahsli5mc","time":1611553122,"event":{"mods":["AchievementEnabler","Act Like it!","Aspiration","BaseMod","Beaked The Cultist","Better Note","Better Silent Start","Downfall","Energized Spire","GifTheSpireLib","Hermit","Hubris","Lobotomy","LobotomyExtend","Minty Spire (QoL Compilation)","Rare Cards Sparkle","Replay The Spire","StSLib","The Blue Laboratory","The Bug Knight"],"gold_per_floor":[115,129,129,147,166,166,181,181,181,196,196,18,51,62,62,159,159,170,170,170,170],"floor_reached":20,"language":"ENG","playtime":1428,"items_purged":[],"score":176,"play_id":"af38afe4-b30d-4910-bb6f-2b612b763bef","local_time":"20210125003842","is_ascension_mode":false,"campfire_choices":[{"floor":6.0,"key":"RECALL"},{"floor":8.0,"key":"REST"},{"floor":15.0,"key":"REST"}],"circlet_count":0,"master_deck":["Strike_G","Strike_G","Strike_G","Strike_G","Defend_G","Defend_G","Defend_G","Defend_G","Survivor","Neutralize","ShyLook","Outmaneuver","LittleHelper","Poisoned Stab","Decay","OldLady","Deadly Poison","LongBird","Deflect","BeautyBeast","Dagger Throw","UniverseFragment","Catalyst","Die Die Die","Accuracy","Panache","Deflect","GreedKing","Slice","OSAHOGD","A Thousand Cuts","Outmaneuver+1"],"relics":["Ring of the Snake","CogitoBucket","LetterFromLob","AdjustmentMirror","Pocketwatch","aspiration:SecretTechniqueScroll"],"acts_visited":["Exordium","TheCity"],"potions_floor_usage":[20],"damage_taken":[{"damage":0.0,"enemies":"Cultist","floor":1.0,"turns":5.0},{"damage":0.0,"enemies":"Small Slimes","floor":2.0,"turns":6.0},{"damage":2.0,"enemies":"Jaw Worm","floor":4.0,"turns":3.0},{"damage":25.0,"enemies":"Exordium Wildlife","floor":5.0,"turns":6.0},{"damage":3.0,"enemies":"2 Fungi Beasts","floor":7.0,"turns":4.0},{"damage":8.0,"enemies":"Large Slime","floor":10.0,"turns":5.0},{"damage":43.0,"enemies":"3 Sentries","floor":13.0,"turns":11.0},{"damage":20.0,"enemies":"3 Louse","floor":14.0,"turns":2.0},{"damage":20.0,"enemies":"Hexaghost","floor":16.0,"turns":9.0},{"damage":22.0,"enemies":"3 Byrds","floor":18.0,"turns":6.0},{"damage":52,"enemies":"2 Thieves","floor":20,"turns":3}],"seed_played":"5119146176934735006","potions_obtained":[{"floor":1.0,"key":"ColorlessPotion"},{"floor":2.0,"key":"blueLaboratory:FruitPunch"},{"floor":10.0,"key":"Regen Potion"},{"floor":14.0,"key":"Death Potion"},{"floor":18.0,"key":"Flashbang"}],"is_trial":false,"path_per_floor":["M","M","?","M","M","R","M","R","T","M","?","$","E","M","R","B",null,"M","?","M"],"character_chosen":"THE_SILENT","items_purchased":["Panache"],"campfire_rested":2,"item_purchase_floors":[12],"current_hp_per_floor":[70,70,70,70,45,45,42,63,63,55,55,55,27,7,28,8,72,50,50,0,0],"gold":170,"neow_bonus":"","is_daily":false,"chose_seed":false,"campfire_upgraded":0,"win_rate":0.0,"timestamp":1611553122,"path_taken":["M","?","?","?","M","R","M","R","T","M","?","$","E","?","R","BOSS","M","?","M"],"items_purchased_type":["Card"],"build_version":"2020-12-22","purchased_purges":0,"victory":false,"max_hp_per_floor":[70,70,70,72,72,72,72,72,72,72,72,72,72,72,72,72,72,72,72,72,72],"card_choices":[{"not_picked":["CrumblingArmor","WallGazer","ShyLook"],"picked":"Singing Bowl","floor":1.0},{"not_picked":["MHz","Scorched"],"picked":"ShyLook","floor":1.0},{"not_picked":["Deflect","aspiration:Lunge"],"picked":"Outmaneuver","floor":1.0},{"not_picked":["Murderer","CrumblingArmor","GalaxyChild"],"picked":"Singing Bowl","floor":2.0},{"not_picked":["CherryBlossoms","SingingMachine"],"picked":"LittleHelper","floor":2.0},{"not_picked":["Underhanded Strike","Predator"],"picked":"Poisoned Stab","floor":2.0},{"not_picked":["Bloodbath","DreamingCurrent"],"picked":"OldLady","floor":4.0},{"not_picked":["Blur","Outmaneuver"],"picked":"Deadly Poison","floor":4.0},{"not_picked":["SpiderBud","BeautyBeast"],"picked":"LongBird","floor":5.0},{"not_picked":["Calculated Gamble","Reflex"],"picked":"Deflect","floor":5.0},{"not_picked":["HappyTeddy","VoidDream","Variant"],"picked":"Singing Bowl","floor":7.0},{"not_picked":["DreamingCurrent","Freischutz"],"picked":"BeautyBeast","floor":7.0},{"not_picked":["PiercingWail","Deflect"],"picked":"Dagger Throw","floor":7.0},{"not_picked":["PunishingBird","OSAHOGD"],"picked":"UniverseFragment","floor":10.0},{"not_picked":["Hidden Blade","Deflect"],"picked":"Catalyst","floor":10.0},{"not_picked":["Yin","CrumblingArmor","Variant"],"picked":"Singing Bowl","floor":13.0},{"not_picked":["Hidden Blade","ReplayTheSpireMod:Shiv Toss"],"picked":"Deflect","floor":13.0},{"not_picked":["SpiderBud","FairyFestival","CrumblingArmor"],"picked":"Singing Bowl","floor":14.0},{"not_picked":["Woodsman","CherryBlossoms"],"picked":"GreedKing","floor":14.0},{"not_picked":["Prepared","Predator"],"picked":"Slice","floor":14.0},{"not_picked":["Scarecrow","MeatLantern","WallGazer"],"picked":"Singing Bowl","floor":16.0},{"not_picked":["Rudolta","Mercenary"],"picked":"OSAHOGD","floor":16.0},{"not_picked":["Night Terror","aspiration:Lunge"],"picked":"A Thousand Cuts","floor":16.0},{"not_picked":["PunishingBird","SnowQueen","Murderer"],"picked":"Singing Bowl","floor":18.0},{"not_picked":["Acrobatics","Concentrate"],"picked":"Outmaneuver+1","floor":18.0}],"player_experience":497192,"relics_obtained":[{"floor":1.0,"key":"LetterFromLob"},{"floor":13.0,"key":"Pocketwatch"}],"event_choices":[{"damage_healed":0.0,"max_hp_gain":0.0,"max_hp_loss":0.0,"gold_gain":0.0,"event_name":"Wheel of Change","player_choice":"Cursed","floor":3.0,"gold_loss":0.0,"damage_taken":0.0,"cards_obtained":["Decay"]},{"damage_healed":0.0,"max_hp_gain":0.0,"max_hp_loss":0.0,"gold_gain":0.0,"event_name":"Match and Keep!","player_choice":"2 cards matched","floor":11.0,"gold_loss":0.0,"damage_taken":0.0,"cards_obtained":["Die Die Die","Accuracy"]},{"damage_healed":0,"gold_gain":0,"player_choice":"Ignored","damage_taken":0,"max_hp_gain":0,"max_hp_loss":0,"event_name":"betterNote:BetterNote","floor":19,"gold_loss":0,"cards_obtained":["Self Repair"]}],"is_beta":false,"boss_relics":[{"not_picked":["Replay:Drink Me","Runic Dome"],"picked":"aspiration:SecretTechniqueScroll"}],"items_purged_floors":[],"is_endless":false,"potions_floor_spawned":[1,2,10,14,18],"killed_by":"2 Thieves","ascension_level":0}}