{"host":"x7xd4wkamhrqrrvw","time":1611614887,"event":{"mods":["AchievementEnabler","BaseMod","Minty Spire (QoL Compilation)","StSLib"],"gold_per_floor":[110,35,47,63,63,91,91,122,122,122,22,22,44,44,44,44,44],"floor_reached":16,"language":"ENG","playtime":607,"items_purged":["Strike_R","Strike_R"],"score":196,"play_id":"db1cbe35-b146-4c61-991b-34f2465ac03a","local_time":"20210125204807","is_ascension_mode":true,"campfire_choices":[{"data":"Apotheosis","floor":7,"key":"SMITH"},{"floor":10,"key":"REST"},{"floor":12,"key":"RECALL"},{"data":"True Grit","floor":15,"key":"SMITH"}],"circlet_count":0,"master_deck":["AscendersBane","Strike_R","Strike_R","Strike_R","Defend_R","Defend_R","Defend_R","Defend_R","Bash","Apotheosis+1","True Grit+1","Pommel Strike","Flame Barrier","Shrug It Off"],"relics":["Burning Blood","InkBottle","Ice Cream","Gambling Chip","Odd Mushroom"],"acts_visited":["Exordium"],"potions_floor_usage":[6,13],"damage_taken":[{"damage":3,"enemies":"Cultist","floor":1,"turns":4},{"damage":5,"enemies":"2 Louse","floor":3,"turns":4},{"damage":1,"enemies":"Small Slimes","floor":4,"turns":5},{"damage":28,"enemies":"Gremlin Nob","floor":6,"turns":4},{"damage":20,"enemies":"3 Sentries","floor":8,"turns":14},{"damage":0,"enemies":"The Mushroom Lair","floor":13,"turns":5},{"damage":59,"enemies":"Slime Boss","floor":16,"turns":10}],"seed_played":"9134424104469700566","potions_obtained":[{"floor":3,"key":"LiquidBronze"},{"floor":6,"key":"ElixirPotion"}],"is_trial":false,"path_per_floor":["M","$","M","M","?","E","R","E","T","R","$","R","?","$","R","B"],"character_chosen":"IRONCLAD","items_purchased":[],"campfire_rested":1,"item_purchase_floors":[],"current_hp_per_floor":[53,53,54,59,64,42,42,28,28,52,52,52,58,58,58,0,0],"gold":44,"neow_bonus":"RANDOM_COLORLESS_2","is_daily":false,"chose_seed":false,"campfire_upgraded":2,"win_rate":0.0,"timestamp":1611614887,"path_taken":["M","?","M","M","?","E","R","E","T","R","$","R","?","$","R","BOSS"],"items_purchased_type":[],"build_version":"2020-12-22","purchased_purges":2,"victory":false,"max_hp_per_floor":[75,75,75,75,80,80,80,80,80,80,80,80,80,80,80,80,80],"card_choices":[{"not_picked":["Mayhem","Sadistic Nature"],"picked":"Apotheosis","floor":0},{"not_picked":["Sever Soul","Clothesline"],"picked":"True Grit","floor":1},{"not_picked":["Iron Wave","Warcry"],"picked":"Pommel Strike","floor":3},{"not_picked":["True Grit","Thunderclap","Exhume"],"picked":"SKIP","floor":4},{"not_picked":["Blood for Blood","Clothesline"],"picked":"Flame Barrier","floor":6},{"not_picked":["Limit Break","Cleave","Clash"],"picked":"SKIP","floor":8},{"not_picked":["Sword Boomerang","Thunderclap"],"picked":"Shrug It Off","floor":13}],"player_experience":400466,"relics_obtained":[{"floor":6,"key":"InkBottle"},{"floor":8,"key":"Ice Cream"},{"floor":9,"key":"Gambling Chip"},{"floor":13,"key":"Odd Mushroom"}],"event_choices":[{"damage_healed":0,"gold_gain":0,"player_choice":"Donut","damage_taken":0,"max_hp_gain":5,"max_hp_loss":0,"event_name":"Big Fish","floor":5,"gold_loss":0},{"damage_healed":0,"gold_gain":0,"player_choice":"Fought Mushrooms","damage_taken":0,"max_hp_gain":0,"max_hp_loss":0,"event_name":"Mushrooms","floor":13,"gold_loss":0}],"is_beta":false,"boss_relics":[],"items_purged_floors":[2,11],"is_endless":false,"potions_floor_spawned":[3,6],"killed_by":"Slime Boss","ascension_level":17}}