{"host":"n605f8gctjc87d7h","time":1611594024,"event":{"mods":["Aspiration","Bard","BaseMod","Better Match","Better Note","Better Skull","Better Third Choice","Conspire","Halation","Hermit","Infinite Spire","Minty Spire (QoL Compilation)","Replay The Spire","Retaliation","Shade Mod","Spicy Shops","StS++","StSLib","The IronCluck"],"gold_per_floor":[15,27,27,102,113,113,138,138,165,165,180,180,204,204,204,305,305,323,323,415,415,428,458,458,493,518,518,529,549,561,577,577,679,679,696,596,596,696,706,733,733,733,760,760,785,804,816,816,816],"floor_reached":48,"language":"ENG","playtime":3027,"items_purged":["Pain","Strike_P","Defend_P"],"score":696,"play_id":"00edaf9f-ce7f-4862-a6be-7feceaf09123","local_time":"20210125090024","is_ascension_mode":true,"campfire_choices":[{"data":"ReplayTheSpireMod:Faulty Equipment","floor":6.0,"key":"SMITH"},{"data":"BattleHymn","floor":8.0,"key":"SMITH"},{"data":"FollowUp","floor":12.0,"key":"SMITH"},{"data":"Eruption","floor":15.0,"key":"SMITH"},{"floor":24.0,"key":"REST"},{"floor":27.0,"key":"REST"},{"floor":32.0,"key":"REST"},{"floor":42.0,"key":"REST"}],"circlet_count":0,"master_deck":["Strike_P","Strike_P","Strike_P","Defend_P","Defend_P","Defend_P","Eruption+1","Vigilance","BattleHymn+1","FollowUp+1","ClearTheMind","Replay:LoomingThreat","Evaluate","Replay:BluntJabs+1","Crescendo","Protect+1","Perseverance+1","Evaluate+1","FlyingSleeves+1","Replay:AtTheReady+1","ClearTheMind+1","Doubt"],"relics":["PureWater","WarpedTongs","ReplayTheSpireMod:CursedCoin","halation:PromiseList","Omamori","Replay:Baseball","halation:YellowSoulGem","Happy Flower","infinitespire:Broken Mirror","Red Mask","Ancient Tea Set","aspiration:ChemicalBlood","halation:KoshaPiece","Strawberry"],"acts_visited":["Exordium","TheCity","TheBeyond"],"potions_floor_usage":[48],"damage_taken":[{"damage":4.0,"enemies":"Jaw Worm","floor":1.0,"turns":6.0},{"damage":0.0,"enemies":"Cultist","floor":2.0,"turns":2.0},{"damage":0.0,"enemies":"Small Slimes","floor":5.0,"turns":3.0},{"damage":14.0,"enemies":"Lagavulin","floor":7.0,"turns":5.0},{"damage":3.0,"enemies":"Blue Slaver","floor":11.0,"turns":4.0},{"damage":10.0,"enemies":"Slime Boss","floor":16.0,"turns":6.0},{"damage":15.0,"enemies":"2 Thieves","floor":18.0,"turns":4.0},{"damage":4.0,"enemies":"Chosen","floor":22.0,"turns":4.0},{"damage":30.0,"enemies":"Book of Stabbing","floor":23.0,"turns":4.0},{"damage":36.0,"enemies":"Masked Bandits","floor":25.0,"turns":4.0},{"damage":16.0,"enemies":"Snake Plant","floor":28.0,"turns":3.0},{"damage":7.0,"enemies":"Shelled Parasite and Fungi","floor":29.0,"turns":4.0},{"damage":8.0,"enemies":"3 Cultists","floor":30.0,"turns":5.0},{"damage":3.0,"enemies":"Snecko","floor":31.0,"turns":4.0},{"damage":16.0,"enemies":"conspire:MysteriousRune","floor":33.0,"turns":8.0},{"damage":36.0,"enemies":"3 Darklings","floor":35.0,"turns":5.0},{"damage":3.0,"enemies":"Orb Walker","floor":39.0,"turns":4.0},{"damage":27.0,"enemies":"Nemesis","floor":40.0,"turns":7.0},{"damage":27.0,"enemies":"3 Darklings","floor":46.0,"turns":4.0},{"damage":69.0,"enemies":"Transient","floor":47.0,"turns":5.0},{"damage":8,"enemies":"Jaw Worm Horde","floor":48,"turns":1}],"seed_played":"3992437987122512289","potions_obtained":[{"floor":5.0,"key":"GamblersBrew"},{"floor":11.0,"key":"FearPotion"},{"floor":22.0,"key":"ColorlessPotion"},{"floor":23.0,"key":"SteroidPotion"},{"floor":29.0,"key":"Swift Potion"},{"floor":30.0,"key":"Adrenaline Potion"},{"floor":35.0,"key":"SkillPotion"},{"floor":39.0,"key":"Fruit Juice"},{"floor":46.0,"key":"SkillPotion"}],"is_trial":false,"path_per_floor":["M","M","?","$","M","R","E","R","T","?","M","R","T","$","R","B",null,"M","?","?","AVR","M","E","R","?","T","R","M","M","M","M","R","B",null,"M","$","?","?","M","E","?","R","T","?","T","M","M","M"],"character_chosen":"WATCHER","items_purchased":["ReplayTheSpireMod:CursedCoin"],"campfire_rested":4,"item_purchase_floors":[4],"current_hp_per_floor":[75,75,75,75,75,75,61,61,61,82,79,79,79,79,79,69,82,67,67,67,67,63,33,58,22,22,47,31,24,16,13,38,22,70,34,34,34,34,36,9,9,36,36,91,98,71,2,0,0],"gold":816,"neow_bonus":"TWENTY_PERCENT_HP_BONUS","is_daily":false,"chose_seed":false,"campfire_upgraded":4,"win_rate":0.0,"timestamp":1611594024,"path_taken":["M","M","?","?","M","R","E","R","T","?","M","R","?","?","R","BOSS","M","?","?","AVR","M","E","R","?","T","R","M","M","?","M","R","BOSS","M","$","?","?","?","E","?","R","T","?","?","M","?","M"],"items_purchased_type":["Relic"],"build_version":"2020-12-22","purchased_purges":3,"victory":false,"max_hp_per_floor":[86,86,86,86,86,86,86,86,86,86,86,86,86,86,86,86,86,86,86,86,86,86,86,86,86,86,86,86,86,86,86,86,86,86,86,86,86,86,91,91,91,91,91,91,98,98,98,98,98],"card_choices":[{"not_picked":["PathToVictory","ForeignInfluence"],"picked":"BattleHymn","floor":1.0},{"not_picked":["BowlingBash","CarveReality"],"picked":"FollowUp","floor":2.0},{"not_picked":["StSpp:TimeDodge","JustLucky","BattleHymn"],"picked":"SKIP","floor":5.0},{"not_picked":["Nirvana","Prostrate","EmptyFist"],"picked":"SKIP","floor":7.0},{"not_picked":["FearNoEvil","Fasting2"],"picked":"ClearTheMind","floor":11.0},{"not_picked":["Omniscience","DevaForm"],"picked":"Replay:LoomingThreat","floor":16.0},{"not_picked":["Adaptation","StSpp:Renounce"],"picked":"Evaluate","floor":18.0},{"not_picked":["Replay:ManipulateFuture+1","Consecrate"],"picked":"Replay:BluntJabs+1","floor":20.0},{"not_picked":["Brilliance","Pray+1"],"picked":"Crescendo","floor":20.0},{"not_picked":["CutThroughFate","FlyingSleeves","Indignation"],"picked":"SKIP","floor":22.0},{"not_picked":["Prostrate","EmptyFist","Crescendo"],"picked":"SKIP","floor":23.0},{"not_picked":["WreathOfFlame","ThirdEye+1"],"picked":"Protect+1","floor":25.0},{"not_picked":["ThirdEye","JustLucky","Consecrate"],"picked":"SKIP","floor":28.0},{"not_picked":["FollowUp+1","Collect"],"picked":"Perseverance+1","floor":29.0},{"not_picked":["ClearTheMind+1","EmptyMind"],"picked":"Evaluate+1","floor":30.0},{"not_picked":["Judgement","Replay:BluntJabs+1","FlurryOfBlows"],"picked":"SKIP","floor":31.0},{"not_picked":["PathToVictory","Replay:BluntJabs","Protect+1"],"picked":"SKIP","floor":35.0},{"not_picked":["PathToVictory","FearNoEvil","Prostrate"],"picked":"SKIP","floor":39.0},{"not_picked":["ReachHeaven","BowlingBash+1"],"picked":"FlyingSleeves+1","floor":40.0},{"not_picked":["JustLucky+1","PathToVictory+1"],"picked":"Replay:AtTheReady+1","floor":41.0},{"not_picked":["Protect+1","EmptyFist+1"],"picked":"ClearTheMind+1","floor":41.0},{"not_picked":["Ragnarok","WreathOfFlame+1","PathToVictory"],"picked":"SKIP","floor":46.0},{"not_picked":["WreathOfFlame","FollowUp","Weave+1"],"picked":"SKIP","floor":47.0}],"player_experience":641550,"relics_obtained":[{"floor":7.0,"key":"halation:PromiseList"},{"floor":9.0,"key":"Omamori"},{"floor":13.0,"key":"Replay:Baseball"},{"floor":20.0,"key":"Happy Flower"},{"floor":23.0,"key":"infinitespire:Broken Mirror"},{"floor":25.0,"key":"Red Mask"},{"floor":26.0,"key":"Ancient Tea Set"},{"floor":40.0,"key":"aspiration:ChemicalBlood"},{"floor":43.0,"key":"halation:KoshaPiece"},{"floor":45.0,"key":"Strawberry"}],"event_choices":[{"damage_healed":0.0,"max_hp_gain":0.0,"max_hp_loss":0.0,"gold_gain":0.0,"event_name":"Accursed Blacksmith","player_choice":"Rummage","floor":3.0,"gold_loss":0.0,"damage_taken":0.0,"relics_obtained":["WarpedTongs"],"cards_obtained":["Pain"]},{"damage_healed":21.0,"max_hp_gain":0.0,"max_hp_loss":0.0,"gold_gain":0.0,"event_name":"Mushrooms","player_choice":"Healed and dodged fight","floor":10.0,"gold_loss":0.0,"damage_taken":0.0,"cards_obtained":["Parasite"]},{"damage_healed":0.0,"max_hp_gain":0.0,"max_hp_loss":0.0,"gold_gain":0.0,"event_name":"Masked Bandits","player_choice":"Fought Bandits","floor":25.0,"gold_loss":0.0,"damage_taken":0.0},{"damage_healed":0.0,"max_hp_gain":0.0,"max_hp_loss":0.0,"gold_gain":100.0,"event_name":"Golden Shrine","player_choice":"Pray","floor":38.0,"gold_loss":0.0,"damage_taken":0.0},{"damage_healed":0.0,"max_hp_gain":0.0,"max_hp_loss":0.0,"gold_gain":0.0,"event_name":"betterMatch:BetterMatch","player_choice":"3","floor":41.0,"gold_loss":0.0,"damage_taken":0.0,"cards_obtained":["betterMatch:CommonCard"]},{"damage_healed":55.0,"max_hp_gain":0.0,"max_hp_loss":0.0,"gold_gain":0.0,"event_name":"MindBloom","player_choice":"Heal","floor":44.0,"gold_loss":0.0,"damage_taken":0.0,"cards_obtained":["Doubt"]}],"is_beta":false,"boss_relics":[{"not_picked":["StSpp:Balance","halation:ForbiddenBikini","Ectoplasm"]},{"not_picked":["Painkiller Herb","Fusion Hammer","halation:Prosthetics"]}],"items_purged_floors":[4,21,36],"is_endless":false,"potions_floor_spawned":[5,11,22,23,29,30,35,39,46],"killed_by":"Jaw Worm Horde","ascension_level":6}}