{"host":"lrlw254gqe5layub","time":1611578327,"event":{"mods":["AchievementEnabler","BaseMod","Colored Map","Colored Powertips","Minty Spire (QoL Compilation)","Rare Cards Sparkle","SuperFastMode"],"gold_per_floor":[367,7,17,34,47,77,77,110,161,161,161,192,192,211,211,310,310,320,43,54,54,67,92,92,92,117,137,148,162,162,205,205,315,324,339,339,366,390,213,213,213],"floor_reached":40,"language":"KOR","playtime":2429,"items_purged":["Strike_R"],"score":535,"play_id":"3b3d26da-6f4b-41dd-aa66-4460f65f12b7","local_time":"20210125213847","is_ascension_mode":true,"campfire_choices":[{"data":"Armaments","floor":7.0,"key":"SMITH"},{"data":"Exhume","floor":11.0,"key":"SMITH"},{"data":"Flame Barrier","floor":13.0,"key":"SMITH"},{"floor":15.0,"key":"RECALL"},{"data":"Entrench","floor":30.0,"key":"SMITH"},{"floor":32.0,"key":"REST"}],"circlet_count":0,"master_deck":["Defend_R","Defend_R","Defend_R","Defend_R","Anger","Armaments+1","Cleave","Inflame","Reaper","Flame Barrier+1","Exhume+1","Thunderclap","Anger","Reaper","Seeing Red","Ghostly Armor","Metallicize","Blood for Blood","Reaper","Headbutt+1","Entrench+1","Anger","Disarm","Berserk+1","Juggernaut","CurseOfTheBell","Enlightenment","Secret Technique","Blind","Ghostly Armor+1","Dual Wield","Trip"],"relics":["Burning Blood","Thread and Needle","Juzu Bracelet","HornCleat","Potion Belt","Akabeko","Empty Cage","Membership Card","Pocketwatch","CeramicFish","Calling Bell","MealTicket","Eternal Feather","Torii","Pen Nib"],"acts_visited":["Exordium","TheCity","TheBeyond"],"potions_floor_usage":[40],"damage_taken":[{"damage":11.0,"enemies":"Cultist","floor":1.0,"turns":4.0},{"damage":0.0,"enemies":"2 Louse","floor":3.0,"turns":4.0},{"damage":0.0,"enemies":"Jaw Worm","floor":4.0,"turns":4.0},{"damage":7.0,"enemies":"Looter","floor":5.0,"turns":3.0},{"damage":20.0,"enemies":"3 Sentries","floor":6.0,"turns":7.0},{"damage":29.0,"enemies":"Gremlin Nob","floor":8.0,"turns":4.0},{"damage":9.0,"enemies":"3 Sentries","floor":12.0,"turns":5.0},{"damage":0.0,"enemies":"3 Louse","floor":14.0,"turns":2.0},{"damage":59.0,"enemies":"The Guardian","floor":16.0,"turns":12.0},{"damage":15.0,"enemies":"Spheric Guardian","floor":18.0,"turns":5.0},{"damage":0.0,"enemies":"3 Byrds","floor":20.0,"turns":5.0},{"damage":26.0,"enemies":"Snecko","floor":22.0,"turns":9.0},{"damage":71.0,"enemies":"Book of Stabbing","floor":23.0,"turns":8.0},{"damage":22.0,"enemies":"Snake Plant","floor":27.0,"turns":5.0},{"damage":13.0,"enemies":"3 Cultists","floor":28.0,"turns":4.0},{"damage":25.0,"enemies":"Centurion and Healer","floor":29.0,"turns":11.0},{"damage":51.0,"enemies":"Gremlin Leader","floor":31.0,"turns":8.0},{"damage":27.0,"enemies":"Champ","floor":33.0,"turns":17.0},{"damage":12.0,"enemies":"Orb Walker","floor":35.0,"turns":4.0},{"damage":14.0,"enemies":"3 Shapes","floor":38.0,"turns":6.0},{"damage":130,"enemies":"Giant Head","floor":40,"turns":10}],"seed_played":"-1930212821688535259","potions_obtained":[{"floor":4.0,"key":"BloodPotion"},{"floor":5.0,"key":"EntropicBrew"},{"floor":6.0,"key":"Energy Potion"},{"floor":14.0,"key":"BlessingOfTheForge"},{"floor":18.0,"key":"ColorlessPotion"},{"floor":22.0,"key":"Swift Potion"},{"floor":28.0,"key":"Fruit Juice"},{"floor":29.0,"key":"Dexterity Potion"},{"floor":31.0,"key":"EssenceOfSteel"}],"is_trial":false,"path_per_floor":["M","$","M","M","M","E","R","E","T","?","R","E","R","M","R","B",null,"M","$","M","?","M","E","?","?","T","M","M","M","R","E","R","B",null,"M","?","?","M","$","E"],"character_chosen":"IRONCLAD","items_purchased":["Armaments","Thread and Needle","Membership Card","HeartOfIron","Ghostly Armor","Dual Wield","Trip","Pen Nib","EssenceOfSteel"],"campfire_rested":1,"item_purchase_floors":[2,2,19,19,19,39,39,39,39],"current_hp_per_floor":[51,51,57,63,62,48,64,41,41,41,41,68,68,77,77,31,80,71,71,77,77,77,18,18,18,18,17,85,73,73,37,62,62,85,83,83,73,82,85,0,0],"gold":213,"neow_bonus":"TWO_FIFTY_GOLD","is_daily":false,"chose_seed":false,"campfire_upgraded":4,"win_rate":0.0,"timestamp":1611578327,"path_taken":["M","$","M","M","M","E","R","E","T","?","R","E","R","M","R","BOSS","M","$","M","?","M","E","?","?","T","M","M","M","R","E","R","BOSS","M","?","?","M","$","E"],"items_purchased_type":["Card","Relic","Relic","Potion","Card","Card","Card","Relic","Potion"],"build_version":"2020-12-22","purchased_purges":1,"victory":false,"max_hp_per_floor":[80,80,80,80,80,80,80,80,80,80,80,80,80,80,80,80,80,80,80,80,80,80,80,80,80,80,80,85,85,85,85,85,85,85,85,85,85,85,85,85,85],"card_choices":[{"not_picked":["Pommel Strike","Iron Wave"],"picked":"Anger","floor":1.0},{"not_picked":["Havoc","Clash","Burning Pact"],"picked":"SKIP","floor":3.0},{"not_picked":["Havoc","Clash","Burning Pact"],"picked":"SKIP","floor":3.0},{"not_picked":["Sword Boomerang","True Grit"],"picked":"Cleave","floor":4.0},{"not_picked":["Battle Trance","Headbutt"],"picked":"Inflame","floor":5.0},{"not_picked":["Whirlwind","Clash"],"picked":"Reaper","floor":6.0},{"not_picked":["Pommel Strike","Dual Wield"],"picked":"Flame Barrier","floor":8.0},{"not_picked":["Headbutt","Sword Boomerang"],"picked":"Thunderclap","floor":12.0},{"not_picked":["Sever Soul","Havoc"],"picked":"Anger","floor":14.0},{"not_picked":["Offering","Brutality"],"picked":"Reaper","floor":16.0},{"not_picked":["Pommel Strike","Armaments"],"picked":"Seeing Red","floor":18.0},{"not_picked":["Uppercut+1","Thunderclap"],"picked":"Metallicize","floor":20.0},{"not_picked":["Cleave","Warcry"],"picked":"Headbutt+1","floor":22.0},{"not_picked":["Combust","Bloodletting"],"picked":"Entrench","floor":23.0},{"not_picked":["Heavy Blade","Headbutt"],"picked":"Anger","floor":27.0},{"not_picked":["Blood for Blood","Pommel Strike"],"picked":"Disarm","floor":28.0},{"not_picked":["Clash+1","Perfected Strike","Rupture"],"picked":"SKIP","floor":29.0},{"not_picked":["Clothesline","Sever Soul"],"picked":"Berserk","floor":31.0},{"not_picked":["Corruption","Reaper"],"picked":"Juggernaut","floor":33.0},{"not_picked":["Havoc+1","Clash+1","Fire Breathing+1"],"picked":"SKIP","floor":35.0},{"not_picked":["Finesse","Mind Blast"],"picked":"Enlightenment","floor":37.0},{"not_picked":["The Bomb","Flash of Steel"],"picked":"Secret Technique","floor":37.0},{"not_picked":["Enlightenment","Madness"],"picked":"Blind","floor":37.0},{"not_picked":["Clash+1","Battle Trance"],"picked":"Ghostly Armor+1","floor":38.0}],"player_experience":445000,"relics_obtained":[{"floor":6.0,"key":"Juzu Bracelet"},{"floor":8.0,"key":"HornCleat"},{"floor":9.0,"key":"Potion Belt"},{"floor":12.0,"key":"Akabeko"},{"floor":23.0,"key":"Pocketwatch"},{"floor":31.0,"key":"CeramicFish"},{"floor":34.0,"key":"MealTicket"},{"floor":34.0,"key":"Eternal Feather"},{"floor":34.0,"key":"Torii"}],"event_choices":[{"damage_healed":0.0,"max_hp_gain":0.0,"max_hp_loss":0.0,"gold_gain":0.0,"cards_transformed":["Strike_R"],"event_name":"Living Wall","player_choice":"Change","floor":10.0,"gold_loss":0.0,"damage_taken":0.0,"cards_obtained":["Exhume"]},{"damage_healed":0.0,"max_hp_gain":0.0,"max_hp_loss":0.0,"gold_gain":0.0,"cards_transformed":["Strike_R","Bash"],"event_name":"Drug Dealer","player_choice":"Became Test Subject","floor":21.0,"gold_loss":0.0,"damage_taken":0.0,"cards_obtained":["Blood for Blood","Reaper"]},{"damage_healed":0.0,"max_hp_gain":0.0,"max_hp_loss":0.0,"gold_gain":0.0,"event_name":"Ghosts","player_choice":"Ignored","floor":24.0,"gold_loss":0.0,"damage_taken":0.0},{"damage_healed":0.0,"max_hp_gain":0.0,"max_hp_loss":0.0,"gold_gain":0.0,"event_name":"N\u0027loth","player_choice":"Ignored","floor":25.0,"gold_loss":0.0,"damage_taken":0.0},{"damage_healed":0.0,"max_hp_gain":0.0,"max_hp_loss":0.0,"gold_gain":0.0,"event_name":"Accursed Blacksmith","player_choice":"Forge","floor":36.0,"gold_loss":0.0,"damage_taken":0.0,"cards_upgraded":["Berserk"]},{"damage_healed":0.0,"max_hp_gain":0.0,"max_hp_loss":0.0,"gold_gain":0.0,"event_name":"SensoryStone","player_choice":"Memory 3","floor":37.0,"gold_loss":0.0,"damage_taken":10.0}],"is_beta":false,"boss_relics":[{"not_picked":["SlaversCollar","Fusion Hammer"],"picked":"Empty Cage"},{"not_picked":["Coffee Dripper","Sozu"],"picked":"Calling Bell"}],"items_purged_floors":[19],"is_endless":false,"potions_floor_spawned":[4,5,6,14,18,22,28,29,31],"killed_by":"Giant Head","ascension_level":4}}