{"host":"tm3ghj8mno6gwywm","time":1611603864,"event":{"mods":["2.2 Compatiblity","AchievementEnabler","Bard","BaseMod","Beaked The Cultist","Better Third Choice","Colored Map","Colored Powertips","Conspire","Downfall","Glutton Mod","GungeonMod","Halation","Hermit","Hubris","Infinite Spire","Jorbs\u0027s Wanderer Trilogy","Mad Scientist","Marisa????????","Marked Mod","Mimic Mod","Minty Spire (QoL Compilation)","Potionbrewer","Quick Restart","Replay The Spire","Shade Mod","Shop Mod","Somnambulant","Spicy Shops","StSLib","SuperFastMode","The Bug Knight","The Construct","The Cursed","The Disciple","The Hierophant","The IronCluck","The Judge","The Jungle","The Necromancer","The Runesmith","The Servant 0.9.4","egg"],"gold_per_floor":[409,196,196,213,231,262,99,125,152,172,192,210,210,230,230,328,378,388,406,406,420,117,117,117,117,117,117,132,144,179,196,196,306,306,322,334,357,384,33,33,102,102,140,140,159,232,245,262,262,262,262,262,59,93,93],"floor_reached":56,"language":"ENG","playtime":2285,"items_purged":["stsjorbsmod:Procrastination"],"score":1535,"play_id":"11085b5c-31b4-4f40-8dce-2ca8b50c6ce9","local_time":"20210125144424","is_ascension_mode":false,"campfire_choices":[{"floor":13,"key":"RECALL"},{"data":"beaked:Ceremony","floor":15,"key":"SMITH"},{"data":"beaked:CrazyRituals","floor":23,"key":"SMITH"},{"data":"beaked:CrazyRituals","floor":24,"key":"SMITH"},{"data":"beaked:Defend_Y","floor":32,"key":"SMITH"},{"floor":40,"key":"REST"},{"floor":42,"key":"DIG"},{"floor":44,"key":"DIG"},{"floor":49,"key":"REST"},{"floor":52,"key":"DIG"}],"circlet_count":0,"master_deck":["beaked:Strike_Y","beaked:Strike_Y","beaked:Strike_Y","beaked:Strike_Y","beaked:Strike_Y","beaked:Strike_Y","beaked:Defend_Y+1","beaked:Defend_Y+1","beaked:Defend_Y+1","beaked:Defend_Y+1","beaked:Ceremony+1","beaked:CrazyRituals+1","beaked:CrazyRituals+1","beaked:BraceForImpact+1","beaked:Foresight+1","beaked:Insight+1","beaked:BraceForImpact+1","infinitespire:Gouge+1","beaked:Foresight+1","beaked:Insight+1","beaked:Cower+1","beaked:AwakenedForm+1","beaked:Tweet+1","beaked:Sacrifice+1","beaked:Windmill+1","beaked:BraceForImpact+1","beaked:VigorBurst+1","beaked:Brace+1","beaked:Poke+1","beaked:MimicWarrior+1","beaked:BraceForImpact+1","beaked:ScreechingChant+1","beaked:Evade+1","beaked:BraceForImpact+1","beaked:WildInstinct+1","Pain","beaked:DarkPact+1","beaked:Foresight+1","beaked:CrazyRituals+1","beaked:ScreechingChant+1","beaked:Resilience+1","beaked:Poke+1","beaked:DigDeep+1","Injury","beaked:Overpower+1","beaked:BounceBack+1","beaked:FeelMyPain+1","beaked:MachineEssence+1","Specialist+1","beaked:CrazyRituals+1"],"relics":["beaked:MendingPlumage","Old Coin","WingedGreaves","Lizard Tail","Mummified Hand","Black Star","Molten Egg 2","Toxic Egg 2","Frozen Egg 2","Quantum Egg","Membership Card","hubris:EmptyBottle","Toolbox","Blue Candle","DemoMod:AgedBell","Orrery","bronze:DecasWashers","champ:DuelingGlove","hexamod:BolsterEngine","Tiny House","halation:PromiseList","potionbrewer:Torch","Replay:Lucky Slots","WarpedTongs","infinitespire:Lucky Rock","Replay:WaspNest","Strawberry","potionbrewer:Keyblade","Shovel","conspire:Dentures","CatCart","Thread and Needle","halation:Trompette","Runesmith:Nanobots","infinitespire:Satchel","Kunai","StoneCalendar","halation:BlackBeret","War Paint"],"acts_visited":["Exordium","TheCity","TheBeyond","TheEnding"],"potions_floor_usage":[16,16,18,33,41,41,41,41,41,41,41,41,41,50,50,50,50,50,50,50,50,50,50,54,54,54,54,54,54,55,55,55,55,55],"damage_taken":[{"damage":2,"enemies":"Small Slimes","floor":1,"turns":3},{"damage":2,"enemies":"2 Louse","floor":4,"turns":3},{"damage":2,"enemies":"conspire:RoseBush","floor":5,"turns":4},{"damage":0,"enemies":"Replay:BlueRogue","floor":6,"turns":4},{"damage":51,"enemies":"3 Sentries","floor":8,"turns":9},{"damage":0,"enemies":"Red Slaver","floor":10,"turns":4},{"damage":0,"enemies":"Exordium Wildlife","floor":11,"turns":3},{"damage":3,"enemies":"Large Slime","floor":12,"turns":2},{"damage":0,"enemies":"2 Fungi Beasts","floor":14,"turns":2},{"damage":1,"enemies":"Slime Boss","floor":16,"turns":8},{"damage":1,"enemies":"2 Thieves","floor":18,"turns":5},{"damage":1,"enemies":"Spheric Guardian","floor":19,"turns":4},{"damage":0,"enemies":"Centurion and Healer","floor":21,"turns":5},{"damage":7,"enemies":"Shelled Parasite and Fungi","floor":28,"turns":4},{"damage":3,"enemies":"Chosen and Byrds","floor":29,"turns":7},{"damage":2,"enemies":"Replay:Snechameleon","floor":30,"turns":5},{"damage":10,"enemies":"3 Cultists","floor":31,"turns":3},{"damage":33,"enemies":"hubris:MusketHawk","floor":33,"turns":8},{"damage":0,"enemies":"3 Shapes","floor":35,"turns":5},{"damage":0,"enemies":"Orb Walker","floor":36,"turns":2},{"damage":102,"enemies":"4 Shapes","floor":37,"turns":6},{"damage":17,"enemies":"Writhing Mass","floor":38,"turns":6},{"damage":11,"enemies":"Orin","floor":41,"turns":8},{"damage":8,"enemies":"Jaw Worm Horde","floor":43,"turns":4},{"damage":37,"enemies":"Jaw Worm Horde","floor":45,"turns":4},{"damage":26,"enemies":"4 Shapes","floor":47,"turns":3},{"damage":29,"enemies":"Spire Growth","floor":48,"turns":2},{"damage":22,"enemies":"hubris:GrandSnecko","floor":50,"turns":6},{"damage":38,"enemies":"Shield and Spear","floor":54,"turns":5},{"damage":85,"enemies":"The Heart","floor":55,"turns":5}],"seed_played":"5576740389646059607","potions_obtained":[{"floor":4,"key":"Swift Potion"},{"floor":6,"key":"potionbrewer:AcidPotion"},{"floor":8,"key":"SteroidPotion"},{"floor":16,"key":"Guardian:BlockOnCardUsePotion"},{"floor":28,"key":"Guardian:BlockOnCardUsePotion"},{"floor":30,"key":"Dexterity Potion"},{"floor":41,"key":"ColorlessPotion"},{"floor":46,"key":"potionbrewer:EndurancePotion"}],"is_trial":false,"path_per_floor":["M","$","?","M","M","E","$","E","T","M","M","M","R","M","R","B",null,"M","M","?","M","$","R","R","?","T","?","M","M","E","M","R","B",null,"M","M","M","M","$","R","?","R","MIM","R","M","?","M","M","R","B",null,"R","$","E","B",null],"character_chosen":"BEAKED_THE_CULTIST","items_purchased":["beaked:Insight+1","hubris:EmptyBottle","beaked:BraceForImpact+1","Toolbox","beaked:AwakenedForm+1","beaked:Tweet+1","Orrery","halation:PromiseList","potionbrewer:Torch","Replay:Lucky Slots","beaked:WildInstinct+1","Strawberry","potionbrewer:Keyblade","Shovel","conspire:Dentures","Specialist+1","StoneCalendar"],"campfire_rested":2,"item_purchase_floors":[2,2,2,2,7,7,7,22,22,22,22,39,39,39,39,53,53],"current_hp_per_floor":[50,50,38,48,50,50,55,55,55,58,58,60,60,61,61,61,66,69,69,69,72,72,72,72,72,72,72,75,75,78,80,80,75,81,81,84,1,36,43,71,94,94,94,94,87,50,39,36,64,93,94,94,94,91,33],"gold":93,"neow_bonus":"THREE_CARDS","is_daily":false,"chose_seed":false,"campfire_upgraded":4,"win_rate":0.0,"timestamp":1611603864,"path_taken":["M","$","?","M","M","E","$","E","T","M","M","M","R","M","R","BOSS","M","M","?","M","$","R","R","?","T","?","M","M","E","M","R","BOSS","M","M","M","M","$","R","?","R","MIM","R","M","?","M","M","R","BOSS","R","$","E","BOSS"],"items_purchased_type":["Card","Relic","Card","Relic","Card","Card","Relic","Relic","Relic","Relic","Card","Relic","Relic","Relic","Relic","Card","Relic"],"build_version":"2020-12-22","purchased_purges":1,"victory":true,"max_hp_per_floor":[50,50,50,50,50,50,55,58,58,58,58,61,61,61,61,61,66,69,69,69,72,72,72,72,72,72,72,75,75,78,81,81,81,81,81,84,87,87,94,94,94,94,94,94,94,94,94,94,94,94,94,94,94,94,94],"card_choices":[{"not_picked":["beaked:Insight","beaked:RuinSticks"],"picked":"beaked:BraceForImpact","floor":0},{"not_picked":["beaked:MimicWarrior+1","beaked:WarriorSpirit+1"],"picked":"beaked:Foresight+1","floor":1},{"not_picked":["infinitespire:Execution","infinitespire:Collect"],"picked":"infinitespire:Gouge","floor":3},{"not_picked":["beaked:StunningBlow+1","beaked:WarriorSpirit+1"],"picked":"beaked:Foresight+1","floor":4},{"not_picked":["beaked:DigDeep+1","beaked:FeelMyPain+1"],"picked":"beaked:Insight+1","floor":5},{"not_picked":["beaked:DigDeeper+1","beaked:WarriorEssence+1"],"picked":"beaked:Cower+1","floor":6},{"not_picked":["beaked:FeelMyPain+1","beaked:WildInstinct+1"],"picked":"beaked:Sacrifice+1","floor":7},{"not_picked":["beaked:Insight+1","beaked:Daydream+1"],"picked":"beaked:Windmill+1","floor":7},{"not_picked":["beaked:BarbedWire+1","beaked:DigDeeper+1"],"picked":"beaked:BraceForImpact+1","floor":7},{"not_picked":["beaked:Overpower+1","beaked:Mantra+1"],"picked":"beaked:VigorBurst+1","floor":7},{"not_picked":["beaked:WarriorEssence+1","beaked:Flinch+1"],"picked":"beaked:Brace+1","floor":7},{"not_picked":["beaked:FeelMyPain+1","beaked:Recite+1"],"picked":"beaked:Poke+1","floor":8},{"not_picked":["beaked:Insight+1","beaked:Molting+1","beaked:Tradeoff+1"],"picked":"SKIP","floor":10},{"not_picked":["beaked:Overexert+1","beaked:DigDeep+1","beaked:MimicHuntress+1"],"picked":"SKIP","floor":11},{"not_picked":["beaked:Insight+1","beaked:SurvivalInstinct+1"],"picked":"beaked:MimicWarrior+1","floor":12},{"not_picked":["beaked:Brace+1","beaked:MaddeningMurmurs+1"],"picked":"beaked:BraceForImpact+1","floor":14},{"not_picked":["beaked:CheekyTricks+1","beaked:VolatileMisfortune+1"],"picked":"beaked:ScreechingChant+1","floor":16},{"not_picked":["beaked:Foresight+1","beaked:Insight+1","ReplayTheSpireMod:Wings of Steel+1"],"picked":"SKIP","floor":18},{"not_picked":["beaked:Flinch+1","beaked:StunningBlow+1"],"picked":"beaked:Evade+1","floor":19},{"not_picked":["beaked:Flinch+1","beaked:Evade+1"],"picked":"beaked:BraceForImpact+1","floor":21},{"not_picked":["beaked:Roost+1","beaked:Overpower+1"],"picked":"beaked:DarkPact+1","floor":28},{"not_picked":["beaked:SacrificialDive+1","beaked:Tradeoff+1"],"picked":"beaked:Foresight+1","floor":29},{"not_picked":["beaked:StunningBlow+1","beaked:DigDeep+1"],"picked":"beaked:CrazyRituals+1","floor":30},{"not_picked":["beaked:Tradeoff+1","beaked:Tweet+1","beaked:Redirect+1"],"picked":"SKIP","floor":31},{"not_picked":["beaked:DarkPact+1","beaked:WildInstinct+1"],"picked":"beaked:ScreechingChant+1","floor":33},{"not_picked":["beaked:WindBringer+1","beaked:FeelMyPain+1","beaked:Roost+1"],"picked":"SKIP","floor":35},{"not_picked":["ReplayTheSpireMod:Wings of Steel+1","beaked:Negation+1"],"picked":"beaked:Resilience+1","floor":36},{"not_picked":["beaked:Flinch+1","beaked:SurvivalInstinct+1"],"picked":"beaked:Poke+1","floor":37},{"not_picked":["beaked:Devastation+1","beaked:Brace+1"],"picked":"beaked:DigDeep+1","floor":38},{"not_picked":["beaked:Resilience+1","beaked:DigDeep+1"],"picked":"beaked:Overpower+1","floor":43},{"not_picked":["beaked:CursingBlood+1","beaked:Tradeoff+1"],"picked":"beaked:BounceBack+1","floor":45},{"not_picked":["beaked:Roost+1","beaked:WarriorEssence+1"],"picked":"beaked:FeelMyPain+1","floor":46},{"not_picked":["beaked:Devastation+1","beaked:Resilience+1","beaked:SacrificialDive+1"],"picked":"SKIP","floor":47},{"not_picked":["beaked:SacrificialDive+1","beaked:CursingBlood+1"],"picked":"beaked:MachineEssence+1","floor":48},{"not_picked":["beaked:StunningBlow+1","beaked:Tweet+1"],"picked":"beaked:CrazyRituals+1","floor":54}],"player_experience":839677,"relics_obtained":[{"floor":6,"key":"Blue Candle"},{"floor":6,"key":"DemoMod:AgedBell"},{"floor":8,"key":"bronze:DecasWashers"},{"floor":8,"key":"champ:DuelingGlove"},{"floor":9,"key":"hexamod:BolsterEngine"},{"floor":30,"key":"infinitespire:Lucky Rock"},{"floor":30,"key":"Replay:WaspNest"},{"floor":41,"key":"CatCart"},{"floor":42,"key":"Thread and Needle"},{"floor":43,"key":"halation:Trompette"},{"floor":43,"key":"Runesmith:Nanobots"},{"floor":44,"key":"infinitespire:Satchel"},{"floor":52,"key":"Kunai"},{"floor":54,"key":"halation:BlackBeret"},{"floor":54,"key":"War Paint"}],"event_choices":[{"damage_healed":0,"gold_gain":0,"player_choice":"Ignored","damage_taken":0,"max_hp_gain":0,"max_hp_loss":0,"event_name":"Beggar","floor":20,"gold_loss":0},{"damage_healed":0,"gold_gain":0,"player_choice":"Rummage","damage_taken":0,"relics_obtained":["WarpedTongs"],"max_hp_gain":0,"max_hp_loss":0,"event_name":"Accursed Blacksmith","floor":27,"gold_loss":0,"cards_obtained":["Pain"]},{"damage_healed":0,"gold_gain":0,"player_choice":"Fight","damage_taken":0,"max_hp_gain":0,"max_hp_loss":0,"event_name":"OrinTheCat","floor":41,"gold_loss":0}],"is_beta":false,"boss_relics":[{"not_picked":["Painkiller Herb","halation:SmartPhone"],"picked":"Tiny House"},{"not_picked":["conspire:SeveredTorchhead","Replay:Wanted Poster","halation:MonkeysPaw"]}],"items_purged_floors":[22],"is_endless":false,"potions_floor_spawned":[4,6,8,10,14,16,19,28,29,30,38,41,47,48],"ascension_level":0}}