{"host":"d8d3jqle49sogkjv","time":1611592169,"event":{"mods":["BaseMod","Colored Map","Colored Powertips","Minty Spire (QoL Compilation)","StSLib"],"gold_per_floor":[114,128,53,53,4,4,37,52,52,78,253,253,102,122,122,220,220,239,257,77,94,94,94,94],"floor_reached":23,"language":"ENG","playtime":2038,"items_purged":["Strike_R","Doubt"],"score":308,"play_id":"7274af06-b9a6-4032-9acd-87d527274794","local_time":"20210125172929","is_ascension_mode":true,"campfire_choices":[{"data":"Uppercut","floor":6,"key":"SMITH"},{"floor":12,"key":"REST"},{"data":"Armaments","floor":15,"key":"SMITH"}],"circlet_count":0,"master_deck":["AscendersBane","Strike_R","Strike_R","Strike_R","Strike_R","Defend_R","Defend_R","Defend_R+1","Defend_R","Bash","Uppercut+1","Dropkick","True Grit","Impervious+1","Rampage","Armaments+1","Berserk","Spot Weakness","Whirlwind","Pommel Strike","Dropkick"],"relics":["Mark of Pain","CultistMask","War Paint","Oddly Smooth Stone","Cursed Key","Lee\u0027s Waffle"],"acts_visited":["Exordium","TheCity"],"potions_floor_usage":[10,21,23],"damage_taken":[{"damage":8,"enemies":"Jaw Worm","floor":1,"turns":4},{"damage":0,"enemies":"Cultist","floor":2,"turns":3},{"damage":26,"enemies":"3 Sentries","floor":7,"turns":9},{"damage":0,"enemies":"2 Louse","floor":8,"turns":3},{"damage":15,"enemies":"Gremlin Nob","floor":10,"turns":5},{"damage":10,"enemies":"Gremlin Gang","floor":14,"turns":6},{"damage":8,"enemies":"Hexaghost","floor":16,"turns":11},{"damage":13,"enemies":"Spheric Guardian","floor":18,"turns":5},{"damage":20,"enemies":"3 Byrds","floor":19,"turns":7},{"damage":65,"enemies":"3 Cultists","floor":21,"turns":6},{"damage":30,"enemies":"Gremlin Leader","floor":23,"turns":5}],"seed_played":"5356766149819427570","potions_obtained":[{"floor":8,"key":"GamblersBrew"},{"floor":14,"key":"SkillPotion"},{"floor":18,"key":"HeartOfIron"}],"is_trial":false,"path_per_floor":["M","M","$","?","$","R","E","M","T","E","?","R","$","M","R","B",null,"M","M","$","M","?","E"],"character_chosen":"IRONCLAD","items_purchased":["True Grit","Armaments","Lee\u0027s Waffle","Whirlwind"],"campfire_rested":1,"item_purchase_floors":[5,13,20,20],"current_hp_per_floor":[64,64,64,64,64,64,38,38,38,23,23,47,47,37,37,29,67,54,34,87,22,22,0,0],"gold":94,"neow_bonus":"BOSS_RELIC","is_daily":false,"chose_seed":false,"campfire_upgraded":2,"win_rate":0.0,"timestamp":1611592169,"path_taken":["M","M","$","?","$","R","E","?","T","E","?","R","$","M","R","BOSS","M","M","$","M","?","E"],"items_purchased_type":["Card","Card","Relic","Card"],"build_version":"2020-12-22","purchased_purges":2,"victory":false,"max_hp_per_floor":[80,80,80,80,80,80,80,80,80,80,80,80,80,80,80,80,80,80,80,87,87,87,87,87],"card_choices":[{"not_picked":["Perfected Strike","Combust"],"picked":"Uppercut","floor":1},{"not_picked":["Cleave","Clash"],"picked":"Dropkick","floor":2},{"not_picked":["True Grit","Heavy Blade"],"picked":"Impervious","floor":7},{"not_picked":["Dual Wield","Anger"],"picked":"Rampage","floor":8},{"not_picked":["Clothesline","Cleave","Dual Wield"],"picked":"SKIP","floor":10},{"not_picked":["Power Through","Thunderclap","Searing Blow"],"picked":"SKIP","floor":14},{"not_picked":["Bludgeon","Barricade"],"picked":"Berserk","floor":16},{"not_picked":["Sentinel","Clothesline+1","Power Through"],"picked":"SKIP","floor":18},{"not_picked":["Perfected Strike+1","Intimidate"],"picked":"Spot Weakness","floor":19},{"not_picked":["Uppercut","True Grit"],"picked":"Pommel Strike","floor":21}],"player_experience":439402,"relics_obtained":[{"floor":9,"key":"War Paint"},{"floor":10,"key":"Oddly Smooth Stone"}],"event_choices":[{"damage_healed":0,"gold_gain":0,"player_choice":"Trade","damage_taken":0,"relics_obtained":["CultistMask"],"max_hp_gain":0,"max_hp_loss":0,"event_name":"FaceTrader","floor":4,"gold_loss":0},{"damage_healed":0,"gold_gain":175,"player_choice":"AGREE","damage_taken":0,"max_hp_gain":0,"max_hp_loss":0,"event_name":"Liars Game","floor":11,"gold_loss":0,"cards_obtained":["Doubt"]},{"damage_healed":0,"gold_gain":0,"player_choice":"Copied","damage_taken":0,"max_hp_gain":0,"max_hp_loss":0,"event_name":"Duplicator","floor":22,"gold_loss":0,"cards_obtained":["Dropkick"]}],"is_beta":false,"boss_relics":[{"not_picked":["Runic Cube","SacredBark"],"picked":"Cursed Key"}],"items_purged_floors":[3,13],"is_endless":false,"potions_floor_spawned":[8,14,18],"killed_by":"Gremlin Leader","ascension_level":11}}