{"host":"3a1ypf1irl30q4k8","time":1611582456,"event":{"mods":["AchievementEnabler","BaseMod","Bestiary","Colored Map","Minty Spire (QoL Compilation)","Relic Stats"],"gold_per_floor":[10,10,31,55,55,55,71,106,133,156,172,187,207,59,59,59,59],"floor_reached":16,"language":"ENG","playtime":641,"items_purged":["Strike_R"],"score":127,"play_id":"3a3d4ba0-2a86-4563-9d2d-5f10e4e92caa","local_time":"20210125134736","is_ascension_mode":true,"campfire_choices":[{"data":"Carnage","floor":6,"key":"SMITH"},{"data":"Cleave","floor":15,"key":"SMITH"}],"circlet_count":0,"master_deck":["Strike_R","Strike_R","Strike_R","Strike_R","Defend_R","Defend_R","Defend_R","Defend_R","Bash","Cleave+1","Carnage+1","Warcry","Thunderclap","Juggernaut","Body Slam","Armaments","Havoc","Flame Barrier"],"relics":["Burning Blood","Ginger","Golden Idol","Dream Catcher","Tiny Chest"],"acts_visited":["Exordium"],"potions_floor_usage":[8,8,12,16,16],"damage_taken":[{"damage":8,"enemies":"Jaw Worm","floor":1,"turns":4},{"damage":7,"enemies":"Small Slimes","floor":3,"turns":3},{"damage":2,"enemies":"2 Louse","floor":4,"turns":3},{"damage":12,"enemies":"Exordium Wildlife","floor":7,"turns":3},{"damage":12,"enemies":"3 Sentries","floor":8,"turns":6},{"damage":10,"enemies":"2 Fungi Beasts","floor":10,"turns":3},{"damage":12,"enemies":"3 Louse","floor":11,"turns":3},{"damage":5,"enemies":"Lots of Slimes","floor":12,"turns":2},{"damage":6,"enemies":"Looter","floor":13,"turns":2},{"damage":43,"enemies":"Slime Boss","floor":16,"turns":8}],"seed_played":"-2178229820527316046","potions_obtained":[{"floor":1,"key":"PowerPotion"},{"floor":4,"key":"Block Potion"},{"floor":7,"key":"ElixirPotion"},{"floor":8,"key":"FearPotion"},{"floor":13,"key":"Fire Potion"}],"is_trial":false,"path_per_floor":["M","?","M","M","?","R","M","E","T","M","M","M","M","$","R","B"],"character_chosen":"IRONCLAD","items_purchased":["Flame Barrier"],"campfire_rested":0,"item_purchase_floors":[14],"current_hp_per_floor":[78,74,73,74,62,62,56,50,50,46,40,41,41,41,41,0,0],"gold":59,"neow_bonus":"ONE_RARE_RELIC","is_daily":false,"chose_seed":false,"campfire_upgraded":2,"win_rate":0.0,"timestamp":1611582456,"path_taken":["M","?","M","M","?","R","M","E","T","M","M","M","M","$","R","BOSS"],"items_purchased_type":["Card"],"build_version":"2020-12-22","purchased_purges":1,"victory":false,"max_hp_per_floor":[80,74,74,74,74,74,74,74,74,74,74,74,74,74,74,74,74],"relic_stats":{"Dream Catcher":0,"counters":[10,37],"Golden Idol":34,"Tiny Chest":0,"Ginger":[5],"obtain_stats":[{"Dream Catcher":5,"Golden Idol":2,"Tiny Chest":8,"Ginger":0,"Burning Blood":0},{"Dream Catcher":3,"Golden Idol":1,"Tiny Chest":5,"Ginger":0,"Burning Blood":0},{"Dream Catcher":10,"Golden Idol":4,"Tiny Chest":19,"Ginger":0,"Burning Blood":0}],"Burning Blood":51},"card_choices":[{"not_picked":["Bloodletting","Searing Blow"],"picked":"Cleave","floor":1},{"not_picked":["Body Slam","Shrug It Off"],"picked":"Carnage","floor":3},{"not_picked":["Flex","Iron Wave"],"picked":"Warcry","floor":4},{"not_picked":["Shrug It Off","Fire Breathing"],"picked":"Thunderclap","floor":7},{"not_picked":["Sever Soul","Evolve"],"picked":"Juggernaut","floor":8},{"not_picked":["Pommel Strike","Sword Boomerang"],"picked":"Body Slam","floor":10},{"not_picked":["Flex","Cleave"],"picked":"Armaments","floor":11},{"not_picked":["Body Slam","Heavy Blade","Carnage"],"picked":"SKIP","floor":12},{"not_picked":["Iron Wave","Pommel Strike"],"picked":"Havoc","floor":13}],"player_experience":1206971,"relics_obtained":[{"floor":8,"key":"Tiny Chest"}],"event_choices":[{"damage_healed":0,"gold_gain":0,"player_choice":"Lose Max HP","damage_taken":0,"relics_obtained":["Golden Idol"],"max_hp_gain":0,"max_hp_loss":6,"event_name":"Golden Idol","floor":2,"gold_loss":0},{"damage_healed":0,"gold_gain":0,"player_choice":"Success","damage_taken":12,"relics_obtained":["Dream Catcher"],"max_hp_gain":0,"max_hp_loss":0,"event_name":"Scrap Ooze","floor":5,"gold_loss":0}],"is_beta":false,"boss_relics":[],"items_purged_floors":[14],"is_endless":false,"potions_floor_spawned":[1,4,7,8,13],"killed_by":"Slime Boss","ascension_level":4}}