{"host":"l84l8xigz5v5foa2","time":1611567180,"event":{"mods":["2.2 Compatiblity","AchievementEnabler","BaseMod","Better Note","Better Vampires","Card Filter","Colored Map","DeckTracker","Gremlin Skip","Highlight Path","Keyboard Shortcuts","Minty Spire (QoL Compilation)","Permanent Neow","Quick Restart","Relic Filter","Relic Stats","Shop Mod","StSLib","SuperFastMode","Transform Curses","Unknown Chances"],"gold_per_floor":[109,109,124,124,138,138,169,181,216,228,259,301,313,250,262,347,359,386,398,410,438,166,166,192,192,192,192,192],"floor_reached":27,"language":"KOR","playtime":1054,"items_purged":[],"score":459,"play_id":"c01c0591-1916-42c4-874e-8b9759d4ceae","local_time":"20210125183300","is_ascension_mode":true,"campfire_choices":[{"data":"Blade Dance","floor":6.0,"key":"SMITH"},{"floor":8.0,"key":"REST"},{"floor":13.0,"key":"REST"},{"data":"Tools of the Trade","floor":15.0,"key":"SMITH"},{"data":"Reflex","floor":23.0,"key":"SMITH"},{"data":"Bullet Time","floor":25.0,"key":"SMITH"}],"circlet_count":0,"master_deck":["AscendersBane","Defend_G","Defend_G","Defend_G","Defend_G","Survivor","Neutralize+1","Deflect","Tools of the Trade+1","Blade Dance+1","Choke","Deadly Poison","Well Laid Plans+1","Reflex+1","Bullet Time+1","Dagger Throw+1","Bite","Bite","Bite","PiercingWail","Tactician"],"relics":["Ring of the Snake","Gremlin Horn","Frozen Egg 2","MawBank","Snake Skull","Matryoshka","Philosopher\u0027s Stone","Meat on the Bone","Dream Catcher","Smiling Mask","Shuriken"],"acts_visited":["Exordium","TheCity"],"potions_floor_usage":[27,27],"damage_taken":[{"damage":0.0,"enemies":"2 Louse","floor":1.0,"turns":4.0},{"damage":0.0,"enemies":"Jaw Worm","floor":3.0,"turns":4.0},{"damage":0.0,"enemies":"Cultist","floor":5.0,"turns":3.0},{"damage":32.0,"enemies":"Gremlin Nob","floor":7.0,"turns":4.0},{"damage":3.0,"enemies":"Large Slime","floor":11.0,"turns":5.0},{"damage":15.0,"enemies":"3 Sentries","floor":12.0,"turns":7.0},{"damage":14.0,"enemies":"The Guardian","floor":16.0,"turns":11.0},{"damage":10.0,"enemies":"Chosen","floor":18.0,"turns":5.0},{"damage":33.0,"enemies":"3 Byrds","floor":21.0,"turns":6.0},{"damage":0.0,"enemies":"Gremlin Leader","floor":24.0,"turns":5.0},{"damage":36,"enemies":"Book of Stabbing","floor":27,"turns":5}],"seed_played":"-2142611788407017395","potions_obtained":[{"floor":5.0,"key":"Explosive Potion"},{"floor":7.0,"key":"Swift Potion"},{"floor":12.0,"key":"EssenceOfSteel"},{"floor":21.0,"key":"AttackPotion"},{"floor":24.0,"key":"SteroidPotion"}],"is_trial":false,"path_per_floor":["M","?","M","T","M","R","E","R","T","?","M","E","R","?","R","B",null,"M","?","?","M","$","R","E","R","T","E"],"character_chosen":"THE_SILENT","items_purchased":["Meat on the Bone","Tactician"],"campfire_rested":2,"item_purchase_floors":[22,22],"current_hp_per_floor":[59,33,33,33,33,33,1,19,19,19,16,1,19,19,19,5,46,36,36,36,17,17,17,29,29,29,0,0],"gold":192,"neow_bonus":"TRANSFORM_TWO_CARDS","is_daily":false,"chose_seed":false,"campfire_upgraded":4,"win_rate":0.0,"timestamp":1611567180,"path_taken":["M","?","M","?","?","R","E","R","T","?","M","E","R","?","R","BOSS","M","?","?","M","$","R","E","R","T","E"],"items_purchased_type":["Relic","Card"],"build_version":"2020-12-22","purchased_purges":0,"victory":false,"max_hp_per_floor":[60,60,60,60,60,60,60,60,60,60,60,60,60,60,60,60,60,60,60,49,49,49,49,49,49,49,49,49],"relic_stats":{"Dream Catcher":0,"Gremlin Horn":[10,10],"counters":[11,59],"Shuriken":[2],"Snake Skull":[15],"MawBank":180,"Smiling Mask":0,"obtain_stats":[{"Dream Catcher":24,"Matryoshka":12,"Gremlin Horn":2,"Shuriken":26,"Philosopher\u0027s Stone":17,"Snake Skull":9,"Frozen Egg 2":4,"MawBank":7,"Smiling Mask":26,"Ring of the Snake":0,"Meat on the Bone":22},{"Dream Catcher":10,"Matryoshka":6,"Gremlin Horn":1,"Shuriken":10,"Philosopher\u0027s Stone":7,"Snake Skull":4,"Frozen Egg 2":2,"MawBank":4,"Smiling Mask":10,"Ring of the Snake":0,"Meat on the Bone":9},{"Dream Catcher":54,"Matryoshka":27,"Gremlin Horn":4,"Shuriken":54,"Philosopher\u0027s Stone":38,"Snake Skull":15,"Frozen Egg 2":8,"MawBank":15,"Smiling Mask":54,"Ring of the Snake":0,"Meat on the Bone":49}],"Ring of the Snake":[22],"Meat on the Bone":0},"card_choices":[{"not_picked":["Slice","PiercingWail"],"picked":"Blade Dance","floor":1.0},{"not_picked":["Heel Hook","Dodge and Roll"],"picked":"Choke","floor":3.0},{"not_picked":["Acrobatics","Outmaneuver"],"picked":"Deadly Poison","floor":5.0},{"not_picked":["Dagger Spray","Skewer"],"picked":"Well Laid Plans+1","floor":7.0},{"not_picked":["Terror","Quick Slash","Eviscerate"],"picked":"SKIP","floor":11.0},{"not_picked":["Dagger Spray","Distraction"],"picked":"Reflex","floor":12.0},{"not_picked":["Die Die Die","Unload"],"picked":"Bullet Time","floor":16.0},{"not_picked":["Quick Slash","Masterful Stab"],"picked":"Dagger Throw+1","floor":18.0},{"not_picked":["Slice","Crippling Poison"],"picked":"PiercingWail","floor":21.0},{"not_picked":["Bane+1","Heel Hook","Quick Slash"],"picked":"SKIP","floor":24.0}],"player_experience":1442487,"relics_obtained":[{"floor":4.0,"key":"Frozen Egg 2"},{"floor":7.0,"key":"MawBank"},{"floor":9.0,"key":"Snake Skull"},{"floor":12.0,"key":"Matryoshka"},{"floor":24.0,"key":"Dream Catcher"},{"floor":26.0,"key":"Smiling Mask"},{"floor":26.0,"key":"Shuriken"}],"event_choices":[{"damage_healed":0.0,"max_hp_gain":0.0,"max_hp_loss":0.0,"gold_gain":0.0,"event_name":"Scrap Ooze","player_choice":"Success","floor":2.0,"gold_loss":0.0,"damage_taken":26.0,"relics_obtained":["Gremlin Horn"]},{"damage_healed":0.0,"max_hp_gain":0.0,"max_hp_loss":0.0,"gold_gain":0.0,"event_name":"Living Wall","player_choice":"Grow","floor":10.0,"gold_loss":0.0,"damage_taken":0.0,"cards_upgraded":["Neutralize"]},{"cards_removed":["Strike_G"],"damage_healed":0.0,"max_hp_gain":0.0,"max_hp_loss":0.0,"gold_gain":0.0,"event_name":"The Cleric","player_choice":"Card Removal","floor":14.0,"gold_loss":75.0,"damage_taken":0.0},{"damage_healed":0.0,"max_hp_gain":0.0,"max_hp_loss":0.0,"gold_gain":0.0,"event_name":"Ghosts","player_choice":"Ignored","floor":19.0,"gold_loss":0.0,"damage_taken":0.0},{"damage_healed":0.0,"max_hp_gain":0.0,"max_hp_loss":11.0,"gold_gain":0.0,"event_name":"Vampires","player_choice":"Became a vampire","floor":20.0,"gold_loss":0.0,"damage_taken":0.0,"cards_obtained":["Bite","Bite","Bite"]}],"is_beta":false,"boss_relics":[{"not_picked":["HoveringKite","Fusion Hammer"],"picked":"Philosopher\u0027s Stone"}],"items_purged_floors":[],"is_endless":false,"potions_floor_spawned":[5,7,12,21,24],"killed_by":"Book of Stabbing","ascension_level":15}}