{"host":"0v07cr0k93jhgkpm","time":1611606956,"event":{"mods":["BaseMod","Colored Map","DeckTracker","Minty Spire (QoL Compilation)","Quick Restart","SuperFastMode"],"gold_per_floor":[119,119,194,27,27,27,58,72,154,154,304,304,322,360,360,449,449,463,483,35,54,54,54],"floor_reached":22,"language":"KOR","playtime":735,"items_purged":[],"score":384,"play_id":"24424743-c1ad-4597-8e2d-ab7b12517b32","local_time":"20210126053556","is_ascension_mode":true,"campfire_choices":[{"data":"Zap","floor":6.0,"key":"SMITH"},{"data":"Beam Cell","floor":10.0,"key":"SMITH"},{"floor":15,"key":"REST"}],"circlet_count":0,"master_deck":["AscendersBane","Strike_B","Strike_B","Strike_B","Strike_B","Defend_B","Defend_B","Defend_B","Defend_B","Zap+1","Dualcast","BootSequence","Rip and Tear","Beam Cell+1","Turbo","Steam","Buffer","Sunder","Capacitor+1","All For One","Streamline"],"relics":["Cracked Core","Unceasing Top","Golden Idol","Lee\u0027s Waffle","Lantern","Darkstone Periapt","InkBottle","Sozu","Toxic Egg 2"],"acts_visited":["Exordium","TheCity"],"potions_floor_usage":[14,16],"damage_taken":[{"damage":7.0,"enemies":"Small Slimes","floor":1.0,"turns":4.0},{"damage":25.0,"enemies":"Lagavulin","floor":7.0,"turns":5.0},{"damage":0.0,"enemies":"2 Louse","floor":8.0,"turns":2.0},{"damage":0,"enemies":"Jaw Worm","floor":13,"turns":1},{"damage":15,"enemies":"3 Sentries","floor":14,"turns":6},{"damage":41,"enemies":"The Guardian","floor":16,"turns":11},{"damage":10,"enemies":"Chosen","floor":18,"turns":6},{"damage":12,"enemies":"Spheric Guardian","floor":19,"turns":4},{"damage":28,"enemies":"Centurion and Healer","floor":21,"turns":8},{"damage":18,"enemies":"Snecko","floor":22,"turns":2}],"seed_played":"8693446735312605649","potions_obtained":[{"floor":1.0,"key":"ColorlessPotion"},{"floor":7.0,"key":"BlessingOfTheForge"},{"floor":13,"key":"DistilledChaos"}],"is_trial":false,"path_per_floor":["M","?","?","$","?","R","E","M","T","R","?","?","M","E","R","B",null,"M","M","$","M","M"],"character_chosen":"DEFECT","items_purchased":["Lee\u0027s Waffle","All For One","Toxic Egg 2"],"campfire_rested":1,"item_purchase_floors":[4,20,20],"current_hp_per_floor":[57,33,22,78,71,71,46,46,46,46,52,52,52,37,61,20,66,56,44,44,16,0,0],"gold":54,"neow_bonus":"ONE_RARE_RELIC","is_daily":false,"chose_seed":false,"campfire_upgraded":2,"win_rate":0.0,"timestamp":1611606956,"path_taken":["M","?","?","?","?","R","E","M","T","R","?","?","M","E","R","BOSS","M","M","$","M","M"],"items_purchased_type":["Relic","Card","Relic"],"build_version":"2020-12-22","purchased_purges":0,"victory":false,"max_hp_per_floor":[71,71,71,78,75,75,75,75,75,75,81,81,81,81,81,81,81,81,81,81,81,81,81],"card_choices":[{"not_picked":["Steam Power","Streamline"],"picked":"BootSequence","floor":1.0},{"not_picked":["Hologram","Leap"],"picked":"Rip and Tear","floor":7.0},{"not_picked":["Coolheaded","Darkness"],"picked":"Beam Cell","floor":8.0},{"not_picked":["Force Field","Ball Lightning"],"picked":"Turbo","floor":13},{"not_picked":["Electrodynamics","Compile Driver"],"picked":"Steam","floor":14},{"not_picked":["Amplify","Multi-Cast"],"picked":"Buffer","floor":16},{"not_picked":["Hologram+1","Ball Lightning"],"picked":"Sunder","floor":18},{"not_picked":["Redo","BootSequence"],"picked":"Capacitor+1","floor":19},{"not_picked":["Melter","Leap+1"],"picked":"Streamline","floor":21}],"player_experience":2507461,"relics_obtained":[{"floor":7.0,"key":"Lantern"},{"floor":9.0,"key":"Darkstone Periapt"},{"floor":14,"key":"InkBottle"}],"event_choices":[{"damage_healed":0.0,"max_hp_gain":0.0,"max_hp_loss":0.0,"gold_gain":0.0,"event_name":"Golden Idol","player_choice":"Take Damage","floor":2.0,"gold_loss":0.0,"damage_taken":24.0,"relics_obtained":["Golden Idol"]},{"damage_healed":0.0,"max_hp_gain":0.0,"max_hp_loss":0.0,"gold_gain":75.0,"event_name":"World of Goop","player_choice":"Gather Gold","floor":3.0,"gold_loss":0.0,"damage_taken":11.0},{"cards_removed":["Parasite"],"damage_healed":0.0,"max_hp_gain":0.0,"max_hp_loss":0.0,"gold_gain":0.0,"event_name":"Golden Wing","player_choice":"Card Removal","floor":5.0,"gold_loss":0.0,"damage_taken":7.0},{"damage_healed":0.0,"max_hp_gain":0.0,"max_hp_loss":0.0,"gold_gain":150.0,"event_name":"Liars Game","player_choice":"AGREE","floor":11.0,"gold_loss":0.0,"damage_taken":0.0,"cards_obtained":["Doubt"]},{"cards_removed":["Doubt"],"damage_healed":0.0,"max_hp_gain":0.0,"max_hp_loss":0.0,"gold_gain":0.0,"event_name":"Living Wall","player_choice":"Forget","floor":12.0,"gold_loss":0.0,"damage_taken":0.0}],"is_beta":false,"boss_relics":[{"not_picked":["Ectoplasm","Snecko Eye"],"picked":"Sozu"}],"items_purged_floors":[],"is_endless":false,"potions_floor_spawned":[1,7,13,19],"killed_by":"Snecko","ascension_level":20}}