{"host":"928gv66myv2vlnsd","time":1611552956,"event":{"mods":["BaseMod","Minty Spire (QoL Compilation)","StSLib"],"gold_per_floor":[118,134,47,64,5,37,37,66,142,152,179,194,213,49,49,49,49],"floor_reached":16,"language":"ENG","playtime":540,"items_purged":["Shame"],"score":238,"play_id":"0e855e33-8bbc-4648-8809-4dbbb028cc7b","local_time":"20210125003556","is_ascension_mode":true,"campfire_choices":[{"data":"1","floor":7,"key":"LIFT"},{"floor":15,"key":"REST"}],"circlet_count":0,"master_deck":["AscendersBane","Strike_R","Strike_R","Strike_R","Strike_R","Strike_R","Defend_R","Defend_R","Defend_R","Defend_R","Bash","Immolate","Shrug It Off","Burning Pact","Fire Breathing","Power Through","Sword Boomerang","Demon Form","Feel No Pain","Wild Strike","Dark Embrace","Pummel","Flame Barrier"],"relics":["Burning Blood","Girya","Regal Pillow","StrikeDummy","Omamori"],"acts_visited":["Exordium"],"potions_floor_usage":[11,16,16],"damage_taken":[{"damage":1,"enemies":"Cultist","floor":1,"turns":3},{"damage":3,"enemies":"Small Slimes","floor":2,"turns":3},{"damage":2,"enemies":"Jaw Worm","floor":4,"turns":3},{"damage":20,"enemies":"3 Sentries","floor":6,"turns":4},{"damage":40,"enemies":"Lagavulin","floor":8,"turns":7},{"damage":6,"enemies":"Exordium Thugs","floor":10,"turns":3},{"damage":15,"enemies":"3 Sentries","floor":11,"turns":5},{"damage":9,"enemies":"3 Louse","floor":12,"turns":4},{"damage":5,"enemies":"Blue Slaver","floor":13,"turns":6},{"damage":68,"enemies":"The Guardian","floor":16,"turns":12}],"seed_played":"-3410641141440953541","potions_obtained":[{"floor":4,"key":"SkillPotion"},{"floor":10,"key":"EssenceOfSteel"},{"floor":11,"key":"BlessingOfTheForge"},{"floor":13,"key":"BloodPotion"}],"is_trial":false,"path_per_floor":["M","M","$","M","$","E","R","E","T","M","E","M","M","$","R","B"],"character_chosen":"IRONCLAD","items_purchased":["Fire Breathing","Sword Boomerang","Flame Barrier"],"campfire_rested":1,"item_purchase_floors":[3,5,14],"current_hp_per_floor":[73,75,75,75,75,61,61,27,27,27,18,15,16,16,53,0,0],"gold":49,"neow_bonus":"THREE_RARE_CARDS","is_daily":false,"chose_seed":false,"campfire_upgraded":0,"win_rate":0.0,"timestamp":1611552956,"path_taken":["M","M","$","M","$","E","R","E","T","M","E","?","M","$","R","BOSS"],"items_purchased_type":["Card","Card","Card"],"build_version":"2020-12-22","purchased_purges":1,"victory":false,"max_hp_per_floor":[75,75,75,75,75,75,75,75,75,75,75,75,75,75,75,75,75],"card_choices":[{"not_picked":["Reaper","Bludgeon"],"picked":"Immolate","floor":0},{"not_picked":["Pommel Strike","Clash"],"picked":"Shrug It Off","floor":1},{"not_picked":["Perfected Strike","Anger"],"picked":"Burning Pact","floor":2},{"not_picked":["Wild Strike","Sword Boomerang"],"picked":"Power Through","floor":4},{"not_picked":["Havoc","Sword Boomerang"],"picked":"Demon Form","floor":6},{"not_picked":["Bloodletting","Wild Strike"],"picked":"Feel No Pain","floor":8},{"not_picked":["Havoc","Sever Soul"],"picked":"Wild Strike","floor":10},{"not_picked":["Metallicize","Headbutt"],"picked":"Dark Embrace","floor":11},{"not_picked":["Flex","Perfected Strike","Rage"],"picked":"SKIP","floor":12},{"not_picked":["Metallicize","Combust"],"picked":"Pummel","floor":13}],"player_experience":1315590,"relics_obtained":[{"floor":6,"key":"Girya"},{"floor":8,"key":"Regal Pillow"},{"floor":9,"key":"StrikeDummy"},{"floor":11,"key":"Omamori"}],"event_choices":[],"is_beta":false,"boss_relics":[],"items_purged_floors":[14],"is_endless":false,"potions_floor_spawned":[4,10,11,13],"killed_by":"The Guardian","ascension_level":19}}