{"host":"pletss163z7s8pvv","time":1611552899,"event":{"mods":["AchievementEnabler","BaseMod","Better Altar","Better Match","Better Note","Better Sensory Stone","Better Skull","Better Third Choice","BetterRewards","CapriCore","ChefMod","Colored Map","Colored Powertips","Conspire","Energized Spire","Evolution","GifTheSpireLib","Hermit","Ironclad Rager","Marked Mod","Minty Spire (QoL Compilation)","Retaliation","Spicy Shops","StS++","StSLib","The Blue Laboratory","The Cursed","The Disciple","The Forsaken"],"gold_per_floor":[114,114,14,14,29,59,59,74,99,99,114,114,129,144,144,244,244,259,259,274,274,274],"floor_reached":21,"language":"ENG","playtime":724,"items_purged":[],"score":181,"play_id":"5f27d2db-8275-491f-95a8-c4e79b29d42a","local_time":"20210124233459","daily_mods":["Chimera","Colorless Cards","Lethality"],"is_ascension_mode":false,"campfire_choices":[{"floor":7,"key":"REST"},{"floor":10,"key":"REST"},{"data":"Discovery","floor":12,"key":"SMITH"},{"floor":15,"key":"REST"}],"circlet_count":0,"master_deck":["Bash","Survivor","Zap","Eruption","theForsaken:RainingSunlight","Strike_G","Strike_B","Defend_R","Defend_G","Defend_P","theForsaken:PreciseStrike","Ghostly","chefmod:Escargot+1","Discovery+1","theForsaken:RainingSunlight+1","theForsaken:PowerUp+1","theForsaken:ScorchingSunlight+1","theForsaken:PowerUp+1","theForsaken:HealingLight","The Bomb","theForsaken:DefensiveStance","theForsaken:PowerUp+1"],"relics":["theForsaken:JudgementScales","EVO:Axolotl","theForsaken:HumbleEgg","Vajra","SacredBark","theForsaken:Kindling"],"acts_visited":["Exordium","TheCity"],"potions_floor_usage":[],"damage_taken":[{"damage":0,"enemies":"Cultist","floor":1,"turns":2},{"damage":10,"enemies":"Small Slimes","floor":5,"turns":3},{"damage":26,"enemies":"3 Sentries","floor":6,"turns":7},{"damage":5,"enemies":"conspire:RoseBush","floor":8,"turns":2},{"damage":0,"enemies":"Lots of Slimes","floor":11,"turns":1},{"damage":0,"enemies":"Large Slime","floor":13,"turns":2},{"damage":13,"enemies":"Exordium Thugs","floor":14,"turns":2},{"damage":9,"enemies":"Slime Boss","floor":16,"turns":7},{"damage":21,"enemies":"2 Thieves","floor":18,"turns":3},{"damage":46,"enemies":"conspire:FuzzyDice","floor":20,"turns":3},{"damage":3,"enemies":"Shelled Parasite and Fungi","floor":21,"turns":2}],"seed_played":"7295166269203286773","potions_obtained":[{"floor":1,"key":"blueLaboratory:BottleOfRum"},{"floor":6,"key":"blueLaboratory:TrueEctoplasm"},{"floor":8,"key":"blueLaboratory:FrostheartPotion"}],"is_trial":false,"path_per_floor":["M","?","?","?","M","E","R","M","T","R","M","R","M","M","R","B",null,"M","?","M","M"],"character_chosen":"THE_FORSAKEN","items_purchased":[],"campfire_rested":3,"item_purchase_floors":[],"current_hp_per_floor":[65,65,65,65,55,29,48,43,43,62,62,62,62,49,65,65,65,44,44,4,1,1],"gold":274,"neow_bonus":"","is_daily":true,"chose_seed":false,"campfire_upgraded":1,"win_rate":0.0,"timestamp":1611552899,"path_taken":["M","?","?","?","?","E","R","M","T","R","M","R","M","M","R","BOSS","M","?","M","M"],"items_purchased_type":[],"build_version":"2020-12-22","purchased_purges":0,"victory":false,"max_hp_per_floor":[65,65,65,65,65,65,65,65,65,65,65,65,65,65,65,65,65,65,65,65,65,65],"card_choices":[{"not_picked":["theForsaken:WordOfPower","theForsaken:NobleSacrifice"],"picked":"theForsaken:PreciseStrike","floor":1},{"not_picked":["theForsaken:CreepingInfection","Mind Blast"],"picked":"Discovery","floor":5},{"not_picked":["Finesse","theForsaken:PanicDive+1"],"picked":"theForsaken:RainingSunlight+1","floor":6},{"not_picked":["theForsaken:HorrifyingStrike+1","theForsaken:NobleSacrifice+1"],"picked":"theForsaken:PowerUp+1","floor":8},{"not_picked":["theForsaken:NobleSacrifice+1","theForsaken:ChargeAttack+1"],"picked":"theForsaken:ScorchingSunlight+1","floor":11},{"not_picked":["Purity","theForsaken:NobleSacrifice+1"],"picked":"theForsaken:PowerUp+1","floor":13},{"not_picked":["theForsaken:Tranquility","theForsaken:HorrifyingStrike+1"],"picked":"theForsaken:HealingLight","floor":14},{"not_picked":["theForsaken:Horror","theForsaken:SacrificeSoul"],"picked":"The Bomb","floor":16},{"not_picked":["theForsaken:PanicDive+1","theForsaken:ShieldBash+1"],"picked":"theForsaken:DefensiveStance","floor":18},{"not_picked":["theForsaken:CreepingInfection+1","theForsaken:BountifulSunlight"],"picked":"theForsaken:PowerUp+1","floor":20}],"player_experience":447601,"relics_obtained":[{"floor":6,"key":"theForsaken:HumbleEgg"},{"floor":9,"key":"Vajra"},{"floor":19,"key":"theForsaken:Kindling"}],"event_choices":[{"damage_healed":0,"gold_gain":0,"player_choice":"Leave","damage_taken":0,"max_hp_gain":0,"max_hp_loss":0,"event_name":"conspire:Investor","floor":2,"gold_loss":0},{"damage_healed":0,"gold_gain":0,"player_choice":"Argue","damage_taken":0,"max_hp_gain":0,"max_hp_loss":0,"event_name":"conspire:LoneGhost","floor":3,"gold_loss":0},{"damage_healed":0,"gold_gain":1,"player_choice":"4","damage_taken":0,"max_hp_gain":0,"max_hp_loss":0,"event_name":"betterStone:BetterStone","floor":4,"gold_loss":0,"cards_obtained":["chefmod:Escargot"]},{"damage_healed":0,"gold_gain":0,"player_choice":"Relic","damage_taken":0,"max_hp_gain":0,"max_hp_loss":0,"event_name":"Wheel of Change","floor":19,"gold_loss":0}],"is_beta":false,"boss_relics":[{"not_picked":["energizedSpire:RedRose","Busted Crown"],"picked":"SacredBark"}],"items_purged_floors":[],"is_endless":false,"potions_floor_spawned":[1,6,8,11,14],"killed_by":"Shelled Parasite and Fungi","ascension_level":0}}