{"host":"vfg9szunmpjwj08o","time":1611617402,"event":{"mods":["Act Like it!","BaseMod","Challenge The Spire","Colored Map","Colored Powertips","Conspire","Dark Map","Minty Spire (QoL Compilation)","Relic Stats","StSLib","Waifu the Spire"],"gold_per_floor":[109,109,34,50,50,77,77,120,120,120,155,155,202,263,263,367,367,416,416,416],"floor_reached":19,"language":"ENG","playtime":647,"items_purged":["Strike_P"],"score":343,"play_id":"3c36dfcb-342d-4fc1-b30f-ae246c14a59a","local_time":"20210126003002","is_ascension_mode":true,"campfire_choices":[{"data":"Eruption","floor":7,"key":"SMITH"},{"data":"Wish","floor":12,"key":"SMITH"},{"data":"Blasphemy","floor":15,"key":"SMITH"}],"circlet_count":0,"master_deck":["conspire:GhostlyStrike","conspire:GhostlyStrike","conspire:GhostlyStrike","conspire:GhostlyDefend","conspire:GhostlyDefend","conspire:GhostlyDefend","conspire:GhostlyDefend","Eruption+1","Vigilance","BowlingBash","Wish+1","CutThroughFate","CutThroughFate","EmptyFist","Blasphemy+1","DevaForm"],"relics":["PureWater","NeowsBlessing","Darkstone Periapt","InkBottle","conspire:Dentures","Busted Crown"],"acts_visited":["Exordium","TheCity"],"potions_floor_usage":[6,14,16,19],"damage_taken":[{"damage":0,"enemies":"Small Slimes","floor":1,"turns":1},{"damage":0,"enemies":"Cultist","floor":4,"turns":1},{"damage":0,"enemies":"3 Sentries","floor":6,"turns":2},{"damage":0,"enemies":"conspire:RoseBush","floor":8,"turns":3},{"damage":10,"enemies":"2 Fungi Beasts","floor":11,"turns":3},{"damage":5,"enemies":"Large Slime","floor":13,"turns":5},{"damage":0,"enemies":"Lagavulin","floor":14,"turns":4},{"damage":34,"enemies":"Hexaghost","floor":16,"turns":5},{"damage":19,"enemies":"conspire:FuzzyDice","floor":18,"turns":5},{"damage":100027,"enemies":"Masked Bandits","floor":19,"turns":4}],"seed_played":"2773692549026718459","potions_obtained":[{"floor":2,"key":"SteroidPotion"},{"floor":2,"key":"EssenceOfSteel"},{"floor":2,"key":"Swift Potion"},{"floor":6,"key":"Fruit Juice"},{"floor":8,"key":"SpeedPotion"},{"floor":14,"key":"PowerPotion"},{"floor":16,"key":"LiquidBronze"},{"floor":18,"key":"LiquidMemories"}],"is_trial":false,"path_per_floor":["M","?","$","M","?","E","R","M","T","?","M","R","M","E","R","B",null,"M","?"],"character_chosen":"WATCHER","items_purchased":[],"campfire_rested":0,"item_purchase_floors":[],"current_hp_per_floor":[65,65,65,65,65,70,70,70,70,70,60,60,55,55,55,21,63,44,0,0],"gold":416,"neow_bonus":"THREE_ENEMY_KILL","is_daily":false,"chose_seed":false,"campfire_upgraded":3,"win_rate":0.0,"timestamp":1611617402,"path_taken":["M","?","$","?","?","E","R","M","T","?","M","R","M","E","R","BOSS","M","?"],"items_purchased_type":[],"build_version":"2020-12-22","purchased_purges":1,"victory":false,"max_hp_per_floor":[72,72,72,72,72,77,77,77,77,77,77,77,77,77,77,77,77,77,77,77],"relic_stats":{"Darkstone Periapt":0,"Busted Crown":2,"counters":[10,32],"obtain_stats":[{"Darkstone Periapt":6,"conspire:Dentures":14,"Busted Crown":17,"NeowsBlessing":0,"PureWater":0,"InkBottle":9},{"Darkstone Periapt":3,"conspire:Dentures":7,"Busted Crown":8,"NeowsBlessing":0,"PureWater":0,"InkBottle":4},{"Darkstone Periapt":4,"conspire:Dentures":19,"Busted Crown":24,"NeowsBlessing":0,"PureWater":0,"InkBottle":7}],"InkBottle":[8]},"card_choices":[{"not_picked":["Evaluate","WindmillStrike"],"picked":"BowlingBash","floor":1},{"not_picked":["FlyingSleeves","SashWhip","ThirdEye"],"picked":"SKIP","floor":4},{"not_picked":["ConjureBlade","Consecrate"],"picked":"Wish","floor":6},{"not_picked":["ThirdEye","EmptyFist"],"picked":"CutThroughFate","floor":8},{"not_picked":["Consecrate","CrushJoints"],"picked":"CutThroughFate","floor":11},{"not_picked":["Pray","CutThroughFate"],"picked":"EmptyFist","floor":13},{"not_picked":["Crescendo","CrushJoints"],"picked":"Blasphemy","floor":14},{"not_picked":["Scrawl","Vault"],"picked":"DevaForm","floor":16},{"not_picked":["FollowUp+1"],"picked":"SKIP","floor":18}],"player_experience":1080427,"relics_obtained":[{"floor":6,"key":"Darkstone Periapt"},{"floor":9,"key":"InkBottle"},{"floor":14,"key":"conspire:Dentures"}],"event_choices":[{"damage_healed":0,"gold_gain":0,"player_choice":"Got Potions","damage_taken":0,"max_hp_gain":0,"max_hp_loss":0,"event_name":"Lab","floor":2,"gold_loss":0},{"damage_healed":0,"gold_gain":0,"player_choice":"Agree","damage_taken":0,"max_hp_gain":0,"max_hp_loss":0,"event_name":"conspire:LoneGhost","floor":5,"gold_loss":0},{"damage_healed":0,"gold_gain":0,"player_choice":"Leave","damage_taken":0,"max_hp_gain":0,"max_hp_loss":0,"event_name":"conspire:Investor","floor":10,"gold_loss":0},{"damage_healed":0,"gold_gain":0,"player_choice":"Fought Bandits","damage_taken":0,"max_hp_gain":0,"max_hp_loss":0,"event_name":"Masked Bandits","floor":19,"gold_loss":0}],"is_beta":false,"boss_relics":[{"not_picked":["Philosopher\u0027s Stone","Velvet Choker"],"picked":"Busted Crown"}],"items_purged_floors":[3],"is_endless":false,"potions_floor_spawned":[6,8,14,16,18],"killed_by":"Masked Bandits","ascension_level":8}}