{"host":"d7fiu2yjkssjxoz6","time":1611533312,"event":{"mods":["AchievementEnabler","BaseMod","Duelist Mod","Minty Spire (QoL Compilation)","StSLib"],"gold_per_floor":[143,143,143,178,224,260,32,75,75,75,75,125,148,162,162,297,297,315,315,335,352,399,458,458,458,458],"floor_reached":25,"language":"ENG","playtime":2224,"items_purged":[],"score":375,"play_id":"eccdb79c-1c4e-48fa-a9dc-178475a53549","local_time":"20210124160832","is_ascension_mode":true,"campfire_choices":[{"data":"theDuelist:Greatfly","floor":10.0,"key":"SMITH"},{"data":"theDuelist:Parasite","floor":15.0,"key":"SMITH"},{"data":"theDuelist:PoisonChain","floor":24,"key":"SMITH"}],"circlet_count":0,"master_deck":["AscendersBane","theDuelist:CastleWalls+1","theDuelist:CastleWalls+1","theDuelist:CrossSwordBeetle","theDuelist:EmpressMantis","theDuelist:InsectKnight","theDuelist:RazorLizard","theDuelist:RazorLizard","theDuelist:Sparks+1","theDuelist:PoisonOldMan","theDuelist:Gagagigo+1","theDuelist:PoisonOldMan","theDuelist:BrainCrusher+1","theDuelist:MetamorphInsectQueen","theDuelist:NeoBug","theDuelist:FluteKuriboh","theDuelist:Gagagigo+1","theDuelist:Greatfly+1","theDuelist:Parasite+1","theDuelist:BlockSpider","theDuelist:SpiderWeb","theDuelist:SkullMarkLadybug","theDuelist:BugEmergency+1","theDuelist:Parasite+1","theDuelist:PoisonChain+1","theDuelist:CocoonUltraEvolution+1","theDuelist:Inzektron"],"relics":["theDuelist:MillenniumPuzzle","theDuelist:CardPoolRelic","theDuelist:CardPoolBasicRelic","theDuelist:BoosterPackPoolRelic","theDuelist:CardPoolAddRelic","theDuelist:CardPoolMinusRelic","theDuelist:CardPoolSaveRelic","theDuelist:CardPoolOptionsRelic","theDuelist:KaibaToken","Omamori","DollysMirror","Snake Skull","theDuelist:MillenniumNecklace","Mango","Black Star","CeramicFish","Darkstone Periapt"],"acts_visited":["Exordium","TheCity"],"potions_floor_usage":[16,21,23,23,25,25,25],"damage_taken":[{"damage":0.0,"enemies":"2 Louse","floor":1.0,"turns":2.0},{"damage":5.0,"enemies":"Jaw Worm","floor":4.0,"turns":3.0},{"damage":1.0,"enemies":"Cultist","floor":5.0,"turns":3.0},{"damage":9.0,"enemies":"Lagavulin","floor":6.0,"turns":5.0},{"damage":0.0,"enemies":"Lots of Slimes","floor":8.0,"turns":1.0},{"damage":13.0,"enemies":"3 Sentries","floor":12.0,"turns":3.0},{"damage":0.0,"enemies":"3 Louse","floor":13.0,"turns":1.0},{"damage":16.0,"enemies":"Red Slaver","floor":14.0,"turns":3.0},{"damage":6,"enemies":"Hexaghost","floor":16,"turns":7},{"damage":0,"enemies":"Chosen","floor":18,"turns":4},{"damage":18,"enemies":"2 Thieves","floor":21,"turns":4},{"damage":11,"enemies":"Cultist and Chosen","floor":22,"turns":7},{"damage":24,"enemies":"theDuelist:KaibaA2","floor":23,"turns":5},{"damage":53,"enemies":"Slavers","floor":25,"turns":3}],"seed_played":"-1569763707083060990","potions_obtained":[{"floor":5.0,"key":"theDuelist:MillenniumElixir"},{"floor":6.0,"key":"Fruit Juice"},{"floor":12.0,"key":"theDuelist:DebuffArmorPotion"},{"floor":13.0,"key":"theDuelist:MudBottle"},{"floor":16,"key":"theDuelist:GiftPotion"},{"floor":21,"key":"Fruit Juice"},{"floor":22,"key":"theDuelist:CoolBottle"},{"floor":23,"key":"AttackPotion"},{"floor":23,"key":"theDuelist:LavaBottle"}],"is_trial":false,"path_per_floor":["M","?","T","M","M","E","$","M","T","R","?","E","M","M","R","B",null,"M","?","?","M","M","E","R","E"],"character_chosen":"THE_DUELIST","items_purchased":["theDuelist:FluteKuriboh","DollysMirror"],"campfire_rested":0,"item_purchase_floors":[7,7],"current_hp_per_floor":[72,72,72,67,66,62,62,62,62,62,62,63,63,47,47,41,79,79,79,79,66,55,45,45,0,0],"gold":458,"neow_bonus":"TRANSFORM_TWO_CARDS","is_daily":false,"chose_seed":false,"campfire_upgraded":3,"win_rate":0.0,"timestamp":1611533312,"path_taken":["M","?","?","?","M","E","?","M","T","R","?","E","M","M","R","BOSS","M","?","?","?","M","E","R","E"],"items_purchased_type":["Card","Relic"],"build_version":"2020-12-22","purchased_purges":0,"victory":false,"max_hp_per_floor":[72,72,72,72,72,77,77,77,77,77,77,91,91,91,91,91,91,91,91,91,96,96,96,96,96,96],"card_choices":[{"not_picked":["theDuelist:FuryFire","theDuelist:LightningVortex","theDuelist:ReptiliannePoison","theDuelist:BugMatrix"],"picked":"theDuelist:PoisonOldMan","floor":1.0},{"not_picked":["theDuelist:LinkSpider+1","theDuelist:DrillBug+1"],"picked":"theDuelist:BrainCrusher+1","floor":4.0},{"not_picked":["theDuelist:SpiderEgg","theDuelist:PoisonFangs","theDuelist:PoisonChain","theDuelist:GigaCricket"],"picked":"theDuelist:MetamorphInsectQueen","floor":5.0},{"not_picked":["theDuelist:TornadoDragon","theDuelist:InsectKnight","theDuelist:FirestormProminence","theDuelist:PoisonMummy"],"picked":"theDuelist:NeoBug","floor":6.0},{"not_picked":["theDuelist:Zektahawk","theDuelist:Taotie","theDuelist:PoisonousMayakashi","theDuelist:DestructionCyclone"],"picked":"theDuelist:Greatfly","floor":8.0},{"not_picked":["theDuelist:Forest","theDuelist:CorrosiveScales","theDuelist:Anteater"],"picked":"theDuelist:Parasite","floor":12.0},{"not_picked":["theDuelist:DragonDowser","theDuelist:KarakuriSpider","theDuelist:FirestormProminence","theDuelist:BugMatrix"],"picked":"theDuelist:BlockSpider","floor":13.0},{"not_picked":["theDuelist:CrossSwordBeetle","theDuelist:Lightserpent","theDuelist:ZefraMetaltron","theDuelist:ManEaterBug"],"picked":"theDuelist:SpiderWeb","floor":14.0},{"not_picked":["theDuelist:DestructionCyclone","theDuelist:GigaCricket","theDuelist:Taotie","theDuelist:Zektarrow"],"picked":"theDuelist:SkullMarkLadybug","floor":16},{"not_picked":["theDuelist:CorrosiveScales","theDuelist:Cloning","theDuelist:ImperialOrder","theDuelist:PowerWall"],"picked":"theDuelist:BugEmergency+1","floor":18},{"not_picked":["theDuelist:LinkSpider","theDuelist:Taotie","theDuelist:WallThorns","theDuelist:Zektahawk"],"picked":"theDuelist:PoisonChain","floor":21},{"not_picked":["theDuelist:Taotie","theDuelist:InsectPrincess","theDuelist:CocoonEvolution","theDuelist:DestructionCyclone"],"picked":"theDuelist:CocoonUltraEvolution+1","floor":22},{"not_picked":["theDuelist:EmpressMantis","theDuelist:PoisonMummy","theDuelist:Grasschopper","theDuelist:CorrosiveScales+1"],"picked":"theDuelist:Inzektron","floor":23}],"player_experience":274161,"relics_obtained":[{"floor":3.0,"key":"theDuelist:KaibaToken"},{"floor":6.0,"key":"Omamori"},{"floor":9.0,"key":"Snake Skull"},{"floor":12.0,"key":"Mango"},{"floor":23,"key":"CeramicFish"},{"floor":23,"key":"Darkstone Periapt"}],"event_choices":[{"damage_healed":0.0,"max_hp_gain":0.0,"max_hp_loss":0.0,"gold_gain":0.0,"event_name":"Living Wall","player_choice":"Grow","floor":2.0,"gold_loss":0.0,"damage_taken":0.0,"cards_upgraded":["theDuelist:Gagagigo"]},{"damage_healed":0.0,"max_hp_gain":0.0,"max_hp_loss":0.0,"gold_gain":0.0,"event_name":"Millennium Items","player_choice":"Took item - Received: Millennium Necklace","duelist":true,"floor":11.0,"gold_loss":0.0,"damage_taken":0.0},{"damage_healed":0,"gold_gain":0,"player_choice":"Simplicity","damage_taken":0,"max_hp_gain":0,"max_hp_loss":0,"event_name":"Back to Basics","floor":19,"gold_loss":0,"cards_upgraded":["theDuelist:CastleWalls","theDuelist:CastleWalls","theDuelist:Sparks"]},{"damage_healed":0,"gold_gain":0,"player_choice":"Copied","damage_taken":0,"max_hp_gain":0,"max_hp_loss":0,"event_name":"Duplicator","floor":20,"gold_loss":0,"cards_obtained":["theDuelist:Parasite"]}],"is_beta":false,"boss_relics":[{"not_picked":["Philosopher\u0027s Stone","theDuelist:ElectricKey"],"picked":"Black Star"}],"items_purged_floors":[],"is_endless":false,"potions_floor_spawned":[5,6,13,18,22,23],"killed_by":"Slavers","ascension_level":10}}