{"host":"8is2j71l4wmybkoi","time":1611569062,"event":{"mods":["AchievementEnabler","BaseMod","Colored Map","Minty Spire (QoL Compilation)","Rare Cards Sparkle","StSLib","SuperFastMode"],"gold_per_floor":[168,168,185,200,219,219,253,253,253,271,271,282,317,331,331,408,408,427,145,162,174,174,174,205,217,229,241,282,344,376,399,411,497,509,534,561,573,60,85,115,115,115,115,115,115,9,36,53,53,53],"floor_reached":51,"language":"KOR","playtime":1933,"items_purged":["Strike_B","Zap"],"score":1426,"play_id":"86f108f1-75b6-4a2c-bdc5-6b70bbec31ee","local_time":"20210125190422","is_ascension_mode":true,"campfire_choices":[{"data":"Defragment","floor":6.0,"key":"SMITH"},{"floor":11.0,"key":"REST"},{"data":"Defragment","floor":15.0,"key":"SMITH"},{"data":"Aggregate","floor":23.0,"key":"SMITH"},{"floor":27.0,"key":"REST"},{"data":"Turbo","floor":32.0,"key":"SMITH"},{"data":"Buffer","floor":42,"key":"SMITH"},{"floor":45,"key":"REST"},{"floor":49,"key":"REST"}],"circlet_count":0,"master_deck":["AscendersBane","Defend_B","Defend_B+1","Defend_B","Defend_B","Dualcast","Defragment+1","Genetic Algorithm","Machine Learning","BootSequence","Coolheaded","Storm","Electrodynamics","Turbo+1","Defragment+1","Glacier","Cold Snap","Rainbow","Self Repair","Aggregate+1","Loop","Compile Driver","Echo Form","Conserve Battery","Capacitor","Buffer+1","Hello World+1","Hello World+1","Reboot+1","Consume+1","Go for the Eyes+1","Thinking Ahead"],"relics":["Tiny House","Sundial","TungstenRod","Mango","PreservedInsect","Inserter","Happy Flower","MawBank","Kunai","Potion Belt","Astrolabe","Gambling Chip","Torii","Anchor","Ginger","Nunchaku"],"acts_visited":["Exordium","TheCity","TheBeyond"],"potions_floor_usage":[47,50,50],"damage_taken":[{"damage":8.0,"enemies":"Small Slimes","floor":1.0,"turns":4.0},{"damage":3.0,"enemies":"Cultist","floor":3.0,"turns":4.0},{"damage":2.0,"enemies":"2 Louse","floor":4.0,"turns":3.0},{"damage":5.0,"enemies":"Large Slime","floor":5.0,"turns":7.0},{"damage":20.0,"enemies":"3 Sentries","floor":7.0,"turns":4.0},{"damage":9.0,"enemies":"Looter","floor":10.0,"turns":4.0},{"damage":0.0,"enemies":"2 Fungi Beasts","floor":12.0,"turns":2.0},{"damage":15.0,"enemies":"Gremlin Nob","floor":13.0,"turns":3.0},{"damage":4.0,"enemies":"3 Louse","floor":14.0,"turns":2.0},{"damage":11.0,"enemies":"The Guardian","floor":16.0,"turns":12.0},{"damage":0.0,"enemies":"Spheric Guardian","floor":18.0,"turns":8.0},{"damage":0.0,"enemies":"Chosen","floor":20.0,"turns":5.0},{"damage":0.0,"enemies":"Snecko","floor":21.0,"turns":5.0},{"damage":52.0,"enemies":"Gremlin Leader","floor":24.0,"turns":4.0},{"damage":7.0,"enemies":"Book of Stabbing","floor":28.0,"turns":6.0},{"damage":10.0,"enemies":"Snake Plant","floor":30.0,"turns":5.0},{"damage":28.0,"enemies":"Sentry and Sphere","floor":31.0,"turns":5.0},{"damage":12.0,"enemies":"Collector","floor":33.0,"turns":8.0},{"damage":40.0,"enemies":"3 Darklings","floor":35.0,"turns":5.0},{"damage":0.0,"enemies":"3 Shapes","floor":36.0,"turns":6.0},{"damage":0,"enemies":"Mind Bloom Boss Battle","floor":39,"turns":6},{"damage":0,"enemies":"Giant Head","floor":40,"turns":8},{"damage":68,"enemies":"Reptomancer","floor":47,"turns":6},{"damage":16,"enemies":"3 Darklings","floor":48,"turns":4},{"damage":35,"enemies":"Donu and Deca","floor":50,"turns":7}],"seed_played":"3475214657470429431","potions_obtained":[{"floor":0.0,"key":"CultistPotion"},{"floor":1.0,"key":"EssenceOfSteel"},{"floor":5.0,"key":"SneckoOil"},{"floor":10.0,"key":"AttackPotion"},{"floor":13.0,"key":"Dexterity Potion"},{"floor":18.0,"key":"Ancient Potion"},{"floor":24.0,"key":"Weak Potion"},{"floor":30.0,"key":"Weak Potion"},{"floor":31.0,"key":"LiquidBronze"},{"floor":36.0,"key":"FairyPotion"},{"floor":47,"key":"SteroidPotion"},{"floor":48,"key":"PotionOfCapacity"}],"is_trial":false,"path_per_floor":["M","?","M","M","M","R","E","?","T","M","R","M","E","M","R","B",null,"M","$","M","M","?","R","E","$","T","R","E","?","M","M","R","B",null,"M","M","?","$","?","E","?","R","T","?","R","$","E","M","R","B",null],"character_chosen":"DEFECT","items_purchased":["Aggregate","Happy Flower","Gambling Chip","BlessingOfTheForge","PowerPotion","FairyPotion"],"campfire_rested":4,"item_purchase_floors":[19,19,38,38,38,46],"current_hp_per_floor":[61,61,58,56,51,51,31,5,19,10,37,37,22,18,18,7,69,69,69,76,83,83,83,38,38,38,65,65,65,62,41,41,36,77,44,51,51,51,58,65,65,65,65,65,90,90,36,20,47,12],"gold":53,"neow_bonus":"BOSS_RELIC","is_daily":false,"chose_seed":false,"campfire_upgraded":5,"win_rate":0.0,"timestamp":1611569062,"path_taken":["M","?","M","?","M","R","E","?","T","M","R","M","E","M","R","BOSS","M","$","M","M","?","R","E","$","T","R","E","?","M","M","R","BOSS","M","M","?","$","?","E","?","R","T","?","R","$","E","?","R","BOSS"],"items_purchased_type":["Card","Relic","Relic","Potion","Potion","Potion"],"build_version":"2020-12-22","purchased_purges":2,"victory":true,"max_hp_per_floor":[76,76,76,76,76,76,76,76,90,90,90,90,90,90,90,90,90,90,90,90,90,90,90,90,90,90,90,90,90,90,90,90,90,90,90,90,90,90,90,90,90,90,90,90,90,90,90,90,90,90],"card_choices":[{"not_picked":["Lockon","Leap"],"picked":"Defragment","floor":0.0},{"not_picked":["Redo","Conserve Battery"],"picked":"Genetic Algorithm","floor":1.0},{"not_picked":["Redo","Leap"],"picked":"Coolheaded","floor":3.0},{"not_picked":["Coolheaded","Cold Snap"],"picked":"Storm","floor":4.0},{"not_picked":["BootSequence","Hologram"],"picked":"Electrodynamics","floor":5.0},{"not_picked":["Coolheaded","Gash"],"picked":"Turbo","floor":7.0},{"not_picked":["Beam Cell","Reprogram"],"picked":"Defragment","floor":10.0},{"not_picked":["Compile Driver","Defragment","Ball Lightning"],"picked":"SKIP","floor":12.0},{"not_picked":["Chaos","Melter"],"picked":"Glacier","floor":13.0},{"not_picked":["Stack","BootSequence"],"picked":"Cold Snap","floor":14.0},{"not_picked":["Fission","Machine Learning"],"picked":"Rainbow","floor":16.0},{"not_picked":["Storm","Conserve Battery"],"picked":"Self Repair","floor":18.0},{"not_picked":["Barrage","Consume"],"picked":"Loop","floor":20.0},{"not_picked":["Stack","Turbo+1"],"picked":"Compile Driver","floor":21.0},{"not_picked":["Sweeping Beam","Hologram"],"picked":"Conserve Battery","floor":24.0},{"not_picked":["Ball Lightning","Biased Cognition"],"picked":"Capacitor","floor":28.0},{"not_picked":["Doom and Gloom","Streamline","Cold Snap"],"picked":"SKIP","floor":30.0},{"not_picked":["Static Discharge","Melter","Stack"],"picked":"SKIP","floor":31.0},{"not_picked":["Echo Form","Core Surge"],"picked":"Buffer","floor":33.0},{"not_picked":["Rebound","Redo"],"picked":"Consume+1","floor":35.0},{"not_picked":["Hologram","Steam Power","Consume"],"picked":"SKIP","floor":36.0},{"not_picked":["Stack","Rebound"],"picked":"Go for the Eyes+1","floor":39},{"not_picked":["Ball Lightning+1","Barrage","Aggregate"],"picked":"SKIP","floor":40},{"not_picked":["HandOfGreed","Mind Blast"],"picked":"Thinking Ahead","floor":41},{"not_picked":["Tempest","Cold Snap+1","Streamline"],"picked":"SKIP","floor":47},{"not_picked":["Beam Cell+1","Barrage","Streamline"],"picked":"SKIP","floor":48}],"player_experience":785069,"relics_obtained":[{"floor":7.0,"key":"Sundial"},{"floor":9.0,"key":"Mango"},{"floor":13.0,"key":"PreservedInsect"},{"floor":24.0,"key":"MawBank"},{"floor":26.0,"key":"Kunai"},{"floor":28.0,"key":"Potion Belt"},{"floor":39,"key":"Torii"},{"floor":40,"key":"Anchor"},{"floor":43,"key":"Ginger"},{"floor":47,"key":"Nunchaku"}],"event_choices":[{"damage_healed":0.0,"max_hp_gain":0.0,"max_hp_loss":0.0,"gold_gain":0.0,"event_name":"Match and Keep!","player_choice":"3 cards matched","floor":2.0,"gold_loss":0.0,"damage_taken":0.0,"cards_obtained":["Sweeping Beam","Machine Learning","BootSequence"]},{"damage_healed":0.0,"max_hp_gain":0.0,"max_hp_loss":0.0,"gold_gain":0.0,"event_name":"Scrap Ooze","player_choice":"Success","floor":8.0,"gold_loss":0.0,"damage_taken":26.0,"relics_obtained":["TungstenRod"]},{"damage_healed":0.0,"max_hp_gain":0.0,"max_hp_loss":0.0,"gold_gain":0.0,"event_name":"The Library","player_choice":"Read","floor":22.0,"gold_loss":0.0,"damage_taken":0.0,"cards_obtained":["Echo Form"]},{"damage_healed":0.0,"max_hp_gain":0.0,"max_hp_loss":0.0,"gold_gain":50.0,"event_name":"Nest","player_choice":"Stole From Cult","floor":29.0,"gold_loss":0.0,"damage_taken":0.0},{"damage_healed":0.0,"max_hp_gain":0.0,"max_hp_loss":0.0,"gold_gain":0.0,"event_name":"Mysterious Sphere","player_choice":"Ignored","floor":37.0,"gold_loss":0.0,"damage_taken":0.0},{"damage_healed":0,"gold_gain":0,"player_choice":"Fight","damage_taken":0,"max_hp_gain":0,"max_hp_loss":0,"event_name":"MindBloom","floor":39,"gold_loss":0},{"damage_healed":0,"gold_gain":0,"player_choice":"Memory 1","damage_taken":0,"max_hp_gain":0,"max_hp_loss":0,"event_name":"SensoryStone","floor":41,"gold_loss":0},{"cards_removed":["Sweeping Beam"],"damage_healed":0,"gold_gain":0,"player_choice":"Removed Attack","damage_taken":0,"max_hp_gain":0,"max_hp_loss":0,"event_name":"Falling","floor":44,"gold_loss":0}],"is_beta":false,"boss_relics":[{"not_picked":["Velvet Choker","Cursed Key"],"picked":"Inserter"},{"not_picked":["Runic Dome","Snecko Eye"],"picked":"Astrolabe"}],"items_purged_floors":[19,38],"is_endless":false,"potions_floor_spawned":[1,5,10,13,18,24,30,31,36,47,48],"ascension_level":17}}