{"host":"0p0n41frih4f9rxw","time":1611559415,"event":{"mods":["Act Like it!","BaseMod","Downfall","Minty Spire (QoL Compilation)","Replay The Spire","StSLib","The Servant 0.9.4"],"gold_per_floor":[18,18,18,18,38,38,54,54,54,54,54,54],"floor_reached":11,"language":"ENG","playtime":453,"items_purged":[],"score":61,"play_id":"dc730754-705f-4cf3-b6a9-86d5717d22ce","local_time":"20210125072335","is_ascension_mode":false,"campfire_choices":[{"floor":6,"key":"RECALL"},{"data":"Rewind","floor":8,"key":"SMITH"},{"data":"KidneyShot","floor":10,"key":"SMITH"}],"circlet_count":0,"master_deck":["Strike_S","Strike_S","Strike_S","Strike_S","Defend_S","Defend_S","Defend_S","KidneyShot+1","Exchange","Rewind+1","Foresight"],"relics":["Uniform","Replay:PocketPolymizer","FaceOfCleric"],"acts_visited":["Exordium"],"potions_floor_usage":[],"damage_taken":[{"damage":13,"enemies":"Jaw Worm","floor":1,"turns":4},{"damage":1,"enemies":"Cultist","floor":5,"turns":4},{"damage":0,"enemies":"2 Louse","floor":7,"turns":3},{"damage":56,"enemies":"3 Sentries","floor":11,"turns":8}],"seed_played":"-4065158897144433304","potions_obtained":[],"is_trial":false,"path_per_floor":["M","$","?","?","M","R","M","R","T","R","E"],"character_chosen":"THE_SERVANT","items_purchased":[],"campfire_rested":0,"item_purchase_floors":[],"current_hp_per_floor":[52,52,52,52,52,52,53,53,53,53,0,0],"gold":54,"neow_bonus":"ONE_RARE_RELIC","is_daily":false,"chose_seed":false,"campfire_upgraded":2,"win_rate":0.0,"timestamp":1611559415,"path_taken":["M","$","?","?","M","R","M","R","T","R","E"],"items_purchased_type":[],"build_version":"2020-12-22","purchased_purges":0,"victory":false,"max_hp_per_floor":[65,65,65,65,66,66,67,67,67,67,67,67],"card_choices":[{"not_picked":["BottledTime","Potential","Spin"],"picked":"SKIP","floor":1},{"not_picked":["Alleviate","Unruled","Gouge"],"picked":"SKIP","floor":5},{"not_picked":["DoubleEdge","Replace"],"picked":"Comet","floor":7}],"player_experience":124038,"relics_obtained":[],"event_choices":[{"damage_healed":0,"gold_gain":0,"player_choice":"Ignored","damage_taken":0,"max_hp_gain":0,"max_hp_loss":0,"event_name":"Golden Wing","floor":3,"gold_loss":0},{"damage_healed":0,"gold_gain":0,"player_choice":"Trade","damage_taken":0,"relics_obtained":["FaceOfCleric"],"max_hp_gain":0,"max_hp_loss":0,"event_name":"FaceTrader","floor":4,"gold_loss":0}],"is_beta":false,"boss_relics":[],"items_purged_floors":[],"is_endless":false,"potions_floor_spawned":[],"killed_by":"3 Sentries","ascension_level":0}}