{"host":"yqa5il53nhlo2jdd","time":1611571252,"event":{"mods":["AchievementEnabler","Arknights The Spire","BaseMod","BetterRewards","Minty Spire (QoL Compilation)","StSLib","[IsaacMod]ÒÔÈö¼âËþ"],"gold_per_floor":[109,120,120,120,120,120,149,159,159,159,234,234,109,109,109,237,237,252,252,265,290,306,350,200,233,233,233,246,246,246,71,71,191,191,212,212,227,560,303,303,320,337,337,337,337,337,72,107,107,107,107,360,282,311,381],"floor_reached":56,"language":"ZHS","playtime":2205,"items_purged":["ats:Strike V","ats:Strike G","ats:Defend","ats:Defend","ats:Armor Crushing Shot","ats:Defend+1","ats:Strike C+1"],"score":2565,"play_id":"1a2ef1e7-3704-4600-9072-d488184137fa","local_time":"20210125184052","is_ascension_mode":true,"campfire_choices":[{"data":"ats:Guardian Obelisk","floor":6.0,"key":"SMITH"},{"data":"ats:Emotion Absorption","floor":12.0,"key":"SMITH"},{"data":"ats:Burning Ground","floor":15.0,"key":"SMITH"},{"data":"ats:Very Hot Blade","floor":30.0,"key":"SMITH"},{"floor":32.0,"key":"RECALL"},{"floor":40.0,"key":"REST"},{"data":"ats:Strike C","floor":46.0,"key":"SMITH"},{"floor":49,"key":"REST"},{"floor":52,"key":"REST"}],"circlet_count":0,"master_deck":["AscendersBane","ats:Emotion Absorption+1","ats:Guardian Obelisk+1","ats:Mental Burst+1","ats:Burning Ground+1","ats:Very Hot Blade+1","ats:Soul Absorption+1"],"relics":["ats:Sanity Plus","HushsDoor","YumHeart","ats:Arts","Bag of Preparation","ats:Originium","Darkstone Periapt","BookofShadows","Empty Cage","Ancient Tea Set","Tiny Chest","TheBean","BloodDonationMachine","BelialBook","Membership Card","Pen Nib","Bottled Flame","Lee\u0027s Waffle","Regal Pillow","ats:Bonebreaker","SteamSale","Vajra","SalivaCoin","InkBottle"],"acts_visited":["Exordium","TheCity","TheBeyond","TheEnding"],"potions_floor_usage":[55,55],"damage_taken":[{"damage":0.0,"enemies":"Cultist","floor":1.0,"turns":2.0},{"damage":9.0,"enemies":"Jaw Worm","floor":2.0,"turns":3.0},{"damage":11.0,"enemies":"3 Sentries","floor":7.0,"turns":5.0},{"damage":0.0,"enemies":"2 Louse","floor":8.0,"turns":2.0},{"damage":6.0,"enemies":"Hexaghost","floor":16.0,"turns":5.0},{"damage":0.0,"enemies":"3 Byrds","floor":18.0,"turns":2.0},{"damage":7.0,"enemies":"2 Thieves","floor":20.0,"turns":2.0},{"damage":6.0,"enemies":"Snake Plant","floor":22.0,"turns":2.0},{"damage":0.0,"enemies":"Slavers","floor":23.0,"turns":2.0},{"damage":0.0,"enemies":"Gremlin Leader","floor":25.0,"turns":4.0},{"damage":2.0,"enemies":"Centurion and Healer","floor":28.0,"turns":2.0},{"damage":0.0,"enemies":"Collector","floor":33.0,"turns":3.0},{"damage":4.0,"enemies":"3 Shapes","floor":35.0,"turns":2.0},{"damage":0.0,"enemies":"Orb Walker","floor":37.0,"turns":2.0},{"damage":0.0,"enemies":"Maw","floor":41.0,"turns":3.0},{"damage":0.0,"enemies":"3 Darklings","floor":42.0,"turns":2.0},{"damage":0,"enemies":"Giant Head","floor":48,"turns":4},{"damage":0,"enemies":"Donu and Deca","floor":50,"turns":5},{"damage":0,"enemies":"Shield and Spear","floor":54,"turns":3},{"damage":10,"enemies":"The Heart","floor":55,"turns":6}],"seed_played":"-1772113863196347202","potions_obtained":[{"floor":2.0,"key":"GamblersBrew"},{"floor":7.0,"key":"Strength Potion"},{"floor":22.0,"key":"PowerPotion"},{"floor":23.0,"key":"AttackPotion"},{"floor":33.0,"key":"SteroidPotion"}],"is_trial":false,"path_per_floor":["M","M","?","$","?","R","E","M","T","?","?","R","$","?","R","B",null,"M","?","M","T","M","E","$","E","T","?","M","?","R","$","R","B",null,"M","T","M","?","$","R","M","M","T","?","T","R","$","E","R","B",null,"R","$","E","B",null],"character_chosen":"DOCTOR_CLASS","items_purchased":["ats:Guardian Obelisk","ats:Arts","ats:Mental Burst","ats:Burning Ground","ats:Very Hot Blade","BelialBook","Membership Card","Lee\u0027s Waffle","Regal Pillow","SteamSale","Vajra","SalivaCoin","Strength Potion"],"campfire_rested":3,"item_purchase_floors":[0,0,0,0,0,34,39,47,47,53,53,53,53],"current_hp_per_floor":[65,56,41,41,41,66,55,55,55,55,55,55,55,55,55,49,63,63,63,56,56,50,50,50,50,50,50,48,67,67,67,67,67,57,53,53,53,53,53,57,57,57,57,57,57,57,64,64,64,64,64,64,64,64,54],"gold":381,"neow_bonus":"","is_daily":false,"chose_seed":false,"campfire_upgraded":5,"win_rate":0.0,"timestamp":1611571252,"path_taken":["M","?","?","$","?","R","E","?","T","?","?","R","$","?","R","BOSS","M","?","M","?","M","E","?","E","T","?","M","?","R","$","R","BOSS","M","?","M","?","$","R","M","?","T","?","?","R","$","E","R","BOSS","R","$","E","BOSS"],"items_purchased_type":["Card","Relic","Card","Card","Card","Relic","Relic","Relic","Relic","Relic","Relic","Relic","Potion"],"build_version":"2020-12-22","purchased_purges":7,"victory":true,"max_hp_per_floor":[72,72,72,72,72,72,72,72,72,67,67,67,67,67,67,67,67,67,67,67,67,67,67,67,67,67,67,67,67,67,67,67,67,57,57,57,57,57,57,57,57,57,57,57,57,57,64,64,64,64,64,64,64,64,64],"card_choices":[{"not_picked":["ats:Hammer On","Bomb","ats:Revitalization"],"picked":"SKIP","floor":1.0},{"not_picked":["ats:Chain Hook","ats:Absolute Focus"],"picked":"ats:Soul Absorption","floor":2.0},{"not_picked":["ats:Revitalization","ats:Powerful Strike","ats:Blood Oath"],"picked":"SKIP","floor":7.0},{"not_picked":["ats:Cat Scratch","ats:Volcano","ats:Apocalypse"],"picked":"SKIP","floor":8.0},{"not_picked":["ats:Closed Bolt Burst Fire","ats:Shell Defense","ats:Shadow Raid"],"picked":"SKIP","floor":18.0},{"not_picked":["ats:Apocalypse","ats:LN2 Cannon","ats:Magnetic Hammer"],"picked":"SKIP","floor":20.0},{"not_picked":["ats:Assault Order","ats:Revitalization","ats:Blood Oath"],"picked":"SKIP","floor":22.0},{"not_picked":["ats:Overload+1","ats:Ignite","ats:True Silver Slash"],"picked":"SKIP","floor":23.0},{"not_picked":["ats:Blood Oath","ats:Red Shift+1","ats:Charging Defense"],"picked":"SKIP","floor":25.0},{"not_picked":["ats:Serious Mode","ats:Very Hot Blade","ats:Demon Strength"],"picked":"SKIP","floor":28.0},{"not_picked":["ats:Serious Mode","ats:Very Hot Blade","ats:Demon Strength"],"picked":"SKIP","floor":28.0},{"not_picked":["ats:Apocalypse","ats:Composite Medical Shells+1","ats:Chain Hook+1"],"picked":"SKIP","floor":35.0},{"not_picked":["ats:Ignite","ats:Automatic Cover","ats:Consecutive Shot Auto"],"picked":"SKIP","floor":37.0},{"not_picked":["ats:Curse Doll+1","ats:Revitalization","ats:Consecutive Shot Auto"],"picked":"SKIP","floor":41.0},{"not_picked":["ats:Apocalypse+1","ats:Wolf Pack","ats:Shell Defense+1"],"picked":"SKIP","floor":42.0},{"not_picked":["ats:Soul Absorption","ats:Consecutive Shot Auto+1","ats:Guardian Obelisk+1"],"picked":"SKIP","floor":48},{"not_picked":["ats:Explosion Area Strengthen+1","ats:Hammer On+1","ats:Mental Burst+1"],"picked":"SKIP","floor":54}],"player_experience":696314,"relics_obtained":[{"floor":7.0,"key":"ats:Originium"},{"floor":7.0,"key":"Darkstone Periapt"},{"floor":9.0,"key":"BookofShadows"},{"floor":21.0,"key":"Ancient Tea Set"},{"floor":23.0,"key":"ats:Originium"},{"floor":23.0,"key":"Tiny Chest"},{"floor":25.0,"key":"ats:Originium"},{"floor":25.0,"key":"TheBean"},{"floor":26.0,"key":"BloodDonationMachine"},{"floor":43.0,"key":"Pen Nib"},{"floor":45.0,"key":"Bottled Flame"},{"floor":48,"key":"ats:Originium"},{"floor":48,"key":"ats:Bonebreaker"},{"floor":54,"key":"ats:Originium"},{"floor":54,"key":"InkBottle"}],"event_choices":[{"damage_healed":0.0,"max_hp_gain":0.0,"max_hp_loss":0.0,"gold_gain":0.0,"event_name":"Accursed Blacksmith","player_choice":"Forge","floor":5.0,"gold_loss":0.0,"damage_taken":0.0,"cards_upgraded":["ats:Soul Absorption"]},{"damage_healed":0.0,"max_hp_gain":0.0,"max_hp_loss":5.0,"gold_gain":0.0,"event_name":"Golden Idol","player_choice":"Lose Max HP","floor":10.0,"gold_loss":0.0,"damage_taken":0.0,"relics_obtained":["Golden Idol"]},{"damage_healed":0.0,"max_hp_gain":0.0,"max_hp_loss":0.0,"gold_gain":75.0,"event_name":"World of Goop","player_choice":"Gather Gold","floor":11.0,"gold_loss":0.0,"damage_taken":11.0},{"damage_healed":0.0,"max_hp_gain":0.0,"max_hp_loss":0.0,"gold_gain":0.0,"event_name":"Shining Light","player_choice":"Entered Light","floor":14.0,"gold_loss":0.0,"damage_taken":13.0,"cards_upgraded":["ats:Mental Burst","ats:Defend"]},{"damage_healed":0.0,"max_hp_gain":0.0,"max_hp_loss":0.0,"gold_gain":0.0,"event_name":"Ghosts","player_choice":"Ignored","floor":19.0,"gold_loss":0.0,"damage_taken":0.0},{"damage_healed":22.0,"max_hp_gain":0.0,"max_hp_loss":0.0,"gold_gain":0.0,"event_name":"The Library","player_choice":"Heal","floor":29.0,"gold_loss":0.0,"damage_taken":0.0},{"damage_healed":0.0,"max_hp_gain":0.0,"max_hp_loss":0.0,"gold_gain":333.0,"event_name":"The Moai Head","player_choice":"Gave Idol","floor":38.0,"relics_lost":["Golden Idol"],"gold_loss":0.0,"damage_taken":0.0},{"damage_healed":0.0,"max_hp_gain":0.0,"max_hp_loss":0.0,"gold_gain":0.0,"event_name":"Mysterious Sphere","player_choice":"Ignored","floor":44.0,"gold_loss":0.0,"damage_taken":0.0}],"is_beta":false,"boss_relics":[{"not_picked":["Coffee Dripper","Runic Dome"],"picked":"Empty Cage"},{"not_picked":[]},{"not_picked":["Astrolabe","Velvet Choker"],"picked":"ats:Sanity Plus"},{"not_picked":[]}],"items_purged_floors":[0,0,13,24,31,39,47],"is_endless":false,"potions_floor_spawned":[2,7,22,23,25,33,42],"ascension_level":11}}