{"host":"srk2drlvga69hbot","time":1611553270,"event":{"mods":["BaseMod","Bestiary","Block Reminder","Colored Map","Colored Powertips","Dark Map","DeckTracker","Highlight Path","Minty Spire (QoL Compilation)","Quick Restart","Rare Cards Sparkle","Relic Stats","SuperFastMode","Unceasing Turn Reminder"],"gold_per_floor":[414,414,339,350,364,364,66,85,85,85,85,105,122,139,139,139,139],"floor_reached":16,"language":"ZHS","playtime":728,"items_purged":["Strike_G"],"score":132,"play_id":"0e4937f2-4b87-4013-97c9-ce5f7c6de2b7","local_time":"20210125134110","is_ascension_mode":true,"campfire_choices":[{"floor":6.0,"key":"REST"},{"floor":10.0,"key":"REST"},{"floor":15.0,"key":"REST"}],"circlet_count":0,"master_deck":["Strike_G+1","Strike_G+1","Strike_G","Strike_G","Defend_G","Defend_G","Defend_G","Defend_G","Defend_G","Survivor","Neutralize","Reflex","Expertise","Envenom","Decay","Backflip","Terror","A Thousand Cuts"],"relics":["Ring of the Snake","Old Coin","Mummified Hand","Sling","Whetstone"],"acts_visited":["Exordium"],"potions_floor_usage":[16],"damage_taken":[{"damage":0.0,"enemies":"2 Louse","floor":1.0,"turns":3.0},{"damage":9.0,"enemies":"Jaw Worm","floor":4.0,"turns":4.0},{"damage":5.0,"enemies":"Cultist","floor":5.0,"turns":5.0},{"damage":17.0,"enemies":"3 Louse","floor":8.0,"turns":6.0},{"damage":6.0,"enemies":"Blue Slaver","floor":12.0,"turns":4.0},{"damage":21.0,"enemies":"Large Slime","floor":13.0,"turns":9.0},{"damage":4.0,"enemies":"2 Fungi Beasts","floor":14.0,"turns":4.0},{"damage":20,"enemies":"Slime Boss","floor":16,"turns":6}],"seed_played":"2348291273312924671","potions_obtained":[{"floor":5.0,"key":"Swift Potion"},{"floor":8.0,"key":"LiquidBronze"},{"floor":12.0,"key":"LiquidBronze"},{"floor":14.0,"key":"CultistPotion"}],"is_trial":false,"path_per_floor":["M","?","$","M","M","R","$","M","T","R","?","M","M","M","R","B"],"character_chosen":"THE_SILENT","items_purchased":["Sling","Envenom"],"campfire_rested":3,"item_purchase_floors":[7,7],"current_hp_per_floor":[45,27,27,18,13,34,34,17,17,38,38,32,11,7,28,8,8],"gold":139,"neow_bonus":"ONE_RARE_RELIC","is_daily":false,"chose_seed":false,"campfire_upgraded":0,"win_rate":0.0,"timestamp":1611553270,"path_taken":["M","?","$","M","M","R","$","M","T","R","?","M","?","M","R","BOSS"],"items_purchased_type":["Relic","Card"],"build_version":"2020-12-22","purchased_purges":1,"victory":false,"max_hp_per_floor":[70,70,70,70,70,70,70,70,70,70,70,70,70,70,70,70,70],"relic_stats":{"counters":[8,41],"Mummified Hand":[7],"Whetstone":["Strike_G","Strike_G"],"obtain_stats":[{"Mummified Hand":2,"Whetstone":9,"Sling":7,"Ring of the Snake":0,"Old Coin":0},{"Mummified Hand":1,"Whetstone":4,"Sling":3,"Ring of the Snake":0,"Old Coin":0},{"Mummified Hand":3,"Whetstone":18,"Sling":12,"Ring of the Snake":0,"Old Coin":0}],"Ring of the Snake":[16]},"card_choices":[{"not_picked":["Bane","Cloak And Dagger"],"picked":"Reflex","floor":1.0},{"not_picked":["Flying Knee","Catalyst"],"picked":"Expertise","floor":4.0},{"not_picked":["Endless Agony","Finisher","Cloak And Dagger"],"picked":"SKIP","floor":5.0},{"not_picked":["Expertise","Leg Sweep","Slice"],"picked":"SKIP","floor":8.0},{"not_picked":["Slice","Noxious Fumes"],"picked":"Backflip","floor":12.0},{"not_picked":["Eviscerate","PiercingWail"],"picked":"Terror","floor":13.0},{"not_picked":["Choke","Riddle With Holes"],"picked":"A Thousand Cuts","floor":14.0}],"player_experience":243693,"relics_obtained":[{"floor":9.0,"key":"Whetstone"}],"event_choices":[{"damage_healed":0.0,"max_hp_gain":0.0,"max_hp_loss":0.0,"gold_gain":0.0,"event_name":"Scrap Ooze","player_choice":"Success","floor":2.0,"gold_loss":0.0,"damage_taken":18.0,"relics_obtained":["Mummified Hand"]},{"damage_healed":0.0,"max_hp_gain":0.0,"max_hp_loss":0.0,"gold_gain":0.0,"event_name":"Wheel of Change","player_choice":"Cursed","floor":11.0,"gold_loss":0.0,"damage_taken":0.0,"cards_obtained":["Decay"]}],"is_beta":false,"boss_relics":[],"items_purged_floors":[3],"is_endless":false,"potions_floor_spawned":[5,8,12,14],"killed_by":"Slime Boss","ascension_level":8}}