{"host":"kdt6w7ix8lwe69i9","time":1611552284,"event":{"mods":["100% Spire Juice","Bartender","BaseMod","ChefMod","Downfall","Evolution","Fiend Mod","Jorbs\u0027s Wanderer Trilogy","Minty Spire (QoL Compilation)","Reimu（博丽灵梦）","Robot Space Explorer","Shade Mod","StSLib","The Caster","The Cursed","The Disciple","The Dragon Tamer","The Druid","The Fake Hero","The Forsaken","The Gatherer","The Marked","TheBandit","TheSwordswoman"],"gold_per_floor":[118,118,118,131,63,63,397,416,416,416,427,427,437,437,437,532,532,542,502,535,535,548,548,5,15,60,92,42,42,69,69,69,166,166,185,205,224,234,234,234,265,265,265,300,575,51,1,1,1,1,1,1,1,27,27],"floor_reached":56,"language":"ENG","playtime":5174,"items_purged":["Regret"],"score":1314,"play_id":"9e27aa4d-1f63-41df-bb24-7101c0b7de38","local_time":"20210125002444","is_ascension_mode":false,"campfire_choices":[{"data":"RobotSpaceExplorer:ExhaustFan","floor":6,"key":"SMITH"},{"floor":12,"key":"REST"},{"data":"RobotSpaceExplorer:FreezeRay","floor":15,"key":"SMITH"},{"data":"RobotSpaceExplorer:DroneSwarm","floor":23,"key":"SMITH"},{"floor":29,"key":"RECALL"},{"data":"Sadistic Nature","floor":32,"key":"SMITH"},{"data":"RobotSpaceExplorer:DoubleFind","floor":40,"key":"SMITH"},{"floor":42,"key":"REST"},{"data":"RobotSpaceExplorer:MiniBoosters","floor":49,"key":"SMITH"},{"data":"RobotSpaceExplorer:DoubleFind","floor":52,"key":"SMITH"}],"circlet_count":0,"master_deck":["RobotSpaceExplorer:ShockKick","RobotSpaceExplorer:ShockKick","RobotSpaceExplorer:ShockKick","RobotSpaceExplorer:ShockKick","RobotSpaceExplorer:Defend","RobotSpaceExplorer:Defend","RobotSpaceExplorer:Defend","RobotSpaceExplorer:Defend","RobotSpaceExplorer:Scan","RobotSpaceExplorer:MiniLasers","RobotSpaceExplorer:SurgingShield","RobotSpaceExplorer:ExhaustFan+1","RobotSpaceExplorer:FreezeRay+1","RobotSpaceExplorer:MetalStrike","RobotSpaceExplorer:SurgingStrike","RobotSpaceExplorer:MetalStrike","RobotSpaceExplorer:FrostMissile","RobotSpaceExplorer:DroneSwarm+1","RobotSpaceExplorer:FranticSearch","RobotSpaceExplorer:PlasmaMissile+1","RobotSpaceExplorer:StunGrenade","Sadistic Nature+1","RobotSpaceExplorer:PowerCollector","RobotSpaceExplorer:FrostMissile","RobotSpaceExplorer:ScrapMissile","RobotSpaceExplorer:FrostMissile","RobotSpaceExplorer:DroneSwarm","RobotSpaceExplorer:MetalStrike+1","RobotSpaceExplorer:SelfCleaning","RobotSpaceExplorer:MiniBoosters+1","RobotSpaceExplorer:DoubleFind+1","RobotSpaceExplorer:DoubleFind+1","RobotSpaceExplorer:MiniDrones+1","RobotSpaceExplorer:MiniDrones","Madness+1","Madness+1","RobotSpaceExplorer:ScrapMissile+1"],"relics":["EVO:Axolotl","Silver_Glasses","Slimebound:PreparedRelic","Old Coin","CrazyTorch:ReiMu","RobotSpaceExplorer:SearchSpecs","ZunR:ReiMu","Red Mask","Strange Spoon","Tiny Chest","Regal Pillow","Bottled Lightning","Black Star","Pen Nib","theForsaken:Gavel","Potion Belt","Eternal Feather","Mercury Hourglass","Juzu Bracelet","Lee\u0027s Waffle","Toxic Egg 2","Cleaning_Rag","Strawberry","RobotSpaceExplorer:ClockworkSextant"],"acts_visited":["Exordium","TheCity","TheBeyond","TheEnding"],"potions_floor_usage":[13,16,16,27,27,33,38,41,41,50],"damage_taken":[{"damage":11,"enemies":"Jaw Worm","floor":1,"turns":7},{"damage":0,"enemies":"Small Slimes","floor":4,"turns":3},{"damage":7,"enemies":"Gremlin Nob","floor":7,"turns":5},{"damage":0,"enemies":"Cultist","floor":8,"turns":3},{"damage":4,"enemies":"Blue Slaver","floor":11,"turns":3},{"damage":0,"enemies":"Lots of Slimes","floor":13,"turns":2},{"damage":20,"enemies":"Slime Boss","floor":16,"turns":5},{"damage":4,"enemies":"Shell Parasite","floor":18,"turns":4},{"damage":4,"enemies":"Masked Bandits","floor":20,"turns":4},{"damage":0,"enemies":"3 Byrds","floor":22,"turns":4},{"damage":0,"enemies":"Centurion and Healer","floor":25,"turns":3},{"damage":6,"enemies":"Slavers","floor":27,"turns":3},{"damage":11,"enemies":"Gremlin Leader","floor":30,"turns":5},{"damage":0,"enemies":"Champ","floor":33,"turns":6},{"damage":13,"enemies":"3 Darklings","floor":35,"turns":5},{"damage":0,"enemies":"Orb Walker","floor":36,"turns":3},{"damage":4,"enemies":"Writhing Mass","floor":37,"turns":4},{"damage":0,"enemies":"Sphere and 2 Shapes","floor":38,"turns":5},{"damage":9,"enemies":"Giant Head","floor":41,"turns":7},{"damage":17,"enemies":"Nemesis","floor":44,"turns":6},{"damage":31,"enemies":"Awakened One","floor":50,"turns":12},{"damage":6,"enemies":"Shield and Spear","floor":54,"turns":6},{"damage":61,"enemies":"The Heart","floor":55,"turns":8}],"seed_played":"-5334629320538254259","potions_obtained":[{"floor":4,"key":"Ancient Potion"},{"floor":8,"key":"RobotSpaceExplorer:RecyclePotion"},{"floor":10,"key":"champ:CounterPotion"},{"floor":16,"key":"Weak Potion"},{"floor":22,"key":"PowerPotion"},{"floor":25,"key":"Explosive Potion"},{"floor":36,"key":"hexamod:SoulburnPotion"},{"floor":37,"key":"RobotSpaceExplorer:RecyclePotion"},{"floor":38,"key":"Fire Potion"},{"floor":44,"key":"champ:CounterPotion"},{"floor":54,"key":"FairyPotion"}],"is_trial":false,"path_per_floor":["M","?","?","M","$","R","E","M","T","?","M","R","M","?","R","B",null,"M","?","?","?","M","R","$","M","T","E","?","R","E","$","R","B",null,"M","M","M","M","T","R","E","R","T","E","?","$","?","?","R","B",null,"R","$","E","B",null],"character_chosen":"RobotSpaceExplorer","items_purchased":["RobotSpaceExplorer:FreezeRay","Strange Spoon","Tiny Chest","Sadistic Nature","RobotSpaceExplorer:PowerCollector","Lee\u0027s Waffle","Toxic Egg 2","RobotSpaceExplorer:MiniDrones"],"campfire_rested":2,"item_purchase_floors":[5,24,24,24,24,46,46,46],"current_hp_per_floor":[64,64,64,64,64,64,57,57,57,57,53,75,75,75,75,55,75,71,71,67,60,60,60,60,60,60,54,54,54,43,43,43,43,75,62,62,58,58,58,58,49,75,75,58,58,82,82,72,82,51,82,82,82,83,22],"gold":27,"neow_bonus":"BOSS_RELIC","is_daily":false,"chose_seed":false,"campfire_upgraded":7,"win_rate":0.0,"timestamp":1611552284,"path_taken":["M","?","?","M","$","R","E","?","T","?","M","R","?","?","R","BOSS","M","?","?","?","?","R","?","M","T","E","?","R","E","$","R","BOSS","M","M","?","?","?","R","E","R","T","E","?","$","?","?","R","BOSS","R","$","E","BOSS"],"items_purchased_type":["Card","Relic","Relic","Card","Card","Relic","Relic","Card"],"build_version":"2020-12-22","purchased_purges":1,"victory":true,"max_hp_per_floor":[75,75,75,75,75,75,75,75,75,75,75,75,75,75,75,75,75,75,75,75,75,75,75,75,75,75,75,75,75,75,75,75,75,75,75,75,75,75,75,75,75,75,75,75,75,82,82,82,82,82,82,82,82,89,89],"card_choices":[{"not_picked":["RobotSpaceExplorer:ShockKick","RobotSpaceExplorer:Counterblock"],"picked":"RobotSpaceExplorer:SurgingShield","floor":1},{"not_picked":["RobotSpaceExplorer:DualCore","RobotSpaceExplorer:StunGrenade"],"picked":"RobotSpaceExplorer:ExhaustFan","floor":4},{"not_picked":["RobotSpaceExplorer:Probe","RobotSpaceExplorer:GearShield"],"picked":"RobotSpaceExplorer:MetalStrike","floor":7},{"not_picked":["RobotSpaceExplorer:GlueShot","RobotSpaceExplorer:ImprovisedAttack"],"picked":"RobotSpaceExplorer:SurgingStrike","floor":8},{"not_picked":["RobotSpaceExplorer:Jetpack","RobotSpaceExplorer:Comet"],"picked":"RobotSpaceExplorer:MetalStrike","floor":11},{"not_picked":["RobotSpaceExplorer:GlueShot","RobotSpaceExplorer:ShockKick"],"picked":"RobotSpaceExplorer:FrostMissile","floor":13},{"not_picked":["RobotSpaceExplorer:Asteroid","RobotSpaceExplorer:ChargingLaser"],"picked":"RobotSpaceExplorer:DroneSwarm","floor":16},{"not_picked":["RobotSpaceExplorer:LaserBurst","RobotSpaceExplorer:SwiftStep"],"picked":"RobotSpaceExplorer:FranticSearch","floor":18},{"not_picked":["RobotSpaceExplorer:Blitz","RobotSpaceExplorer:MetalStrike"],"picked":"RobotSpaceExplorer:PlasmaMissile+1","floor":20},{"not_picked":["RobotSpaceExplorer:Reload","RobotSpaceExplorer:LuckyStrike"],"picked":"RobotSpaceExplorer:StunGrenade","floor":22},{"not_picked":["RobotSpaceExplorer:ShockKick","RobotSpaceExplorer:Probe"],"picked":"RobotSpaceExplorer:FrostMissile","floor":25},{"not_picked":["RobotSpaceExplorer:Blitz+1","RobotSpaceExplorer:TurboDodge+1"],"picked":"RobotSpaceExplorer:ScrapMissile","floor":27},{"not_picked":["RobotSpaceExplorer:Counterblock","RobotSpaceExplorer:SwiftStep"],"picked":"RobotSpaceExplorer:FrostMissile","floor":30},{"not_picked":["RobotSpaceExplorer:Wormhole","RobotSpaceExplorer:Accelerator"],"picked":"RobotSpaceExplorer:DroneSwarm","floor":33},{"not_picked":["RobotSpaceExplorer:Calculate+1","RobotSpaceExplorer:Reload+1"],"picked":"RobotSpaceExplorer:MetalStrike+1","floor":35},{"not_picked":["RobotSpaceExplorer:FreezingShield","RobotSpaceExplorer:GlueShot+1"],"picked":"RobotSpaceExplorer:SelfCleaning","floor":36},{"not_picked":["RobotSpaceExplorer:FrostMissile+1","RobotSpaceExplorer:ShovelStrike+1"],"picked":"RobotSpaceExplorer:MiniBoosters","floor":37},{"not_picked":["RobotSpaceExplorer:Accelerator","RobotSpaceExplorer:StunGrenade"],"picked":"RobotSpaceExplorer:DoubleFind","floor":38},{"not_picked":["RobotSpaceExplorer:LaserBurst","RobotSpaceExplorer:MetalStrike"],"picked":"RobotSpaceExplorer:DoubleFind","floor":41},{"not_picked":["RobotSpaceExplorer:ImprovisedAttack+1","RobotSpaceExplorer:SwiftStep"],"picked":"RobotSpaceExplorer:MiniDrones+1","floor":44},{"not_picked":["RobotSpaceExplorer:ImprovisedAttack","RobotSpaceExplorer:Autoloader"],"picked":"RobotSpaceExplorer:ScrapMissile+1","floor":54}],"player_experience":1882339,"relics_obtained":[{"floor":7,"key":"Old Coin"},{"floor":9,"key":"CrazyTorch:ReiMu"},{"floor":20,"key":"Red Mask"},{"floor":27,"key":"Regal Pillow"},{"floor":30,"key":"Bottled Lightning"},{"floor":39,"key":"Pen Nib"},{"floor":41,"key":"theForsaken:Gavel"},{"floor":41,"key":"Potion Belt"},{"floor":43,"key":"Eternal Feather"},{"floor":44,"key":"Mercury Hourglass"},{"floor":44,"key":"Juzu Bracelet"},{"floor":54,"key":"Strawberry"},{"floor":54,"key":"RobotSpaceExplorer:ClockworkSextant"}],"event_choices":[{"damage_healed":0,"gold_gain":0,"player_choice":"Box","damage_taken":0,"relics_obtained":["Slimebound:PreparedRelic"],"max_hp_gain":0,"max_hp_loss":0,"event_name":"Big Fish","floor":2,"gold_loss":0,"cards_obtained":["Regret"]},{"cards_removed":["Regret"],"damage_healed":0,"gold_gain":0,"player_choice":"Purged","damage_taken":0,"max_hp_gain":0,"max_hp_loss":0,"event_name":"Purifier","floor":3,"gold_loss":0},{"damage_healed":0,"gold_gain":0,"player_choice":"Got Potions","damage_taken":0,"max_hp_gain":0,"max_hp_loss":0,"event_name":"Lab","floor":10,"gold_loss":0},{"damage_healed":0,"gold_gain":0,"player_choice":"Keep O-miki","damage_taken":0,"relics_obtained":["ZunR:ReiMu"],"max_hp_gain":0,"max_hp_loss":0,"event_name":"ZunEvent","floor":19,"gold_loss":40},{"damage_healed":0,"gold_gain":0,"player_choice":"Fought Bandits","damage_taken":0,"max_hp_gain":0,"max_hp_loss":0,"event_name":"Masked Bandits","floor":20,"gold_loss":0},{"damage_healed":0,"gold_gain":0,"player_choice":"Damaged","damage_taken":7,"max_hp_gain":0,"max_hp_loss":0,"event_name":"Wheel of Change","floor":21,"gold_loss":0},{"damage_healed":0,"gold_gain":0,"player_choice":"Bet on Murderer","damage_taken":0,"max_hp_gain":0,"max_hp_loss":0,"event_name":"The Joust","floor":28,"gold_loss":50},{"damage_healed":0,"gold_gain":275,"player_choice":"Desecrate","damage_taken":0,"max_hp_gain":0,"max_hp_loss":0,"event_name":"Golden Shrine","floor":45,"gold_loss":0,"cards_obtained":["Regret"]},{"damage_healed":0,"gold_gain":0,"player_choice":"Paid Gold","damage_taken":0,"relics_obtained":["Cleaning_Rag"],"max_hp_gain":0,"max_hp_loss":0,"event_name":"WeMeetAgain","floor":47,"gold_loss":50},{"damage_healed":0,"gold_gain":0,"player_choice":"Embrace Madness","damage_taken":10,"max_hp_gain":0,"max_hp_loss":0,"event_name":"Winding Halls","floor":48,"gold_loss":0,"cards_obtained":["Madness","Madness"]}],"is_beta":false,"boss_relics":[{"not_picked":["Ectoplasm","Snecko Eye"],"picked":"RobotSpaceExplorer:SearchSpecs"},{"not_picked":["Velvet Choker","Cursed Key"],"picked":"Black Star"}],"items_purged_floors":[46],"is_endless":false,"potions_floor_spawned":[4,8,16,22,25,36,37,38,44,54],"ascension_level":0}}