{"host":"aqym1xxr3lb31d9m","time":1611543405,"event":{"mods":["BaseMod","Block Reminder","Colored Map","Colored Powertips","DeckTracker","Highlight Path","Minty Spire (QoL Compilation)","Quick Restart","Random Character Button","StSLib","SuperFastMode","UnlockEverythingMod"],"gold_per_floor":[113,113,123,198,213,213,170,170,217,217,229,229,264,287,287,364,364,382,396,366,381,396,396,282,314,340,340,340,352,385,385,385],"floor_reached":31,"language":"JPN","playtime":1172,"items_purged":[],"score":596,"play_id":"a02240c4-bb35-4255-8085-1fe3fb7e0402","local_time":"20210125115645","is_ascension_mode":true,"campfire_choices":[{"data":"Loop","floor":6,"key":"SMITH"},{"data":"Sunder","floor":8,"key":"SMITH"},{"data":"Zap","floor":12,"key":"SMITH"},{"data":"Recycle","floor":15,"key":"SMITH"},{"floor":23,"key":"REST"},{"floor":28,"key":"REST"}],"circlet_count":0,"master_deck":["AscendersBane","Strike_B","Strike_B","Strike_B","Strike_B","Defend_B","Defend_B","Defend_B","Defend_B","Zap+1","Dualcast","Rebound","Undo","Loop+1","Sunder+1","Rip and Tear","Recycle+1","Fission","Steam","Seek","Coolheaded","Glacier","Conserve Battery","Loop","Self Repair","White Noise","Self Repair+1","Consume"],"relics":["Cracked Core","NeowsBlessing","PreservedInsect","Du-Vu Doll","Lizard Tail","Regal Pillow","Fusion Hammer","Potion Belt","Pen Nib","Akabeko"],"acts_visited":["Exordium","TheCity"],"potions_floor_usage":[13,16,18,21,25,30,30],"damage_taken":[{"damage":0,"enemies":"2 Louse","floor":1,"turns":1},{"damage":0,"enemies":"Small Slimes","floor":3,"turns":1},{"damage":0,"enemies":"Cultist","floor":5,"turns":1},{"damage":11,"enemies":"Exordium Thugs","floor":11,"turns":4},{"damage":0,"enemies":"Lagavulin","floor":13,"turns":4},{"damage":60,"enemies":"Hexaghost","floor":16,"turns":10},{"damage":17,"enemies":"3 Byrds","floor":18,"turns":4},{"damage":12,"enemies":"Chosen","floor":19,"turns":3},{"damage":12,"enemies":"Snecko","floor":21,"turns":4},{"damage":10,"enemies":"3 Cultists","floor":22,"turns":5},{"damage":10,"enemies":"Book of Stabbing","floor":25,"turns":4},{"damage":22,"enemies":"Snake Plant","floor":29,"turns":5},{"damage":43,"enemies":"Gremlin Leader","floor":30,"turns":5},{"damage":37,"enemies":"Cultist and Chosen","floor":31,"turns":5}],"seed_played":"-4326326582103774914","potions_obtained":[{"floor":3,"key":"LiquidMemories"},{"floor":11,"key":"SkillPotion"},{"floor":16,"key":"Swift Potion"},{"floor":19,"key":"Swift Potion"},{"floor":20,"key":"CultistPotion"},{"floor":21,"key":"GamblersBrew"},{"floor":29,"key":"BlessingOfTheForge"},{"floor":30,"key":"FearPotion"}],"is_trial":false,"path_per_floor":["M","?","M","?","M","R","$","R","T","?","M","R","E","T","R","B",null,"M","M","?","M","M","R","$","E","T","?","R","M","E","M"],"character_chosen":"DEFECT","items_purchased":["Sunder","Conserve Battery","Loop"],"campfire_rested":2,"item_purchase_floors":[7,24,24],"current_hp_per_floor":[64,69,69,58,58,58,58,58,58,53,42,42,42,42,42,20,62,45,33,33,21,11,48,48,38,38,38,75,60,34,0,0],"gold":385,"neow_bonus":"THREE_ENEMY_KILL","is_daily":false,"chose_seed":false,"campfire_upgraded":4,"win_rate":0.0,"timestamp":1611543405,"path_taken":["M","?","M","?","M","R","$","R","T","?","M","R","E","?","R","BOSS","M","M","?","?","M","R","$","E","T","?","R","M","E","M"],"items_purchased_type":["Card","Card","Card"],"build_version":"2020-12-22","purchased_purges":0,"victory":false,"max_hp_per_floor":[71,76,76,76,76,76,76,76,76,76,76,76,76,76,76,76,76,76,76,76,76,76,76,76,76,76,76,76,76,76,76,76],"card_choices":[{"not_picked":["Stack","Auto Shields"],"picked":"Rebound","floor":1},{"not_picked":["Hologram","Stack"],"picked":"Undo","floor":3},{"not_picked":["Go for the Eyes","BootSequence"],"picked":"Loop","floor":5},{"not_picked":["Streamline","Loop"],"picked":"Rip and Tear","floor":11},{"not_picked":["Compile Driver","Amplify"],"picked":"Recycle","floor":13},{"not_picked":["Amplify","Multi-Cast"],"picked":"Fission","floor":16},{"not_picked":["Gash","Turbo"],"picked":"Steam","floor":18},{"not_picked":["Coolheaded","Redo"],"picked":"Seek","floor":19},{"not_picked":["Streamline","Barrage"],"picked":"Coolheaded","floor":21},{"not_picked":["Genetic Algorithm","Heatsinks"],"picked":"Glacier","floor":22},{"not_picked":["Turbo","Streamline"],"picked":"Self Repair","floor":25},{"not_picked":["Go for the Eyes","Redo+1"],"picked":"Self Repair+1","floor":29},{"not_picked":["Stack","Hologram"],"picked":"Consume","floor":30}],"player_experience":4049727,"relics_obtained":[{"floor":9,"key":"PreservedInsect"},{"floor":13,"key":"Lizard Tail"},{"floor":14,"key":"Regal Pillow"},{"floor":25,"key":"Potion Belt"},{"floor":26,"key":"Pen Nib"},{"floor":30,"key":"Akabeko"}],"event_choices":[{"damage_healed":0,"gold_gain":0,"player_choice":"Donut","damage_taken":0,"max_hp_gain":5,"max_hp_loss":0,"event_name":"Big Fish","floor":2,"gold_loss":0},{"damage_healed":0,"gold_gain":75,"player_choice":"Gather Gold","damage_taken":11,"max_hp_gain":0,"max_hp_loss":0,"event_name":"World of Goop","floor":4,"gold_loss":0},{"damage_healed":0,"gold_gain":0,"player_choice":"Success","damage_taken":5,"relics_obtained":["Du-Vu Doll"],"max_hp_gain":0,"max_hp_loss":0,"event_name":"Scrap Ooze","floor":10,"gold_loss":0},{"damage_healed":0,"gold_gain":0,"player_choice":"Bought 2 Potions","damage_taken":0,"max_hp_gain":0,"max_hp_loss":0,"event_name":"The Woman in Blue","floor":20,"gold_loss":0},{"damage_healed":0,"gold_gain":0,"player_choice":"Read","damage_taken":0,"max_hp_gain":0,"max_hp_loss":0,"event_name":"The Library","floor":27,"gold_loss":0,"cards_obtained":["White Noise"]}],"is_beta":false,"boss_relics":[{"not_picked":["SacredBark","Busted Crown"],"picked":"Fusion Hammer"}],"items_purged_floors":[],"is_endless":false,"potions_floor_spawned":[3,11,16,19,21,29,30],"killed_by":"Cultist and Chosen","ascension_level":20}}