{"host":"x6h2w7w5b570y81k","time":1611602580,"event":{"mods":["AchievementEnabler","Act Like it!","BaseMod","Colored Map","Colored Powertips","Downfall","Friendly Minions","Minty Spire (QoL Compilation)","StSLib","The Animator"],"gold_per_floor":[99,119,130,147,167,181,181,195,195,212,232,232,232,27,41,136,136,136,152,169,182,132,1,1,1,11,11,11,0,0,33,45,45,45,45],"floor_reached":33,"language":"DEU","playtime":2810,"items_purged":[],"score":263,"play_id":"df6ec4f5-167b-445f-86ec-b26d58bd9235","local_time":"20210125202300","is_ascension_mode":false,"campfire_choices":[{"data":"hexamod:Sear","floor":1,"key":"SMITH"},{"data":"hexamod:AdvancingGuard","floor":12,"key":"SMITH"},{"data":"hexamod:TimeOfNeed","floor":18,"key":"SMITH"},{"data":"hexamod:SearingWound","floor":30,"key":"SMITH"}],"circlet_count":0,"master_deck":["hexamod:Strike","hexamod:Strike","hexamod:Strike","hexamod:Strike","hexamod:Defend","hexamod:Defend","hexamod:Defend","hexamod:Defend","hexamod:Sear+1","hexamod:Float+1","hexamod:ShieldOfDarkness","hexamod:FlamesFromBeyond","hexamod:GiftsFromTheDead","hexamod:ShieldOfDarkness","hexamod:AdvancingGuard+1","hexamod:FlamesFromBeyond","CurseOfTheBell","CurseOfTheBell","hexamod:RetreatToShadows","hexamod:TimeWarp","hexamod:StepThrough","expansioncontent:InvincibleStrength","hexamod:SearingWound+1","hexamod:BurningTouch","hexamod:TimeOfNeed+1","hexamod:PhantomFireball","hexamod:HeatMetal","hexamod:GhostLash+1","hexamod:FastForward","expansioncontent:AwakenDeath","Pride","hexamod:FlamesFromBeyond","hexamod:HauntingEcho"],"relics":["hexamod:SpiritBrand","Letter Opener","downfall:ExtraCursedBell","Tiny Chest","The Courier","Du-Vu Doll","Busted Crown","Darkstone Periapt","Smiling Mask","Incense Burner","WingedGreaves"],"acts_visited":["Exordium","TheCity"],"potions_floor_usage":[10,26,31,33,33],"damage_taken":[{"damage":0,"enemies":"Cultist","floor":2,"turns":5},{"damage":0,"enemies":"Small Slimes","floor":3,"turns":4},{"damage":1,"enemies":"Jaw Worm","floor":4,"turns":3},{"damage":5,"enemies":"Exordium Thugs","floor":5,"turns":3},{"damage":2,"enemies":"Blue Slaver","floor":6,"turns":4},{"damage":0,"enemies":"Large Slime","floor":8,"turns":5},{"damage":0,"enemies":"2 Fungi Beasts","floor":10,"turns":3},{"damage":2,"enemies":"Blue Slaver","floor":11,"turns":3},{"damage":0,"enemies":"downfall:FleeingMerchant","floor":14,"turns":4},{"damage":4,"enemies":"Exordium Wildlife","floor":15,"turns":3},{"damage":26,"enemies":"SI_SHIV_ARCHETYPE","floor":16,"turns":6},{"damage":9,"enemies":"3 Byrds","floor":19,"turns":5},{"damage":20,"enemies":"Centurion and Healer","floor":20,"turns":5},{"damage":13,"enemies":"Cultist and Chosen","floor":21,"turns":6},{"damage":0,"enemies":"downfall:FleeingMerchant","floor":23,"turns":4},{"damage":16,"enemies":"Snake Plant","floor":26,"turns":3},{"damage":3,"enemies":"downfall:FleeingMerchant","floor":29,"turns":4},{"damage":44,"enemies":"Slavers","floor":31,"turns":5},{"damage":6,"enemies":"Shelled Parasite and Fungi","floor":32,"turns":4},{"damage":27,"enemies":"IC_MUSHROOM_ARCHETYPE","floor":33,"turns":4}],"seed_played":"2769122581327793380","potions_obtained":[{"floor":4,"key":"hexamod:DoubleChargePotion"},{"floor":8,"key":"EssenceOfSteel"},{"floor":13,"key":"Energy Potion"},{"floor":13,"key":"Dexterity Potion"},{"floor":15,"key":"AttackPotion"},{"floor":16,"key":"hexamod:SoulburnPotion"},{"floor":32,"key":"Weak Potion"}],"is_trial":false,"path_per_floor":["R","M","M","M","M","M","T","M","?","M","M","R","?","$","M","B",null,"R","M","M","M","?","$","T","?","M","T","?","$","R","E","M","B"],"character_chosen":"THE_SPIRIT","items_purchased":["expansioncontent:InvincibleStrength","hexamod:SearingWound","hexamod:FastForward","expansioncontent:AwakenDeath"],"campfire_rested":0,"item_purchase_floors":[14,14,23,23],"current_hp_per_floor":[70,70,70,69,64,62,62,62,62,62,60,60,60,60,56,30,70,70,61,41,28,56,56,56,62,46,46,46,43,43,20,14,0,0,0],"gold":45,"neow_bonus":"UPGRADE_CARD","is_daily":false,"chose_seed":false,"campfire_upgraded":4,"win_rate":0.0,"timestamp":1611602580,"path_taken":["R","M","M","M","?","M","T","M","?","M","M","R","?","$","M","BOSS","R","M","M","M","?","$","T","?","M","?","?","$","R","E","M","BOSS"],"items_purchased_type":["Card","Card","Card","Card"],"build_version":"2020-12-22","purchased_purges":0,"victory":false,"max_hp_per_floor":[70,70,70,70,70,70,70,70,70,70,70,70,70,70,70,70,70,70,70,70,70,70,70,70,76,76,76,76,76,76,76,76,76,76,76],"card_choices":[{"not_picked":["hexamod:Firestarter","hexamod:Hexaguard"],"picked":"hexamod:ShieldOfDarkness","floor":2},{"not_picked":["hexamod:NightmareStrike","hexamod:GhostShield"],"picked":"hexamod:FlamesFromBeyond","floor":3},{"not_picked":["hexamod:SwordOfDarkness","hexamod:ThermalTransfer"],"picked":"hexamod:GiftsFromTheDead","floor":4},{"not_picked":["hexamod:GhostLash","hexamod:AdvancingGuard"],"picked":"hexamod:ShieldOfDarkness","floor":5},{"not_picked":["hexamod:ShieldOfDarkness","hexamod:TurnItUp"],"picked":"hexamod:AdvancingGuard","floor":6},{"not_picked":["hexamod:Hexaguard","hexamod:BurningTouch"],"picked":"hexamod:FlamesFromBeyond","floor":8},{"not_picked":["hexamod:ThirdSeal","hexamod:BurningTouch"],"picked":"hexamod:RetreatToShadows","floor":10},{"not_picked":["hexamod:SuperheatedStrike","hexamod:NightmareStrike"],"picked":"hexamod:TimeWarp","floor":11},{"not_picked":["hexamod:Hexaguard","hexamod:Firestarter"],"picked":"hexamod:StepThrough","floor":14},{"not_picked":["hexamod:AdvancingGuard","hexamod:ThirdSeal"],"picked":"hexamod:BurningTouch","floor":15},{"not_picked":["hexamod:TurnItUp","hexamod:UnleashSpirits"],"picked":"hexamod:TimeOfNeed","floor":16},{"not_picked":[],"picked":"hexamod:PhantomFireball","floor":19},{"not_picked":[],"picked":"hexamod:HeatMetal","floor":20},{"not_picked":[],"picked":"hexamod:GhostLash+1","floor":21},{"not_picked":["hexamod:FourthSeal"],"picked":"SKIP","floor":23},{"not_picked":[],"picked":"hexamod:FlamesFromBeyond","floor":26},{"not_picked":[],"picked":"hexamod:HauntingEcho","floor":29},{"not_picked":["hexamod:SecondSeal"],"picked":"SKIP","floor":31},{"not_picked":["hexamod:SuperheatedStrike"],"picked":"SKIP","floor":32}],"player_experience":236841,"relics_obtained":[{"floor":7,"key":"Letter Opener"},{"floor":9,"key":"Tiny Chest"},{"floor":9,"key":"The Courier"},{"floor":9,"key":"Du-Vu Doll"},{"floor":24,"key":"Darkstone Periapt"},{"floor":27,"key":"Incense Burner"},{"floor":31,"key":"WingedGreaves"}],"event_choices":[{"damage_healed":0,"gold_gain":0,"player_choice":"Got Potions","damage_taken":0,"max_hp_gain":0,"max_hp_loss":0,"event_name":"Lab","floor":13,"gold_loss":0},{"damage_healed":0,"gold_gain":0,"player_choice":"Stole Relic","damage_taken":0,"relics_obtained":["Smiling Mask"],"max_hp_gain":0,"max_hp_loss":0,"event_name":"Addict","floor":25,"gold_loss":0,"cards_obtained":["Pride"]}],"is_beta":false,"boss_relics":[{"not_picked":["bronze:MakeshiftBattery","Empty Cage"],"picked":"Busted Crown"}],"items_purged_floors":[],"is_endless":false,"potions_floor_spawned":[4,8,15,16,20,32],"killed_by":"IC_MUSHROOM_ARCHETYPE","ascension_level":0}}