{"host":"0p0n41frih4f9rxw","time":1611558951,"event":{"mods":["Act Like it!","BaseMod","Downfall","Minty Spire (QoL Compilation)","Replay The Spire","StSLib","The Servant 0.9.4"],"gold_per_floor":[112,123,141,141,216,216,216,181,181,214,275,285,313,488,488,591,591,609,712,712,712],"floor_reached":20,"language":"ENG","playtime":1488,"items_purged":[],"score":205,"play_id":"f03c7f01-6824-45ae-bf43-73cb441f249d","local_time":"20210125071551","is_ascension_mode":false,"campfire_choices":[{"data":"Contraction","floor":6,"key":"SMITH"},{"floor":15,"key":"REST"}],"circlet_count":0,"master_deck":["Strike_S","Strike_S","Strike_S","Strike_S","Defend_S","Defend_S","Defend_S","Defend_S","KidneyShot","Exchange","FastForward","DualDimension+1","Contraction+1","Moonlight","GearUp","Rewind","Duplication","Doubt","TheWorld","Contraction"],"relics":["Uniform","NeowsBlessing","Ancient Tea Set","Strawberry","PreservedInsect","Replay:Mystery Machine","Potion Belt","bronze:MakeshiftBattery"],"acts_visited":["Exordium","TheCity"],"potions_floor_usage":[13,13,16,18],"damage_taken":[{"damage":0,"enemies":"Jaw Worm","floor":1,"turns":1},{"damage":0,"enemies":"Small Slimes","floor":2,"turns":1},{"damage":1,"enemies":"2 Louse","floor":3,"turns":2},{"damage":16,"enemies":"3 Sentries","floor":10,"turns":18},{"damage":9,"enemies":"3 Sentries","floor":11,"turns":8},{"damage":0,"enemies":"Large Slime","floor":12,"turns":16},{"damage":0,"enemies":"Gremlin Nob","floor":13,"turns":5},{"damage":16,"enemies":"Fading Forest","floor":16,"turns":11},{"damage":6,"enemies":"Shell Parasite","floor":18,"turns":7},{"damage":68,"enemies":"Chosen","floor":20,"turns":20}],"seed_played":"-6106664411620930865","potions_obtained":[{"floor":1,"key":"hexamod:SoulburnPotion"},{"floor":3,"key":"SpeedPotion"},{"floor":11,"key":"LiquidBronze"},{"floor":13,"key":"Explosive Potion"}],"is_trial":false,"path_per_floor":["M","M","M","?","?","R","?","?","T","E","?","M","E","?","R","B",null,"M","?","M"],"character_chosen":"THE_SERVANT","items_purchased":[],"campfire_rested":1,"item_purchase_floors":[],"current_hp_per_floor":[65,65,64,64,53,53,41,57,64,48,39,39,39,39,60,44,72,66,66,0,0],"gold":712,"neow_bonus":"THREE_ENEMY_KILL","is_daily":false,"chose_seed":false,"campfire_upgraded":1,"win_rate":0.0,"timestamp":1611558951,"path_taken":["M","M","M","?","?","R","?","?","T","E","?","?","E","?","R","BOSS","M","?","M"],"items_purchased_type":[],"build_version":"2020-12-22","purchased_purges":0,"victory":false,"max_hp_per_floor":[65,65,65,65,65,65,65,65,72,72,72,72,72,72,72,72,72,72,72,72,72],"card_choices":[{"not_picked":["SilverBlades","Gouge"],"picked":"FastForward","floor":1},{"not_picked":["SurpressingFire","Replace"],"picked":"DualDimension","floor":2},{"not_picked":["Unruled","Hightail"],"picked":"Contraction","floor":3},{"not_picked":["Collapse","Snipe"],"picked":"Moonlight","floor":10},{"not_picked":["Rearm","ShatteredReality"],"picked":"GearUp","floor":11},{"not_picked":["Gouge","Misdirection"],"picked":"Rewind","floor":12},{"not_picked":["ShatteredReality","Replace"],"picked":"Duplication","floor":13},{"not_picked":["Solidify","LightFlow"],"picked":"TheWorld","floor":16},{"not_picked":["Foresight+1","TimeWarp","DualDimension"],"picked":"SKIP","floor":18},{"not_picked":["Unruled","DoubleEdge"],"picked":"Contraction","floor":19}],"player_experience":122550,"relics_obtained":[{"floor":9,"key":"Strawberry"},{"floor":10,"key":"PreservedInsect"},{"floor":11,"key":"Replay:Mystery Machine"},{"floor":13,"key":"Potion Belt"}],"event_choices":[{"damage_healed":0,"gold_gain":0,"player_choice":"Grow","damage_taken":0,"max_hp_gain":0,"max_hp_loss":0,"event_name":"Living Wall","floor":4,"gold_loss":0,"cards_upgraded":["DualDimension"]},{"damage_healed":0,"gold_gain":75,"player_choice":"Gather Gold","damage_taken":11,"max_hp_gain":0,"max_hp_loss":0,"event_name":"World of Goop","floor":5,"gold_loss":0},{"damage_healed":0,"gold_gain":0,"player_choice":"Success","damage_taken":12,"relics_obtained":["Ancient Tea Set"],"max_hp_gain":0,"max_hp_loss":0,"event_name":"Scrap Ooze","floor":7,"gold_loss":0},{"damage_healed":16,"gold_gain":0,"player_choice":"Healed","damage_taken":0,"max_hp_gain":0,"max_hp_loss":0,"event_name":"The Cleric","floor":8,"gold_loss":35},{"damage_healed":0,"gold_gain":0,"player_choice":"Searched \u00271\u0027 times","damage_taken":0,"max_hp_gain":0,"max_hp_loss":0,"event_name":"Dead Adventurer","floor":11,"gold_loss":0},{"damage_healed":0,"gold_gain":175,"player_choice":"AGREE","damage_taken":0,"max_hp_gain":0,"max_hp_loss":0,"event_name":"Liars Game","floor":14,"gold_loss":0,"cards_obtained":["Doubt"]}],"is_beta":false,"boss_relics":[{"not_picked":["SacredBark","Tiny House"],"picked":"bronze:MakeshiftBattery"}],"items_purged_floors":[],"is_endless":false,"potions_floor_spawned":[1,3,11,13],"killed_by":"Chosen","ascension_level":0}}