{"host":"tj6tjcyqgbd0xj5u","time":1611540505,"event":{"mods":["Aspiration","BaseMod","Better Match","BetterRewards","Challenge The Spire","Conspire","Defuse TimeMaze Blight","Downfall","Energized Spire","Evolution","GifTheSpireLib","Halation","Hubris","Infinite Spire","Minty Spire (QoL Compilation)","Replay The Spire","Reworked Bosses","Spikes Relics","StS++","StSLib","Stuff the Spire"],"gold_per_floor":[113,113,63,76,76,76,1,1,1,19,19,19,53,72,72,102,102],"floor_reached":16,"language":"ENG","playtime":485,"items_purged":["Pain"],"score":98,"play_id":"6778fe60-21e6-4707-9b07-e0ef84eac38d","local_time":"20210124220825","is_ascension_mode":false,"campfire_choices":[{"data":"Replay:ManipulateFuture","floor":6,"key":"SMITH"},{"data":"Crescendo","floor":8,"key":"SMITH"}],"circlet_count":0,"master_deck":["Strike_P","Strike_P","Strike_P","Strike_P","Defend_P","Defend_P","Defend_P","Defend_P","Eruption","Vigilance","Replay:ManipulateFuture+1","Crescendo+1","conspire:SpireCoStock","ThirdEye","Indignation","FlurryOfBlows","PathToVictory"],"relics":["PureWater","EVO:Axolotl","NeowsBlessing","WarpedTongs","aspiration:ArtOfWarUpgrade","StuffTheSpire:OldFever"],"acts_visited":["Exordium"],"potions_floor_usage":[13,16],"damage_taken":[{"damage":0,"enemies":"Jaw Worm","floor":1,"turns":1},{"damage":0,"enemies":"2 Louse","floor":4,"turns":1},{"damage":0,"enemies":"Cultist","floor":10,"turns":1},{"damage":36,"enemies":"Gremlin Nob","floor":13,"turns":4},{"damage":0,"enemies":"Looter","floor":14,"turns":2},{"damage":25,"enemies":"Hexaghost","floor":16,"turns":9}],"seed_played":"2727226086509269595","potions_obtained":[{"floor":4,"key":"sneckomod:MuddlingPotion"},{"floor":14,"key":"EssenceOfSteel"}],"is_trial":false,"path_per_floor":["M","?","?","M","?","R","$","R","T","M","$","R","E","M","R","B"],"character_chosen":"WATCHER","items_purchased":[],"campfire_rested":0,"item_purchase_floors":[],"current_hp_per_floor":[72,72,72,72,72,72,72,72,72,72,72,72,36,36,36,11,11],"gold":102,"neow_bonus":"THREE_ENEMY_KILL","is_daily":false,"chose_seed":false,"campfire_upgraded":2,"win_rate":0.0,"timestamp":1611540505,"path_taken":["M","?","?","M","?","R","$","R","T","?","$","R","E","M","R","BOSS"],"items_purchased_type":[],"build_version":"2020-12-22","purchased_purges":1,"victory":false,"max_hp_per_floor":[72,72,72,72,72,72,72,72,72,72,72,72,72,72,72,72,72],"card_choices":[{"not_picked":["CutThroughFate","ThirdEye"],"picked":"Replay:ManipulateFuture","floor":1},{"not_picked":["Evaluate","CarveReality"],"picked":"ThirdEye","floor":4},{"not_picked":["Protect","Replay:DivineShield"],"picked":"Indignation","floor":10},{"not_picked":["Adaptation","JustLucky"],"picked":"FlurryOfBlows","floor":13},{"not_picked":["Replay:ManipulateFuture","Scrawl"],"picked":"PathToVictory","floor":14}],"player_experience":98513,"relics_obtained":[{"floor":9,"key":"Art of War"},{"floor":13,"key":"StuffTheSpire:OldFever"}],"event_choices":[{"damage_healed":0,"gold_gain":0,"player_choice":"Invest 1","damage_taken":0,"max_hp_gain":0,"max_hp_loss":0,"event_name":"conspire:Investor","floor":3,"gold_loss":0},{"damage_healed":0,"gold_gain":0,"player_choice":"Rummage","damage_taken":0,"relics_obtained":["WarpedTongs"],"max_hp_gain":0,"max_hp_loss":0,"event_name":"Accursed Blacksmith","floor":5,"gold_loss":0,"cards_obtained":["Pain"]}],"is_beta":false,"boss_relics":[],"items_purged_floors":[7],"is_endless":false,"potions_floor_spawned":[4,14],"killed_by":"Hexaghost","ascension_level":0}}