{"host":"x6h2w7w5b570y81k","time":1611614200,"event":{"mods":["AchievementEnabler","Act Like it!","BaseMod","Colored Map","Colored Powertips","Downfall","Friendly Minions","Minty Spire (QoL Compilation)","StSLib","The Animator"],"gold_per_floor":[99,99,99,99,99,131,131,131,131,231,231,248,283,296,308,407,407,407,421,435,435,445,463,463,463,473,489,489,501,519,519,537,634,634,534,61,111,159,185,204,204,38,58,83,94,104,123,140,152,152],"floor_reached":51,"language":"DEU","playtime":9229,"items_purged":["downfall:Malfunctioning"],"score":768,"play_id":"84d31dfd-2021-4013-8aa3-12b4e960424f","local_time":"20210125233640","is_ascension_mode":false,"campfire_choices":[{"data":"champ:Taunt","floor":1,"key":"SMITH"},{"data":"champ:ShieldWall","floor":8,"key":"SMITH"},{"data":"champ:Backstep","floor":11,"key":"SMITH"},{"data":"champ:StanceDance","floor":18,"key":"SMITH"},{"data":"champ:SteelEdge","floor":25,"key":"SMITH"},{"data":"champ:StanceDance","floor":28,"key":"SMITH"},{"floor":35,"key":"RECALL"}],"circlet_count":0,"master_deck":["champ:Strike","champ:Strike","champ:Strike+1","champ:Strike","champ:Defend","champ:Defend","champ:Defend","champ:Defend+1","champ:Execute+1","champ:Taunt+1","champ:GutPunch","champ:ShieldWall+1","champ:SkillfulDodge","champ:Backstep+1","champ:FocusedBerserking","champ:SteelEdge+1","champ:AdrenalArmor","champ:StanceDance+1","champ:DefensiveShout","champ:StrikeOfGenius+1","champ:GutPunch","champ:PreciseThrust+1","champ:SkillfulDodge","champ:Shatter","champ:FaceSlap","champ:StanceDance+1","champ:IronFortress+1","champ:ArenaPreparation","champ:CheapShot","champ:StrikeOfGenius+1","champ:CalledShot","expansioncontent:PrepareCrush","champ:BringItOn","champ:FalseCounter+1","champ:SetATrap+1","animator:Curse_GriefSeed","Regret","champ:TornadoPunch","champ:Backstep","champ:Encircle+1","champ:DeathBlow","champ:Backstep","champ:Parry+1","champ:BladeFlurry+1","champ:FlashCut","champ:StanceDance+1"],"relics":["champ:ChampionCrown","downfall:HeartsMalice","downfall:ExtraCursedKey","Frozen Egg 2","CloakClasp","Blood Vial","Runic Pyramid","SacredBark","downfall:HeartBlessingGreen","Pantograph","Lizard Tail","Unceasing Top","champ:BerserkersGuideToSlaughter","Art of War"],"acts_visited":["Exordium","TheCity","TheBeyond"],"potions_floor_usage":[23,26,26,32,32,33,33,43,46,47,48],"damage_taken":[{"damage":0,"enemies":"2 Louse","floor":2,"turns":1},{"damage":0,"enemies":"Small Slimes","floor":3,"turns":1},{"damage":0,"enemies":"Cultist","floor":5,"turns":1},{"damage":68,"enemies":"3 Sentries","floor":6,"turns":9},{"damage":42,"enemies":"3 Sentries","floor":10,"turns":9},{"damage":17,"enemies":"2 Fungi Beasts","floor":12,"turns":4},{"damage":24,"enemies":"Lagavulin","floor":13,"turns":5},{"damage":16,"enemies":"Lots of Slimes","floor":14,"turns":4},{"damage":5,"enemies":"3 Louse","floor":15,"turns":4},{"damage":54,"enemies":"IC_STATUS_ARCHETYPE","floor":16,"turns":8},{"damage":1,"enemies":"Chosen","floor":19,"turns":4},{"damage":18,"enemies":"3 Byrds","floor":20,"turns":4},{"damage":20,"enemies":"Centurion and Healer","floor":22,"turns":6},{"damage":50,"enemies":"Sentry and Sphere","floor":23,"turns":6},{"damage":1,"enemies":"Snake Plant","floor":26,"turns":2},{"damage":66,"enemies":"Shelled Parasite and Fungi","floor":27,"turns":4},{"damage":16,"enemies":"Centurion and Healer","floor":29,"turns":5},{"damage":30,"enemies":"Sentry and Sphere","floor":30,"turns":6},{"damage":20,"enemies":"3 Cultists","floor":32,"turns":5},{"damage":20,"enemies":"WA_ARCHETYPE_CALM","floor":33,"turns":7},{"damage":25,"enemies":"downfall:FleeingMerchant","floor":36,"turns":4},{"damage":20,"enemies":"downfall:FleeingMerchant","floor":37,"turns":6},{"damage":59,"enemies":"2 Orb Walkers","floor":38,"turns":5},{"damage":30,"enemies":"Orb Walker","floor":40,"turns":3},{"damage":15,"enemies":"downfall:FleeingMerchant","floor":42,"turns":4},{"damage":27,"enemies":"3 Darklings","floor":43,"turns":5},{"damage":16,"enemies":"Reptomancer","floor":44,"turns":8},{"damage":22,"enemies":"Jaw Worm Horde","floor":45,"turns":5},{"damage":38,"enemies":"Writhing Mass","floor":46,"turns":7},{"damage":3,"enemies":"Maw","floor":47,"turns":10},{"damage":7,"enemies":"3 Darklings","floor":48,"turns":4},{"damage":49,"enemies":"Transient","floor":49,"turns":5},{"damage":56,"enemies":"SI_POISON_ARCHETYPE","floor":50,"turns":10}],"seed_played":"7730997741742365424","potions_obtained":[{"floor":10,"key":"Regen Potion"},{"floor":13,"key":"SteroidPotion"},{"floor":15,"key":"SteroidPotion"},{"floor":29,"key":"Block Potion"},{"floor":30,"key":"AttackPotion"},{"floor":31,"key":"downfall:CursedFountainPotion"},{"floor":32,"key":"SkillPotion"},{"floor":37,"key":"LiquidMemories"},{"floor":38,"key":"Energy Potion"},{"floor":43,"key":"FearPotion"},{"floor":45,"key":"ColorlessPotion"},{"floor":46,"key":"Block Potion"},{"floor":48,"key":"hexamod:SoulburnPotion"},{"floor":49,"key":"SkillPotion"}],"is_trial":false,"path_per_floor":["R","M","M","?","M","E","T","R","?","?","R","M","E","M","M","B",null,"R","M","M","?","M","M","T","R","M","M","R","M","M","?","M","B",null,"R","$","?","?","T","M","T","$","M","E","M","M","M","M","M","B",null],"character_chosen":"THE_CHAMP","items_purchased":["Pantograph","expansioncontent:PrepareCrush","champ:BringItOn","champ:BerserkersGuideToSlaughter"],"campfire_rested":0,"item_purchase_floors":[36,36,36,42],"current_hp_per_floor":[90,90,90,90,90,52,52,52,52,45,45,43,39,40,42,30,90,90,89,82,82,84,77,77,77,78,39,39,35,22,22,24,26,90,90,90,90,56,56,58,58,55,55,51,51,40,49,54,42,33],"gold":152,"neow_bonus":"THREE_ENEMY_KILL","is_daily":false,"chose_seed":false,"campfire_upgraded":6,"win_rate":0.0,"timestamp":1611614200,"path_taken":["R","M","M","?","M","E","T","R","?","?","R","M","E","M","M","BOSS","R","M","M","?","?","M","T","R","M","M","R","M","M","?","M","BOSS","R","?","?","?","?","?","T","$","M","E","M","M","M","M","M","BOSS"],"items_purchased_type":["Relic","Card","Card","Relic"],"build_version":"2020-12-22","purchased_purges":1,"victory":true,"max_hp_per_floor":[90,90,90,90,90,90,90,90,90,90,90,90,90,90,90,90,90,90,90,90,90,90,90,90,90,90,90,90,90,90,90,90,90,90,90,90,90,90,90,90,90,90,90,90,90,90,90,90,90,90],"card_choices":[{"not_picked":["champ:FancyFootwork","champ:Haymaker"],"picked":"champ:GutPunch","floor":2},{"not_picked":["champ:DeathBlow","champ:SkillfulDodge"],"picked":"champ:ShieldWall","floor":3},{"not_picked":["champ:GutPunch","champ:Endure"],"picked":"champ:SkillfulDodge","floor":5},{"not_picked":["champ:BladeFlurry","champ:EnGarde"],"picked":"champ:Backstep","floor":6},{"not_picked":["champ:Circumvent","champ:Parry"],"picked":"champ:FocusedBerserking","floor":10},{"not_picked":["champ:FaceSlap","champ:TornadoPunch"],"picked":"champ:SteelEdge","floor":12},{"not_picked":["champ:CrownThrow","champ:PerfectedStrike"],"picked":"champ:AdrenalArmor","floor":13},{"not_picked":["champ:RecklessLeap","champ:LastStand+1"],"picked":"champ:StanceDance","floor":14},{"not_picked":["champ:TornadoPunch","champ:FalseCounter"],"picked":"champ:DefensiveShout","floor":15},{"not_picked":["champ:DancingMaster+1","champ:HeavySlash"],"picked":"champ:StrikeOfGenius+1","floor":16},{"not_picked":["champ:Haymaker","champ:EnGarde"],"picked":"champ:GutPunch","floor":19},{"not_picked":["champ:AdrenalArmor","champ:RisingSlash+1"],"picked":"champ:PreciseThrust+1","floor":20},{"not_picked":["champ:Haymaker+1","champ:AdrenalArmor"],"picked":"champ:SkillfulDodge","floor":22},{"not_picked":["champ:EnragedBash","champ:CrookedStrike"],"picked":"champ:Shatter","floor":23},{"not_picked":["champ:GutPunch","champ:HeartStrike"],"picked":"champ:FaceSlap","floor":26},{"not_picked":["champ:Haymaker","champ:Shatter"],"picked":"champ:StanceDance","floor":27},{"not_picked":["champ:PreemptiveStrike+1","champ:BladeFlurry+1"],"picked":"champ:IronFortress+1","floor":29},{"not_picked":["champ:Circumvent","champ:Backstep"],"picked":"champ:ArenaPreparation","floor":30},{"not_picked":["champ:RisingSlash","champ:ArenaPreparation+1"],"picked":"champ:CheapShot","floor":32},{"not_picked":["champ:IgnorePain","champ:ShieldThrow"],"picked":"champ:StrikeOfGenius+1","floor":33},{"not_picked":["champ:Backstep","champ:FlashCut+1"],"picked":"champ:CalledShot","floor":36},{"not_picked":["champ:PerfectedStrike","champ:BerserkersShout+1"],"picked":"champ:FalseCounter+1","floor":37},{"not_picked":["champ:ShieldWall+1","champ:StanceDance+1"],"picked":"champ:SetATrap+1","floor":38},{"not_picked":["champ:Shatter","champ:ShieldSlam+1"],"picked":"champ:TornadoPunch","floor":40},{"not_picked":["champ:Haymaker","champ:AdrenalArmor+1"],"picked":"champ:Backstep","floor":42},{"not_picked":["champ:FanOfKnives","champ:GutPunch+1"],"picked":"champ:Encircle+1","floor":43},{"not_picked":["champ:StanceDance+1","champ:EnGarde+1"],"picked":"champ:DeathBlow","floor":44},{"not_picked":["champ:BerserkersShout+1","champ:Encircle+1"],"picked":"champ:Backstep","floor":45},{"not_picked":["champ:HeartStrike","champ:AdrenalArmor"],"picked":"champ:Parry+1","floor":46},{"not_picked":["champ:RisingSlash","champ:ShieldThrow"],"picked":"champ:BladeFlurry+1","floor":47},{"not_picked":["champ:DefensiveShout+1","champ:PerfectedStrike+1"],"picked":"champ:FlashCut","floor":48},{"not_picked":["champ:PreemptiveStrike+1","champ:ShieldSlam"],"picked":"champ:StanceDance+1","floor":49}],"player_experience":241632,"relics_obtained":[{"floor":6,"key":"Frozen Egg 2"},{"floor":10,"key":"CloakClasp"},{"floor":13,"key":"Blood Vial"},{"floor":37,"key":"Lizard Tail"},{"floor":38,"key":"Unceasing Top"},{"floor":44,"key":"Art of War"}],"event_choices":[{"damage_healed":0,"gold_gain":0,"player_choice":"Fight","damage_taken":0,"max_hp_gain":0,"max_hp_loss":0,"event_name":"Mysterious Sphere","floor":38,"gold_loss":0}],"is_beta":false,"boss_relics":[{"not_picked":["Coffee Dripper","Astrolabe"],"picked":"Runic Pyramid"},{"not_picked":["Velvet Choker","Snecko Eye"],"picked":"SacredBark"}],"items_purged_floors":[36],"is_endless":false,"potions_floor_spawned":[10,13,15,16,19,22,29,30,32,37,38,43,45,46,48,49],"ascension_level":0}}