{"host":"wqapji1ctd7hhcnm","time":1611544644,"event":{"mods":["BaseMod","Beaked The Cultist","BetterRewards","Conspire","Downfall","Energized Spire","Fiend Mod","GifTheSpireLib","Halation","Hubris","Infinite Spire","Mad Scientist","Minty Spire (QoL Compilation)","Relic Sorter","Relic Stats","Replay The Spire","Shop Mod","StSLib","Stuff the Spire","The Construct","The Judge","The Jungle"],"gold_per_floor":[99,109,120,135,120,120,190,190,210,222,222,232,243,256,270,366,366,366,383,398,398,398,398],"floor_reached":22,"language":"ENG","playtime":954,"items_purged":[],"score":191,"play_id":"ff0c7240-a48b-4263-a9df-b9dad7c4365f","local_time":"20210124211724","daily_mods":["Heirloom","Time Dilation"],"is_ascension_mode":true,"campfire_choices":[{"data":"Bash","floor":8,"key":"SMITH"},{"floor":18,"key":"RECALL"}],"circlet_count":0,"master_deck":["bronze:Strike","bronze:Strike","bronze:Strike","bronze:Strike","bronze:Strike","bronze:Defend","bronze:Defend","bronze:Defend","bronze:Defend","Bash+1","Twin Strike+1","Headbutt","Pommel Strike","Combust","ReplayTheSpireMod:Muscle Training","Hemokinesis"],"relics":["Burning Blood","hubris:Potato","Sundial","Fiend:Scarf"],"acts_visited":["Exordium","TheCity"],"potions_floor_usage":[16],"damage_taken":[{"damage":6,"enemies":"2 Louse","floor":2,"turns":2},{"damage":6,"enemies":"Cultist","floor":3,"turns":3},{"damage":4,"enemies":"Small Slimes","floor":4,"turns":3},{"damage":10,"enemies":"downfall:FleeingMerchant","floor":5,"turns":4},{"damage":8,"enemies":"Gremlin Gang","floor":9,"turns":3},{"damage":16,"enemies":"Red Slaver","floor":10,"turns":3},{"damage":0,"enemies":"Large Slime","floor":12,"turns":4},{"damage":17,"enemies":"Gremlin Gang","floor":13,"turns":4},{"damage":5,"enemies":"3 Louse","floor":14,"turns":2},{"damage":20,"enemies":"Exordium Thugs","floor":15,"turns":4},{"damage":42,"enemies":"WA_ARCHETYPE_RETAIN","floor":16,"turns":6},{"damage":25,"enemies":"3 Byrds","floor":19,"turns":4},{"damage":3,"enemies":"Snecko","floor":20,"turns":3},{"damage":12,"enemies":"Shelled Parasite and Fungi","floor":22,"turns":1}],"seed_played":"3614378389675077178","potions_obtained":[{"floor":4,"key":"Death Potion"},{"floor":9,"key":"Block Potion"},{"floor":13,"key":"AttackPotion"},{"floor":16,"key":"BlessingOfTheForge"}],"is_trial":true,"path_per_floor":["R","M","M","M","$","?","T","R","M","M","?","M","M","M","M","B",null,"R","M","M","?","M"],"character_chosen":"IRONCLAD","items_purchased":[],"campfire_rested":0,"item_purchase_floors":[],"current_hp_per_floor":[80,80,80,80,76,76,76,76,74,64,64,70,59,60,46,10,80,80,61,64,90,78,78],"gold":398,"neow_bonus":"","is_daily":false,"chose_seed":false,"campfire_upgraded":1,"win_rate":0.0,"timestamp":1611544644,"path_taken":["R","M","M","M","$","?","T","R","M","?","?","M","M","?","M","BOSS","R","M","M","?","M"],"items_purchased_type":[],"build_version":"2020-12-22","purchased_purges":0,"victory":false,"max_hp_per_floor":[80,80,80,80,80,80,80,80,80,80,80,80,80,80,80,80,80,80,80,80,90,90,90],"relic_stats":{"counters":[14,46],"Sundial":[6],"obtain_stats":[{"Fiend:Scarf":17,"Sundial":7,"Burning Blood":0,"hubris:Potato":0},{"Fiend:Scarf":11,"Sundial":4,"Burning Blood":0,"hubris:Potato":0},{"Fiend:Scarf":38,"Sundial":12,"Burning Blood":0,"hubris:Potato":0}],"Burning Blood":76},"card_choices":[{"not_picked":["Massacre","Intimidate","Body Slam"],"picked":"SKIP","floor":2},{"not_picked":["StuffTheSpire:RockThrow","Infernal Blade","Clash"],"picked":"SKIP","floor":3},{"not_picked":["StuffTheSpire:RockThrow","Armaments","Run Through"],"picked":"SKIP","floor":4},{"not_picked":["Clash","Perfected Strike"],"picked":"Headbutt","floor":5},{"not_picked":["Searing Blow","StuffTheSpire:Slingshot","ReplayTheSpireMod:Limb From Limb"],"picked":"SKIP","floor":9},{"not_picked":["Run Through","infinitespire:OneForAll"],"picked":"Pommel Strike","floor":10},{"not_picked":["Heavy Blade","Feel No Pain","Clothesline"],"picked":"SKIP","floor":12},{"not_picked":["Iron Wave","Twin Strike"],"picked":"Demon Form","floor":13},{"not_picked":["Headbutt","Flex","Life Link"],"picked":"SKIP","floor":14},{"not_picked":["StuffTheSpire:Resist","Iron Wave"],"picked":"Combust","floor":15},{"not_picked":["Intimidate","Rampage"],"picked":"ReplayTheSpireMod:Muscle Training","floor":19},{"not_picked":["Warcry","Searing Blow+1"],"picked":"Hemokinesis","floor":20}],"player_experience":1461352,"relics_obtained":[{"floor":7,"key":"Sundial"}],"event_choices":[{"cards_removed":["Demon Form"],"damage_healed":16,"gold_gain":0,"player_choice":"Offered Rare","damage_taken":0,"max_hp_gain":10,"max_hp_loss":0,"event_name":"Bonfire Elementals","floor":21,"gold_loss":0}],"is_beta":false,"boss_relics":[{"not_picked":["hubris:Stopwatch","Painkiller Herb"],"picked":"Fiend:Scarf"}],"items_purged_floors":[],"is_endless":false,"potions_floor_spawned":[4,9,13,14,16,20],"killed_by":"Shelled Parasite and Fungi","ascension_level":1}}