{"host":"dalyxm3kpwukgmp4","time":1611555575,"event":{"mods":["AchievementEnabler","Act Like it!","Arknights The Spire","BaseMod","Colored Map","Colored Powertips","Decade(Õı–°√˜)","Hermit","KinomotoSakuraMod(ƒæ÷Æ±æ”£)","Minty Spire (QoL Compilation)","Prisma Mod","Quick Restart","Rare Cards Sparkle","Reimu£®≤©¿ˆ¡È√Œ£©","Remilia£®¿Ÿ√◊¿Ú—«£©","Replay The Spire","Shop Mod","Spicy Shops","StSLib","Td1madao Mod","Waifu the Spire","Youmu£®ªÍ∆«—˝√Œ£©"],"gold_per_floor":[109,109,109,109,125,152,152,172,172,185,113,124,140,173,173,173,173],"floor_reached":16,"language":"ZHS","playtime":3116,"items_purged":[],"score":137,"play_id":"452b2e11-e6a8-4548-b4ae-561ef44f8229","local_time":"20210125141935","is_ascension_mode":false,"campfire_choices":[{"data":"ats:Closed Bolt Burst Fire","floor":7.0,"key":"SMITH"},{"data":"ats:Apocalypse","floor":15,"key":"SMITH"}],"circlet_count":0,"master_deck":["ats:Strike C","ats:Strike G","ats:Strike S","ats:Strike V","ats:Armor Crushing Shot","ats:Defend+1","ats:Defend","ats:Emotion Absorption+1","ats:Curse Doll","ats:Automatic Cover+1","ats:Powerful Strike","ats:Closed Bolt Burst Fire+1","ats:Cat Scratch","ats:Charging Defense","ats:Spore Proliferation","ats:Magnetic Hammer","ats:Apocalypse+1","ats:Support Order"],"relics":["ats:Sanity","NeowsBlessing","ats:Originium","Replay:WaspNest","ReplayFunnel","Replay:Rubber Ducky"],"acts_visited":["Exordium"],"potions_floor_usage":[],"damage_taken":[{"damage":0.0,"enemies":"Cultist","floor":1.0,"turns":1.0},{"damage":0.0,"enemies":"2 Louse","floor":5.0,"turns":1.0},{"damage":0.0,"enemies":"Replay:BlueRogue","floor":6.0,"turns":1.0},{"damage":0,"enemies":"Small Slimes","floor":8,"turns":2},{"damage":0,"enemies":"Exordium Wildlife","floor":10,"turns":2},{"damage":5,"enemies":"Lots of Slimes","floor":12,"turns":3},{"damage":2,"enemies":"3 Louse","floor":13,"turns":2},{"damage":25,"enemies":"3 Sentries","floor":14,"turns":10},{"damage":55,"enemies":"Fading Forest","floor":16,"turns":7}],"seed_played":"-7585305159451060301","potions_obtained":[{"floor":8,"key":"ZuzhouPotion:ReiMu"},{"floor":13,"key":"Venom Potion"},{"floor":14,"key":"Elixir"}],"is_trial":false,"path_per_floor":["M","?","?","?","M","E","R","M","T","M","$","M","M","E","R","B"],"character_chosen":"DOCTOR_CLASS","items_purchased":["ats:Spore Proliferation"],"campfire_rested":0,"item_purchase_floors":[11],"current_hp_per_floor":[72,65,51,51,51,51,51,51,51,51,51,46,44,29,29,0,0],"gold":173,"neow_bonus":"THREE_ENEMY_KILL","is_daily":false,"chose_seed":false,"campfire_upgraded":2,"win_rate":0.0,"timestamp":1611555575,"path_taken":["M","?","?","?","M","E","R","M","T","M","$","M","M","E","R","BOSS"],"items_purchased_type":["Card"],"build_version":"2020-12-22","purchased_purges":0,"victory":false,"max_hp_per_floor":[72,72,72,72,72,72,72,72,72,72,72,72,72,72,72,72,72],"card_choices":[{"not_picked":["ats:Explosion Area Strengthen","ats:Healing Drone"],"picked":"ats:Curse Doll","floor":1.0},{"not_picked":["ats:Composite Medical Shells","ats:Poison Spread"],"picked":"ats:Powerful Strike","floor":5.0},{"not_picked":["ats:Encircling Forest","ats:Defend Order"],"picked":"ats:Closed Bolt Burst Fire","floor":6.0},{"not_picked":["ats:Closed Bolt Burst Fire","ats:Very Hot Blade"],"picked":"ats:Cat Scratch","floor":8},{"not_picked":["ats:Absolute Focus","ats:Very Hot Blade"],"picked":"ats:Charging Defense","floor":10},{"not_picked":["ats:Charging Defense","ats:Closed Bolt Burst Fire"],"picked":"ats:Magnetic Hammer","floor":12},{"not_picked":["ats:Charging Defense","ats:Collapsing Strike"],"picked":"ats:Apocalypse","floor":13},{"not_picked":["ats:Very Hot Blade","ats:True Silver Slash"],"picked":"ats:Support Order","floor":14}],"player_experience":300160,"relics_obtained":[{"floor":6.0,"key":"ats:Originium"},{"floor":6.0,"key":"Replay:WaspNest"},{"floor":9,"key":"ReplayFunnel"},{"floor":14,"key":"ats:Originium"},{"floor":14,"key":"Replay:Rubber Ducky"}],"event_choices":[{"cards_removed":["ats:Defend"],"damage_healed":0.0,"max_hp_gain":0.0,"max_hp_loss":0.0,"gold_gain":0.0,"event_name":"Golden Wing","player_choice":"Card Removal","floor":2.0,"gold_loss":0.0,"damage_taken":7.0},{"damage_healed":0.0,"max_hp_gain":0.0,"max_hp_loss":0.0,"gold_gain":0.0,"event_name":"Shining Light","player_choice":"Entered Light","floor":3.0,"gold_loss":0.0,"damage_taken":14.0,"cards_upgraded":["ats:Defend","ats:Emotion Absorption"]}],"is_beta":false,"boss_relics":[],"items_purged_floors":[],"is_endless":false,"potions_floor_spawned":[8,13,14],"killed_by":"Fading Forest","ascension_level":0}}