{"host":"yzlg3mitc00v31o1","time":1611574399,"event":{"mods":["AchievementEnabler","BaseMod","BetterRewards","DeckTracker","Gold Saver","KOR Keyword Fix","Minty Spire (QoL Compilation)","Remove Card Discount Mod","Spicy Shops","StSLib","SuperFastMode"],"gold_per_floor":[461,480,490,490,502,502,502,513,540,572,588,588,615,615,615,718,718,732,748,768,768,768],"floor_reached":21,"language":"KOR","playtime":910,"items_purged":["Strike_R","Strike_R","Strike_R","Defend_R"],"score":343,"play_id":"7410ad7b-918f-4bda-83bb-dcb4a3f649fb","local_time":"20210125203319","is_ascension_mode":false,"campfire_choices":[{"data":"Rampage","floor":6,"key":"SMITH"},{"floor":15,"key":"REST"}],"circlet_count":0,"master_deck":["Strike_R","Strike_R+1","Defend_R","Defend_R","Bash","Uppercut","Flex","Finesse","Anger","Rampage+1","Warcry","Anger+1","Regret","Rupture","Flex","Fire Breathing","Flex","Sentinel+1"],"relics":["Burning Blood","Pen Nib","Blood Vial","Tiny Chest","Prayer Wheel","SacredBark"],"acts_visited":["Exordium","TheCity"],"potions_floor_usage":[8,19,20,20,21],"damage_taken":[{"damage":1,"enemies":"2 Louse","floor":1,"turns":2},{"damage":0,"enemies":"Cultist","floor":2,"turns":2},{"damage":3,"enemies":"Jaw Worm","floor":3,"turns":3},{"damage":6,"enemies":"3 Louse","floor":5,"turns":4},{"damage":15,"enemies":"Gremlin Gang","floor":8,"turns":2},{"damage":22,"enemies":"Lagavulin","floor":10,"turns":5},{"damage":5,"enemies":"2 Fungi Beasts","floor":11,"turns":4},{"damage":17,"enemies":"Gremlin Nob","floor":13,"turns":3},{"damage":3,"enemies":"Slime Boss","floor":16,"turns":7},{"damage":32,"enemies":"2 Thieves","floor":18,"turns":4},{"damage":21,"enemies":"3 Byrds","floor":19,"turns":3},{"damage":29,"enemies":"Cultist and Chosen","floor":20,"turns":5},{"damage":23,"enemies":"Snecko","floor":21,"turns":4}],"seed_played":"-3937392200791948283","potions_obtained":[{"floor":1,"key":"Explosive Potion"},{"floor":10,"key":"Energy Potion"},{"floor":11,"key":"Swift Potion"},{"floor":18,"key":"Fire Potion"},{"floor":19,"key":"DuplicationPotion"},{"floor":20,"key":"AttackPotion"}],"is_trial":false,"path_per_floor":["M","M","M","?","M","R","?","M","T","E","M","?","E","?","R","B",null,"M","M","M","M"],"character_chosen":"IRONCLAD","items_purchased":["Uppercut","Flex","Finesse","Anger"],"campfire_rested":1,"item_purchase_floors":[0,0,0,0],"current_hp_per_floor":[80,80,80,80,80,80,80,71,71,57,60,44,35,35,59,64,80,54,41,20,0,0],"gold":768,"neow_bonus":"","is_daily":false,"chose_seed":false,"campfire_upgraded":1,"win_rate":0.0,"timestamp":1611574399,"path_taken":["M","M","M","?","M","R","?","?","T","E","M","?","E","?","R","BOSS","M","M","?","M"],"items_purchased_type":["Card","Card","Card","Card"],"build_version":"2020-12-22","purchased_purges":4,"victory":false,"max_hp_per_floor":[80,80,80,80,80,80,80,80,80,80,80,80,80,80,80,80,80,80,80,80,80,80],"card_choices":[{"not_picked":["Wild Strike","Intimidate"],"picked":"Rampage","floor":1},{"not_picked":["Sever Soul","Hemokinesis"],"picked":"Warcry","floor":2},{"not_picked":["Ghostly Armor","Intimidate"],"picked":"Anger","floor":3},{"not_picked":["Thunderclap","Body Slam"],"picked":"Rupture","floor":5},{"not_picked":["Wild Strike","Sword Boomerang"],"picked":"Flex","floor":8},{"not_picked":["Feel No Pain","Headbutt","Intimidate"],"picked":"SKIP","floor":10},{"not_picked":["Combust","Feel No Pain","Whirlwind"],"picked":"SKIP","floor":11},{"not_picked":["Entrench","Rage","Sever Soul"],"picked":"SKIP","floor":13},{"not_picked":["Feel No Pain","Headbutt+1"],"picked":"Flex","floor":18},{"not_picked":["Headbutt","Body Slam","Twin Strike"],"picked":"SKIP","floor":18},{"not_picked":["Flame Barrier","Anger+1"],"picked":"Sentinel+1","floor":19},{"not_picked":["Berserk","Sword Boomerang","Sentinel"],"picked":"SKIP","floor":19},{"not_picked":["Sever Soul","Thunderclap","Clothesline"],"picked":"SKIP","floor":20},{"not_picked":["Havoc+1","Cleave","Sentinel"],"picked":"SKIP","floor":20}],"player_experience":74343,"relics_obtained":[{"floor":9,"key":"Blood Vial"},{"floor":10,"key":"Tiny Chest"},{"floor":13,"key":"Prayer Wheel"}],"event_choices":[{"damage_healed":0,"gold_gain":0,"player_choice":"Box","damage_taken":0,"relics_obtained":["Pen Nib"],"max_hp_gain":0,"max_hp_loss":0,"event_name":"Big Fish","floor":4,"gold_loss":0,"cards_obtained":["Regret"]},{"damage_healed":0,"gold_gain":0,"player_choice":"0 cards matched","damage_taken":0,"max_hp_gain":0,"max_hp_loss":0,"event_name":"Match and Keep!","floor":7,"gold_loss":0,"cards_obtained":[]},{"damage_healed":0,"gold_gain":0,"player_choice":"Entered Light","damage_taken":16,"max_hp_gain":0,"max_hp_loss":0,"event_name":"Shining Light","floor":12,"gold_loss":0,"cards_upgraded":["Strike_R","Anger"]},{"damage_healed":0,"gold_gain":0,"cards_transformed":["Defend_R"],"player_choice":"Transformed","damage_taken":0,"max_hp_gain":0,"max_hp_loss":0,"event_name":"Transmorgrifier","floor":14,"gold_loss":0,"cards_obtained":["Fire Breathing"]}],"is_beta":false,"boss_relics":[{"not_picked":["Astrolabe","Tiny House"],"picked":"SacredBark"}],"items_purged_floors":[0,0,0,0],"is_endless":false,"potions_floor_spawned":[1,10,11,18,19,20],"killed_by":"Snecko","ascension_level":0}}