{"host":"09xy7x44mql7nhdq","time":1611592249,"event":{"mods":["AchievementEnabler","BaseMod","Colored Map","Colored Powertips","Filter the Spire","Minty Spire (QoL Compilation)","Quick Restart","Relic Stats","Slay the Relics Exporter","everything is the same but u backflip on backflip","ojb\u0027s Better Paths Mod","slay the spire mod where everything is the same but ironclad has a cowboy hat"],"gold_per_floor":[110,124,124,49,49,80,80,99,122,122,140,158,185,204,204,204,204],"floor_reached":16,"language":"ENG","playtime":1407,"items_purged":[],"score":224,"play_id":"4501b06e-faea-4b79-b4d7-157620834192","local_time":"20210125113049","is_ascension_mode":true,"campfire_choices":[{"data":"Fission","floor":7,"key":"SMITH"},{"data":"Reinforced Body","floor":10,"key":"SMITH"},{"data":"Doom and Gloom","floor":15,"key":"SMITH"}],"circlet_count":0,"master_deck":["AscendersBane","Zap","Dualcast","Leap","Lockon","Echo Form","Multi-Cast","Capacitor","Meteor Strike","Fission+1","Recycle","Reinforced Body+1","Doom and Gloom+1","Conserve Battery","Redo","BootSequence","Chill","Double Energy","Sunder","Chill"],"relics":["Pandora\u0027s Box","Nunchaku","Bronze Scales","Meat on the Bone"],"acts_visited":["Exordium"],"potions_floor_usage":[12],"damage_taken":[{"damage":15.0,"enemies":"2 Louse","floor":1.0,"turns":3.0},{"damage":2,"enemies":"Cultist","floor":2,"turns":4},{"damage":1,"enemies":"Lagavulin","floor":6,"turns":6},{"damage":4,"enemies":"Small Slimes","floor":8,"turns":4},{"damage":8,"enemies":"Blue Slaver","floor":11,"turns":4},{"damage":0,"enemies":"Gremlin Gang","floor":12,"turns":1},{"damage":20,"enemies":"3 Sentries","floor":13,"turns":9},{"damage":2,"enemies":"Looter","floor":14,"turns":3},{"damage":38,"enemies":"Slime Boss","floor":16,"turns":3}],"seed_played":"-159834546011439490","potions_obtained":[{"floor":1.0,"key":"SpeedPotion"},{"floor":2,"key":"Explosive Potion"},{"floor":5,"key":"SteroidPotion"},{"floor":14,"key":"FocusPotion"}],"is_trial":false,"path_per_floor":["M","M","?","$","?","E","R","M","T","R","M","M","E","M","R","B"],"character_chosen":"DEFECT","items_purchased":["Conserve Battery","Redo"],"campfire_rested":0,"item_purchase_floors":[4,4],"current_hp_per_floor":[49,47,47,47,47,46,46,42,42,42,34,34,14,24,24,0,0],"gold":204,"neow_bonus":"BOSS_RELIC","is_daily":false,"chose_seed":false,"campfire_upgraded":3,"win_rate":0.0,"timestamp":1611592249,"path_taken":["M","M","?","$","?","E","R","M","T","R","?","?","E","M","R","BOSS"],"items_purchased_type":["Card","Card"],"build_version":"2020-12-22","purchased_purges":0,"victory":false,"max_hp_per_floor":[71,71,71,71,71,71,71,71,71,71,71,71,71,71,71,71,71],"relic_stats":{"Nunchaku":[1],"counters":[9,37],"Bronze Scales":[42],"Pandora\u0027s Box":["Leap","Lockon","Echo Form","Multi-Cast","Capacitor","Meteor Strike","Fission","Recycle"],"obtain_stats":[{"Nunchaku":6,"Bronze Scales":9,"Pandora\u0027s Box":0,"Cracked Core":0,"Meat on the Bone":13},{"Nunchaku":3,"Bronze Scales":4,"Pandora\u0027s Box":0,"Cracked Core":0,"Meat on the Bone":7},{"Nunchaku":13,"Bronze Scales":17,"Pandora\u0027s Box":0,"Cracked Core":0,"Meat on the Bone":31}],"Meat on the Bone":12},"card_choices":[{"not_picked":["Hologram","Rebound"],"picked":"Reinforced Body","floor":1.0},{"not_picked":["White Noise","Scrape"],"picked":"Doom and Gloom","floor":2},{"not_picked":["Rip and Tear","Force Field"],"picked":"BootSequence","floor":6},{"not_picked":["Steam","Scrape"],"picked":"Chill","floor":8},{"not_picked":["Stack","Rainbow","Streamline"],"picked":"SKIP","floor":11},{"not_picked":["Reprogram","Streamline"],"picked":"Double Energy","floor":12},{"not_picked":["Static Discharge","Barrage"],"picked":"Sunder","floor":13},{"not_picked":["Beam Cell","Go for the Eyes"],"picked":"Chill","floor":14}],"player_experience":1091782,"relics_obtained":[{"floor":6,"key":"Nunchaku"},{"floor":9,"key":"Bronze Scales"},{"floor":13,"key":"Meat on the Bone"}],"event_choices":[{"damage_healed":0,"gold_gain":0,"player_choice":"Ignored","damage_taken":0,"max_hp_gain":0,"max_hp_loss":0,"event_name":"Shining Light","floor":3,"gold_loss":0},{"damage_healed":0,"gold_gain":0,"player_choice":"Got Potions","damage_taken":0,"max_hp_gain":0,"max_hp_loss":0,"event_name":"Lab","floor":5,"gold_loss":0}],"is_beta":false,"boss_relics":[],"items_purged_floors":[],"is_endless":false,"potions_floor_spawned":[1,2,6,14],"killed_by":"Slime Boss","ascension_level":20}}