{"host":"vumwfieg2b2mnrfl","time":1611614206,"event":{"mods":["AchievementEnabler","BaseMod","Minty Spire (QoL Compilation)","Rare Cards Sparkle","Relic Stats"],"gold_per_floor":[110,110,129,44,44,79,94,119,146,173,173,208,225,235,235,235,235],"floor_reached":16,"language":"ENG","playtime":359,"items_purged":[],"score":276,"play_id":"8b8764c9-d4d1-49c9-9026-0e07ab17d7cc","local_time":"20210125163646","is_ascension_mode":true,"campfire_choices":[{"data":"Uppercut","floor":11,"key":"SMITH"},{"data":"Armaments","floor":15,"key":"SMITH"}],"circlet_count":0,"master_deck":["AscendersBane","Strike_R","Strike_R","Strike_R","Strike_R","Defend_R","Defend_R","Defend_R","Defend_R","Bash","Uppercut+1","Flame Barrier","Cleave","Hemokinesis","Armaments+1","Juggernaut"],"relics":["Burning Blood","NeowsBlessing","Ancient Tea Set","Juzu Bracelet","Odd Mushroom","Boot","Anchor","Strawberry"],"acts_visited":["Exordium"],"potions_floor_usage":[12,16],"damage_taken":[{"damage":0.0,"enemies":"Small Slimes","floor":1.0,"turns":1.0},{"damage":0.0,"enemies":"Jaw Worm","floor":3.0,"turns":1.0},{"damage":0.0,"enemies":"3 Sentries","floor":6.0,"turns":2.0},{"damage":3.0,"enemies":"2 Louse","floor":7.0,"turns":3.0},{"damage":0.0,"enemies":"The Mushroom Lair","floor":8.0,"turns":3.0},{"damage":32,"enemies":"Gremlin Nob","floor":10,"turns":4},{"damage":27,"enemies":"Lagavulin","floor":12,"turns":7},{"damage":10,"enemies":"Large Slime","floor":13,"turns":6},{"damage":0,"enemies":"2 Fungi Beasts","floor":14,"turns":4},{"damage":41,"enemies":"Slime Boss","floor":16,"turns":7}],"seed_played":"8808253065382280800","potions_obtained":[{"floor":3.0,"key":"SteroidPotion"},{"floor":6.0,"key":"Ancient Potion"},{"floor":7.0,"key":"Explosive Potion"},{"floor":12,"key":"EssenceOfSteel"},{"floor":14,"key":"SpeedPotion"}],"is_trial":false,"path_per_floor":["M","?","M","$","?","E","M","?","T","E","R","E","M","M","R","B"],"character_chosen":"IRONCLAD","items_purchased":["Flame Barrier"],"campfire_rested":0,"item_purchase_floors":[4],"current_hp_per_floor":[74,67,73,73,62,68,71,75,75,49,49,35,31,37,37,0,0],"gold":235,"neow_bonus":"THREE_ENEMY_KILL","is_daily":false,"chose_seed":false,"campfire_upgraded":2,"win_rate":0.0,"timestamp":1611614206,"path_taken":["M","?","M","$","?","E","M","?","T","E","R","E","M","M","R","BOSS"],"items_purchased_type":["Card"],"build_version":"2020-12-22","purchased_purges":0,"victory":false,"max_hp_per_floor":[75,75,75,75,75,75,75,75,75,75,75,82,82,82,82,82,82],"relic_stats":{"counters":[10,38],"Juzu Bracelet":0,"Boot":[0],"obtain_stats":[{"Anchor":10,"NeowsBlessing":0,"Strawberry":12,"Juzu Bracelet":6,"Odd Mushroom":8,"Ancient Tea Set":5,"Boot":9,"Burning Blood":0},{"Anchor":6,"NeowsBlessing":0,"Strawberry":7,"Juzu Bracelet":3,"Odd Mushroom":5,"Ancient Tea Set":2,"Boot":5,"Burning Blood":0},{"Anchor":14,"NeowsBlessing":0,"Strawberry":21,"Juzu Bracelet":4,"Odd Mushroom":10,"Ancient Tea Set":2,"Boot":10,"Burning Blood":0}],"Burning Blood":52},"card_choices":[{"not_picked":["Sword Boomerang","Burning Pact"],"picked":"Uppercut","floor":1.0},{"not_picked":["Sword Boomerang","Burning Pact","Twin Strike"],"picked":"SKIP","floor":3.0},{"not_picked":["Burning Pact","Sword Boomerang","Perfected Strike"],"picked":"SKIP","floor":6.0},{"not_picked":["Clash","Flex"],"picked":"Cleave","floor":7.0},{"not_picked":["Perfected Strike","Second Wind"],"picked":"Hemokinesis","floor":8.0},{"not_picked":["Sword Boomerang","Iron Wave","Wild Strike"],"picked":"SKIP","floor":10},{"not_picked":["Iron Wave","Warcry","Clash"],"picked":"SKIP","floor":12},{"not_picked":["Cleave","Inflame"],"picked":"Armaments","floor":13},{"not_picked":["Twin Strike","Disarm"],"picked":"Juggernaut","floor":14}],"player_experience":458710,"relics_obtained":[{"floor":6.0,"key":"Juzu Bracelet"},{"floor":8.0,"key":"Odd Mushroom"},{"floor":9.0,"key":"Boot"},{"floor":10,"key":"Anchor"},{"floor":12,"key":"Strawberry"}],"event_choices":[{"cards_removed":["Strike_R"],"damage_healed":0.0,"max_hp_gain":0.0,"max_hp_loss":0.0,"gold_gain":0.0,"event_name":"Golden Wing","player_choice":"Card Removal","floor":2.0,"gold_loss":0.0,"damage_taken":7.0},{"damage_healed":0.0,"max_hp_gain":0.0,"max_hp_loss":0.0,"gold_gain":0.0,"event_name":"Scrap Ooze","player_choice":"Success","floor":5.0,"gold_loss":0.0,"damage_taken":11.0,"relics_obtained":["Ancient Tea Set"]},{"damage_healed":0.0,"max_hp_gain":0.0,"max_hp_loss":0.0,"gold_gain":0.0,"event_name":"Mushrooms","player_choice":"Fought Mushrooms","floor":8.0,"gold_loss":0.0,"damage_taken":0.0}],"is_beta":false,"boss_relics":[],"items_purged_floors":[],"is_endless":false,"potions_floor_spawned":[3,6,7,12,14],"killed_by":"Slime Boss","ascension_level":18}}