{"host":"uvmuduost5bzvojs","time":1611536815,"event":{"mods":["Aspiration","Bard","BaseMod","Better Match","Block Reminder","Conspire","Hermit","Highlight Path","Hubris","Infinite Spire","Jorbs\u0027s Wanderer Trilogy","Mad Scientist","Marisa????????","Mimic Mod","Minty Spire (QoL Compilation)","Potionbrewer","Replay The Spire","Robot Space Explorer","StSLib","The Blackbeard","The Construct","The Cursed","The Disciple","The Hayseed","The Hierophant","The Juggle","The Jungle","The Poker Player","The Runesmith","The Servant 0.9.4","The Spell Scribe","The Valiant","TheBandit"],"gold_per_floor":[368,380,70,88,74,103,118,118,157,170,230,241,171,188,188,284,284,297,311,36,36,36,36,71,96,129,129,129],"floor_reached":27,"language":"ENG","playtime":2293,"items_purged":["ReplayTheSpireMod:Doomed","Overencumbered","Runesmith:Strike_RS"],"score":260,"play_id":"a6b429d0-e6dd-4b74-a18f-6cccd317327d","local_time":"20210124200655","is_ascension_mode":false,"campfire_choices":[{"floor":8,"key":"REST"},{"floor":15,"key":"REST"},{"floor":23,"key":"REST"}],"circlet_count":0,"master_deck":["Runesmith:LithiumIon","Runesmith:Strike_RS","Runesmith:Strike_RS","Runesmith:Strike_RS","Runesmith:Defend_RS","Runesmith:Defend_RS","Runesmith:Defend_RS","Runesmith:Defend_RS","Runesmith:CraftFirestone","Runesmith:Fortify","Runesmith:Repurpose","Runesmith:BackupBattery","Runesmith:LithiumIon","Runesmith:LightningRod+1","Runesmith:FrozenChisel+1","Runesmith:HammerAndChisel","Runesmith:CraftMagma","Runesmith:Terraform","Runesmith:RuneHurl","Runesmith:ChaoticBlast","Runesmith:PoweredAnvil","Runesmith:CraftMagma","Runesmith:CreatorForm+1","Runesmith:Grindstone","Runesmith:Malloc+1"],"relics":["Runesmith:BrokenRuby","aspiration:FrozenJewel","Runesmith:EmergencyProvisions","construct:RocketBooster","ReplayTheSpireMod:CursedCoin","conspire:SeveredTorchhead","Guide Book","Bottled Lightning","construct:FoamFinger","InkBottle"],"acts_visited":["Exordium","TheCity"],"potions_floor_usage":[5,11,12,16],"damage_taken":[{"damage":2,"enemies":"2 Louse","floor":1,"turns":4},{"damage":10,"enemies":"Jaw Worm","floor":2,"turns":5},{"damage":0,"enemies":"Small Slimes","floor":4,"turns":3},{"damage":10,"enemies":"Exordium Thugs","floor":5,"turns":4},{"damage":38,"enemies":"3 Sentries","floor":6,"turns":10},{"damage":8,"enemies":"Looter","floor":7,"turns":4},{"damage":0,"enemies":"3 Louse","floor":9,"turns":6},{"damage":2,"enemies":"3 Louse","floor":10,"turns":4},{"damage":14,"enemies":"Lagavulin Event","floor":11,"turns":7},{"damage":0,"enemies":"Lots of Slimes","floor":12,"turns":5},{"damage":4,"enemies":"Blue Slaver","floor":14,"turns":4},{"damage":13,"enemies":"Hexaghost","floor":16,"turns":10},{"damage":27,"enemies":"2 Thieves","floor":18,"turns":5},{"damage":8,"enemies":"Chosen","floor":19,"turns":7},{"damage":9,"enemies":"Snecko","floor":24,"turns":6},{"damage":21,"enemies":"Nightmare","floor":25,"turns":10},{"damage":4,"enemies":"Snecko","floor":26,"turns":6},{"damage":12,"enemies":"conspire:SneckoGhost","floor":27,"turns":2}],"seed_played":"248384108730228306","potions_obtained":[{"floor":2,"key":"Explosive Potion"},{"floor":6,"key":"Elixir"},{"floor":10,"key":"BlessingOfTheForge"},{"floor":11,"key":"Block Potion"},{"floor":12,"key":"AttackPotion"},{"floor":19,"key":"potionbrewer:DiscountPotion"}],"is_trial":false,"path_per_floor":["M","M","$","M","M","E","M","R","MIM","M","?","M","$","M","R","B",null,"M","M","$","?","?","R","MIM","NM","MIM","E"],"character_chosen":"RUNESMITH_CLASS","items_purchased":["Runesmith:LithiumIon","Runesmith:LightningRod","Runesmith:FrozenChisel","ReplayTheSpireMod:CursedCoin","Runesmith:PoweredAnvil","Runesmith:CraftMagma","Guide Book"],"campfire_rested":3,"item_purchase_floors":[3,3,3,13,13,13,20],"current_hp_per_floor":[68,58,58,58,48,10,2,23,23,21,7,7,7,3,24,11,70,43,35,35,22,22,44,35,14,10,0,0],"gold":129,"neow_bonus":"TWO_FIFTY_GOLD","is_daily":false,"chose_seed":false,"campfire_upgraded":0,"win_rate":0.0,"timestamp":1611536815,"path_taken":["M","M","$","M","M","E","M","R","MIM","M","?","M","$","M","R","BOSS","M","M","$","?","?","R","?","NM","MIM","E"],"items_purchased_type":["Card","Card","Card","Relic","Card","Card","Relic"],"build_version":"2020-12-22","purchased_purges":3,"victory":false,"max_hp_per_floor":[70,70,70,70,70,70,70,70,70,70,70,70,70,70,70,70,70,70,70,70,75,75,75,75,75,75,75,75],"card_choices":[{"not_picked":["Runesmith:HammerThrow","Runesmith:HeatedChisel"],"picked":"Runesmith:Repurpose","floor":1},{"not_picked":["Runesmith:Overpower","Runesmith:MakeshiftArmor"],"picked":"Runesmith:BackupBattery","floor":2},{"not_picked":["Runesmith:Repurpose","Runesmith:Overpower"],"picked":"Runesmith:HammerAndChisel","floor":4},{"not_picked":["Runesmith:ChiselStab","Runesmith:HeatExchange","Runesmith:MakeshiftArmor"],"picked":"SKIP","floor":5},{"not_picked":["Runesmith:Grindstone","Runesmith:NanitesCloud","Runesmith:GrandSlam"],"picked":"SKIP","floor":6},{"not_picked":["Runesmith:HeatedChisel","Runesmith:FieryHammer"],"picked":"Runesmith:CraftMagma","floor":7},{"not_picked":["Runesmith:HammerTime","Runesmith:Overpower"],"picked":"Runesmith:Terraform","floor":9},{"not_picked":["Runesmith:HeatExchange","Runesmith:NanitesCloud"],"picked":"Runesmith:RuneHurl","floor":10},{"not_picked":["Runesmith:EarthShield","Runesmith:LastStand"],"picked":"Runesmith:ChaoticBlast","floor":12},{"not_picked":["Runesmith:ChiselStab","Runesmith:HammerThrow","Runesmith:EarthShield"],"picked":"SKIP","floor":14},{"not_picked":["Runesmith:CraftMedicinae","Runesmith:LightningRod"],"picked":"Runesmith:CreatorForm","floor":16},{"not_picked":["Runesmith:HeatedChisel+1","Runesmith:Malloc","Runesmith:HammerThrow"],"picked":"SKIP","floor":18},{"not_picked":["Runesmith:BackupBattery","Runesmith:EnergizedChisel+1","Runesmith:ChiselStab"],"picked":"SKIP","floor":19},{"not_picked":["Runesmith:MetallurgicalResearch","Runesmith:Discharge"],"picked":"Runesmith:Grindstone","floor":24},{"not_picked":["Runesmith:FieryHammer","Runesmith:StaticCage","Runesmith:EnergizedChisel"],"picked":"SKIP","floor":25},{"not_picked":["Runesmith:FieryHammer","Runesmith:StaticCage","Runesmith:EnergizedChisel"],"picked":"SKIP","floor":25},{"not_picked":["Runesmith:DoubleUp+1","Runesmith:CraftMagma"],"picked":"Runesmith:Malloc+1","floor":26}],"player_experience":1776100,"relics_obtained":[{"floor":6,"key":"aspiration:FrozenJewel"},{"floor":9,"key":"Runesmith:EmergencyProvisions"},{"floor":11,"key":"construct:RocketBooster"},{"floor":24,"key":"Bottled Lightning"},{"floor":25,"key":"construct:FoamFinger"},{"floor":26,"key":"InkBottle"}],"event_choices":[{"damage_healed":0,"gold_gain":0,"player_choice":"Searched \u00272\u0027 times","damage_taken":0,"max_hp_gain":0,"max_hp_loss":0,"event_name":"Dead Adventurer","floor":11,"gold_loss":0},{"damage_healed":0,"gold_gain":0,"player_choice":"Shed Blood","damage_taken":18,"max_hp_gain":5,"max_hp_loss":0,"event_name":"Forgotten Altar","floor":21,"gold_loss":0},{"damage_healed":0,"gold_gain":0,"player_choice":"Leave","damage_taken":0,"max_hp_gain":0,"max_hp_loss":0,"event_name":"conspire:Investor","floor":22,"gold_loss":0}],"is_beta":false,"boss_relics":[{"not_picked":["hubris:GrandSneckoEye","Tiny House"],"picked":"conspire:SeveredTorchhead"}],"items_purged_floors":[3,13,20],"is_endless":true,"potions_floor_spawned":[2,6,10,11,12,19],"killed_by":"conspire:SneckoGhost","ascension_level":0}}