{"host":"hwrdjx5eod2cxh09","time":1611569507,"event":{"mods":["AchievementEnabler","BaseMod","Bestiary","Minty Spire (QoL Compilation)","Relic Stats"],"gold_per_floor":[114,189,189,207,107,126,158,158,184,214,214,224,240,258,258,357,357,371,371,385,89,89,89],"floor_reached":22,"language":"ENG","playtime":630,"items_purged":["Strike_R","Strike_R"],"score":196,"play_id":"b901a7a1-7d41-4609-b9a9-55ee38d3b59e","local_time":"20210125191147","is_ascension_mode":false,"campfire_choices":[{"floor":8.0,"key":"REST"},{"data":"Demon Form","floor":15.0,"key":"SMITH"}],"circlet_count":0,"master_deck":["Strike_R","Strike_R","Strike_R","Defend_R+1","Defend_R","Defend_R","Bash+1","Twin Strike","Perfected Strike","Pommel Strike","Evolve","Feel No Pain","Demon Form+1","Limit Break","Fire Breathing"],"relics":["Burning Blood","Anchor"],"acts_visited":["Exordium","TheCity"],"potions_floor_usage":[],"damage_taken":[{"damage":2.0,"enemies":"Small Slimes","floor":1.0,"turns":4.0},{"damage":0.0,"enemies":"2 Louse","floor":4.0,"turns":3.0},{"damage":6.0,"enemies":"Jaw Worm","floor":6.0,"turns":2.0},{"damage":57.0,"enemies":"Lagavulin","floor":7.0,"turns":8.0},{"damage":6.0,"enemies":"Gremlin Nob","floor":10.0,"turns":3.0},{"damage":21.0,"enemies":"Gremlin Gang","floor":12.0,"turns":5.0},{"damage":0.0,"enemies":"Large Slime","floor":13.0,"turns":4.0},{"damage":5.0,"enemies":"2 Fungi Beasts","floor":14.0,"turns":3.0},{"damage":35.0,"enemies":"Hexaghost","floor":16.0,"turns":8.0},{"damage":43.0,"enemies":"Spheric Guardian","floor":18.0,"turns":6.0},{"damage":10,"enemies":"Chosen","floor":20,"turns":4},{"damage":40,"enemies":"Snake Plant","floor":22,"turns":5}],"seed_played":"4077142739865224725","potions_obtained":[{"floor":7.0,"key":"GamblersBrew"},{"floor":10.0,"key":"DistilledChaos"},{"floor":12.0,"key":"Regen Potion"},{"floor":13.0,"key":"LiquidBronze"},{"floor":16.0,"key":"SteroidPotion"}],"is_trial":false,"path_per_floor":["M","?","?","M","$","M","E","R","T","E","?","M","M","M","R","B",null,"M","?","M","$","M"],"character_chosen":"IRONCLAD","items_purchased":["Pommel Strike","Anchor","BloodPotion"],"campfire_rested":1,"item_purchase_floors":[5,21,21],"current_hp_per_floor":[88,77,59,65,65,65,14,40,40,40,40,25,31,32,32,17,88,51,51,47,47,7,7],"gold":89,"neow_bonus":"TEN_PERCENT_HP_BONUS","is_daily":false,"chose_seed":false,"campfire_upgraded":1,"win_rate":0.0,"timestamp":1611569507,"path_taken":["M","?","?","M","$","M","E","R","T","E","?","?","M","M","R","BOSS","M","?","M","$","M"],"items_purchased_type":["Card","Relic","Potion"],"build_version":"2020-12-22","purchased_purges":2,"victory":false,"max_hp_per_floor":[88,88,88,88,88,88,88,88,88,88,88,88,88,88,88,88,88,88,88,88,88,88,88],"relic_stats":{"counters":[12,55],"obtain_stats":[{"Anchor":21,"Burning Blood":0},{"Anchor":11,"Burning Blood":0},{"Anchor":50,"Burning Blood":0}],"Burning Blood":62},"card_choices":[{"not_picked":["Warcry","Rupture"],"picked":"Twin Strike","floor":1.0},{"not_picked":["Warcry","Havoc"],"picked":"Perfected Strike","floor":4.0},{"not_picked":["Iron Wave","Fire Breathing","Dark Embrace"],"picked":"SKIP","floor":6.0},{"not_picked":["Twin Strike","Searing Blow","Seeing Red"],"picked":"SKIP","floor":7.0},{"not_picked":["True Grit","Iron Wave"],"picked":"Evolve","floor":10.0},{"not_picked":["Sever Soul","Flex"],"picked":"Feel No Pain","floor":12.0},{"not_picked":["Headbutt","Body Slam","Infernal Blade"],"picked":"SKIP","floor":13.0},{"not_picked":["Reckless Charge","Body Slam"],"picked":"Demon Form","floor":14.0},{"not_picked":["Impervious","Berserk"],"picked":"Limit Break","floor":16.0},{"not_picked":["Flex","Sword Boomerang","Thunderclap"],"picked":"SKIP","floor":18.0},{"not_picked":["Clash+1","Feel No Pain"],"picked":"Fire Breathing","floor":20}],"player_experience":293011,"relics_obtained":[],"event_choices":[{"damage_healed":0.0,"max_hp_gain":0.0,"max_hp_loss":0.0,"gold_gain":75.0,"event_name":"World of Goop","player_choice":"Gather Gold","floor":2.0,"gold_loss":0.0,"damage_taken":11.0},{"damage_healed":0.0,"max_hp_gain":0.0,"max_hp_loss":0.0,"gold_gain":0.0,"event_name":"Shining Light","player_choice":"Entered Light","floor":3.0,"gold_loss":0.0,"damage_taken":18.0,"cards_upgraded":["Bash","Defend_R"]},{"cards_removed":["Defend_R"],"damage_healed":0.0,"max_hp_gain":0.0,"max_hp_loss":0.0,"gold_gain":0.0,"event_name":"Purifier","player_choice":"Purged","floor":11.0,"gold_loss":0.0,"damage_taken":0.0},{"damage_healed":0,"gold_gain":0,"player_choice":"Ignored","damage_taken":0,"max_hp_gain":0,"max_hp_loss":0,"event_name":"Cursed Tome","floor":19,"gold_loss":0}],"is_beta":false,"boss_relics":[{"not_picked":["Runic Dome","Tiny House","Mark of Pain"]}],"items_purged_floors":[5,21],"is_endless":false,"potions_floor_spawned":[7,10,12,13,16],"killed_by":"Snake Plant","ascension_level":0}}