{"host":"3h5qf14xt40jhha0","time":1611537929,"event":{"mods":["AlwaysNeverKeys","BaseMod","Colored Powertips","Minty Spire (QoL Compilation)","Permanent Neow","Relic Stats","StSLib"],"gold_per_floor":[112,125,125,139,139,139,174,190,190,190,233,256,256,256,256],"floor_reached":14,"language":"ENG","playtime":529,"items_purged":[],"score":200,"play_id":"c4a3b020-2212-4a8a-b4aa-f63eface3af5","local_time":"20210124202529","is_ascension_mode":true,"campfire_choices":[{"data":"Dagger Spray","floor":6,"key":"SMITH"}],"circlet_count":0,"master_deck":["AscendersBane","Strike_G","Strike_G","Strike_G","Strike_G","Defend_G","Defend_G","Defend_G","Defend_G","Survivor","Neutralize","Dagger Spray+1","Dagger Throw","Slice","Glass Knife","Underhanded Strike"],"relics":["Empty Cage","Golden Idol","Bag of Preparation","Question Card","Ice Cream"],"acts_visited":["Exordium"],"potions_floor_usage":[7,11,12],"damage_taken":[{"damage":5,"enemies":"Small Slimes","floor":1,"turns":6},{"damage":1,"enemies":"Jaw Worm","floor":2,"turns":5},{"damage":1,"enemies":"2 Louse","floor":4,"turns":2},{"damage":48,"enemies":"Gremlin Nob","floor":7,"turns":5},{"damage":3,"enemies":"Large Slime","floor":8,"turns":4},{"damage":9,"enemies":"3 Sentries","floor":11,"turns":5},{"damage":0,"enemies":"Gremlin Gang","floor":12,"turns":2},{"damage":6,"enemies":"Gremlin Nob","floor":14,"turns":2}],"seed_played":"6049840919690944574","potions_obtained":[{"floor":1,"key":"Block Potion"},{"floor":4,"key":"Regen Potion"},{"floor":11,"key":"GamblersBrew"}],"is_trial":false,"path_per_floor":["M","M","?","M","?","R","E","M","T","?","E","M","?","E"],"character_chosen":"THE_SILENT","items_purchased":[],"campfire_rested":0,"item_purchase_floors":[],"current_hp_per_floor":[54,53,53,52,52,52,17,14,14,14,5,5,5,0,0],"gold":256,"neow_bonus":"BOSS_RELIC","is_daily":false,"chose_seed":false,"campfire_upgraded":1,"win_rate":0.0,"timestamp":1611537929,"path_taken":["M","M","?","M","?","R","E","M","T","?","E","M","?","E"],"items_purchased_type":[],"build_version":"2020-12-22","purchased_purges":0,"victory":false,"max_hp_per_floor":[66,66,60,60,60,60,60,60,60,60,60,60,60,60,60],"relic_stats":{"counters":[8,31],"Golden Idol":27,"Bag of Preparation":[8],"Question Card":2,"obtain_stats":[{"Ice Cream":11,"Golden Idol":3,"Bag of Preparation":7,"Empty Cage":0,"Question Card":9,"Ring of the Snake":0},{"Ice Cream":6,"Golden Idol":2,"Bag of Preparation":4,"Empty Cage":0,"Question Card":5,"Ring of the Snake":0},{"Ice Cream":27,"Golden Idol":11,"Bag of Preparation":18,"Empty Cage":0,"Question Card":22,"Ring of the Snake":0}]},"card_choices":[{"not_picked":["Finisher","Tactician"],"picked":"Dagger Spray","floor":1},{"not_picked":["Deflect","Outmaneuver","Choke"],"picked":"SKIP","floor":2},{"not_picked":["Deflect","Well Laid Plans"],"picked":"Dagger Throw","floor":4},{"not_picked":["Bouncing Flask","Prepared"],"picked":"Slice","floor":7},{"not_picked":["Blur","Leg Sweep"],"picked":"Glass Knife","floor":8},{"not_picked":["Caltrops","Bane","Dodge and Roll","Prepared"],"picked":"SKIP","floor":11},{"not_picked":["Eviscerate","Well Laid Plans","Poisoned Stab"],"picked":"Underhanded Strike","floor":12}],"player_experience":1384538,"relics_obtained":[{"floor":7,"key":"Bag of Preparation"},{"floor":9,"key":"Question Card"},{"floor":11,"key":"Ice Cream"}],"event_choices":[{"damage_healed":0,"gold_gain":0,"player_choice":"Lose Max HP","damage_taken":0,"relics_obtained":["Golden Idol"],"max_hp_gain":0,"max_hp_loss":6,"event_name":"Golden Idol","floor":3,"gold_loss":0},{"damage_healed":0,"gold_gain":0,"player_choice":"Ignored","damage_taken":0,"max_hp_gain":0,"max_hp_loss":0,"event_name":"Liars Game","floor":5,"gold_loss":0},{"damage_healed":0,"gold_gain":0,"player_choice":"Ignored","damage_taken":0,"max_hp_gain":0,"max_hp_loss":0,"event_name":"Golden Wing","floor":10,"gold_loss":0},{"damage_healed":0,"gold_gain":0,"player_choice":"Ignored","damage_taken":0,"max_hp_gain":0,"max_hp_loss":0,"event_name":"Shining Light","floor":13,"gold_loss":0}],"is_beta":false,"boss_relics":[],"items_purged_floors":[],"is_endless":false,"potions_floor_spawned":[1,4,11],"killed_by":"Gremlin Nob","ascension_level":20}}