{"host":"c5j8t0wyh2hvx9ju","time":1611548744,"event":{"mods":["Act Like it!","Astrologer","BaseMod","BetterRewards","Gensokyo","Minty Spire (QoL Compilation)","Prisma Mod","StSLib"],"gold_per_floor":[114,130,130,130,130,157,157,192,192,192,205,222,222,72,72,72,72],"floor_reached":16,"language":"JPN","playtime":609,"items_purged":[],"score":156,"play_id":"578b7c79-3e39-41f7-b7a4-fd42338b755e","local_time":"20210125132544","is_ascension_mode":true,"campfire_choices":[{"data":"Vigilance","floor":7.0,"key":"SMITH"},{"data":"Sanctity","floor":10,"key":"SMITH"},{"data":"WheelKick","floor":15,"key":"SMITH"}],"circlet_count":0,"master_deck":["Strike_P","Strike_P","Strike_P","Strike_P","Defend_P","Defend_P","Defend_P","Defend_P","Eruption+1","Indignation","Sanctity+1","Consecrate","WheelKick+1","Vengeance","Gensokyo:DepletedGenerator","Gensokyo:ScrapIron","Gensokyo:TarnishedGold"],"relics":["PureWater","NeowsBlessing","Pear","The Courier","Mummified Hand","Yang","Gensokyo:Justice"],"acts_visited":["Exordium"],"potions_floor_usage":[16,16],"damage_taken":[{"damage":0.0,"enemies":"Gensokyo:Python","floor":1.0,"turns":1.0},{"damage":0.0,"enemies":"Gensokyo:3_Fairies","floor":2.0,"turns":2.0},{"damage":0.0,"enemies":"Gensokyo:Mamizou","floor":6.0,"turns":2.0},{"damage":33,"enemies":"Gensokyo:Cirno","floor":8,"turns":6},{"damage":2,"enemies":"Gensokyo:2_Kodama","floor":11,"turns":4},{"damage":0,"enemies":"Gensokyo:LivingMonolith","floor":12,"turns":2},{"damage":74,"enemies":"Gensokyo:Yukari","floor":16,"turns":5}],"seed_played":"-5039957036577163605","potions_obtained":[{"floor":1.0,"key":"LiquidBronze"},{"floor":12,"key":"SkillPotion"}],"is_trial":false,"path_per_floor":["M","M","?","?","?","E","R","E","T","R","M","M","?","COS","R","B"],"character_chosen":"WATCHER","items_purchased":[],"campfire_rested":0,"item_purchase_floors":[],"current_hp_per_floor":[72,72,67,67,67,67,67,34,34,34,32,32,32,32,32,0,0],"gold":72,"neow_bonus":"THREE_ENEMY_KILL","is_daily":false,"chose_seed":false,"campfire_upgraded":3,"win_rate":0.0,"timestamp":1611548744,"path_taken":["M","M","?","?","?","E","R","E","T","R","M","M","?","COS","R","BOSS"],"items_purchased_type":[],"build_version":"2020-12-22","purchased_purges":0,"victory":false,"max_hp_per_floor":[72,72,82,82,82,82,82,82,82,82,82,82,82,82,82,82,82],"card_choices":[{"not_picked":["EmptyFist","ClearTheMind"],"picked":"Indignation","floor":1.0},{"not_picked":["Evaluate","Weave"],"picked":"Sanctity","floor":2.0},{"not_picked":["Nirvana","Blasphemy"],"picked":"Consecrate","floor":6.0},{"not_picked":["ThirdEye","SignatureMove","Meditate"],"picked":"SKIP","floor":8},{"not_picked":["EmptyBody","Crescendo"],"picked":"WheelKick","floor":11},{"not_picked":["Crescendo","JustLucky"],"picked":"Vengeance","floor":12}],"player_experience":857392,"relics_obtained":[{"floor":6.0,"key":"The Courier"},{"floor":8,"key":"Mummified Hand"},{"floor":9,"key":"Yang"}],"event_choices":[],"is_beta":false,"boss_relics":[],"items_purged_floors":[],"is_endless":false,"potions_floor_spawned":[1,12],"killed_by":"Gensokyo:Yukari","ascension_level":4}}