{"host":"k85tjwrh7mjrrc9a","time":1611544696,"event":{"mods":["AchievementEnabler","BaseMod","Colored Powertips","Highlight Path","Minty Spire (QoL Compilation)","Rare Cards Sparkle","StSLib"],"gold_per_floor":[213,168,187,165,165,165,197,197,197,272,283,309,309,323,323,323,323],"floor_reached":16,"language":"ENG","playtime":675,"items_purged":[],"score":184,"play_id":"1fafddec-82d1-44ea-a87e-3c52b673de32","local_time":"20210124221816","is_ascension_mode":true,"campfire_choices":[{"data":"Armaments","floor":6,"key":"SMITH"},{"floor":8,"key":"REST"},{"floor":13,"key":"REST"},{"data":"Body Slam","floor":15,"key":"SMITH"}],"circlet_count":0,"master_deck":["AscendersBane","Strike_R","Strike_R","Strike_R","Strike_R","Defend_R","Defend_R","Defend_R","Defend_R","Bash","Iron Wave","Thunderclap","Armaments+1","Body Slam+1","Heavy Blade","Cleave"],"relics":["Burning Blood","Blood Vial","Matryoshka","Calipers"],"acts_visited":["Exordium"],"potions_floor_usage":[7,16],"damage_taken":[{"damage":11,"enemies":"Cultist","floor":1,"turns":4},{"damage":0,"enemies":"Small Slimes","floor":3,"turns":3},{"damage":20,"enemies":"Gremlin Nob","floor":7,"turns":4},{"damage":9,"enemies":"Jaw Worm","floor":11,"turns":3},{"damage":35,"enemies":"3 Sentries","floor":12,"turns":6},{"damage":12,"enemies":"Exordium Wildlife","floor":14,"turns":5},{"damage":52,"enemies":"Hexaghost","floor":16,"turns":9}],"seed_played":"-4263336485484054909","potions_obtained":[{"floor":1,"key":"Fire Potion"},{"floor":3,"key":"SneckoOil"}],"is_trial":false,"path_per_floor":["M","$","M","$","?","R","E","R","T","?","M","E","R","M","R","B"],"character_chosen":"IRONCLAD","items_purchased":["Thunderclap","Body Slam"],"campfire_rested":2,"item_purchase_floors":[2,4],"current_hp_per_floor":[63,63,69,69,62,62,48,70,70,59,58,31,53,49,49,0,0],"gold":323,"neow_bonus":"HUNDRED_GOLD","is_daily":false,"chose_seed":false,"campfire_upgraded":2,"win_rate":0.0,"timestamp":1611544696,"path_taken":["M","$","?","?","?","R","E","R","T","?","?","E","R","M","R","BOSS"],"items_purchased_type":["Card","Card"],"build_version":"2020-12-22","purchased_purges":0,"victory":false,"max_hp_per_floor":[75,75,75,75,75,75,75,75,75,75,75,75,75,75,75,75,75],"card_choices":[{"not_picked":["Pummel","Rage"],"picked":"Iron Wave","floor":1},{"not_picked":["Second Wind","Sword Boomerang"],"picked":"Armaments","floor":3},{"not_picked":["Anger","Havoc","Flex"],"picked":"SKIP","floor":7},{"not_picked":["Thunderclap","Reckless Charge","Metallicize"],"picked":"SKIP","floor":11},{"not_picked":["Berserk","Perfected Strike"],"picked":"Heavy Blade","floor":12},{"not_picked":["Flex","Rupture"],"picked":"Cleave","floor":14}],"player_experience":216998,"relics_obtained":[{"floor":7,"key":"Blood Vial"},{"floor":9,"key":"Matryoshka"},{"floor":12,"key":"Calipers"}],"event_choices":[{"cards_removed":["Strike_R"],"damage_healed":0,"gold_gain":0,"player_choice":"Card Removal","damage_taken":7,"max_hp_gain":0,"max_hp_loss":0,"event_name":"Golden Wing","floor":5,"gold_loss":0},{"damage_healed":0,"gold_gain":75,"player_choice":"Gather Gold","damage_taken":11,"max_hp_gain":0,"max_hp_loss":0,"event_name":"World of Goop","floor":10,"gold_loss":0}],"is_beta":false,"boss_relics":[],"items_purged_floors":[],"is_endless":false,"potions_floor_spawned":[1,3],"killed_by":"Hexaghost","ascension_level":14}}