{"host":"5v9rfzf5qju8k9wy","time":1611579726,"event":{"mods":["Act Like it!","BaseMod","Downfall","Hermit","Koishi","Lobotomy","Marisa£®ÏF”Í°°ƒß¿Ì…≥£©","Minty Spire (QoL Compilation)","StSLib","The Cursed"],"gold_per_floor":[109,59,128,140,65,65,77,108,108,108,208,236,247,247,247],"floor_reached":14,"language":"ZHS","playtime":843,"items_purged":["hermit:Strike_Hermit"],"score":98,"play_id":"260664a7-2fab-4b7f-b7c2-f792a9e80a73","local_time":"20210125210206","is_ascension_mode":false,"campfire_choices":[{"data":"hermit:Dive","floor":6.0,"key":"SMITH"},{"data":"hermit:WideOpen","floor":10.0,"key":"SMITH"}],"circlet_count":0,"master_deck":["hermit:Strike_Hermit","hermit:Strike_Hermit","hermit:Strike_Hermit","hermit:Defend_Hermit","hermit:Defend_Hermit","hermit:Defend_Hermit","hermit:Snapshot","hermit:Covet","hermit:Dive+1","hermit:WideOpen+1","MeltingLove","hermit:Determination","Murderer","hermit:FromBeyond+1"],"relics":["hermit:Momento","CogitoBucket","Ornamental Fan","Potion Belt","Toxic Egg 2","hermit:Horseshoe","ChangeAnything"],"acts_visited":["Exordium"],"potions_floor_usage":[13,14],"damage_taken":[{"damage":0.0,"enemies":"2 Louse","floor":1.0,"turns":3.0},{"damage":3.0,"enemies":"Jaw Worm","floor":4.0,"turns":3.0},{"damage":0.0,"enemies":"Cultist","floor":7.0,"turns":3.0},{"damage":23.0,"enemies":"Gremlin Nob","floor":8.0,"turns":5.0},{"damage":16.0,"enemies":"Lagavulin","floor":12.0,"turns":6.0},{"damage":12,"enemies":"3 Louse","floor":13,"turns":5},{"damage":28,"enemies":"Gremlin Nob","floor":14,"turns":3}],"seed_played":"-405592433491110478","potions_obtained":[{"floor":1.0,"key":"LiquidBronze"},{"floor":8.0,"key":"CultistPotion"},{"floor":12.0,"key":"Strength Potion"}],"is_trial":false,"path_per_floor":["M","?","T","M","$","R","M","E","T","R","?","E","M","E"],"character_chosen":"HERMIT","items_purchased":[],"campfire_rested":0,"item_purchase_floors":[],"current_hp_per_floor":[75,75,75,73,73,73,75,54,54,54,54,40,28,0,0],"gold":247,"neow_bonus":"","is_daily":false,"chose_seed":false,"campfire_upgraded":2,"win_rate":0.0,"timestamp":1611579726,"path_taken":["M","?","?","M","$","R","M","E","T","R","?","E","?","E"],"items_purchased_type":[],"build_version":"2020-12-22","purchased_purges":1,"victory":false,"max_hp_per_floor":[75,75,75,75,75,75,75,75,75,75,75,75,75,75,75],"card_choices":[{"not_picked":["Variant","MHz"],"picked":"Funeral","floor":1.0},{"not_picked":["hermit:LowProfile","hermit:Ricochet"],"picked":"hermit:Dive","floor":1.0},{"not_picked":["hermit:Coalescence","hermit:Gambit"],"picked":"hermit:WideOpen","floor":4.0},{"not_picked":["QueenOfHatred","CherryBlossoms"],"picked":"MeltingLove","floor":7.0},{"not_picked":["hermit:Snipe","hermit:Headshot","hermit:Midnight"],"picked":"SKIP","floor":7.0},{"not_picked":["hermit:HoleUp","hermit:BodyArmor","hermit:NoHoldsBarred"],"picked":"SKIP","floor":8.0},{"not_picked":["hermit:Shortfuse","hermit:DeadMansHand+1"],"picked":"hermit:Determination","floor":12.0},{"not_picked":["WallGazer","Bloodbath"],"picked":"Murderer","floor":13},{"not_picked":["hermit:LowProfile+1","hermit:Coalescence+1"],"picked":"hermit:FromBeyond+1","floor":13}],"player_experience":102800,"relics_obtained":[{"floor":3.0,"key":"Ornamental Fan"},{"floor":8.0,"key":"Potion Belt"},{"floor":9.0,"key":"Toxic Egg 2"},{"floor":12.0,"key":"hermit:Horseshoe"}],"event_choices":[{"cards_removed":["hermit:Defend_Hermit"],"damage_healed":0.0,"max_hp_gain":0.0,"max_hp_loss":0.0,"gold_gain":0.0,"event_name":"The Cleric","player_choice":"Card Removal","floor":2.0,"gold_loss":50.0,"damage_taken":0.0},{"damage_healed":0.0,"max_hp_gain":0.0,"max_hp_loss":0.0,"gold_gain":100.0,"event_name":"Golden Shrine","player_choice":"Pray","floor":11.0,"gold_loss":0.0,"damage_taken":0.0}],"is_beta":false,"boss_relics":[],"items_purged_floors":[5],"is_endless":false,"potions_floor_spawned":[1,8,12],"killed_by":"Gremlin Nob","ascension_level":0}}