{"host":"xmrw7jl1ir2912vf","time":1611592596,"event":{"mods":["BaseMod","Minty Spire (QoL Compilation)","Relic Stats"],"gold_per_floor":[109,129,129,146,162,162,87,121,121,86,116,136,153,188,188,261,261,279,122,122,140,140,174,174,189,189,217,234,260,270,301,301,372,372,389,10,10,10,35,63,89,89,89,0,25,44,370,382,382,382,382,382,31,58,58],"floor_reached":56,"language":"ENG","playtime":3206,"items_purged":["Strike_R","Strike_R","Strike_R"],"score":2589,"play_id":"9a0b489f-e4e9-486a-b917-2709d9e8c2c9","local_time":"20210125113636","is_ascension_mode":true,"campfire_choices":[{"data":"Bash","floor":6.0,"key":"SMITH"},{"data":"Berserk","floor":15.0,"key":"SMITH"},{"data":"Spot Weakness","floor":24.0,"key":"SMITH"},{"data":"Shrug It Off","floor":32.0,"key":"SMITH"},{"floor":42.0,"key":"RECALL"},{"data":"Strike_R","floor":49.0,"key":"SMITH"},{"data":"Defend_R","floor":52,"key":"SMITH"}],"circlet_count":0,"master_deck":["AscendersBane","Strike_R+1","Strike_R","Defend_R+1","Defend_R","Bash+1","CurseOfTheBell","Twin Strike+1","Perfected Strike+1","Berserk+1","Heavy Blade+1","Anger+1","Dropkick+1","Feed+1","Spot Weakness+1","Shrug It Off+1","Heavy Blade+1","Reaper+1","Pommel Strike+1","Sword Boomerang+1","Sword Boomerang+1","Uppercut+1","Rage+1","Pummel+1","Spot Weakness+1","Limit Break+1","Flex+1","Whirlwind+1","Writhe","Sword Boomerang+1","Offering+1","Iron Wave+1","True Grit+1"],"relics":["Calling Bell","Orichalcum","Molten Egg 2","Du-Vu Doll","Champion Belt","Pear","Question Card","Gremlin Horn","Coffee Dripper","Gambling Chip","Kunai","Singing Bowl","Toxic Egg 2","Happy Flower","Black Star","Bag of Marbles","Mango","FossilizedHelix","Oddly Smooth Stone","StrikeDummy","Red Mask","StoneCalendar","Lantern","Old Coin","Juzu Bracelet","Pen Nib","Vajra","Bottled Flame"],"acts_visited":["TheBeyond","TheEnding"],"potions_floor_usage":[50,53,54,55,55],"damage_taken":[{"damage":1.0,"enemies":"Cultist","floor":1.0,"turns":3.0},{"damage":0.0,"enemies":"Small Slimes","floor":2.0,"turns":2.0},{"damage":7.0,"enemies":"2 Louse","floor":4.0,"turns":3.0},{"damage":0.0,"enemies":"2 Fungi Beasts","floor":5.0,"turns":2.0},{"damage":13.0,"enemies":"3 Sentries","floor":8.0,"turns":6.0},{"damage":8.0,"enemies":"Gremlin Nob","floor":11.0,"turns":3.0},{"damage":0.0,"enemies":"Looter","floor":12.0,"turns":1.0},{"damage":0.0,"enemies":"3 Louse","floor":13.0,"turns":2.0},{"damage":10.0,"enemies":"Lagavulin","floor":14.0,"turns":5.0},{"damage":0.0,"enemies":"Slime Boss","floor":16.0,"turns":7.0},{"damage":21.0,"enemies":"Spheric Guardian","floor":18.0,"turns":4.0},{"damage":4.0,"enemies":"2 Thieves","floor":21.0,"turns":3.0},{"damage":2.0,"enemies":"Gremlin Leader","floor":23.0,"turns":4.0},{"damage":0.0,"enemies":"Snecko","floor":25.0,"turns":3.0},{"damage":37.0,"enemies":"Slavers","floor":27.0,"turns":4.0},{"damage":0.0,"enemies":"Snake Plant","floor":28.0,"turns":2.0},{"damage":0.0,"enemies":"Gremlin Leader","floor":29.0,"turns":3.0},{"damage":20.0,"enemies":"Shelled Parasite and Fungi","floor":30.0,"turns":3.0},{"damage":23.0,"enemies":"Slavers","floor":31.0,"turns":4.0},{"damage":52.0,"enemies":"Champ","floor":33.0,"turns":7.0},{"damage":0.0,"enemies":"Orb Walker","floor":35.0,"turns":2.0},{"damage":0.0,"enemies":"Mind Bloom Boss Battle","floor":39.0,"turns":1.0},{"damage":27.0,"enemies":"Nemesis","floor":40.0,"turns":3.0},{"damage":3.0,"enemies":"Giant Head","floor":45.0,"turns":4.0},{"damage":41.0,"enemies":"3 Shapes","floor":46.0,"turns":1.0},{"damage":0.0,"enemies":"Reptomancer","floor":47.0,"turns":1.0},{"damage":4.0,"enemies":"Maw","floor":48.0,"turns":4.0},{"damage":0,"enemies":"Donu and Deca","floor":50,"turns":3},{"damage":14,"enemies":"Shield and Spear","floor":54,"turns":3},{"damage":124,"enemies":"The Heart","floor":55,"turns":6}],"seed_played":"5835988257147587166","potions_obtained":[{"floor":1.0,"key":"Explosive Potion"},{"floor":8.0,"key":"GamblersBrew"},{"floor":12.0,"key":"SkillPotion"},{"floor":13.0,"key":"EntropicBrew"},{"floor":18.0,"key":"GamblersBrew"},{"floor":23.0,"key":"Strength Potion"},{"floor":28.0,"key":"DistilledChaos"},{"floor":31.0,"key":"Block Potion"},{"floor":33.0,"key":"LiquidMemories"},{"floor":40.0,"key":"Block Potion"},{"floor":47.0,"key":"BloodPotion"},{"floor":54,"key":"BloodPotion"}],"is_trial":false,"path_per_floor":["M","M","?","M","M","R","$","E","T","?","E","M","M","E","R","B",null,"M","$","?","M","?","E","R","M","T","E","M","E","M","E","R","B",null,"M","$","?","?","?","E","T","R","T","?","E","M","E","M","R","B",null,"R","$","E","B",null],"character_chosen":"IRONCLAD","items_purchased":["Sword Boomerang+1","Bag of Marbles","Whirlwind+1","Pen Nib","PowerPotion","LiquidMemories","Iron Wave+1"],"campfire_rested":0,"item_purchase_floors":[19,36,36,53,53,53,53],"current_hp_per_floor":[67,67,67,60,60,60,60,47,57,78,70,74,74,64,64,64,83,62,62,36,46,46,65,65,69,69,59,68,80,83,80,80,28,94,110,110,110,116,130,103,103,103,103,103,102,99,101,99,99,99,128,128,138,128,51],"gold":58,"neow_bonus":"BOSS_RELIC","is_daily":false,"chose_seed":false,"campfire_upgraded":6,"win_rate":0.0,"timestamp":1611592596,"path_taken":["M","?","?","?","M","R","$","E","T","?","E","M","M","E","R","BOSS","M","$","?","M","?","E","R","?","T","E","M","E","M","E","R","BOSS","M","$","?","?","?","E","?","R","T","?","E","M","E","M","R","BOSS","R","$","E","BOSS"],"items_purchased_type":["Card","Relic","Card","Relic","Potion","Potion","Card"],"build_version":"2020-12-22","purchased_purges":3,"victory":true,"max_hp_per_floor":[75,75,75,75,75,75,75,75,85,85,85,89,89,89,89,89,89,89,89,94,98,98,98,98,102,102,102,104,106,112,116,116,116,116,116,116,116,116,130,130,130,130,130,130,132,134,136,138,138,138,138,138,138,142,142],"relic_stats":{"Gremlin Horn":[6,6],"Singing Bowl":8,"Happy Flower":[11],"counters":[12,39],"StoneCalendar":[0],"Pen Nib":[2],"Juzu Bracelet":0,"Orichalcum":[72],"Question Card":10,"Gambling Chip":[29],"Black Star":4,"Champion Belt":[23],"Kunai":[22],"obtain_stats":[{"Lantern":45,"Gremlin Horn":0,"Singing Bowl":0,"Vajra":54,"Mango":39,"StoneCalendar":45,"Juzu Bracelet":47,"Old Coin":47,"Gambling Chip":0,"Red Mask":44,"Kunai":0,"Toxic Egg 2":0,"Pear":0,"Happy Flower":31,"Oddly Smooth Stone":40,"Pen Nib":53,"Orichalcum":0,"Question Card":0,"Calling Bell":0,"Du-Vu Doll":0,"Bottled Flame":54,"Molten Egg 2":0,"Coffee Dripper":0,"Black Star":34,"Bag of Marbles":36,"Champion Belt":0,"StrikeDummy":43,"FossilizedHelix":40},{"Lantern":6,"Gremlin Horn":0,"Singing Bowl":0,"Vajra":11,"Mango":4,"StoneCalendar":6,"Juzu Bracelet":8,"Old Coin":8,"Gambling Chip":0,"Red Mask":5,"Kunai":0,"Toxic Egg 2":0,"Pear":0,"Happy Flower":1,"Oddly Smooth Stone":5,"Pen Nib":10,"Orichalcum":0,"Question Card":0,"Calling Bell":0,"Du-Vu Doll":0,"Bottled Flame":11,"Molten Egg 2":0,"Coffee Dripper":0,"Black Star":2,"Bag of Marbles":3,"Champion Belt":0,"StrikeDummy":5,"FossilizedHelix":5},{"Lantern":21,"Gremlin Horn":0,"Singing Bowl":0,"Vajra":33,"Mango":14,"StoneCalendar":21,"Juzu Bracelet":23,"Old Coin":23,"Gambling Chip":0,"Red Mask":17,"Kunai":0,"Toxic Egg 2":0,"Pear":0,"Happy Flower":4,"Oddly Smooth Stone":17,"Pen Nib":30,"Orichalcum":0,"Question Card":0,"Calling Bell":0,"Du-Vu Doll":0,"Bottled Flame":33,"Molten Egg 2":0,"Coffee Dripper":0,"Black Star":11,"Bag of Marbles":13,"Champion Belt":0,"StrikeDummy":17,"FossilizedHelix":17}]},"card_choices":[{"not_picked":["Havoc","Bloodletting"],"picked":"Twin Strike+1","floor":1.0},{"not_picked":["Body Slam+1","Battle Trance"],"picked":"Perfected Strike+1","floor":2.0},{"not_picked":["Anger+1","Second Wind"],"picked":"Heavy Blade+1","floor":4.0},{"not_picked":["Heavy Blade+1","Bloodletting"],"picked":"Anger+1","floor":5.0},{"not_picked":["Second Wind","Havoc"],"picked":"Dropkick+1","floor":8.0},{"not_picked":["Ghostly Armor","Rupture"],"picked":"Feed+1","floor":11.0},{"not_picked":["Armaments","Pommel Strike+1","Shockwave"],"picked":"Spot Weakness","floor":12.0},{"not_picked":["Perfected Strike+1","Rupture","Body Slam+1"],"picked":"Shrug It Off","floor":13.0},{"not_picked":["Intimidate","Pommel Strike+1","Limit Break"],"picked":"Heavy Blade+1","floor":14.0},{"not_picked":["Demon Form","Fiend Fire+1","Immolate+1"],"picked":"Reaper+1","floor":16.0},{"not_picked":["Armaments+1","Twin Strike+1","Clothesline+1"],"picked":"Pommel Strike+1","floor":18.0},{"not_picked":["Perfected Strike+1","True Grit","Rage"],"picked":"Sword Boomerang+1","floor":21.0},{"not_picked":["Entrench","Anger+1","Warcry"],"picked":"Uppercut+1","floor":23.0},{"not_picked":["Armaments","Power Through","Intimidate"],"picked":"Rage+1","floor":25.0},{"not_picked":["Feed+1","Twin Strike+1","Blood for Blood+1"],"picked":"Pummel+1","floor":27.0},{"not_picked":["Pommel Strike+1","Iron Wave+1","Dropkick+1","Flame Barrier"],"picked":"Singing Bowl","floor":28.0},{"not_picked":["Rampage+1","Carnage+1","Clothesline+1","Warcry+1"],"picked":"Singing Bowl","floor":29.0},{"not_picked":["Cleave+1","Wild Strike+1","Armaments+1","Twin Strike+1"],"picked":"Singing Bowl","floor":30.0},{"not_picked":["Body Slam+1","Rupture","Iron Wave+1"],"picked":"Spot Weakness+1","floor":31.0},{"not_picked":["Barricade","Demon Form","Reaper+1"],"picked":"Limit Break+1","floor":33.0},{"not_picked":["Twin Strike+1","Heavy Blade+1","Warcry+1"],"picked":"Flex+1","floor":35.0},{"not_picked":["Warcry+1","Iron Wave+1","Shrug It Off+1"],"picked":"Sword Boomerang+1","floor":39.0},{"not_picked":["Havoc+1","Heavy Blade+1","Battle Trance+1"],"picked":"Offering+1","floor":40.0},{"not_picked":["Flame Barrier+1","Heavy Blade+1","Power Through+1","Bloodletting+1"],"picked":"Singing Bowl","floor":45.0},{"not_picked":["Bloodletting+1","Entrench+1","Clash+1","Havoc+1"],"picked":"Singing Bowl","floor":46.0},{"not_picked":["Heavy Blade+1","Rampage+1","Second Wind+1","Body Slam+1"],"picked":"Singing Bowl","floor":47.0},{"not_picked":["Disarm+1","Infernal Blade+1","Armaments+1","Carnage+1"],"picked":"Singing Bowl","floor":48.0},{"not_picked":["Dark Embrace+1","Metallicize","Cleave+1"],"picked":"True Grit+1","floor":54}],"player_experience":448508,"relics_obtained":[{"floor":0.0,"key":"Orichalcum"},{"floor":0.0,"key":"Molten Egg 2"},{"floor":0.0,"key":"Du-Vu Doll"},{"floor":8.0,"key":"Champion Belt"},{"floor":9.0,"key":"Pear"},{"floor":11.0,"key":"Question Card"},{"floor":14.0,"key":"Gremlin Horn"},{"floor":23.0,"key":"Gambling Chip"},{"floor":26.0,"key":"Kunai"},{"floor":27.0,"key":"Singing Bowl"},{"floor":29.0,"key":"Toxic Egg 2"},{"floor":31.0,"key":"Happy Flower"},{"floor":39.0,"key":"Mango"},{"floor":40.0,"key":"FossilizedHelix"},{"floor":40.0,"key":"Oddly Smooth Stone"},{"floor":43.0,"key":"StrikeDummy"},{"floor":45.0,"key":"StoneCalendar"},{"floor":45.0,"key":"Lantern"},{"floor":47.0,"key":"Old Coin"},{"floor":47.0,"key":"Juzu Bracelet"},{"floor":54,"key":"Vajra"},{"floor":54,"key":"Bottled Flame"}],"event_choices":[{"damage_healed":0.0,"max_hp_gain":0.0,"max_hp_loss":0.0,"gold_gain":0.0,"event_name":"Match and Keep!","player_choice":"1 cards matched","floor":3.0,"gold_loss":0.0,"damage_taken":0.0,"cards_obtained":["Berserk"]},{"damage_healed":21.0,"max_hp_gain":0.0,"max_hp_loss":0.0,"gold_gain":0.0,"event_name":"The Cleric","player_choice":"Healed","floor":10.0,"gold_loss":35.0,"damage_taken":0.0},{"damage_healed":0.0,"max_hp_gain":5.0,"max_hp_loss":0.0,"gold_gain":0.0,"event_name":"Forgotten Altar","player_choice":"Shed Blood","floor":20.0,"gold_loss":0.0,"damage_taken":31.0},{"cards_removed":["Defend_R"],"damage_healed":0.0,"max_hp_gain":0.0,"max_hp_loss":0.0,"gold_gain":0.0,"event_name":"Bonfire Elementals","player_choice":"Offered Basic","floor":22.0,"gold_loss":0.0,"damage_taken":0.0},{"cards_removed":["Defend_R"],"damage_healed":0.0,"max_hp_gain":0.0,"max_hp_loss":0.0,"gold_gain":0.0,"event_name":"Falling","player_choice":"Removed Skill","floor":37.0,"gold_loss":0.0,"damage_taken":0.0},{"damage_healed":23.0,"max_hp_gain":0.0,"max_hp_loss":0.0,"gold_gain":0.0,"event_name":"Winding Halls","player_choice":"Writhe","floor":38.0,"gold_loss":0.0,"damage_taken":0.0,"cards_obtained":["Writhe"]},{"damage_healed":0.0,"max_hp_gain":0.0,"max_hp_loss":0.0,"gold_gain":0.0,"event_name":"MindBloom","player_choice":"Fight","floor":39.0,"gold_loss":0.0,"damage_taken":0.0},{"damage_healed":0.0,"max_hp_gain":0.0,"max_hp_loss":0.0,"gold_gain":0.0,"event_name":"Tomb of Lord Red Mask","player_choice":"Paid","floor":44.0,"gold_loss":89.0,"damage_taken":0.0,"relics_obtained":["Red Mask"]}],"is_beta":false,"boss_relics":[{"not_picked":["Empty Cage","Runic Pyramid"],"picked":"Coffee Dripper"},{"not_picked":["Philosopher\u0027s Stone","Mark of Pain"],"picked":"Black Star"}],"items_purged_floors":[7,19,36],"is_endless":false,"potions_floor_spawned":[1,8,12,13,18,23,28,31,33,40,45,47,54],"ascension_level":17}}