{"host":"nwd160me4iqdtr8u","time":1611568389,"event":{"mods":["AchievementEnabler","Act Like it!","BaseMod","Colored Map","DeckTracker","Minty Spire (QoL Compilation)","Quick Restart","Rare Cards Sparkle","StSLib","SuperFastMode","everything is the same but u backflip on backflip"],"gold_per_floor":[109,128,128,140,67,67,82,82,94,206,238,270,294,336,348,461,473,505,517,546,571,583,595,625,637,649,661,53,68,68,68,68,170,170,180,24,40,0,0,16,16,30,112,141,11,36,84,102,102,102],"floor_reached":51,"language":"KOR","playtime":2797,"items_purged":["Grand Finale"],"score":1075,"play_id":"60619379-f579-4695-8b7d-601b26e70157","local_time":"20210125185309","is_ascension_mode":true,"campfire_choices":[{"data":"Catalyst","floor":6.0,"key":"SMITH"},{"floor":8.0,"key":"DIG"},{"data":"Burst","floor":15.0,"key":"SMITH"},{"data":"Bouncing Flask","floor":23.0,"key":"SMITH"},{"data":"Adrenaline","floor":25.0,"key":"SMITH"},{"floor":27.0,"key":"DIG"},{"data":"Night Terror","floor":32.0,"key":"SMITH"},{"data":"Footwork","floor":49,"key":"SMITH"}],"circlet_count":0,"master_deck":["Survivor","Neutralize","Deadly Poison","Backflip","Bouncing Flask+1","Catalyst+1","Blur","Burst+1","Adrenaline+1","Burst+1","Cloak And Dagger+1","Dagger Throw+1","Good Instincts","Night Terror+1","Wraith Form v2","Blur","Well Laid Plans","Corpse Explosion","Backflip","All Out Attack","Catalyst","Footwork+1","Flying Knee+1","PiercingWail+1","Leg Sweep+1","Dodge and Roll+1"],"relics":["Ring of the Snake","Shovel","MawBank","Gremlin Horn","Mercury Hourglass","Astrolabe","Paper Crane","Strawberry","Ice Cream","Sundial","Pandora\u0027s Box","Red Mask","Boot","Pantograph","Gambling Chip"],"acts_visited":["Exordium","TheCity","TheBeyond"],"potions_floor_usage":[50],"damage_taken":[{"damage":1.0,"enemies":"Small Slimes","floor":1.0,"turns":7.0},{"damage":0.0,"enemies":"Cultist","floor":2.0,"turns":5.0},{"damage":2.0,"enemies":"Jaw Worm","floor":4.0,"turns":4.0},{"damage":5.0,"enemies":"Red Slaver","floor":7.0,"turns":3.0},{"damage":6.0,"enemies":"Looter","floor":11.0,"turns":3.0},{"damage":12.0,"enemies":"Lots of Slimes","floor":12.0,"turns":8.0},{"damage":0.0,"enemies":"Red Slaver","floor":13.0,"turns":4.0},{"damage":12.0,"enemies":"Lagavulin","floor":14.0,"turns":5.0},{"damage":0.0,"enemies":"Hexaghost","floor":16.0,"turns":4.0},{"damage":4.0,"enemies":"3 Byrds","floor":18.0,"turns":4.0},{"damage":0.0,"enemies":"Chosen","floor":20.0,"turns":3.0},{"damage":0.0,"enemies":"Snecko","floor":21.0,"turns":4.0},{"damage":0.0,"enemies":"3 Cultists","floor":24.0,"turns":4.0},{"damage":0.0,"enemies":"Sentry and Sphere","floor":29.0,"turns":2.0},{"damage":4.0,"enemies":"Automaton","floor":33.0,"turns":10.0},{"damage":0.0,"enemies":"3 Darklings","floor":35.0,"turns":2.0},{"damage":6.0,"enemies":"3 Shapes","floor":37.0,"turns":2.0},{"damage":0.0,"enemies":"Maw","floor":40.0,"turns":3.0},{"damage":1.0,"enemies":"Jaw Worm Horde","floor":42.0,"turns":4.0},{"damage":0.0,"enemies":"Reptomancer","floor":44.0,"turns":4.0},{"damage":3.0,"enemies":"Nemesis","floor":46.0,"turns":7.0},{"damage":15.0,"enemies":"2 Orb Walkers","floor":47.0,"turns":3.0},{"damage":15.0,"enemies":"Spire Growth","floor":48.0,"turns":5.0},{"damage":17,"enemies":"Donu and Deca","floor":50,"turns":12}],"seed_played":"2186586287170587522","potions_obtained":[{"floor":2.0,"key":"AttackPotion"},{"floor":11.0,"key":"SteroidPotion"},{"floor":13.0,"key":"GamblersBrew"},{"floor":14.0,"key":"DuplicationPotion"},{"floor":16.0,"key":"SkillPotion"},{"floor":20.0,"key":"PowerPotion"},{"floor":21.0,"key":"GhostInAJar"},{"floor":33.0,"key":"Poison Potion"},{"floor":42.0,"key":"ColorlessPotion"},{"floor":44.0,"key":"Fruit Juice"},{"floor":46.0,"key":"SpeedPotion"}],"is_trial":false,"path_per_floor":["M","M","?","M","$","R","M","R","T","?","M","M","M","E","R","B",null,"M","?","M","M","$","R","M","R","T","R","$","M","$","?","R","B",null,"M","$","M","?","?","M","$","M","T","E","$","E","?","M","R","B",null],"character_chosen":"THE_SILENT","items_purchased":["Catalyst","Ice Cream","Sundial","Night Terror","Footwork","DuplicationPotion","Explosive Potion"],"campfire_rested":0,"item_purchase_floors":[5,28,28,28,36,45,45],"current_hp_per_floor":[62,62,62,60,60,60,55,55,55,55,49,37,37,25,25,25,59,55,55,55,55,55,55,55,55,55,62,62,62,62,62,62,58,72,72,72,66,66,66,66,66,65,65,70,70,67,52,37,37,45],"gold":102,"neow_bonus":"REMOVE_CARD","is_daily":false,"chose_seed":false,"campfire_upgraded":6,"win_rate":0.0,"timestamp":1611568389,"path_taken":["M","M","?","M","$","R","?","R","T","?","M","M","?","E","R","BOSS","M","?","M","?","?","R","?","R","T","R","?","M","$","?","R","BOSS","M","$","M","?","?","M","$","M","T","E","$","E","?","M","R","BOSS"],"items_purchased_type":["Card","Relic","Relic","Card","Card","Potion","Potion"],"build_version":"2020-12-22","purchased_purges":1,"victory":true,"max_hp_per_floor":[70,70,70,70,70,70,70,70,70,70,70,70,70,70,70,70,70,70,70,70,70,70,70,70,70,70,77,77,77,77,77,77,77,77,77,77,77,77,73,73,73,73,73,78,78,78,78,78,78,78],"card_choices":[{"not_picked":["Dodge and Roll","Bane"],"picked":"Deadly Poison","floor":1.0},{"not_picked":["Blade Dance","Cloak And Dagger"],"picked":"Backflip","floor":2.0},{"not_picked":["Heel Hook","Calculated Gamble"],"picked":"Bouncing Flask","floor":4.0},{"not_picked":["Bouncing Flask","Cloak And Dagger","Dagger Throw"],"picked":"SKIP","floor":7.0},{"not_picked":["Dash","Sucker Punch","Flying Knee"],"picked":"SKIP","floor":11.0},{"not_picked":["Underhanded Strike","Slice","Prepared"],"picked":"SKIP","floor":12.0},{"not_picked":["Dagger Spray","Slice"],"picked":"Blur","floor":13.0},{"not_picked":["Dagger Spray","Bane"],"picked":"Burst","floor":14.0},{"not_picked":["Venomology","Grand Finale"],"picked":"Adrenaline","floor":16.0},{"not_picked":["Acrobatics","Deadly Poison","Dagger Spray"],"picked":"SKIP","floor":18.0},{"not_picked":["Bane","Dagger Spray","Finisher+1"],"picked":"SKIP","floor":20.0},{"not_picked":["Deadly Poison","Eviscerate+1","Underhanded Strike"],"picked":"SKIP","floor":21.0},{"not_picked":["Dodge and Roll","Slice+1","Sucker Punch"],"picked":"SKIP","floor":24.0},{"not_picked":["Choke+1","Dagger Spray","Predator+1"],"picked":"SKIP","floor":29.0},{"not_picked":["Storm of Steel","Bullet Time"],"picked":"Wraith Form v2","floor":33.0},{"not_picked":["Sucker Punch","Well Laid Plans+1"],"picked":"Catalyst","floor":35.0},{"not_picked":["Dagger Throw","Masterful Stab+1"],"picked":"Flying Knee+1","floor":37.0},{"not_picked":["Bane","Catalyst","Accuracy+1"],"picked":"SKIP","floor":40.0},{"not_picked":["Quick Slash+1","Dagger Throw"],"picked":"PiercingWail+1","floor":42.0},{"not_picked":["Unload","Underhanded Strike+1","Deadly Poison"],"picked":"SKIP","floor":44.0},{"not_picked":["Well Laid Plans","Deflect"],"picked":"Leg Sweep+1","floor":46.0},{"not_picked":["Bane","Well Laid Plans"],"picked":"Dodge and Roll+1","floor":48.0}],"player_experience":253027,"relics_obtained":[{"floor":8.0,"key":"MawBank"},{"floor":9.0,"key":"Gremlin Horn"},{"floor":14.0,"key":"Mercury Hourglass"},{"floor":26.0,"key":"Paper Crane"},{"floor":27.0,"key":"Strawberry"},{"floor":44.0,"key":"Boot"},{"floor":46.0,"key":"Pantograph"},{"floor":47.0,"key":"Gambling Chip"}],"event_choices":[{"damage_healed":0.0,"max_hp_gain":0.0,"max_hp_loss":0.0,"gold_gain":0.0,"event_name":"WeMeetAgain","player_choice":"Gave Potion","floor":3.0,"gold_loss":0.0,"damage_taken":0.0,"relics_obtained":["Shovel"]},{"damage_healed":0.0,"max_hp_gain":0.0,"max_hp_loss":0.0,"gold_gain":100.0,"event_name":"Golden Shrine","player_choice":"Pray","floor":10.0,"gold_loss":0.0,"damage_taken":0.0},{"damage_healed":0.0,"max_hp_gain":0.0,"max_hp_loss":0.0,"gold_gain":0.0,"event_name":"Match and Keep!","player_choice":"1 cards matched","floor":19.0,"gold_loss":0.0,"damage_taken":0.0,"cards_obtained":["Good Instincts"]},{"damage_healed":0.0,"max_hp_gain":0.0,"max_hp_loss":0.0,"gold_gain":0.0,"event_name":"The Mausoleum","player_choice":"Ignored","floor":31.0,"gold_loss":0.0,"damage_taken":0.0},{"damage_healed":0.0,"max_hp_gain":0.0,"max_hp_loss":0.0,"gold_gain":0.0,"event_name":"Tomb of Lord Red Mask","player_choice":"Paid","floor":38.0,"gold_loss":40.0,"damage_taken":0.0,"relics_obtained":["Red Mask"]},{"damage_healed":0.0,"max_hp_gain":0.0,"max_hp_loss":4.0,"gold_gain":0.0,"event_name":"Winding Halls","player_choice":"Max HP","floor":39.0,"gold_loss":0.0,"damage_taken":0.0},{"damage_healed":0.0,"max_hp_gain":0.0,"max_hp_loss":0.0,"gold_gain":0.0,"event_name":"Mysterious Sphere","player_choice":"Fight","floor":47.0,"gold_loss":0.0,"damage_taken":0.0}],"is_beta":false,"boss_relics":[{"not_picked":["Busted Crown","HoveringKite"],"picked":"Astrolabe"},{"not_picked":["Cursed Key","Philosopher\u0027s Stone"],"picked":"Pandora\u0027s Box"}],"items_purged_floors":[36],"is_endless":false,"potions_floor_spawned":[2,11,13,14,16,20,21,33,42,44,46],"ascension_level":7}}