{"host":"ga4s3hj9m6nkn6gp","time":1611599717,"event":{"mods":["AchievementEnabler","BaseMod","Bestiary","Colored Powertips","Highlight Path","Minty Spire (QoL Compilation)","Relic Stats","everything is the same but u backflip on backflip"],"gold_per_floor":[117,133,133,133,151,183,183,153,225,260,260,270,270,303,303,377,377,388,7,20,20,20],"floor_reached":21,"language":"ENG","playtime":1145,"items_purged":[],"score":444,"play_id":"0c7b6f38-fb9c-4939-98b8-04fbcf135e57","local_time":"20210125193517","is_ascension_mode":true,"campfire_choices":[{"data":"Dagger Spray","floor":7.0,"key":"SMITH"},{"floor":11.0,"key":"REST"},{"data":"Underhanded Strike","floor":13.0,"key":"SMITH"},{"data":"Poisoned Stab","floor":15.0,"key":"SMITH"}],"circlet_count":0,"master_deck":["AscendersBane","Strike_G","Strike_G","Strike_G+1","Strike_G","Strike_G","Defend_G","Defend_G","Defend_G","Defend_G","Defend_G+1","Survivor","Neutralize","Underhanded Strike+1","Flying Knee","Dagger Spray+1","Poisoned Stab+1","Tools of the Trade","Malaise","Footwork"],"relics":["Ring of the Snake","Happy Flower","HornCleat","Ancient Tea Set","Omamori","Velvet Choker","ClockworkSouvenir","Potion Belt"],"acts_visited":["Exordium","TheCity"],"potions_floor_usage":[20],"damage_taken":[{"damage":9.0,"enemies":"Small Slimes","floor":1.0,"turns":6.0},{"damage":1.0,"enemies":"2 Louse","floor":2.0,"turns":4.0},{"damage":1.0,"enemies":"Cultist","floor":5.0,"turns":3.0},{"damage":19.0,"enemies":"Gremlin Nob","floor":6.0,"turns":4.0},{"damage":8.0,"enemies":"Lagavulin","floor":10.0,"turns":6.0},{"damage":1.0,"enemies":"Exordium Wildlife","floor":12.0,"turns":4.0},{"damage":0.0,"enemies":"Gremlin Nob","floor":14.0,"turns":3.0},{"damage":22.0,"enemies":"The Guardian","floor":16.0,"turns":12.0},{"damage":16.0,"enemies":"Spheric Guardian","floor":18.0,"turns":5.0},{"damage":11,"enemies":"2 Thieves","floor":20,"turns":3},{"damage":28,"enemies":"3 Cultists","floor":21,"turns":4}],"seed_played":"7055566884967539584","potions_obtained":[{"floor":2.0,"key":"Ancient Potion"},{"floor":5.0,"key":"FearPotion"},{"floor":8.0,"key":"AttackPotion"},{"floor":8.0,"key":"PowerPotion"},{"floor":12.0,"key":"SkillPotion"},{"floor":16.0,"key":"LiquidBronze"},{"floor":18.0,"key":"DuplicationPotion"},{"floor":20,"key":"Dexterity Potion"}],"is_trial":false,"path_per_floor":["M","M","?","?","M","E","R","?","T","E","R","M","R","E","R","B",null,"M","$","M","M"],"character_chosen":"THE_SILENT","items_purchased":["ClockworkSouvenir","Potion Belt","SteroidPotion"],"campfire_rested":1,"item_purchase_floors":[19,19,19],"current_hp_per_floor":[56,55,33,33,32,13,13,13,13,5,26,25,25,25,25,3,55,39,39,28,0,0],"gold":20,"neow_bonus":"TEN_PERCENT_HP_BONUS","is_daily":false,"chose_seed":false,"campfire_upgraded":3,"win_rate":0.0,"timestamp":1611599717,"path_taken":["M","M","?","?","M","E","R","?","T","E","R","M","R","E","R","BOSS","M","$","M","?"],"items_purchased_type":["Relic","Relic","Potion"],"build_version":"2020-12-22","purchased_purges":0,"victory":false,"max_hp_per_floor":[72,72,72,72,72,72,72,72,72,72,72,72,72,72,72,72,72,72,72,72,72,72],"relic_stats":{"Happy Flower":[12],"counters":[11,54],"obtain_stats":[{"Potion Belt":19,"HornCleat":9,"Happy Flower":6,"Velvet Choker":17,"Omamori":14,"Ancient Tea Set":10,"Ring of the Snake":0,"ClockworkSouvenir":19},{"Potion Belt":9,"HornCleat":4,"Happy Flower":4,"Velvet Choker":8,"Omamori":7,"Ancient Tea Set":5,"Ring of the Snake":0,"ClockworkSouvenir":9},{"Potion Belt":47,"HornCleat":17,"Happy Flower":17,"Velvet Choker":42,"Omamori":30,"Ancient Tea Set":23,"Ring of the Snake":0,"ClockworkSouvenir":47}],"Ring of the Snake":[22]},"card_choices":[{"not_picked":["Backflip","Bane"],"picked":"Underhanded Strike","floor":1.0},{"not_picked":["Sucker Punch","Caltrops"],"picked":"Flying Knee","floor":2.0},{"not_picked":["Cloak And Dagger","Predator"],"picked":"Dagger Spray","floor":5.0},{"not_picked":["Distraction","Infinite Blades"],"picked":"Poisoned Stab","floor":6.0},{"not_picked":["Distraction","Dodge and Roll"],"picked":"Tools of the Trade","floor":10.0},{"not_picked":["Slice","Deflect","Prepared"],"picked":"SKIP","floor":12.0},{"not_picked":["Flying Knee","Cloak And Dagger","Distraction"],"picked":"SKIP","floor":14.0},{"not_picked":["Night Terror","Glass Knife"],"picked":"Malaise","floor":16.0},{"not_picked":["Deflect","Choke+1","Flechettes"],"picked":"SKIP","floor":18.0},{"not_picked":["Underhanded Strike","Escape Plan"],"picked":"Footwork","floor":20}],"player_experience":691614,"relics_obtained":[{"floor":6.0,"key":"Happy Flower"},{"floor":9.0,"key":"HornCleat"},{"floor":10.0,"key":"Ancient Tea Set"},{"floor":14.0,"key":"Omamori"}],"event_choices":[{"damage_healed":0.0,"max_hp_gain":0.0,"max_hp_loss":0.0,"gold_gain":0.0,"event_name":"Shining Light","player_choice":"Entered Light","floor":3.0,"gold_loss":0.0,"damage_taken":22.0,"cards_upgraded":["Strike_G","Defend_G"]},{"damage_healed":0.0,"max_hp_gain":0.0,"max_hp_loss":0.0,"gold_gain":0.0,"event_name":"Liars Game","player_choice":"Ignored","floor":4.0,"gold_loss":0.0,"damage_taken":0.0},{"damage_healed":0.0,"max_hp_gain":0.0,"max_hp_loss":0.0,"gold_gain":0.0,"event_name":"The Woman in Blue","player_choice":"Bought 2 Potions","floor":8.0,"gold_loss":0.0,"damage_taken":0.0}],"is_beta":false,"boss_relics":[{"not_picked":["Runic Dome","Pandora\u0027s Box"],"picked":"Velvet Choker"}],"items_purged_floors":[],"is_endless":false,"potions_floor_spawned":[2,5,12,16,18,20],"killed_by":"3 Cultists","ascension_level":20}}