{"host":"sv6pqxkz37tqkn2t","time":1611600786,"event":{"mods":["AchievementEnabler","BaseMod","BetterRewards","Colored Powertips","Highlight Path","Minty Spire (QoL Compilation)","Shop Mod"],"gold_per_floor":[115,115,134,146,157,58,85,85,85,103,119,151,151,179,179,276,276,287,39,53,71,91,123,141,141,165,165,90,105,137,151,151,151,151],"floor_reached":33,"language":"ENG","playtime":6723,"items_purged":["Pain"],"score":336,"play_id":"d872f715-a07b-40e6-8830-35cdaef41de5","local_time":"20210125135306","is_ascension_mode":false,"campfire_choices":[{"floor":8.0,"key":"REST"},{"floor":15.0,"key":"REST"},{"floor":25,"key":"REST"},{"data":"Prostrate","floor":27,"key":"SMITH"},{"data":"PathToVictory","floor":32,"key":"SMITH"}],"circlet_count":0,"master_deck":["Strike_P","Strike_P","Strike_P","Strike_P","Defend_P","Defend_P","Defend_P+1","Defend_P+1","Eruption+1","Vigilance","ClearTheMind","PathToVictory+1","Protect","Prostrate+1","Prostrate+1","PathToVictory+1","Prostrate","DeusExMachina+1","Ragnarok","Consecrate","LessonLearned","PathToVictory+1","BowlingBash+1","MasterReality","EmptyFist+1","ThirdEye+1","Perseverance+1","JustLucky","Crescendo+1","Wish+1"],"relics":["PureWater","Yang","Bottled Lightning","Gremlin Horn","Bird Faced Urn","Boot","Cursed Key","TeardropLocket","Toxic Egg 2","Nunchaku","War Paint"],"acts_visited":["Exordium","TheCity"],"potions_floor_usage":[30,31,31,33],"damage_taken":[{"damage":3.0,"enemies":"Small Slimes","floor":1.0,"turns":3.0},{"damage":6.0,"enemies":"Jaw Worm","floor":3.0,"turns":5.0},{"damage":0.0,"enemies":"Cultist","floor":4.0,"turns":2.0},{"damage":6.0,"enemies":"Blue Slaver","floor":5.0,"turns":5.0},{"damage":41.0,"enemies":"Gremlin Nob","floor":7.0,"turns":6.0},{"damage":0.0,"enemies":"Looter","floor":10.0,"turns":4.0},{"damage":3.0,"enemies":"Exordium Wildlife","floor":11.0,"turns":4.0},{"damage":5.0,"enemies":"Lagavulin","floor":12.0,"turns":6.0},{"damage":3.0,"enemies":"3 Sentries","floor":14.0,"turns":8.0},{"damage":34.0,"enemies":"The Guardian","floor":16.0,"turns":13.0},{"damage":0,"enemies":"Chosen","floor":18,"turns":6},{"damage":0,"enemies":"3 Byrds","floor":20,"turns":4},{"damage":15,"enemies":"Snecko","floor":21,"turns":5},{"damage":10,"enemies":"Snake Plant","floor":22,"turns":4},{"damage":23,"enemies":"Gremlin Leader","floor":23,"turns":6},{"damage":23,"enemies":"Sentry and Sphere","floor":24,"turns":8},{"damage":0,"enemies":"3 Cultists","floor":29,"turns":6},{"damage":16,"enemies":"Slavers","floor":30,"turns":7},{"damage":6,"enemies":"Snake Plant","floor":31,"turns":5},{"damage":60,"enemies":"Champ","floor":33,"turns":9}],"seed_played":"-4517112237122206315","potions_obtained":[{"floor":1.0,"key":"SkillPotion"},{"floor":7.0,"key":"Swift Potion"},{"floor":11.0,"key":"Fruit Juice"},{"floor":12.0,"key":"BlessingOfTheForge"},{"floor":14.0,"key":"FearPotion"},{"floor":16.0,"key":"Energy Potion"},{"floor":20,"key":"PowerPotion"},{"floor":23,"key":"SpeedPotion"},{"floor":30,"key":"Regen Potion"}],"is_trial":false,"path_per_floor":["M","?","M","M","M","$","E","R","T","M","M","E","?","E","R","B",null,"M","$","M","M","M","E","M","R","T","R","?","M","E","M","R","B"],"character_chosen":"WATCHER","items_purchased":["Prostrate","TeardropLocket"],"campfire_rested":3,"item_purchase_floors":[6,19],"current_hp_per_floor":[83,71,65,65,59,59,18,43,43,43,40,40,40,37,64,30,91,91,91,91,76,68,47,26,53,53,53,53,55,41,51,51,0,0],"gold":151,"neow_bonus":"TWENTY_PERCENT_HP_BONUS","is_daily":false,"chose_seed":false,"campfire_upgraded":2,"win_rate":0.0,"timestamp":1611600786,"path_taken":["M","?","M","M","M","$","E","R","T","M","M","E","?","E","R","BOSS","M","$","M","M","M","E","M","R","T","R","?","M","E","M","R","BOSS"],"items_purchased_type":["Card","Relic"],"build_version":"2020-12-22","purchased_purges":1,"victory":false,"max_hp_per_floor":[86,86,86,86,86,86,86,86,86,86,86,91,91,91,91,91,91,91,91,91,91,91,91,91,91,91,91,91,91,91,91,91,91,91],"card_choices":[{"not_picked":["ThirdEye","PathToVictory"],"picked":"ClearTheMind","floor":1.0},{"not_picked":["EmptyMind","Wallop"],"picked":"PathToVictory","floor":3.0},{"not_picked":["Adaptation","Crescendo"],"picked":"Protect","floor":4.0},{"not_picked":["Crescendo","EmptyFist"],"picked":"Prostrate","floor":5.0},{"not_picked":["Protect","FlurryOfBlows"],"picked":"PathToVictory","floor":7.0},{"not_picked":["ClearTheMind","Evaluate"],"picked":"Prostrate","floor":10.0},{"not_picked":["Nirvana","ClearTheMind","Halt"],"picked":"SKIP","floor":11.0},{"not_picked":["FlurryOfBlows","WreathOfFlame"],"picked":"DeusExMachina","floor":12.0},{"not_picked":["Crescendo","PathToVictory"],"picked":"Consecrate","floor":14.0},{"not_picked":["Wish","Blasphemy"],"picked":"LessonLearned","floor":16.0},{"not_picked":["BattleHymn","WaveOfTheHand"],"picked":"PathToVictory","floor":18},{"not_picked":["JustLucky","FlurryOfBlows"],"picked":"BowlingBash+1","floor":20},{"not_picked":["WheelKick+1","Sanctity"],"picked":"MasterReality","floor":21},{"not_picked":["EmptyBody","Prostrate+1"],"picked":"EmptyFist+1","floor":22},{"not_picked":["JustLucky+1","Wallop"],"picked":"ThirdEye+1","floor":23},{"not_picked":["FlurryOfBlows","CutThroughFate+1"],"picked":"Perseverance+1","floor":24},{"not_picked":["ClearTheMind+1","FollowUp"],"picked":"JustLucky","floor":29},{"not_picked":["FlurryOfBlows","MentalFortress"],"picked":"Crescendo+1","floor":30},{"not_picked":["BowlingBash","Vengeance+1"],"picked":"Wish+1","floor":31}],"player_experience":460897,"relics_obtained":[{"floor":7.0,"key":"Bottled Lightning"},{"floor":9.0,"key":"Gremlin Horn"},{"floor":12.0,"key":"Bird Faced Urn"},{"floor":14.0,"key":"Boot"},{"floor":23,"key":"Toxic Egg 2"},{"floor":26,"key":"Nunchaku"},{"floor":30,"key":"War Paint"}],"event_choices":[{"damage_healed":0.0,"max_hp_gain":0.0,"max_hp_loss":0.0,"gold_gain":0.0,"event_name":"Scrap Ooze","player_choice":"Success","floor":2.0,"gold_loss":0.0,"damage_taken":12.0,"relics_obtained":["Yang"]},{"damage_healed":0.0,"max_hp_gain":0.0,"max_hp_loss":0.0,"gold_gain":0.0,"event_name":"Match and Keep!","player_choice":"1 cards matched","floor":13.0,"gold_loss":0.0,"damage_taken":0.0,"cards_obtained":["Ragnarok"]},{"cards_removed":["Injury"],"damage_healed":0,"gold_gain":0,"player_choice":"Gave Gold","damage_taken":0,"max_hp_gain":0,"max_hp_loss":0,"event_name":"Beggar","floor":28,"gold_loss":75}],"is_beta":false,"boss_relics":[{"not_picked":["Fusion Hammer","Ectoplasm"],"picked":"Cursed Key"}],"items_purged_floors":[6],"is_endless":false,"potions_floor_spawned":[1,7,11,12,14,16,20,23,30],"killed_by":"Champ","ascension_level":0}}