{"host":"mhr97lg0mj90r8b2","time":1611572653,"event":{"mods":["Arknights The Spire","BaseMod","Lobotomy","Minty Spire (QoL Compilation)","Quick Restart","Remilia£®¿Ÿ√◊¿Ú—«£©","StSLib"],"gold_per_floor":[115,115,115,133,150,175,175,193,193,193,193,220,220,230,230,331,331,341,125,125,135,146,146,146,146],"floor_reached":24,"language":"ZHS","playtime":1211,"items_purged":["Yesod"],"score":231,"play_id":"02d4d878-ed89-42ef-8e7e-c23041d6e812","local_time":"20210125190413","is_ascension_mode":false,"campfire_choices":[],"circlet_count":0,"master_deck":["SpecialBullet","SpecialBullet","SpecialBullet","SpecialBullet","SpecialBullet","SpecialBullet","SpecialBullet","SpecialBullet","ControlCode","CentralCode","WelfareCode","Madness+1","Scorched","MeatLantern","InTheNameOfLoveAndHate","Twilight","NothingThere","BearPaw","TT2Protocol","Wellcheers","SomewhereSpear","Parasite","UniverseFragment","SolemnVow","OSAHOGD","SwordSharpenedByTears","InformationCode","WallGazer","ParadiseLost","QueenOfHatred","Wingbeat","Mimicry","FieryBird","BlueStar","MagicBullet"],"relics":["CogitoBucket","Dream Catcher","The Courier","Matryoshka","Nunchaku","Centennial Puzzle","Du-Vu Doll","BehaviorAdjustment","Cursed Key"],"acts_visited":["Exordium","TheCity"],"potions_floor_usage":[6,18,24],"damage_taken":[{"damage":11,"enemies":"Jaw Worm","floor":1,"turns":2},{"damage":0,"enemies":"Small Slimes","floor":4,"turns":3},{"damage":0,"enemies":"Cultist","floor":5,"turns":2},{"damage":49,"enemies":"Lagavulin","floor":6,"turns":5},{"damage":0,"enemies":"Looter","floor":8,"turns":2},{"damage":13,"enemies":"3 Sentries","floor":12,"turns":4},{"damage":10,"enemies":"Exordium Wildlife","floor":14,"turns":2},{"damage":35,"enemies":"Slime Boss","floor":16,"turns":6},{"damage":30,"enemies":"Chosen","floor":18,"turns":2},{"damage":1,"enemies":"Shell Parasite","floor":21,"turns":6},{"damage":11,"enemies":"Shelled Parasite and Fungi","floor":22,"turns":2},{"damage":90,"enemies":"Centurion and Healer","floor":24,"turns":6}],"seed_played":"-1594653598526687812","potions_obtained":[{"floor":1,"key":"Regen Potion"},{"floor":6,"key":"EssenceOfSteel"},{"floor":16,"key":"Fire Potion"},{"floor":20,"key":"PowerPotion"},{"floor":20,"key":"AttackPotion"}],"is_trial":false,"path_per_floor":["M","?","?","M","M","E","R","M","T","R","?","E","T","M","R","B",null,"M","$","?","M","M","R","M"],"character_chosen":"Angela","items_purchased":["Wingbeat","Mimicry"],"campfire_rested":0,"item_purchase_floors":[19,19],"current_hp_per_floor":[59,56,56,56,56,12,12,21,21,21,38,57,57,65,65,65,70,49,49,49,70,70,70,0,0],"gold":146,"neow_bonus":"RANDOM_COLORLESS","is_daily":false,"chose_seed":false,"campfire_upgraded":0,"win_rate":0.0,"timestamp":1611572653,"path_taken":["M","?","?","M","?","E","R","M","T","R","?","E","?","M","R","BOSS","M","$","?","M","M","R","M"],"items_purchased_type":["Card","Card"],"build_version":"2020-12-22","purchased_purges":1,"victory":false,"max_hp_per_floor":[70,70,70,70,70,70,70,70,70,70,70,70,70,70,70,70,70,70,70,70,70,70,70,70,70],"card_choices":[{"not_picked":["Jack Of All Trades","PanicButton"],"picked":"Madness","floor":0},{"not_picked":["Variant","CrumblingArmor"],"picked":"Scorched","floor":1},{"not_picked":["Loneliness","Lantern"],"picked":"SKIP","floor":1},{"not_picked":["OldLady","OSAHOGD"],"picked":"MeatLantern","floor":4},{"not_picked":["CherryBlossom"],"picked":"InTheNameOfLoveAndHate","floor":4},{"not_picked":["Beak"],"picked":"Twilight","floor":5},{"not_picked":["Mercenary","DreamingCurrent"],"picked":"NothingThere","floor":6},{"not_picked":["RedEyes"],"picked":"BearPaw","floor":6},{"not_picked":["ShyLook","BlackSwan"],"picked":"Wellcheers","floor":8},{"not_picked":["Christmas"],"picked":"SomewhereSpear","floor":8},{"not_picked":["Murderer","Mercenary"],"picked":"UniverseFragment","floor":12},{"not_picked":["Beak"],"picked":"SolemnVow","floor":12},{"not_picked":["VoidDream","Murderer"],"picked":"OSAHOGD","floor":14},{"not_picked":["Penitence"],"picked":"SwordSharpenedByTears","floor":14},{"not_picked":["SpiderBud","ShyLook"],"picked":"WallGazer","floor":16},{"not_picked":["SoundOfStar"],"picked":"ParadiseLost","floor":16},{"not_picked":["CherryBlossoms","CrumblingArmor"],"picked":"QueenOfHatred","floor":18},{"not_picked":["SwordSharpenedByTears","Moonlight"],"picked":"SKIP","floor":18},{"not_picked":["CherryBlossoms","VoidDream"],"picked":"FieryBird","floor":21},{"not_picked":["Lantern+1","Logging"],"picked":"SKIP","floor":21},{"not_picked":["Variant","MHz"],"picked":"BlueStar","floor":22},{"not_picked":["Hypocrisy"],"picked":"MagicBullet","floor":22}],"player_experience":114767,"relics_obtained":[{"floor":6,"key":"The Courier"},{"floor":9,"key":"Matryoshka"},{"floor":12,"key":"Nunchaku"},{"floor":13,"key":"Centennial Puzzle"},{"floor":13,"key":"Du-Vu Doll"}],"event_choices":[{"damage_healed":0,"gold_gain":0,"player_choice":"Success","damage_taken":3,"relics_obtained":["Dream Catcher"],"max_hp_gain":0,"max_hp_loss":0,"event_name":"Scrap Ooze","floor":2,"gold_loss":0},{"damage_healed":0,"gold_gain":0,"player_choice":"Upgraded","damage_taken":0,"max_hp_gain":0,"max_hp_loss":0,"event_name":"Upgrade Shrine","floor":3,"gold_loss":0,"cards_upgraded":["Madness"]},{"damage_healed":17,"gold_gain":0,"player_choice":"Healed and dodged fight","damage_taken":0,"max_hp_gain":0,"max_hp_loss":0,"event_name":"Mushrooms","floor":11,"gold_loss":0,"cards_obtained":["Parasite"]},{"damage_healed":0,"gold_gain":0,"player_choice":"Got Potions","damage_taken":0,"max_hp_gain":0,"max_hp_loss":0,"event_name":"Lab","floor":20,"gold_loss":0}],"is_beta":false,"boss_relics":[{"not_picked":["Runic Pyramid","Velvet Choker"],"picked":"Cursed Key"}],"items_purged_floors":[19],"is_endless":false,"potions_floor_spawned":[1,6,16,21,22],"killed_by":"Centurion and Healer","ascension_level":0}}