{"host":"Jinnai","time":1611551129,"event":{"mods":["BaseMod","Bestiary","Block Reminder","Colored Map","Colored Powertips","Highlight Path","Minty Spire (QoL Compilation)","Quick Restart","Relic Stats","StSLib"],"gold_per_floor":[110,120,137,154,154,193,205,217,229,280,305,317,344,381,393,504,516,549,586,673,708,36,72,72,72,127,127,154,178,178,178,178,178,178],"floor_reached":33,"language":"ENG","playtime":4102,"items_purged":["Strike_G"],"score":544,"play_id":"8769a69c-a023-4493-8f21-81f279ea143d","local_time":"20210125000529","is_ascension_mode":true,"campfire_choices":[{"floor":8,"key":"REST"},{"floor":12,"key":"REST"},{"data":"Leg Sweep","floor":15,"key":"SMITH"},{"floor":27,"key":"REST"},{"data":"Catalyst","floor":30,"key":"SMITH"},{"data":"Mayhem","floor":32,"key":"SMITH"}],"circlet_count":0,"master_deck":["AscendersBane","Strike_G","Strike_G","Strike_G","Strike_G","Defend_G","Defend_G","Defend_G","Defend_G","Defend_G","Survivor","Neutralize","Sucker Punch","Slice","Dagger Spray","Endless Agony","Venomology","Unload","Blade Dance","Noxious Fumes","Adrenaline","Terror","Leg Sweep+1","Malaise","Catalyst+1","PiercingWail","Mayhem+1","Setup+1","A Thousand Cuts","Escape Plan+1","Well Laid Plans"],"relics":["Runic Dome","Golden Idol","MawBank","Anchor","The Courier","SacredBark","Pantograph","Membership Card","Mango","Bottled Flame","Toxic Egg 2","Ninja Scroll","Centennial Puzzle","CeramicFish"],"acts_visited":["Exordium","TheCity"],"potions_floor_usage":[8,18,21,23,28,29,33,33],"damage_taken":[{"damage":1,"enemies":"2 Louse","floor":1,"turns":4},{"damage":0,"enemies":"Jaw Worm","floor":2,"turns":4},{"damage":6,"enemies":"Cultist","floor":3,"turns":4},{"damage":13,"enemies":"Red Slaver","floor":4,"turns":4},{"damage":20,"enemies":"3 Sentries","floor":6,"turns":10},{"damage":34,"enemies":"Lagavulin","floor":10,"turns":8},{"damage":8,"enemies":"Blue Slaver","floor":11,"turns":3},{"damage":0,"enemies":"Large Slime","floor":13,"turns":2},{"damage":1,"enemies":"Red Slaver","floor":14,"turns":3},{"damage":1,"enemies":"Hexaghost","floor":16,"turns":9},{"damage":12,"enemies":"Chosen","floor":18,"turns":6},{"damage":6,"enemies":"3 Byrds","floor":19,"turns":7},{"damage":17,"enemies":"Snecko","floor":21,"turns":6},{"damage":28,"enemies":"Gremlin Leader","floor":23,"turns":8},{"damage":38,"enemies":"Cultist and Chosen","floor":28,"turns":8},{"damage":8,"enemies":"Snake Plant","floor":29,"turns":6},{"damage":76,"enemies":"Champ","floor":33,"turns":15}],"seed_played":"-1332742647186177695","potions_obtained":[{"floor":2,"key":"BlessingOfTheForge"},{"floor":3,"key":"SpeedPotion"},{"floor":6,"key":"Fruit Juice"},{"floor":14,"key":"GhostInAJar"},{"floor":18,"key":"Swift Potion"},{"floor":28,"key":"SneckoOil"},{"floor":29,"key":"Swift Potion"}],"is_trial":false,"path_per_floor":["M","M","M","M","?","E","?","R","T","E","M","R","M","M","R","B",null,"M","M","T","M","$","E","?","?","T","R","M","M","R","?","R","B"],"character_chosen":"THE_SILENT","items_purchased":["Membership Card","Mango","Mayhem","Bottled Flame","Toxic Egg 2","Ninja Scroll"],"campfire_rested":3,"item_purchase_floors":[22,22,22,22,22,22],"current_hp_per_floor":[58,58,52,39,39,19,19,43,43,9,1,20,20,19,19,18,53,41,35,35,18,32,4,20,20,20,43,5,44,44,44,44,0,0],"gold":178,"neow_bonus":"BOSS_RELIC","is_daily":false,"chose_seed":false,"campfire_upgraded":3,"win_rate":0.0,"timestamp":1611551129,"path_taken":["M","M","M","M","?","E","?","R","T","E","M","R","?","M","R","BOSS","M","M","?","M","$","E","?","?","T","R","?","M","R","?","R","BOSS"],"items_purchased_type":["Relic","Relic","Card","Relic","Relic","Relic"],"build_version":"2020-12-18","purchased_purges":1,"victory":false,"max_hp_per_floor":[66,66,66,66,60,60,60,65,65,65,65,65,65,65,65,65,65,65,65,65,65,79,79,79,79,79,79,79,79,79,79,79,79,79],"relic_stats":{"Centennial Puzzle":[9],"counters":[17,107],"Golden Idol":75,"Pantograph":25,"CeramicFish":18,"MawBank":192,"obtain_stats":[{"Golden Idol":5,"SacredBark":17,"CeramicFish":26,"Mango":22,"The Courier":10,"MawBank":6,"Runic Dome":0,"Anchor":9,"Bottled Flame":22,"Centennial Puzzle":23,"Ninja Scroll":22,"Pantograph":20,"Membership Card":22,"Toxic Egg 2":22,"Ring of the Snake":0},{"Golden Idol":4,"SacredBark":10,"CeramicFish":14,"Mango":13,"The Courier":6,"MawBank":5,"Runic Dome":0,"Anchor":5,"Bottled Flame":13,"Centennial Puzzle":14,"Ninja Scroll":13,"Pantograph":12,"Membership Card":13,"Toxic Egg 2":13,"Ring of the Snake":0},{"Golden Idol":16,"SacredBark":51,"CeramicFish":78,"Mango":70,"The Courier":34,"MawBank":26,"Runic Dome":0,"Anchor":26,"Bottled Flame":70,"Centennial Puzzle":78,"Ninja Scroll":70,"Pantograph":64,"Membership Card":70,"Toxic Egg 2":70,"Ring of the Snake":0}]},"card_choices":[{"not_picked":["Deadly Poison","Backflip"],"picked":"Sucker Punch","floor":1},{"not_picked":["PiercingWail","Reflex"],"picked":"Slice","floor":2},{"not_picked":["Choke","Backflip"],"picked":"Dagger Spray","floor":3},{"not_picked":["Underhanded Strike","Outmaneuver"],"picked":"Endless Agony","floor":4},{"not_picked":["Deadly Poison","Noxious Fumes"],"picked":"Venomology","floor":6},{"not_picked":["Grand Finale","Accuracy"],"picked":"Adrenaline","floor":10},{"not_picked":["Underhanded Strike","Endless Agony"],"picked":"Terror","floor":11},{"not_picked":["Underhanded Strike","Distraction"],"picked":"Leg Sweep","floor":13},{"not_picked":["Finisher","Dagger Throw","Flying Knee"],"picked":"SKIP","floor":14},{"not_picked":["Tools of the Trade","Burst"],"picked":"Malaise","floor":16},{"not_picked":["Poisoned Stab","Cloak And Dagger"],"picked":"Catalyst","floor":18},{"not_picked":["Setup","Deadly Poison"],"picked":"PiercingWail","floor":19},{"not_picked":["Prepared","Deadly Poison","Dodge and Roll"],"picked":"SKIP","floor":21},{"not_picked":["Underhanded Strike","Dagger Spray","Distraction+1"],"picked":"SKIP","floor":23},{"not_picked":["All Out Attack","Underhanded Strike"],"picked":"Escape Plan+1","floor":28},{"not_picked":["Dagger Throw","Reflex+1"],"picked":"Well Laid Plans","floor":29}],"player_experience":1560542,"relics_obtained":[{"floor":6,"key":"MawBank"},{"floor":9,"key":"Anchor"},{"floor":10,"key":"The Courier"},{"floor":20,"key":"Pantograph"},{"floor":23,"key":"Centennial Puzzle"},{"floor":26,"key":"CeramicFish"}],"event_choices":[{"damage_healed":0,"gold_gain":0,"player_choice":"Lose Max HP","damage_taken":0,"relics_obtained":["Golden Idol"],"max_hp_gain":0,"max_hp_loss":6,"event_name":"Golden Idol","floor":5,"gold_loss":0},{"damage_healed":0,"gold_gain":0,"player_choice":"3 cards matched","damage_taken":0,"max_hp_gain":0,"max_hp_loss":0,"event_name":"Match and Keep!","floor":7,"gold_loss":0,"cards_obtained":["Unload","Blade Dance","Noxious Fumes"]},{"damage_healed":16,"gold_gain":0,"player_choice":"Heal","damage_taken":0,"max_hp_gain":0,"max_hp_loss":0,"event_name":"The Library","floor":24,"gold_loss":0},{"damage_healed":0,"gold_gain":0,"player_choice":"2 cards matched","damage_taken":0,"max_hp_gain":0,"max_hp_loss":0,"event_name":"Match and Keep!","floor":25,"gold_loss":0,"cards_obtained":["Setup","A Thousand Cuts"]},{"damage_healed":0,"gold_gain":0,"player_choice":"Got Potions","damage_taken":0,"max_hp_gain":0,"max_hp_loss":0,"event_name":"Lab","floor":31,"gold_loss":0}],"is_beta":true,"boss_relics":[{"not_picked":["HoveringKite","Fusion Hammer"],"picked":"SacredBark"}],"items_purged_floors":[22],"is_endless":false,"potions_floor_spawned":[2,3,6,14,18,28,29],"killed_by":"Champ","ascension_level":19}}