{"host":"15f3wpiimhe5yrng","time":1611537429,"event":{"mods":["100% Spire Juice","2.2 Compatiblity","BaseMod","Bestiary","Better Altar","Better Match","Better Note","Better Sensory Stone","Better Skull","Better Third Choice","Colored Map","Colored Powertips","Downfall","Good Game Mod","Marisa????????","Minty Spire (QoL Compilation)","Permanent Neow","Relic Filter","SacredBarkPlus","Spicy Shops","Spire Arcade","StSLib","The Animator","The Marked","TheSwordswoman"],"gold_per_floor":[114,114,131,49,69,69,80,80,128,144,144,173,188,198,198,294,294,309,6,106,31,42,77,91,91,115,126,168,168,168,214,214,333,333,370,370,370,370,425,515,558,558,558,608,639,699,699,256,256,296,296,296,3,34,76],"floor_reached":56,"language":"ENG","playtime":3349,"items_purged":["Strike_MRS+1"],"score":1649,"play_id":"da148368-e6cc-425a-8cda-6ab6699395b4","local_time":"20210125021709","is_ascension_mode":false,"campfire_choices":[{"data":"OortCloud","floor":6,"key":"SMITH"},{"data":"UpSweep","floor":8,"key":"SMITH"},{"data":"Acceleration","floor":15,"key":"SMITH"},{"floor":25,"key":"RECALL"},{"data":"Defend_MRS","floor":29,"key":"SMITH"},{"floor":32,"key":"REST"},{"floor":47,"key":"DIG"},{"floor":49,"key":"DIG"},{"floor":52,"key":"DIG"}],"circlet_count":0,"master_deck":["Strike_MRS+1","Strike_MRS+1","Strike_MRS+1","Defend_MRS+1","Defend_MRS+1","Defend_MRS+1","Defend_MRS+1","MasterSpark+1","UpSweep+1","Master of Strategy+1","SporeBomb+1","LessonLearned+1","GrandCross+1","OortCloud+1","Acceleration+1","MillisecondPulsars+1","Acceleration+1","TreasureHunter+1","BinaryStars+1","SprinkleStarSeal+1","AlicesGift+1","AsteroidBelt+1","Robbery+1","Madness+1","Madness+1","Panacea+1","Finesse+1","Singularity"],"relics":["MiniHakkero","REME:ComplimentaryCards","Blood Vial","Lantern","SlaversCollar","Membership Card","MagicBroom","Letter Opener","Anchor","Nunchaku","Art of War","Busted Crown","The Courier","Happy Flower","Shovel","SproutingBranch","Strawberry","Pen Nib","Thread and Needle","Orichalcum","SimpleLauncher","Centennial Puzzle","Torii","Eternal Feather","Sundial","War Paint","Medical Kit","HornCleat","ClockworkSouvenir","Ornamental Fan","Pantograph"],"acts_visited":["Exordium","TheCity","TheBeyond","TheEnding"],"potions_floor_usage":[46,55],"damage_taken":[{"damage":8,"enemies":"Jaw Worm","floor":1,"turns":4},{"damage":5,"enemies":"2 Louse","floor":3,"turns":2},{"damage":0,"enemies":"Small Slimes","floor":5,"turns":2},{"damage":0,"enemies":"2 Fungi Beasts","floor":7,"turns":3},{"damage":2,"enemies":"Blue Slaver","floor":10,"turns":3},{"damage":0,"enemies":"Lagavulin","floor":12,"turns":3},{"damage":0,"enemies":"Exordium Wildlife","floor":13,"turns":3},{"damage":0,"enemies":"2 Fungi Beasts","floor":14,"turns":2},{"damage":0,"enemies":"Slime Boss","floor":16,"turns":3},{"damage":2,"enemies":"Chosen","floor":18,"turns":3},{"damage":2,"enemies":"Spheric Guardian","floor":22,"turns":3},{"damage":0,"enemies":"Book of Stabbing","floor":23,"turns":5},{"damage":6,"enemies":"Snake Plant","floor":24,"turns":3},{"damage":0,"enemies":"Centurion and Healer","floor":27,"turns":3},{"damage":0,"enemies":"Slavers","floor":28,"turns":3},{"damage":0,"enemies":"Snecko","floor":31,"turns":2},{"damage":0,"enemies":"Champ","floor":33,"turns":7},{"damage":0,"enemies":"3 Darklings","floor":35,"turns":3},{"damage":0,"enemies":"3 Shapes","floor":39,"turns":2},{"damage":0,"enemies":"Nemesis","floor":40,"turns":3},{"damage":0,"enemies":"3 Darklings","floor":41,"turns":3},{"damage":2,"enemies":"4 Shapes","floor":44,"turns":3},{"damage":0,"enemies":"Writhing Mass","floor":45,"turns":2},{"damage":0,"enemies":"Reptomancer","floor":46,"turns":3},{"damage":0,"enemies":"Donu and Deca","floor":50,"turns":6},{"damage":0,"enemies":"Shield and Spear","floor":54,"turns":4},{"damage":2,"enemies":"The Heart","floor":55,"turns":6}],"seed_played":"1690282672529158516","potions_obtained":[{"floor":5,"key":"FearPotion"},{"floor":7,"key":"ShroomBrew"},{"floor":10,"key":"Explosive Potion"},{"floor":33,"key":"Guardian:BlockOnCardUsePotion"}],"is_trial":false,"path_per_floor":["M","?","M","$","M","R","M","R","T","M","?","E","M","M","R","B",null,"M","$","?","?","M","E","M","R","T","M","E","R","?","M","R","B",null,"M","T","?","?","M","E","M","?","T","M","M","E","R","$","R","B",null,"R","$","E","B",null],"character_chosen":"MARISA","items_purchased":["OortCloud","Membership Card","MagicBroom","Orichalcum","SimpleLauncher","Centennial Puzzle","Torii","Panacea","Finesse","War Paint","Medical Kit","HornCleat","ClockworkSouvenir","EntropicBrew"],"campfire_rested":1,"item_purchase_floors":[4,19,19,48,48,48,48,48,48,53,53,53,53,53],"current_hp_per_floor":[67,67,62,62,62,62,62,62,62,62,47,49,51,53,53,55,75,73,73,73,73,73,75,69,69,69,71,73,73,73,75,75,75,75,75,75,66,66,68,70,72,69,69,75,75,82,82,82,82,82,82,82,82,82,82],"gold":76,"neow_bonus":"UPGRADE_CARD","is_daily":false,"chose_seed":false,"campfire_upgraded":4,"win_rate":0.0,"timestamp":1611537429,"path_taken":["M","?","M","$","M","R","M","R","T","M","?","E","M","M","R","BOSS","M","$","?","?","M","E","M","R","T","M","E","R","?","M","R","BOSS","M","?","?","?","?","E","M","?","T","M","M","E","R","$","R","BOSS","R","$","E","BOSS"],"items_purchased_type":["Card","Relic","Relic","Relic","Relic","Relic","Relic","Card","Card","Relic","Relic","Relic","Relic","Potion"],"build_version":"2020-12-22","purchased_purges":1,"victory":true,"max_hp_per_floor":[75,75,75,75,75,75,75,75,75,75,75,75,75,75,75,75,75,75,75,75,75,75,75,75,75,75,75,75,75,75,75,75,75,75,75,75,75,75,75,75,75,75,75,75,75,82,82,82,82,82,82,82,82,82,82],"card_choices":[{"not_picked":["MilkyWay","DarkMatter"],"picked":"SporeBomb","floor":1},{"not_picked":["PowerUp","DoubleSpark"],"picked":"GrandCross","floor":3},{"not_picked":["FairyDestructionRay","PowerUp"],"picked":"Acceleration","floor":5},{"not_picked":["WitchLeyline","SporeBomb","DoubleSpark"],"picked":"SKIP","floor":7},{"not_picked":["ShootingEcho","Singularity"],"picked":"MillisecondPulsars","floor":10},{"not_picked":["MagicAbsorber","StarlightTyphoon"],"picked":"Acceleration","floor":12},{"not_picked":["DC","BlazeAway","OneTimeOff"],"picked":"SKIP","floor":13},{"not_picked":["MagicChant","Singularity","UnstableBomb"],"picked":"SKIP","floor":14},{"not_picked":["UltimateShortwave","FinalSpark"],"picked":"TreasureHunter","floor":16},{"not_picked":["ShootingEcho","WitchLeyline","DC"],"picked":"SKIP","floor":18},{"not_picked":["FinalSpark+1","ManaRampage+1"],"picked":"BinaryStars+1","floor":21},{"not_picked":["BlazeAway+1","MeteoricShower+1"],"picked":"SprinkleStarSeal+1","floor":21},{"not_picked":["LuminesStrike","ShootingEcho+1","WitchOfGreed"],"picked":"SKIP","floor":22},{"not_picked":["NonDirectionalLaser","Occultation"],"picked":"AlicesGift","floor":23},{"not_picked":["EscapeVelocity","DC"],"picked":"AsteroidBelt+1","floor":24},{"not_picked":["MysteriousBeam","PulseMagic+1"],"picked":"Robbery","floor":27},{"not_picked":["GravityBeat","DoubleSpark","ShootingEcho"],"picked":"SKIP","floor":28},{"not_picked":["Acceleration","SporeBomb","DarkMatter+1"],"picked":"SKIP","floor":31},{"not_picked":["GasGiant+1"],"picked":"SKIP","floor":35},{"not_picked":["SporeBomb"],"picked":"SKIP","floor":39},{"not_picked":["6A+1"],"picked":"SKIP","floor":40},{"not_picked":["GalacticHalo+1"],"picked":"SKIP","floor":41},{"not_picked":["GalacticHalo+1"],"picked":"SKIP","floor":41},{"not_picked":["Robbery"],"picked":"SKIP","floor":44},{"not_picked":["SporeBomb+1"],"picked":"SKIP","floor":45},{"not_picked":["DarkMatter+1"],"picked":"SKIP","floor":46},{"not_picked":[],"picked":"Singularity","floor":54}],"player_experience":184145,"relics_obtained":[{"floor":9,"key":"Blood Vial"},{"floor":12,"key":"Lantern"},{"floor":23,"key":"Letter Opener"},{"floor":23,"key":"Anchor"},{"floor":28,"key":"Nunchaku"},{"floor":28,"key":"Art of War"},{"floor":36,"key":"The Courier"},{"floor":40,"key":"Happy Flower"},{"floor":40,"key":"Shovel"},{"floor":43,"key":"SproutingBranch"},{"floor":46,"key":"Strawberry"},{"floor":46,"key":"Pen Nib"},{"floor":47,"key":"Thread and Needle"},{"floor":49,"key":"Eternal Feather"},{"floor":52,"key":"Sundial"},{"floor":54,"key":"Ornamental Fan"},{"floor":54,"key":"Pantograph"}],"event_choices":[{"damage_healed":0,"gold_gain":1,"player_choice":"4","damage_taken":0,"max_hp_gain":0,"max_hp_loss":0,"event_name":"betterStone:BetterStone","floor":2,"gold_loss":0,"cards_obtained":["LessonLearned"]},{"damage_healed":62,"gold_gain":0,"player_choice":"Upgrade","damage_taken":15,"max_hp_gain":0,"max_hp_loss":75,"event_name":"betterThird:BetterShining","floor":11,"gold_loss":0,"cards_upgraded":["Defend_MRS","MillisecondPulsars"]},{"damage_healed":0,"gold_gain":100,"player_choice":"Pray","damage_taken":0,"max_hp_gain":0,"max_hp_loss":0,"event_name":"Golden Shrine","floor":20,"gold_loss":0},{"damage_healed":0,"gold_gain":0,"player_choice":"2","damage_taken":0,"max_hp_gain":0,"max_hp_loss":0,"event_name":"betterMatch:BetterMatch","floor":21,"gold_loss":0,"cards_obtained":["betterMatch:RareCard","betterMatch:UncommonCard"]},{"cards_removed":["LessonLearned"],"damage_healed":0,"gold_gain":0,"player_choice":"Give","damage_taken":0,"max_hp_gain":0,"max_hp_loss":0,"event_name":"betterNote:BetterNote","floor":30,"gold_loss":0,"cards_obtained":["None"]},{"damage_healed":0,"gold_gain":0,"player_choice":"Embrace Madness","damage_taken":9,"max_hp_gain":0,"max_hp_loss":0,"event_name":"Winding Halls","floor":37,"gold_loss":0,"cards_obtained":["Madness","Madness"]},{"damage_healed":0,"gold_gain":0,"player_choice":"Got Potions","damage_taken":0,"max_hp_gain":0,"max_hp_loss":0,"event_name":"Lab","floor":38,"gold_loss":0},{"damage_healed":0,"gold_gain":0,"player_choice":"Punched","damage_taken":3,"max_hp_gain":0,"max_hp_loss":0,"event_name":"Designer","floor":42,"gold_loss":0}],"is_beta":false,"boss_relics":[{"not_picked":["Philosopher\u0027s Stone","Coffee Dripper"],"picked":"SlaversCollar"},{"not_picked":["Tiny House","Snecko Eye"],"picked":"Busted Crown"}],"items_purged_floors":[48],"is_endless":false,"potions_floor_spawned":[5,7,10,14,23,24,28,33,35,39],"ascension_level":0}}