{"host":"f5gffvlv6a66yqkd","time":1611565805,"event":{"mods":["2.2 Compatiblity","BaseMod","Colored Map","Custom Start","DeckTracker","Keyboard Shortcuts","Minty Spire (QoL Compilation)","Permanent Neow","Quick Restart","Relic Stats","StSLib","SuperFastMode"],"gold_per_floor":[114,129,141,58,133,133,133,133,213,213,233,247,247,247],"floor_reached":13,"language":"KOR","playtime":228,"items_purged":[],"score":150,"play_id":"a3148436-8230-4afe-b42f-4f9e4707c8f8","local_time":"20210125181005","is_ascension_mode":true,"campfire_choices":[{"data":"Cloak And Dagger","floor":6.0,"key":"SMITH"},{"data":"Terror","floor":8.0,"key":"SMITH"},{"data":"After Image","floor":10.0,"key":"SMITH"}],"circlet_count":0,"master_deck":["AscendersBane","Strike_G","Strike_G","Strike_G","Strike_G","Strike_G","Defend_G","Defend_G","Defend_G","Defend_G","Defend_G","Survivor","Neutralize","Flying Knee","Terror+1","Dagger Throw","Cloak And Dagger+1","Accuracy","After Image+1","Backstab"],"relics":["Ring of the Snake","Singing Bowl"],"acts_visited":["Exordium"],"potions_floor_usage":[],"damage_taken":[{"damage":1.0,"enemies":"Small Slimes","floor":1.0,"turns":3.0},{"damage":0.0,"enemies":"Cultist","floor":2.0,"turns":3.0},{"damage":3.0,"enemies":"2 Louse","floor":3.0,"turns":3.0},{"damage":4,"enemies":"Blue Slaver","floor":11,"turns":3},{"damage":14,"enemies":"Large Slime","floor":12,"turns":6},{"damage":29,"enemies":"Gremlin Nob","floor":13,"turns":4}],"seed_played":"-4328863385363989017","potions_obtained":[{"floor":1.0,"key":"LiquidBronze"},{"floor":2.0,"key":"LiquidBronze"}],"is_trial":false,"path_per_floor":["M","M","M","$","?","R","?","R","T","R","M","M","E"],"character_chosen":"THE_SILENT","items_purchased":["Accuracy"],"campfire_rested":0,"item_purchase_floors":[4],"current_hp_per_floor":[58,58,55,55,44,44,44,44,44,44,42,30,1,1],"gold":247,"neow_bonus":"THREE_CARDS","is_daily":false,"chose_seed":false,"campfire_upgraded":3,"win_rate":0.0,"timestamp":1611565805,"path_taken":["M","M","M","$","?","R","?","R","T","R","M","M","E"],"items_purchased_type":["Card"],"build_version":"2020-12-22","purchased_purges":0,"victory":false,"max_hp_per_floor":[66,66,66,66,66,66,66,66,66,66,68,70,70,70],"relic_stats":{"Singing Bowl":4,"counters":[6,22],"obtain_stats":[{"Singing Bowl":9,"Ring of the Snake":0},{"Singing Bowl":3,"Ring of the Snake":0},{"Singing Bowl":9,"Ring of the Snake":0}],"Ring of the Snake":[12]},"card_choices":[{"not_picked":["Deflect","Prepared"],"picked":"Flying Knee","floor":0.0},{"not_picked":["Backflip","Concentrate"],"picked":"Terror","floor":1.0},{"not_picked":["Crippling Poison","Concentrate"],"picked":"Dagger Throw","floor":2.0},{"not_picked":["Underhanded Strike","Backflip"],"picked":"Cloak And Dagger","floor":3.0},{"not_picked":["Prepared","Dagger Throw","Noxious Fumes"],"picked":"Singing Bowl","floor":11},{"not_picked":["Flechettes","Endless Agony","Finisher"],"picked":"Singing Bowl","floor":12}],"player_experience":1612673,"relics_obtained":[{"floor":9.0,"key":"Singing Bowl"}],"event_choices":[{"damage_healed":0.0,"max_hp_gain":0.0,"max_hp_loss":0.0,"gold_gain":75.0,"event_name":"World of Goop","player_choice":"Gather Gold","floor":5.0,"gold_loss":0.0,"damage_taken":11.0},{"damage_healed":0.0,"max_hp_gain":0.0,"max_hp_loss":0.0,"gold_gain":0.0,"event_name":"Match and Keep!","player_choice":"2 cards matched","floor":7.0,"gold_loss":0.0,"damage_taken":0.0,"cards_obtained":["After Image","Backstab"]}],"is_beta":false,"boss_relics":[],"items_purged_floors":[],"is_endless":false,"potions_floor_spawned":[1,2,3,11],"killed_by":"Gremlin Nob","ascension_level":20}}