{"host":"dtvgc7uk609653br","time":1611599832,"event":{"mods":["BaseMod","Minty Spire (QoL Compilation)","StSLib"],"gold_per_floor":[113,288,288,305,230,255,274,274,297,313,313,324,324,324,324,424,424,435,118,135,153,153,153],"floor_reached":22,"language":"ENG","playtime":787,"items_purged":["Doubt","Meteor Strike"],"score":186,"play_id":"e05e793a-8bdd-4b23-a416-a819998c1a42","local_time":"20210125133712","is_ascension_mode":false,"campfire_choices":[{"data":"Fission","floor":8,"key":"SMITH"},{"data":"Darkness","floor":13,"key":"SMITH"},{"data":"Redo","floor":15,"key":"SMITH"}],"circlet_count":0,"master_deck":["Strike_B","Strike_B","Strike_B+1","Defend_B","Defend_B","Defend_B","Defend_B","Zap+1","Dualcast","Fission+1","Darkness+1","Rebound","Redo+1","Defragment","Fission","Defragment"],"relics":["Cracked Core","Toy Ornithopter","Oddly Smooth Stone","SlaversCollar","Happy Flower"],"acts_visited":["Exordium","TheCity"],"potions_floor_usage":[22],"damage_taken":[{"damage":0,"enemies":"2 Louse","floor":1,"turns":2},{"damage":2,"enemies":"Small Slimes","floor":4,"turns":4},{"damage":21,"enemies":"Lagavulin","floor":6,"turns":7},{"damage":1,"enemies":"Cultist","floor":7,"turns":3},{"damage":4,"enemies":"3 Louse","floor":10,"turns":5},{"damage":0,"enemies":"2 Fungi Beasts","floor":12,"turns":2},{"damage":17,"enemies":"The Guardian","floor":16,"turns":8},{"damage":10,"enemies":"2 Thieves","floor":18,"turns":4},{"damage":34,"enemies":"Shell Parasite","floor":20,"turns":9},{"damage":29,"enemies":"Shelled Parasite and Fungi","floor":21,"turns":7},{"damage":9,"enemies":"Chosen and Byrds","floor":22,"turns":1}],"seed_played":"8787747190175400711","potions_obtained":[{"floor":1,"key":"FearPotion"},{"floor":7,"key":"Ancient Potion"},{"floor":12,"key":"CultistPotion"}],"is_trial":false,"path_per_floor":["M","?","?","M","$","E","M","R","T","M","?","M","R","?","R","B",null,"M","$","M","M","M"],"character_chosen":"DEFECT","items_purchased":["Defragment","Happy Flower"],"campfire_rested":0,"item_purchase_floors":[19,19],"current_hp_per_floor":[75,75,75,73,73,52,51,51,51,47,32,32,32,32,32,15,75,65,65,31,2,0,0],"gold":153,"neow_bonus":"ONE_RANDOM_RARE_CARD","is_daily":false,"chose_seed":false,"campfire_upgraded":3,"win_rate":0.0,"timestamp":1611599832,"path_taken":["M","?","?","?","$","E","M","R","T","M","?","M","R","?","R","BOSS","M","$","M","M","M"],"items_purchased_type":["Card","Relic"],"build_version":"2020-12-22","purchased_purges":2,"victory":false,"max_hp_per_floor":[75,75,75,75,75,75,75,75,75,75,75,75,75,75,75,75,75,75,75,75,75,75,75],"card_choices":[{"not_picked":["Aggregate","Sunder"],"picked":"Darkness","floor":1},{"not_picked":["Sweeping Beam","Stack"],"picked":"Rebound","floor":4},{"not_picked":["Coolheaded","Fusion","Recycle"],"picked":"SKIP","floor":6},{"not_picked":["Recycle","Ball Lightning","Genetic Algorithm"],"picked":"SKIP","floor":7},{"not_picked":["Coolheaded","Scrape"],"picked":"Redo","floor":10},{"not_picked":["Gash","Capacitor"],"picked":"Defragment","floor":12},{"not_picked":["Echo Form","Biased Cognition"],"picked":"Fission","floor":16},{"not_picked":["White Noise","Gash","Sweeping Beam"],"picked":"SKIP","floor":18},{"not_picked":["Cold Snap","Compile Driver+1","Streamline"],"picked":"SKIP","floor":20},{"not_picked":["Beam Cell","Fission","Hologram"],"picked":"SKIP","floor":21}],"player_experience":526084,"relics_obtained":[{"floor":6,"key":"Toy Ornithopter"},{"floor":9,"key":"Oddly Smooth Stone"}],"event_choices":[{"damage_healed":0,"gold_gain":175,"player_choice":"AGREE","damage_taken":0,"max_hp_gain":0,"max_hp_loss":0,"event_name":"Liars Game","floor":2,"gold_loss":0,"cards_obtained":["Doubt"]},{"damage_healed":0,"gold_gain":0,"cards_transformed":["Strike_B"],"player_choice":"Transformed","damage_taken":0,"max_hp_gain":0,"max_hp_loss":0,"event_name":"Transmorgrifier","floor":3,"gold_loss":0,"cards_obtained":["Meteor Strike"]},{"damage_healed":0,"gold_gain":0,"player_choice":"Entered Light","damage_taken":15,"max_hp_gain":0,"max_hp_loss":0,"event_name":"Shining Light","floor":11,"gold_loss":0,"cards_upgraded":["Strike_B","Zap"]},{"damage_healed":0,"gold_gain":0,"player_choice":"Ignored","damage_taken":0,"max_hp_gain":0,"max_hp_loss":0,"event_name":"Golden Idol","floor":14,"gold_loss":0}],"is_beta":false,"boss_relics":[{"not_picked":["Runic Pyramid","FrozenCore"],"picked":"SlaversCollar"}],"items_purged_floors":[5,19],"is_endless":false,"potions_floor_spawned":[1,7,12,16,20],"killed_by":"Chosen and Byrds","ascension_level":0}}