{"host":"vrsxkkch9ccrec7k","time":1611561205,"event":{"mods":["Act Like it!","BaseMod","Bestiary","Better Altar","Better Match","Better Note","Better Sensory Stone","Better Skull","Better Third Choice","Better Vampires","Downfall","Minty Spire (QoL Compilation)","Permanent Neow","Relic Stats","Spicy Shops","StSLib"],"gold_per_floor":[359,10,21,21,21,21,41,41,66,105,105,125,125,150,150,150,150],"floor_reached":16,"language":"ENG","playtime":557,"items_purged":["Doubt"],"score":190,"play_id":"0716eddf-b29a-4d68-bca2-97e24fc4d519","local_time":"20210125025325","is_ascension_mode":true,"campfire_choices":[{"data":"Zap","floor":6,"key":"SMITH"},{"data":"Sweeping Beam","floor":8,"key":"SMITH"},{"data":"Electrodynamics","floor":13,"key":"SMITH"},{"data":"Fusion","floor":15,"key":"SMITH"}],"circlet_count":0,"master_deck":["AscendersBane","Strike_B","Strike_B","Strike_B","Strike_B","Defend_B","Defend_B","Defend_B","Defend_B","Zap+1","Dualcast","Barrage","Beam Cell","Sweeping Beam+1","Ball Lightning","Parasite","Electrodynamics+1","Fusion+1"],"relics":["Cracked Core","Meat on the Bone","Golden Idol","Centennial Puzzle","Oddly Smooth Stone"],"acts_visited":["Exordium"],"potions_floor_usage":[7,16],"damage_taken":[{"damage":12,"enemies":"Cultist","floor":1,"turns":4},{"damage":2,"enemies":"Jaw Worm","floor":3,"turns":3},{"damage":0,"enemies":"2 Louse","floor":7,"turns":2},{"damage":20,"enemies":"Lagavulin","floor":10,"turns":7},{"damage":23,"enemies":"Exordium Thugs","floor":12,"turns":5},{"damage":5,"enemies":"Looter","floor":14,"turns":2},{"damage":39,"enemies":"Hexaghost","floor":16,"turns":9}],"seed_played":"-1160205920070837691","potions_obtained":[{"floor":1,"key":"BlessingOfTheForge"},{"floor":3,"key":"Guardian:BlockOnCardUsePotion"}],"is_trial":false,"path_per_floor":["M","$","M","?","?","R","M","R","T","E","?","M","R","M","R","B"],"character_chosen":"DEFECT","items_purchased":["Meat on the Bone"],"campfire_rested":0,"item_purchase_floors":[2],"current_hp_per_floor":[52,52,50,55,55,55,55,55,55,35,52,41,41,36,36,0,0],"gold":150,"neow_bonus":"TWO_FIFTY_GOLD","is_daily":false,"chose_seed":false,"campfire_upgraded":4,"win_rate":0.0,"timestamp":1611561205,"path_taken":["M","?","M","?","?","R","M","R","T","E","?","?","R","M","R","BOSS"],"items_purchased_type":["Relic"],"build_version":"2020-12-22","purchased_purges":1,"victory":false,"max_hp_per_floor":[71,71,71,76,69,69,69,69,69,69,69,69,69,69,69,69,69],"relic_stats":{"Centennial Puzzle":[12],"counters":[7,32],"Golden Idol":21,"obtain_stats":[{"Centennial Puzzle":9,"Golden Idol":5,"Oddly Smooth Stone":10,"Cracked Core":0,"Meat on the Bone":2},{"Centennial Puzzle":3,"Golden Idol":2,"Oddly Smooth Stone":4,"Cracked Core":0,"Meat on the Bone":1},{"Centennial Puzzle":9,"Golden Idol":7,"Oddly Smooth Stone":16,"Cracked Core":0,"Meat on the Bone":4}],"Meat on the Bone":12},"card_choices":[{"not_picked":["Leap","Darkness"],"picked":"Barrage","floor":1},{"not_picked":["Storm","Recycle"],"picked":"Beam Cell","floor":3},{"not_picked":["Barrage","Blizzard"],"picked":"Sweeping Beam","floor":7},{"not_picked":["BootSequence","Defragment"],"picked":"Ball Lightning","floor":10},{"not_picked":["Reinforced Body","Cold Snap"],"picked":"Electrodynamics","floor":12},{"not_picked":["Rebound","Turbo"],"picked":"Fusion","floor":14}],"player_experience":1730464,"relics_obtained":[{"floor":9,"key":"Centennial Puzzle"},{"floor":10,"key":"Oddly Smooth Stone"}],"event_choices":[{"damage_healed":0,"gold_gain":0,"player_choice":"Donut","damage_taken":0,"max_hp_gain":5,"max_hp_loss":0,"event_name":"Big Fish","floor":4,"gold_loss":0},{"damage_healed":0,"gold_gain":0,"player_choice":"Lose Max HP","damage_taken":0,"relics_obtained":["Golden Idol"],"max_hp_gain":0,"max_hp_loss":7,"event_name":"Golden Idol","floor":5,"gold_loss":0},{"damage_healed":17,"gold_gain":0,"player_choice":"Healed and dodged fight","damage_taken":0,"max_hp_gain":0,"max_hp_loss":0,"event_name":"Mushrooms","floor":11,"gold_loss":0,"cards_obtained":["Parasite"]}],"is_beta":false,"boss_relics":[],"items_purged_floors":[2],"is_endless":false,"potions_floor_spawned":[1,3],"killed_by":"Hexaghost","ascension_level":18}}