{"host":"6vv0uythevi5qk1w","time":1611571241,"event":{"mods":["Act Like it!","BaseMod","Downfall","Gensokyo","Minty Spire (QoL Compilation)","StSLib"],"gold_per_floor":[99,99,112,130,130,130,130,140,140,154,169,20,47,59,79,79,79,79],"floor_reached":16,"language":"ZHS","playtime":845,"items_purged":[],"score":104,"play_id":"a1c7e99d-0ed6-4992-8f5f-de956a5299a2","local_time":"20210125184041","is_ascension_mode":false,"campfire_choices":[{"floor":1.0,"key":"RECALL"}],"circlet_count":0,"master_deck":["champ:Strike","champ:Strike","champ:Strike","champ:Strike","champ:Defend","champ:Defend","champ:Defend","champ:Defend","champ:Execute","champ:Taunt","Clumsy","champ:RisingSlash","Gensokyo:CrescentMoonSlash","champ:UltimateStance","Feed"],"relics":["champ:ChampionCrown","NeowsBlessing","Gensokyo:NagashiBinaDoll","Gensokyo:OccultBall","Turnip","PrismaticShard","Omamori"],"acts_visited":["Exordium"],"potions_floor_usage":[16],"damage_taken":[{"damage":0.0,"enemies":"Gensokyo:Gryphon","floor":3.0,"turns":1.0},{"damage":0.0,"enemies":"Gensokyo:2_Kodama","floor":4.0,"turns":1.0},{"damage":0.0,"enemies":"Gensokyo:Python","floor":8.0,"turns":1.0},{"damage":15.0,"enemies":"Gensokyo:Gryphon_and_Rabbit","floor":10.0,"turns":3.0},{"damage":24.0,"enemies":"Gensokyo:3_Kodama","floor":11.0,"turns":4.0},{"damage":6.0,"enemies":"Gensokyo:Cirno","floor":13.0,"turns":5.0},{"damage":26.0,"enemies":"Gensokyo:Kitsune","floor":14.0,"turns":6.0},{"damage":0.0,"enemies":"Gensokyo:LivingMonolith","floor":15.0,"turns":3.0},{"damage":62,"enemies":"DF_ARCHETYPE_STREAMLINE","floor":16,"turns":4}],"seed_played":"-1838415499504029185","potions_obtained":[{"floor":3.0,"key":"champ:CounterPotion"},{"floor":4.0,"key":"Block Potion"},{"floor":11.0,"key":"DuplicationPotion"},{"floor":14.0,"key":"LiquidMemories"},{"floor":15.0,"key":"GamblersBrew"}],"is_trial":false,"path_per_floor":["R","?","M","M","?","?","T","M","?","M","M","COS","E","M","M","B"],"character_chosen":"THE_CHAMP","items_purchased":[],"campfire_rested":0,"item_purchase_floors":[],"current_hp_per_floor":[90,55,55,55,55,55,55,55,42,42,38,38,37,24,27,0,0,0],"gold":79,"neow_bonus":"THREE_ENEMY_KILL","is_daily":false,"chose_seed":false,"campfire_upgraded":0,"win_rate":0.0,"timestamp":1611571241,"path_taken":["R","?","?","M","?","?","T","M","?","M","?","COS","E","M","M","BOSS"],"items_purchased_type":[],"build_version":"2020-12-22","purchased_purges":0,"victory":false,"max_hp_per_floor":[90,90,90,90,90,90,90,90,90,90,90,90,90,93,96,96,96,96],"card_choices":[{"not_picked":["champ:Backstep","champ:AdrenalArmor"],"picked":"champ:EndlessRage","floor":3.0},{"not_picked":["champ:TornadoPunch","champ:FlashCut","champ:DeathBlow"],"picked":"SKIP","floor":4.0},{"not_picked":["champ:DefensiveShout","champ:StanceDance"],"picked":"champ:RisingSlash","floor":8.0},{"not_picked":["champ:PerfectedStrike","champ:FancyFootwork"],"picked":"champ:UltimateStance","floor":10.0},{"not_picked":["champ:CrookedStrike","champ:BladeFlurry","champ:DefensiveShout"],"picked":"SKIP","floor":11.0},{"not_picked":["bronze:ChildClass","FlurryOfBlows"],"picked":"Feed","floor":13.0},{"not_picked":["Distraction","Gensokyo:BuddhistDiamond","Guardian:Harden"],"picked":"SKIP","floor":14.0},{"not_picked":["Slimebound:SamplingLick","Poisoned Stab","Sword Boomerang"],"picked":"SKIP","floor":15.0}],"player_experience":489314,"relics_obtained":[{"floor":7.0,"key":"Turnip"},{"floor":13.0,"key":"Omamori"}],"event_choices":[],"is_beta":false,"boss_relics":[],"items_purged_floors":[],"is_endless":false,"potions_floor_spawned":[3,4,11,14,15],"killed_by":"DF_ARCHETYPE_STREAMLINE","ascension_level":0}}