{"host":"yqm","time":1611597651,"event":{"mods":["ATMod(°¢èªMod)","BaseMod","Challenge The Spire","Colored Map","Colored Powertips","DeckTracker","Good Game Mod","Minty Spire (QoL Compilation)","MostiFishMod","Quick Restart","Relic Filter","Relic Filter Mod","Relic Stats","Remove Card Discount Mod","Replay The Spire","StSLib","noobMod","óô»ðÖ¸ÄÏ"],"gold_per_floor":[119,119,309,309,322,348,101,120,143,172,172,197,217,231,231,306,306,317,317,336,336,356,385,396,422,422,96,96,96,96,96,96,124,124,198,198,209,30,380,380,464,464,554,554,581,661,216,322,40,40,40,99,166,166,83,0,71,111],"floor_reached":59,"language":"ZHS","playtime":4898,"items_purged":["Strike_G","Strike_G","Strike_G","Strike_G","Strike_G","Defend_G","Defend_G","Defend_G","Defend_G","Outmaneuver","Hidden Blade","Wraith Form v2+1","Noxious Fumes","Envenom","Doubt","Overencumbered","CommonCold","Parasite","ReplayTheSpireMod:Splinters","Clumsy","Catalyst","Neutralize","Delirium","Venomology+1","Blade Dance+1","Normality"],"score":3428,"play_id":"c0df78df-182c-448f-a271-b02d76512937","local_time":"20210126020051","is_ascension_mode":true,"campfire_choices":[{"data":"Well Laid Plans","floor":15.0,"key":"SMITH"},{"data":"Venomology","floor":32.0,"key":"SMITH"},{"data":"Tactician","floor":34.0,"key":"SMITH"},{"data":"MostiFishMod:SpreadingSpore","floor":42.0,"key":"SMITH"},{"floor":44.0,"key":"RECALL"},{"floor":51.0,"key":"DIG"}],"circlet_count":0,"master_deck":["AscendersBane","Survivor+1","AT_EssenceShift+1","Well Laid Plans+1","Acrobatics+1","MostiFishMod:PreservedThorns+1","Neutralize+1","CurseOfTheBell","Tactician+1","MostiFishMod:SpreadingSpore+1","MostiFishMod:ThornCasing+1","MostiFishMod:Opportunism+1","MostiFishMod:FrostNova+1","Outmaneuver+1","MostiFishMod:VineMother+1","Backflip+1","Prepared+1","ReplayTheSpireMod:Brewmster+1","Amnesia"],"relics":["Ring of the Snake","REME:ComplimentaryCards","ice","DaveBox","AT_ATBox","NeowsBlessing","ChiXiaoBlade","SynthV:TestCard","ReplayTheSpireMod:Lightbulb","BargainBundle","Potion Belt","Pen Nib","Bottled Lightning","Calling Bell","Ancient Tea Set","Quantum Egg","Ginger","Anchor","Centennial Puzzle","Replay:Wax Seal","Golden Egg","AT_EbonyIvory","Replay:Ancient Bell","Replay:Rubber Ducky","Molten Egg 2","Replay:Kaleidoscope","MealTicket","ReplayTheSpireMod:Ring of Challenge","Ring of Greed","Old Coin","Replay:Bandana","ReplayTheSpireMod:CursedCoin","AT_SilvercatRing","Bag of Marbles","Onion Ring","Membership Card","ImprovedEquipment","Orichalcum","OrangePellets","Replay:Baseball","Whetstone"],"acts_visited":["Exordium","TheCity","TheBeyond","TheEnding"],"potions_floor_usage":[58,58,58,58,58],"damage_taken":[{"damage":0.0,"enemies":"Jaw Worm","floor":1.0,"turns":1.0},{"damage":0.0,"enemies":"Small Slimes","floor":5.0,"turns":1.0},{"damage":0.0,"enemies":"Gremlin Nob","floor":6.0,"turns":1.0},{"damage":11.0,"enemies":"2 Louse","floor":8.0,"turns":4.0},{"damage":40.0,"enemies":"3 Sentries","floor":10.0,"turns":8.0},{"damage":0.0,"enemies":"Lagavulin","floor":12.0,"turns":5.0},{"damage":3.0,"enemies":"Exordium Wildlife","floor":13.0,"turns":4.0},{"damage":13.0,"enemies":"Large Slime","floor":14.0,"turns":4.0},{"damage":17.0,"enemies":"The Guardian","floor":16.0,"turns":7.0},{"damage":0.0,"enemies":"2 Thieves","floor":18.0,"turns":2.0},{"damage":16.0,"enemies":"Spheric Guardian","floor":20.0,"turns":4.0},{"damage":11.0,"enemies":"Snecko","floor":22.0,"turns":4.0},{"damage":13.0,"enemies":"Gremlin Leader","floor":23.0,"turns":4.0},{"damage":0.0,"enemies":"Centurion and Healer","floor":24.0,"turns":2.0},{"damage":11.0,"enemies":"Replay:Snechameleon","floor":25.0,"turns":5.0},{"damage":18.0,"enemies":"Book of Stabbing","floor":33.0,"turns":4.0},{"damage":3.0,"enemies":"Automaton","floor":35.0,"turns":4.0},{"damage":17.0,"enemies":"3 Shapes","floor":37.0,"turns":3.0},{"damage":0.0,"enemies":"3 Darklings","floor":41.0,"turns":1.0},{"damage":0.0,"enemies":"Spire Growth","floor":46.0,"turns":3.0},{"damage":15.0,"enemies":"R_Hoarder","floor":48.0,"turns":2.0},{"damage":0.0,"enemies":"Donu and Deca","floor":52.0,"turns":3.0},{"damage":0.0,"enemies":"Time Eater","floor":53.0,"turns":4.0},{"damage":0.0,"enemies":"Shield and Spear","floor":57.0,"turns":3.0},{"damage":0,"enemies":"The Heart","floor":58,"turns":5}],"seed_played":"-8188813884812940624","potions_obtained":[{"floor":1.0,"key":"Toxic Potion"},{"floor":10.0,"key":"Flashbang"},{"floor":13.0,"key":"LiquidMemories"},{"floor":14.0,"key":"Dexterity Potion"},{"floor":16.0,"key":"Adrenaline Potion"},{"floor":18.0,"key":"Weak Potion"},{"floor":22.0,"key":"Weak Potion"},{"floor":23.0,"key":"Languid Potion"},{"floor":35.0,"key":"Fire Potion"},{"floor":46.0,"key":"GhostInAJar"},{"floor":48.0,"key":"Elixir"},{"floor":57.0,"key":"BlessingOfTheForge"}],"is_trial":false,"path_per_floor":["M","?","?","?","M","E","$","M","T","E","?","E","M","M","R","B",null,"M","?","M","?","M","E","M","E","T","$","?","PTL","PTL","?","R","E","R","B",null,"M","$","?","?","M","R","$","R","T","M","R","E","R","T","R_BF","B","B",null,"R","$","E","B",null],"character_chosen":"THE_SILENT","items_purchased":["BargainBundle","PowerPotion","Noxious Fumes","Golden Egg","Outmaneuver","MealTicket","ReplayTheSpireMod:CursedCoin","Energy Potion","AT_SilvercatRing","Bag of Marbles","Membership Card","ReplayTheSpireMod:Brewmster","Blade Dance+1","OrangePellets","Replay:Baseball"],"campfire_rested":0,"item_purchase_floors":[7,7,7,27,27,38,43,43,47,47,49,49,49,55,56],"current_hp_per_floor":[59,59,33,33,33,33,33,22,22,45,45,45,42,29,29,12,56,56,56,40,40,37,29,29,26,26,26,26,26,26,40,40,24,24,26,59,45,45,45,45,45,45,60,60,60,63,63,48,48,48,48,51,51,63,63,67,67,67],"gold":111,"neow_bonus":"THREE_ENEMY_KILL","is_daily":false,"chose_seed":false,"campfire_upgraded":4,"win_rate":0.0,"timestamp":1611597651,"path_taken":["M","?","?","?","M","E","$","?","T","E","?","E","M","?","R","BOSS","M","?","M","?","?","E","M","E","T","$","?","PTL","PTL","?","R","E","R","BOSS","M","$","?","?","M","R","$","R","T","?","R","E","R","?","R_BF","BOSS","BOSS","R","$","E","BOSS"],"items_purchased_type":["Relic","Potion","Card","Relic","Card","Relic","Relic","Potion","Relic","Relic","Relic","Card","Card","Relic","Relic"],"build_version":"2020-12-18","purchased_purges":26,"victory":true,"max_hp_per_floor":[66,66,66,66,66,66,66,66,66,69,69,70,70,70,70,70,70,70,70,70,70,70,70,70,70,70,70,70,70,70,70,70,70,70,70,70,70,70,70,70,70,70,67,67,67,67,67,67,67,67,67,67,67,67,67,67,67,67],"relic_stats":{"OrangePellets":[2],"Centennial Puzzle":[12],"counters":[25,88],"MealTicket":19,"Pen Nib":[25],"Ginger":[4],"Whetstone":[],"Orichalcum":[6],"obtain_stats":[{"Golden Egg":27,"AT_ATBox":0,"DaveBox":0,"ice":0,"Ginger":17,"Whetstone":57,"Ancient Tea Set":17,"Replay:Rubber Ducky":36,"Old Coin":39,"Centennial Puzzle":25,"Replay:Bandana":39,"MealTicket":38,"Replay:Wax Seal":26,"Ring of the Snake":0,"Potion Belt":9,"BargainBundle":7,"NeowsBlessing":0,"ReplayTheSpireMod:CursedCoin":43,"Quantum Egg":17,"ImprovedEquipment":50,"Pen Nib":10,"AT_EbonyIvory":33,"Replay:Ancient Bell":36,"Replay:Kaleidoscope":36,"Ring of Greed":39,"AT_SilvercatRing":47,"Orichalcum":51,"Calling Bell":17,"OrangePellets":55,"REME:ComplimentaryCards":0,"Anchor":23,"Replay:Baseball":56,"SynthV:TestCard":1,"ChiXiaoBlade":0,"Molten Egg 2":36,"Onion Ring":48,"Bag of Marbles":47,"Bottled Lightning":12,"Membership Card":49,"ReplayTheSpireMod:Ring of Challenge":39,"ReplayTheSpireMod:Lightbulb":6},{"Golden Egg":15,"AT_ATBox":0,"DaveBox":0,"ice":0,"Ginger":9,"Whetstone":24,"Ancient Tea Set":9,"Replay:Rubber Ducky":17,"Old Coin":18,"Centennial Puzzle":15,"Replay:Bandana":18,"MealTicket":18,"Replay:Wax Seal":15,"Ring of the Snake":0,"Potion Belt":4,"BargainBundle":3,"NeowsBlessing":0,"ReplayTheSpireMod:CursedCoin":19,"Quantum Egg":9,"ImprovedEquipment":21,"Pen Nib":5,"AT_EbonyIvory":16,"Replay:Ancient Bell":17,"Replay:Kaleidoscope":17,"Ring of Greed":18,"AT_SilvercatRing":20,"Orichalcum":21,"Calling Bell":9,"OrangePellets":23,"REME:ComplimentaryCards":0,"Anchor":13,"Replay:Baseball":23,"SynthV:TestCard":1,"ChiXiaoBlade":0,"Molten Egg 2":17,"Onion Ring":21,"Bag of Marbles":20,"Bottled Lightning":6,"Membership Card":21,"ReplayTheSpireMod:Ring of Challenge":18,"ReplayTheSpireMod:Lightbulb":3},{"Golden Egg":56,"AT_ATBox":0,"DaveBox":0,"ice":0,"Ginger":35,"Whetstone":83,"Ancient Tea Set":35,"Replay:Rubber Ducky":64,"Old Coin":67,"Centennial Puzzle":56,"Replay:Bandana":67,"MealTicket":67,"Replay:Wax Seal":56,"Ring of the Snake":0,"Potion Belt":7,"BargainBundle":3,"NeowsBlessing":0,"ReplayTheSpireMod:CursedCoin":68,"Quantum Egg":35,"ImprovedEquipment":73,"Pen Nib":15,"AT_EbonyIvory":60,"Replay:Ancient Bell":64,"Replay:Kaleidoscope":64,"Ring of Greed":67,"AT_SilvercatRing":71,"Orichalcum":73,"Calling Bell":35,"OrangePellets":80,"REME:ComplimentaryCards":0,"Anchor":49,"Replay:Baseball":80,"SynthV:TestCard":1,"ChiXiaoBlade":0,"Molten Egg 2":64,"Onion Ring":73,"Bag of Marbles":71,"Bottled Lightning":20,"Membership Card":73,"ReplayTheSpireMod:Ring of Challenge":67,"ReplayTheSpireMod:Lightbulb":3}],"Ring of the Snake":[50]},"card_choices":[{"not_picked":["Cloak And Dagger","Blur"],"picked":"Hidden Blade","floor":1.0},{"not_picked":["AT_TinkerSharpsword","Sneak Up","MostiFishMod:ThornCasing","AT_WindFlip"],"picked":"Outmaneuver","floor":3.0},{"not_picked":["MostiFishMod:VineMother","MostiFishMod:PerfectParry","Cloak And Dagger","Fluid Movement"],"picked":"Acrobatics","floor":5.0},{"not_picked":["Cloak And Dagger","Slice","Prepared","Flying Knee"],"picked":"PiercingWail","floor":6.0},{"not_picked":["ReplayTheSpireMod:Shiv Toss","Prepared","Poison Darts","Underhanded Strike"],"picked":"MostiFishMod:PreservedThorns","floor":8.0},{"not_picked":["Noxious Fumes","Fluid Movement","Choke","Flying Knee","Outmaneuver"],"picked":"SKIP","floor":10.0},{"not_picked":["Dodge and Roll","Infinite Blades","Outmaneuver","Terror","Bane"],"picked":"SKIP","floor":12.0},{"not_picked":["Fluid Movement","Draining Mist","Deadly Poison","Acrobatics","Sucker Punch"],"picked":"SKIP","floor":13.0},{"not_picked":["ReplayTheSpireMod:Exploit Weakness","Dagger Throw","AT_WindFlip","Bane"],"picked":"Envenom","floor":14.0},{"not_picked":["Night Terror","MostiFishMod:SpreadingSpore","A Thousand Cuts","Doppelganger"],"picked":"Venomology","floor":16.0},{"not_picked":["Quick Slash","PiercingWail","Dagger Spray","Dagger Throw"],"picked":"Tactician","floor":18.0},{"not_picked":["Hidden Blade","Bane","Venomology","Deadly Poison"],"picked":"Catalyst","floor":20.0},{"not_picked":["Toxin Wave","AT_WindRun","PiercingWail","Fluid Movement","Slice"],"picked":"SKIP","floor":22.0},{"not_picked":["Prepared","Sucker Punch","AT_WindRun","Bane+1"],"picked":"MostiFishMod:ThornCasing+1","floor":23.0},{"not_picked":["Acrobatics","Footwork","Hidden Blade+1","Draining Mist"],"picked":"MostiFishMod:Opportunism","floor":24.0},{"not_picked":["Quick Slash","Endless Agony","Dodge and Roll","Slice"],"picked":"MostiFishMod:FrostNova","floor":25.0},{"not_picked":["AT_WindFlip","Skewer","Accuracy","Dagger Spray+1","Distraction"],"picked":"SKIP","floor":33.0},{"not_picked":["Poison Darts","Grand Finale","Atom Bomb","MostiFishMod:FullyArmed"],"picked":"MostiFishMod:VineMother","floor":35.0},{"not_picked":["CurseOfTheBell","Regret","Sickly","Replay:Hysterical Blindness"],"picked":"CommonCold","floor":36.0},{"not_picked":["Decay","Normality","Regret","ReplayTheSpireMod:Splinters"],"picked":"Overencumbered","floor":36.0},{"not_picked":["Delirium","Languid","AbeCurse","Hallucinations"],"picked":"Doubt","floor":36.0},{"not_picked":["Grand Finale+1","Slice+1","Fluid Movement","Sucker Punch+1"],"picked":"Backflip+1","floor":37.0},{"not_picked":["Tactician","AT_FocusSwordFire+1","Bane+1","Dagger Spray+1","AT_WindFlip+1"],"picked":"SKIP","floor":41.0},{"not_picked":["Tactician","AT_FocusSwordFire+1","Bane+1","Dagger Spray+1","AT_WindFlip+1"],"picked":"SKIP","floor":41.0},{"not_picked":["AT_TwilightShroud","Cloak And Dagger+1","Dodge and Roll","Deflect"],"picked":"Prepared+1","floor":46.0},{"not_picked":["AT_WindFlip+1","Outmaneuver","Venomology","Wraith Form v2","Dagger Throw+1"],"picked":"SKIP","floor":48.0},{"not_picked":["Deflect+1","Replay:Poison Smokescreen+1","Terror","ReplayTheSpireMod:Speed Training","Outmaneuver"],"picked":"SKIP","floor":57.0}],"player_experience":857199,"relics_obtained":[{"floor":1.0,"key":"SynthV:TestCard"},{"floor":6.0,"key":"ReplayTheSpireMod:Lightbulb"},{"floor":9.0,"key":"Potion Belt"},{"floor":10.0,"key":"Pen Nib"},{"floor":12.0,"key":"Bottled Lightning"},{"floor":17.0,"key":"Ancient Tea Set"},{"floor":17.0,"key":"Quantum Egg"},{"floor":17.0,"key":"Ginger"},{"floor":23.0,"key":"Anchor"},{"floor":25.0,"key":"Centennial Puzzle"},{"floor":26.0,"key":"Replay:Wax Seal"},{"floor":33.0,"key":"AT_EbonyIvory"},{"floor":39.0,"key":"ReplayTheSpireMod:Ring of Challenge"},{"floor":39.0,"key":"Ring of Greed"},{"floor":39.0,"key":"Old Coin"},{"floor":39.0,"key":"Replay:Bandana"},{"floor":48.0,"key":"Onion Ring"},{"floor":50.0,"key":"ImprovedEquipment"},{"floor":51.0,"key":"Orichalcum"},{"floor":57.0,"key":"Whetstone"}],"event_choices":[{"damage_healed":0.0,"max_hp_gain":0.0,"max_hp_loss":0.0,"gold_gain":0.0,"event_name":"Match and Keep!","player_choice":"1 cards matched","floor":11.0,"gold_loss":0.0,"damage_taken":0.0,"cards_obtained":["Neutralize"]},{"damage_healed":0.0,"max_hp_gain":0.0,"max_hp_loss":0.0,"gold_gain":0.0,"event_name":"Back to Basics","player_choice":"Simplicity","floor":19.0,"gold_loss":0.0,"damage_taken":0.0,"cards_upgraded":[]},{"damage_healed":0.0,"max_hp_gain":0.0,"max_hp_loss":0.0,"gold_gain":0.0,"cards_transformed":["PiercingWail"],"event_name":"Transmorgrifier","player_choice":"Transformed","floor":21.0,"gold_loss":0.0,"damage_taken":0.0,"cards_obtained":["MostiFishMod:SpreadingSpore"]},{"damage_healed":0.0,"max_hp_gain":0.0,"max_hp_loss":0.0,"gold_gain":0.0,"event_name":"Ghosts","player_choice":"Ignored","floor":28.0,"gold_loss":0.0,"damage_taken":0.0},{"damage_healed":14.0,"max_hp_gain":0.0,"max_hp_loss":0.0,"gold_gain":0.0,"event_name":"The Library","player_choice":"Heal","floor":31.0,"gold_loss":0.0,"damage_taken":0.0},{"cards_removed":["Hallucinations","Pain"],"damage_healed":0.0,"max_hp_gain":0.0,"max_hp_loss":0.0,"gold_gain":0.0,"event_name":"Fountain of Cleansing","player_choice":"Removed Curses","floor":40.0,"gold_loss":0.0,"damage_taken":0.0}],"is_beta":true,"boss_relics":[{"not_picked":["Ring of Chaos","Coffee Dripper"],"picked":"Calling Bell"},{"not_picked":["RhineFirstAidKit","Snecko Scales"],"picked":"Replay:Ancient Bell"},{"not_picked":["Grinning Jar","Boot"],"picked":"Replay:Rubber Ducky"},{"not_picked":["Replay:Bottled Snecko","Replay:Bottled Steam"],"picked":"Molten Egg 2"},{"not_picked":["MostiFishMod:Haymaker","Replay:Towering Pillar of Hats"],"picked":"Replay:Kaleidoscope"}],"items_purged_floors":[7,7,7,7,7,7,7,7,7,27,38,38,38,38,38,38,38,43,43,47,47,47,49,49,49,56],"is_endless":false,"potions_floor_spawned":[1,10,13,14,16,18,22,23,35,46,48,57],"ascension_level":20}}