{"host":"y24pqu7jih1n8m3t","time":1611541394,"event":{"mods":["AchievementEnabler","BaseMod","Bestiary","Block Reminder","Colored Map","Colored Powertips","DeckTracker","Highlight Path","Minty Spire (QoL Compilation)","Permanent Neow","Quick Restart","Rare Cards Sparkle","Relic Stats"],"gold_per_floor":[18,30,42,42,55,89,189,189,234,260,291,332,365,395,407,521,533,562,586,513,539,551,563,563],"floor_reached":23,"language":"ENG","playtime":3262,"items_purged":[],"score":234,"play_id":"77609d5f-0a35-4751-9699-9b561a7a7836","local_time":"20210124212314","is_ascension_mode":true,"campfire_choices":[{"data":"Coolheaded","floor":8,"key":"SMITH"},{"data":"Fusion","floor":15,"key":"SMITH"}],"circlet_count":0,"master_deck":["Strike_B","Strike_B","Strike_B","Strike_B","Defend_B","Defend_B","Defend_B","Defend_B","Zap","Dualcast","Skim","Glacier","Cold Snap","Coolheaded+1","Streamline","Fission","Cold Snap","Hologram","Barrage","Fusion+1","Reboot","Compile Driver+1","Aggregate","Capacitor"],"relics":["Cracked Core","TungstenRod","HornCleat","Lantern","MawBank","Odd Mushroom","Runic Pyramid","Centennial Puzzle","Nloth\u0027s Gift"],"acts_visited":["Exordium","TheCity"],"potions_floor_usage":[10,16,21],"damage_taken":[{"damage":0,"enemies":"Cultist","floor":1,"turns":4},{"damage":1,"enemies":"Jaw Worm","floor":2,"turns":3},{"damage":0,"enemies":"Small Slimes","floor":3,"turns":3},{"damage":8,"enemies":"2 Fungi Beasts","floor":5,"turns":5},{"damage":2,"enemies":"3 Sentries","floor":6,"turns":15},{"damage":11,"enemies":"Lagavulin","floor":10,"turns":7},{"damage":6,"enemies":"Gremlin Gang","floor":11,"turns":4},{"damage":2,"enemies":"3 Sentries","floor":12,"turns":9},{"damage":0,"enemies":"The Mushroom Lair","floor":13,"turns":4},{"damage":1,"enemies":"Looter","floor":14,"turns":2},{"damage":6,"enemies":"The Guardian","floor":16,"turns":15},{"damage":6,"enemies":"Spheric Guardian","floor":18,"turns":6},{"damage":17,"enemies":"Shell Parasite","floor":19,"turns":7},{"damage":19,"enemies":"Snake Plant","floor":21,"turns":7},{"damage":21,"enemies":"Gremlin Leader","floor":23,"turns":10}],"seed_played":"5414622636710658723","potions_obtained":[{"floor":2,"key":"PowerPotion"},{"floor":3,"key":"Ancient Potion"},{"floor":12,"key":"Energy Potion"},{"floor":16,"key":"GamblersBrew"},{"floor":18,"key":"Dexterity Potion"},{"floor":19,"key":"LiquidMemories"}],"is_trial":false,"path_per_floor":["M","M","M","$","M","E","?","R","T","E","M","E","?","M","R","B",null,"M","M","?","M","?","E"],"character_chosen":"DEFECT","items_purchased":[],"campfire_rested":0,"item_purchase_floors":[],"current_hp_per_floor":[75,74,74,74,66,64,64,64,64,53,47,45,45,44,44,38,75,69,52,52,33,33,12,12],"gold":563,"neow_bonus":"ONE_RARE_RELIC","is_daily":false,"chose_seed":false,"campfire_upgraded":2,"win_rate":0.0,"timestamp":1611541394,"path_taken":["M","?","M","$","?","E","?","R","T","E","?","E","?","M","R","BOSS","M","M","?","M","?","E"],"items_purchased_type":[],"build_version":"2020-12-22","purchased_purges":0,"victory":false,"max_hp_per_floor":[75,75,75,75,75,75,75,75,75,75,75,75,75,75,75,75,75,75,75,75,75,75,75,75],"relic_stats":{"Centennial Puzzle":[6],"counters":[15,101],"Nloth\u0027s Gift":0,"MawBank":156,"obtain_stats":[{"Lantern":9,"Nunchaku":12,"Centennial Puzzle":20,"HornCleat":6,"Nloth\u0027s Gift":22,"Odd Mushroom":13,"Cracked Core":0,"MawBank":10,"TungstenRod":0,"Runic Pyramid":17},{"Lantern":5,"Nunchaku":8,"Centennial Puzzle":13,"HornCleat":5,"Nloth\u0027s Gift":14,"Odd Mushroom":9,"Cracked Core":0,"MawBank":6,"TungstenRod":0,"Runic Pyramid":11},{"Lantern":30,"Nunchaku":50,"Centennial Puzzle":84,"HornCleat":30,"Nloth\u0027s Gift":91,"Odd Mushroom":54,"Cracked Core":0,"MawBank":37,"TungstenRod":0,"Runic Pyramid":71}],"TungstenRod":25},"card_choices":[{"not_picked":["Compile Driver","Aggregate"],"picked":"Skim","floor":1},{"not_picked":["Coolheaded","Leap"],"picked":"Glacier","floor":2},{"not_picked":["Aggregate","Gash"],"picked":"Cold Snap","floor":3},{"not_picked":["Genetic Algorithm","Redo"],"picked":"Coolheaded","floor":5},{"not_picked":["Heatsinks","Beam Cell"],"picked":"Streamline","floor":6},{"not_picked":["Rebound","Lockon"],"picked":"Fission","floor":10},{"not_picked":["Compile Driver","Sweeping Beam"],"picked":"Cold Snap","floor":11},{"not_picked":["Rip and Tear","BootSequence"],"picked":"Hologram","floor":12},{"not_picked":["Sweeping Beam","Storm"],"picked":"Barrage","floor":13},{"not_picked":["Ball Lightning","Leap"],"picked":"Fusion","floor":14},{"not_picked":["Core Surge","Amplify"],"picked":"Reboot","floor":16},{"not_picked":["Steam Power","Reprogram"],"picked":"Compile Driver+1","floor":18},{"not_picked":["Gash","Ball Lightning"],"picked":"Aggregate","floor":19},{"not_picked":["Coolheaded","Stack"],"picked":"Capacitor","floor":21}],"player_experience":188451,"relics_obtained":[{"floor":6,"key":"HornCleat"},{"floor":9,"key":"Lantern"},{"floor":10,"key":"MawBank"},{"floor":12,"key":"Nunchaku"},{"floor":13,"key":"Odd Mushroom"}],"event_choices":[{"damage_healed":0,"gold_gain":100,"player_choice":"Pray","damage_taken":0,"max_hp_gain":0,"max_hp_loss":0,"event_name":"Golden Shrine","floor":7,"gold_loss":0},{"damage_healed":0,"gold_gain":0,"player_choice":"Fought Mushrooms","damage_taken":0,"max_hp_gain":0,"max_hp_loss":0,"event_name":"Mushrooms","floor":13,"gold_loss":0},{"damage_healed":0,"gold_gain":0,"player_choice":"Obtained Relic","damage_taken":0,"relics_obtained":["Centennial Puzzle"],"max_hp_gain":0,"max_hp_loss":0,"event_name":"Addict","floor":20,"gold_loss":85},{"damage_healed":0,"gold_gain":0,"player_choice":"Traded Relic","damage_taken":0,"relics_obtained":["Nloth\u0027s Gift"],"max_hp_gain":0,"max_hp_loss":0,"event_name":"N\u0027loth","floor":22,"relics_lost":["Nunchaku"],"gold_loss":0}],"is_beta":false,"boss_relics":[{"not_picked":["Pandora\u0027s Box","Coffee Dripper"],"picked":"Runic Pyramid"}],"items_purged_floors":[],"is_endless":false,"potions_floor_spawned":[2,3,12,16,18,19],"killed_by":"Gremlin Leader","ascension_level":2}}