{"host":"om3vwxs2fz5vu4gd","time":1611553323,"event":{"mods":["BaseMod","Downfall","Minty Spire (QoL Compilation)","Robot Space Explorer","StSLib"],"gold_per_floor":[99,117,137,137,137,165,165,178,278,288,300,314,341,361,378,378,378,378],"floor_reached":16,"language":"ENG","playtime":1044,"items_purged":[],"score":122,"play_id":"cefadb80-88b7-4326-8057-da606fafa963","local_time":"20210125164203","is_ascension_mode":true,"campfire_choices":[{"data":"bronze:Goto","floor":1.0,"key":"SMITH"}],"circlet_count":0,"master_deck":["bronze:Strike","bronze:Strike","bronze:Defend","bronze:Defend","bronze:Defend","bronze:Defend","bronze:Replicate","bronze:Goto+1","bronze:HyperBeam","bronze:Iterate","bronze:DarkDash","bronze:ShipIt","bronze:ForceShield","bronze:HardenedForm","bronze:DigitalCarnage","bronze:Frontload","bronze:Philosophize","bronze:Safeguard","bronze:Refactor"],"relics":["bronze:BronzeCore","Oddly Smooth Stone","Mercury Hourglass","Toy Ornithopter","bronze:ProtectiveGoggles"],"acts_visited":["Exordium"],"potions_floor_usage":[16],"damage_taken":[{"damage":1.0,"enemies":"Jaw Worm","floor":2.0,"turns":4.0},{"damage":1.0,"enemies":"Cultist","floor":3.0,"turns":4.0},{"damage":8.0,"enemies":"Lagavulin","floor":6.0,"turns":6.0},{"damage":3.0,"enemies":"Small Slimes","floor":8.0,"turns":2.0},{"damage":12.0,"enemies":"downfall:LadyInBlue","floor":9.0,"turns":11.0},{"damage":2.0,"enemies":"Gremlin Gang","floor":10.0,"turns":3.0},{"damage":4.0,"enemies":"3 Louse","floor":11.0,"turns":2.0},{"damage":3.0,"enemies":"Lots of Slimes","floor":12.0,"turns":4.0},{"damage":18.0,"enemies":"Gremlin Nob","floor":13.0,"turns":4.0},{"damage":0.0,"enemies":"Blue Slaver","floor":14.0,"turns":3.0},{"damage":0.0,"enemies":"Large Slime","floor":15.0,"turns":5.0},{"damage":27,"enemies":"IC_STATUS_ARCHETYPE","floor":16,"turns":8}],"seed_played":"4046093774181258262","potions_obtained":[{"floor":9.0,"key":"Fire Potion"},{"floor":9.0,"key":"bronze:FreeFunctionsPotion"},{"floor":9.0,"key":"CultistPotion"},{"floor":9.0,"key":"LiquidBronze"}],"is_trial":false,"path_per_floor":["R","M","M","?","?","E","T","M","?","M","M","M","E","M","M","B"],"character_chosen":"THE_AUTOMATON","items_purchased":[],"campfire_rested":0,"item_purchase_floors":[],"current_hp_per_floor":[70,69,68,68,68,60,60,57,45,43,39,36,18,18,18,0,0,0],"gold":378,"neow_bonus":"TRANSFORM_CARD","is_daily":false,"chose_seed":false,"campfire_upgraded":1,"win_rate":0.0,"timestamp":1611553323,"path_taken":["R","M","M","?","?","E","T","?","?","M","M","M","E","?","M","BOSS"],"items_purchased_type":[],"build_version":"2020-12-22","purchased_purges":0,"victory":false,"max_hp_per_floor":[70,70,70,70,70,70,70,70,70,70,70,70,70,70,70,70,70,70],"card_choices":[{"not_picked":["bronze:FineTuning","bronze:DelayedSlice"],"picked":"bronze:Iterate","floor":2.0},{"not_picked":["bronze:Branch","bronze:Overheat"],"picked":"bronze:DarkDash","floor":3.0},{"not_picked":["bronze:WhirlingStrike","bronze:BitShift"],"picked":"bronze:HardenedForm","floor":6.0},{"not_picked":["bronze:FineTuning","bronze:DelayedSlice","bronze:ForceShield"],"picked":"SKIP","floor":8.0},{"not_picked":["bronze:ForceShield","bronze:Turbo"],"picked":"bronze:DigitalCarnage","floor":10.0},{"not_picked":["bronze:BuggyMess","bronze:Invalidate"],"picked":"bronze:Frontload","floor":11.0},{"not_picked":["bronze:WhirlingStrike","bronze:Frontload"],"picked":"bronze:Philosophize","floor":12.0},{"not_picked":["bronze:GetLatest","bronze:ForceShield"],"picked":"bronze:Safeguard","floor":13.0},{"not_picked":["bronze:MaxOutput","bronze:ItsAFeature"],"picked":"bronze:Refactor","floor":14.0},{"not_picked":["bronze:Backtrace","bronze:OilSpill","bronze:Allocate"],"picked":"SKIP","floor":15.0}],"player_experience":433120,"relics_obtained":[{"floor":6.0,"key":"Oddly Smooth Stone"},{"floor":7.0,"key":"Mercury Hourglass"},{"floor":9.0,"key":"Toy Ornithopter"},{"floor":13.0,"key":"bronze:ProtectiveGoggles"}],"event_choices":[],"is_beta":false,"boss_relics":[],"items_purged_floors":[],"is_endless":false,"potions_floor_spawned":[9,10,14],"killed_by":"IC_STATUS_ARCHETYPE","ascension_level":1}}