{"host":"tcdxiwht2vajk3tk","time":1611536170,"event":{"mods":["AchievementEnabler","BaseMod","Beaked The Cultist","Colored Powertips","Conspire","Defuse TimeMaze Blight","Downfall","Halation","Hermit","Hubris","Infinite Spire","Lobotomy","LobotomyExtend","Minty Spire (QoL Compilation)","Replay The Spire","Shop Mod","StSLib","The Cursed","The Disciple"],"gold_per_floor":[99,115,565,565,579,429,429,429,465,465,27,48,98,132,154,276,276,276,276,305,334,334,365,365,387,414,441,441,476,476,476,512,624,624,624,657,657,657,678,163,190,190,210,219,247,601,501,523,545,663,663,663,691,719,753,771,817,843,843,843,863,887,887,1026,1063,1086,1204,1204,1204,1311,1420,1442,1442,1442,1442],"floor_reached":73,"language":"ENG","playtime":15166,"items_purged":["Shame"],"score":1358,"play_id":"5c1668c3-b4ce-47b9-990d-930e50f68e69","local_time":"20210124195610","is_ascension_mode":false,"campfire_choices":[{"data":"bronze:Replicate","floor":1.0,"key":"SMITH"},{"data":"bronze:ChosenStrike","floor":8.0,"key":"SMITH"},{"data":"bronze:Repair","floor":10.0,"key":"SMITH"},{"data":"bronze:Virus","floor":18.0,"key":"SMITH"},{"floor":28.0,"key":"REST"},{"floor":30.0,"key":"REST"},{"floor":35.0,"key":"RECALL"},{"floor":47.0,"key":"REST"},{"data":"Sickly","floor":52.0,"key":"SMITH"},{"data":"Sickly","floor":60.0,"key":"SMITH"},{"data":"hubris:Sloth","floor":69.0,"key":"SMITH"}],"circlet_count":2,"master_deck":["bronze:Strike","bronze:Strike+1","bronze:Strike","bronze:Strike","bronze:Defend","bronze:Defend","bronze:Defend","bronze:Defend","bronze:Replicate+1","bronze:Goto","bronze:ChosenStrike+1","downfall:Icky","bronze:BronzeOrb+1","bronze:Repair+1","bronze:Fortify","bronze:WhirlingStrike+1","bronze:FindAndReplace","bronze:DelayedSlice+1","CommonCold","bronze:Virus+1","bronze:DelayedGuard+1","bronze:FineTuning+1","bronze:WhirlingStrike+1","Spreading Infection","bronze:ItsAFeature","bronze:Frontload","bronze:DelayedSlice+1","bronze:Flail+1","bronze:Allocate","Madness","bronze:SpaghettiCode","bronze:ChildClass","Parasite","bronze:CloningBeam","bronze:ChosenStrike","bronze:Shell","bronze:FollowUp+1","infinitespire:Menacing","bronze:Overload","Flash of Steel","Finesse","ReplayTheSpireMod:Compounding Headache","Replay:Hysterical Blindness","ReplayTheSpireMod:Restless Dread","bronze:Overload+1","bronze:DelayedGuard+1","bronze:ChildClass+1","bronze:HyperBeam","bronze:Boost","bronze:Backtrace","bronze:ClassDefault","infinitespire:UltimateForm+1","bronze:FineTuning","bronze:BitShift","bronze:OilSpill","hubris:Disease","hubris:Disease","bronze:OilSpill","bronze:BronzeArmor","bronze:Return","bronze:Verify","ReplayTheSpireMod:Doomed","hubris:Sloth","ReplayTheSpireMod:Faulty Equipment","hubris:Gluttony","Looming Evil","hubris:Lust","Regret","Regret","bronze:DelayedSlice","Looming Evil","bronze:Deprecate","bronze:FineTuning"],"relics":["bronze:BronzeCore","LetterFromLob","CeramicFish","halation:BottledLove","MerchantsRug","Chemical X","Circlet","Ring of Fangs","Ring of Greed","Tiny Chest","Replay:Wax Seal","Pondfish Scales","hubris:TerracottaHorce","Moonlight_r","Mirror","halation:AfternoonTea","hubris:ScarierMask","hubris:Towel","halation:SwordOfLegend","Blood Vial","halation:PrussianBluePaint","Chameleon Ring","hubris:TinFlute","conspire:SlowCooker","Ancient Tea Set","White Beast Statue","downfall:HeartBlessingRed","SacredBark","Bottled Lightning","bronze:SilverBullet","Vajra","conspire:RoyalGoblet","Darkstone Periapt","WingedGreaves"],"acts_visited":["Exordium","TheCity","TheBeyond","Exordium","TheCity"],"potions_floor_usage":[],"damage_taken":[{"damage":0.0,"enemies":"Small Slimes","floor":2.0,"turns":4.0},{"damage":1.0,"enemies":"Jaw Worm","floor":5.0,"turns":3.0},{"damage":11.0,"enemies":"Replay:BlueRogue","floor":9.0,"turns":6.0},{"damage":0.0,"enemies":"downfall:FleeingMerchant","floor":11.0,"turns":4.0},{"damage":6.0,"enemies":"Cultist","floor":12.0,"turns":3.0},{"damage":32.0,"enemies":"3 Sentries","floor":14.0,"turns":9.0},{"damage":0.0,"enemies":"2 Fungi Beasts","floor":15.0,"turns":3.0},{"damage":47.0,"enemies":"IC_STATUS_ARCHETYPE","floor":16.0,"turns":12.0},{"damage":1.0,"enemies":"3 Byrds","floor":20.0,"turns":4.0},{"damage":18.0,"enemies":"Snake Plant","floor":21.0,"turns":4.0},{"damage":0.0,"enemies":"Chosen and Byrds","floor":23.0,"turns":4.0},{"damage":0.0,"enemies":"Cultist and Chosen","floor":25.0,"turns":4.0},{"damage":23.0,"enemies":"Centurion and Healer","floor":26.0,"turns":5.0},{"damage":4.0,"enemies":"Snecko","floor":27.0,"turns":3.0},{"damage":32.0,"enemies":"Nightmare","floor":29.0,"turns":7.0},{"damage":0.0,"enemies":"3 Cultists","floor":32.0,"turns":4.0},{"damage":69.0,"enemies":"DF_ARCHETYPE_CLAW","floor":33.0,"turns":7.0},{"damage":0.0,"enemies":"Orb Walker","floor":36.0,"turns":2.0},{"damage":52.0,"enemies":"3 Shapes","floor":39.0,"turns":3.0},{"damage":0.0,"enemies":"downfall:FleeingMerchant","floor":40.0,"turns":5.0},{"damage":14.0,"enemies":"Writhing Mass","floor":43.0,"turns":5.0},{"damage":24.0,"enemies":"Transient","floor":45.0,"turns":5.0},{"damage":1.0,"enemies":"downfall:LadyInBlue","floor":46.0,"turns":6.0},{"damage":7.0,"enemies":"Spire Growth","floor":48.0,"turns":3.0},{"damage":13.0,"enemies":"Jaw Worm Horde","floor":49.0,"turns":4.0},{"damage":60.0,"enemies":"WA_ARCHETYPE_DIVINITY","floor":50.0,"turns":9.0},{"damage":0.0,"enemies":"Small Slimes","floor":53.0,"turns":1.0},{"damage":0.0,"enemies":"2 Louse","floor":54.0,"turns":1.0},{"damage":0.0,"enemies":"3 Sentries","floor":55.0,"turns":2.0},{"damage":0.0,"enemies":"Gremlin Nob","floor":57.0,"turns":2.0},{"damage":0.0,"enemies":"Cultist","floor":61.0,"turns":4.0},{"damage":0.0,"enemies":"3 Louse","floor":62.0,"turns":1.0},{"damage":0.0,"enemies":"downfall:FleeingMerchant","floor":64.0,"turns":4.0},{"damage":15.0,"enemies":"Lagavulin","floor":65.0,"turns":3.0},{"damage":0.0,"enemies":"2 Fungi Beasts","floor":66.0,"turns":1.0},{"damage":2.0,"enemies":"Fading Forest","floor":67.0,"turns":11.0},{"damage":13,"enemies":"Shell Parasite","floor":70,"turns":6},{"damage":0,"enemies":"Colosseum Nobs","floor":71,"turns":3},{"damage":46,"enemies":"Snake Plant","floor":72,"turns":5},{"damage":50,"enemies":"Shelled Parasite and Fungi","floor":73,"turns":3}],"seed_played":"-507460123157582237","potions_obtained":[{"floor":0.0,"key":"FearPotion"},{"floor":0.0,"key":"SneckoOil"},{"floor":0.0,"key":"infinitespire:BlackPotion"},{"floor":9.0,"key":"Swift Potion"},{"floor":16.0,"key":"Regen Potion"},{"floor":21.0,"key":"Strength Potion"},{"floor":27.0,"key":"bronze:BurnAndBuffPotion"},{"floor":29.0,"key":"Adrenaline Potion"},{"floor":32.0,"key":"GamblersBrew"},{"floor":43.0,"key":"Strength Potion"},{"floor":46.0,"key":"ColorlessPotion"},{"floor":46.0,"key":"Guardian:BlockOnCardUsePotion"},{"floor":50.0,"key":"BlessingOfTheForge"},{"floor":53.0,"key":"Toxic Potion"},{"floor":61.0,"key":"conspire:TimeTravelPotion"},{"floor":64.0,"key":"BlessingOfTheForge"},{"floor":65.0,"key":"bronze:BurnAndBuffPotion"},{"floor":66.0,"key":"BlessingOfTheForge"},{"floor":70,"key":"EntropicBrew"}],"is_trial":false,"path_per_floor":["R","M","?","?","M","?","T","R","E","R","$","M","?","E","M","B",null,"R","M","M","M","?","M","T","M","M","M","R","NM","R","T","M","B",null,"R","M","?","?","M","$","T","T","M","AVR","M","?","R","M","M","B",null,"R","M","M","E","AVR","E","T","?","R","M","M","?","$","E","M","B",null,"R","M","?","M","M"],"character_chosen":"THE_AUTOMATON","items_purchased":["MerchantsRug","Chemical X","vexMod:MemoryStick","halation:SwordOfLegend","Blood Vial","bronze:Shell","Vajra"],"campfire_rested":3,"item_purchase_floors":[11,11,11,40,40,40,64],"current_hp_per_floor":[70,70,70,70,69,80,80,80,69,69,79,73,73,51,61,24,66,66,34,43,47,39,49,49,59,46,42,66,44,68,73,85,26,70,70,70,70,70,18,28,28,28,26,26,4,25,59,63,52,4,72,78,80,82,84,84,86,86,86,92,95,95,95,95,95,95,95,95,95,90,92,48,0,0,0],"gold":1442,"neow_bonus":"THREE_SMALL_POTIONS","is_daily":false,"chose_seed":false,"campfire_upgraded":7,"win_rate":0.0,"timestamp":1611536170,"path_taken":["R","M","?","?","M","?","T","R","E","R","$","?","?","E","M","BOSS","R","M","M","?","?","M","T","M","M","?","R","NM","R","?","M","BOSS","R","M","?","?","?","$","T","?","M","AVR","M","?","R","?","M","BOSS","R","M","M","?","AVR","?","T","?","R","?","M","?","$","?","M","BOSS","R","M","?","M","M"],"items_purchased_type":["Relic","Relic","Undefined","Relic","Relic","Card","Relic"],"build_version":"2020-12-22","purchased_purges":1,"victory":false,"max_hp_per_floor":[70,70,70,70,70,80,80,80,80,80,80,80,80,80,80,80,80,80,80,80,80,80,80,80,80,80,80,80,80,80,85,85,85,85,85,85,85,85,85,85,85,85,85,85,85,95,95,95,95,95,95,95,95,95,95,95,95,95,95,95,95,95,95,95,95,95,95,95,95,95,95,95,95,95,95],"card_choices":[{"not_picked":["bronze:DelayedSlice","bronze:CutThrough"],"picked":"bronze:ChosenStrike","floor":2.0},{"not_picked":["bronze:WildBeam","bronze:Turbo"],"picked":"bronze:BronzeOrb","floor":5.0},{"not_picked":["bronze:Philosophize","bronze:FindAndReplace"],"picked":"bronze:Repair","floor":9.0},{"not_picked":["bronze:ItsAFeature","bronze:Flail"],"picked":"bronze:Fortify","floor":11.0},{"not_picked":["bronze:BugBarrage","bronze:Iterate"],"picked":"bronze:WhirlingStrike","floor":12.0},{"not_picked":["bronze:BuggyMess","bronze:Shield"],"picked":"bronze:FindAndReplace","floor":14.0},{"not_picked":["bronze:WildBeam","bronze:CutThrough"],"picked":"bronze:DelayedSlice","floor":15.0},{"not_picked":["bronze:CleanCode","bronze:ThunderWave"],"picked":"bronze:Virus","floor":16.0},{"not_picked":["bronze:WhirlingStrike+1","bronze:Optimize"],"picked":"bronze:DelayedGuard","floor":20.0},{"not_picked":["bronze:Deprecate","bronze:BitShift"],"picked":"bronze:FineTuning+1","floor":21.0},{"not_picked":["bronze:Invalidate","bronze:Overheat"],"picked":"bronze:WhirlingStrike+1","floor":23.0},{"not_picked":["bronze:WildBeam","bronze:DarkDash"],"picked":"bronze:ItsAFeature","floor":25.0},{"not_picked":["bronze:DigitalCarnage","bronze:DelayedSlice"],"picked":"bronze:Frontload","floor":26.0},{"not_picked":["bronze:Deprecate","bronze:Frontload+1"],"picked":"bronze:DelayedSlice+1","floor":27.0},{"not_picked":["bronze:Fortify+1","bronze:BuggyMess"],"picked":"bronze:Flail+1","floor":29.0},{"not_picked":["bronze:Iterate","bronze:FineTuning"],"picked":"bronze:Allocate","floor":32.0},{"not_picked":["bronze:Break","bronze:ThunderWave"],"picked":"bronze:SpaghettiCode","floor":33.0},{"not_picked":["bronze:DigitalCarnage","bronze:FineTuning"],"picked":"bronze:ChildClass","floor":36.0},{"not_picked":["bronze:Break","bronze:Invalidate+1"],"picked":"bronze:CloningBeam","floor":39.0},{"not_picked":["bronze:Allocate+1","bronze:BronzeArmor"],"picked":"bronze:ChosenStrike","floor":40.0},{"not_picked":["bronze:Overheat","bronze:NullPointer+1"],"picked":"bronze:FollowUp+1","floor":43.0},{"not_picked":["bronze:Frontload","bronze:CloningBeam+1"],"picked":"bronze:Overload","floor":45.0},{"not_picked":["bronze:DelayedGuard+1","bronze:BitShift+1"],"picked":"bronze:Overload","floor":46.0},{"not_picked":["bronze:BuggyMess","bronze:BitShift"],"picked":"bronze:DelayedGuard+1","floor":48.0},{"not_picked":["bronze:BuggyMess+1","bronze:Turbo+1"],"picked":"bronze:ChildClass+1","floor":49.0},{"not_picked":["bronze:Verify","bronze:ShipIt"],"picked":"bronze:HyperBeam","floor":50.0},{"not_picked":["bronze:Frontload","bronze:Overheat"],"picked":"bronze:Boost","floor":53.0},{"not_picked":["bronze:BuggyMess","bronze:Overheat"],"picked":"bronze:Backtrace","floor":54.0},{"not_picked":["bronze:DelayedSlice","bronze:Deprecate"],"picked":"bronze:ClassDefault","floor":55.0},{"not_picked":["bronze:ChosenStrike","bronze:Overheat"],"picked":"bronze:FineTuning","floor":57.0},{"not_picked":["bronze:DelayedGuard","bronze:Shell"],"picked":"bronze:BitShift","floor":61.0},{"not_picked":["bronze:Repair","bronze:MaxOutput"],"picked":"bronze:OilSpill","floor":62.0},{"not_picked":["bronze:NullPointer","bronze:Turbo"],"picked":"bronze:OilSpill","floor":64.0},{"not_picked":["bronze:BitShift","bronze:Shield"],"picked":"bronze:BronzeArmor","floor":65.0},{"not_picked":["bronze:Flail","bronze:Shell"],"picked":"bronze:Return","floor":66.0},{"not_picked":["bronze:HyperBeam","bronze:ThunderWave"],"picked":"bronze:Verify","floor":67.0},{"not_picked":["bronze:DarkDash","bronze:Frontload"],"picked":"bronze:DelayedSlice","floor":70},{"not_picked":["bronze:WildBeam","bronze:Invalidate+1"],"picked":"bronze:Deprecate","floor":71},{"not_picked":["bronze:BuggyMess","bronze:Overload"],"picked":"bronze:FineTuning","floor":72}],"player_experience":1636457,"relics_obtained":[{"floor":2.0,"key":"LetterFromLob"},{"floor":7.0,"key":"CeramicFish"},{"floor":9.0,"key":"halation:BottledLove"},{"floor":13.0,"key":"Ring of Fangs"},{"floor":13.0,"key":"Ring of Greed"},{"floor":13.0,"key":"Tiny Chest"},{"floor":13.0,"key":"Replay:Wax Seal"},{"floor":14.0,"key":"Pondfish Scales"},{"floor":24.0,"key":"Mirror"},{"floor":29.0,"key":"halation:AfternoonTea"},{"floor":31.0,"key":"vexMod:Dragonfruit"},{"floor":38.0,"key":"vexMod:RedPlottingStone"},{"floor":41.0,"key":"halation:PrussianBluePaint"},{"floor":42.0,"key":"Chameleon Ring"},{"floor":46.0,"key":"White Beast Statue"},{"floor":58.0,"key":"bronze:SilverBullet"},{"floor":71,"key":"Darkstone Periapt"},{"floor":71,"key":"WingedGreaves"}],"event_choices":[{"damage_healed":0.0,"max_hp_gain":0.0,"max_hp_loss":0.0,"gold_gain":0.0,"event_name":"Wheel of Change","player_choice":"Relic","floor":38.0,"gold_loss":0.0,"damage_taken":0.0},{"damage_healed":0.0,"max_hp_gain":0.0,"max_hp_loss":0.0,"gold_gain":0.0,"event_name":"Lab","player_choice":"Got Potions","floor":63.0,"gold_loss":0.0,"damage_taken":0.0}],"is_beta":false,"boss_relics":[{"not_picked":["Astrolabe","Cursed Key"],"picked":"hubris:TerracottaHorce"},{"not_picked":["bronze:MakeshiftBattery","Kintsugi"],"picked":"hubris:ScarierMask"},{"not_picked":["Runic Dome","hubris:RunicObelisk"],"picked":"SacredBark"},{"not_picked":["Painkiller Herb","vexMod:RockOfEvil"],"picked":"conspire:RoyalGoblet"}],"items_purged_floors":[64],"is_endless":true,"potions_floor_spawned":[9,14,16,21,27,29,32,39,43,48,49,50,53,54,55,57,61,62,64,65,66,67,70,71,72],"killed_by":"Shelled Parasite and Fungi","ascension_level":0}}