{"host":"zk71suw73lg2r165","time":1611541402,"event":{"mods":["BaseMod","Colored Map","Minty Spire (QoL Compilation)","Permanent Neow","Relic Stats","StSLib"],"gold_per_floor":[13,27,46,46,321,321,332,358,383,383,402,402,421,447,447,524,524,543,543,557,569,109,109,109,109],"floor_reached":24,"language":"ENG","playtime":758,"items_purged":["Strike_G"],"score":416,"play_id":"6b263357-226e-448b-9992-3010fe3d75c6","local_time":"20210124212322","is_ascension_mode":true,"campfire_choices":[{"data":"Bouncing Flask","floor":6,"key":"SMITH"},{"floor":10,"key":"REST"},{"data":"A Thousand Cuts","floor":15,"key":"SMITH"},{"data":"Wraith Form v2","floor":23,"key":"SMITH"}],"circlet_count":0,"master_deck":["AscendersBane","Strike_G","Strike_G","Strike_G","Defend_G+1","Defend_G","Defend_G","Defend_G","Defend_G","Survivor","Neutralize","Backstab","Leg Sweep","Deadly Poison+1","Poisoned Stab","Bouncing Flask+1","Bane","PiercingWail","Sucker Punch","Dodge and Roll","Deflect","Noxious Fumes","Caltrops","A Thousand Cuts+1","Wraith Form v2+1","Noxious Fumes","PiercingWail","Footwork","Backflip"],"relics":["Ring of the Snake","Prayer Wheel","Happy Flower","Ancient Tea Set","Toy Ornithopter","Coffee Dripper","Blood Vial","War Paint"],"acts_visited":["Exordium","TheCity"],"potions_floor_usage":[8,8,16,20,24],"damage_taken":[{"damage":4.0,"enemies":"2 Louse","floor":1.0,"turns":4.0},{"damage":0.0,"enemies":"Small Slimes","floor":2.0,"turns":5.0},{"damage":1.0,"enemies":"Cultist","floor":3.0,"turns":3.0},{"damage":17,"enemies":"2 Fungi Beasts","floor":7,"turns":4},{"damage":29,"enemies":"3 Sentries","floor":8,"turns":8},{"damage":2,"enemies":"Blue Slaver","floor":11,"turns":3},{"damage":0,"enemies":"Lots of Slimes","floor":13,"turns":4},{"damage":18,"enemies":"Lagavulin","floor":14,"turns":7},{"damage":8,"enemies":"Hexaghost","floor":16,"turns":9},{"damage":12,"enemies":"3 Byrds","floor":18,"turns":2},{"damage":5,"enemies":"Chosen","floor":20,"turns":3},{"damage":33,"enemies":"3 Cultists","floor":21,"turns":6},{"damage":19,"enemies":"Book of Stabbing","floor":24,"turns":3}],"seed_played":"1718835242701169252","potions_obtained":[{"floor":3,"key":"AttackPotion"},{"floor":7,"key":"SkillPotion"},{"floor":8,"key":"FearPotion"},{"floor":11,"key":"Strength Potion"},{"floor":16,"key":"Fire Potion"}],"is_trial":false,"path_per_floor":["M","M","M","?","?","R","M","E","T","R","M","?","M","E","R","B",null,"M","?","M","M","$","R","E"],"character_chosen":"THE_SILENT","items_purchased":["Blood Vial","War Paint","Backflip"],"campfire_rested":1,"item_purchase_floors":[22,22,22],"current_hp_per_floor":[55,55,54,47,47,47,30,1,1,20,18,40,40,22,22,19,54,42,42,42,9,9,9,0,0],"gold":109,"neow_bonus":"ONE_RARE_RELIC","is_daily":false,"chose_seed":false,"campfire_upgraded":3,"win_rate":0.0,"timestamp":1611541402,"path_taken":["M","M","M","?","?","R","M","E","T","R","?","?","M","E","R","BOSS","M","?","?","M","$","R","E"],"items_purchased_type":["Relic","Relic","Card"],"build_version":"2020-12-22","purchased_purges":1,"victory":false,"max_hp_per_floor":[66,66,66,66,66,66,66,66,66,66,66,66,66,66,66,66,66,66,66,66,66,66,66,66,66],"relic_stats":{"Blood Vial":2,"Happy Flower":[12],"counters":[13,61],"Prayer Wheel":10,"War Paint":["Deadly Poison","Defend_G"],"obtain_stats":[{"Blood Vial":22,"Happy Flower":8,"Prayer Wheel":0,"Coffee Dripper":17,"War Paint":22,"Ancient Tea Set":9,"Toy Ornithopter":14,"Ring of the Snake":0},{"Blood Vial":12,"Happy Flower":5,"Prayer Wheel":0,"Coffee Dripper":9,"War Paint":12,"Ancient Tea Set":5,"Toy Ornithopter":8,"Ring of the Snake":0},{"Blood Vial":58,"Happy Flower":24,"Prayer Wheel":0,"Coffee Dripper":47,"War Paint":58,"Ancient Tea Set":24,"Toy Ornithopter":38,"Ring of the Snake":0}],"Toy Ornithopter":15,"Ring of the Snake":[26]},"card_choices":[{"not_picked":["Outmaneuver","Cloak And Dagger"],"picked":"Backstab","floor":1.0},{"not_picked":["PiercingWail","Quick Slash"],"picked":"Leg Sweep","floor":1.0},{"not_picked":["Tools of the Trade","Flechettes"],"picked":"Deadly Poison","floor":2.0},{"not_picked":["Infinite Blades","Bouncing Flask"],"picked":"Poisoned Stab","floor":2.0},{"not_picked":["Cloak And Dagger","PiercingWail"],"picked":"Bouncing Flask","floor":3},{"not_picked":["Endless Agony","Poisoned Stab"],"picked":"Bane","floor":3},{"not_picked":["Dagger Spray","Underhanded Strike"],"picked":"PiercingWail","floor":7},{"not_picked":["Quick Slash","Masterful Stab"],"picked":"Sucker Punch","floor":7},{"not_picked":["Bane","Prepared"],"picked":"Dodge and Roll","floor":8},{"not_picked":["Acrobatics","Outmaneuver"],"picked":"Deflect","floor":11},{"not_picked":["Leg Sweep","Expertise","Riddle With Holes"],"picked":"SKIP","floor":11},{"not_picked":["Choke","Expertise"],"picked":"Noxious Fumes","floor":13},{"not_picked":["Deadly Poison","Well Laid Plans"],"picked":"Caltrops","floor":13},{"not_picked":["Heel Hook","Quick Slash"],"picked":"A Thousand Cuts","floor":14},{"not_picked":["Storm of Steel","Malaise"],"picked":"Wraith Form v2","floor":16},{"not_picked":["Slice","Skewer"],"picked":"Noxious Fumes","floor":18},{"not_picked":["All Out Attack","Flying Knee+1","Terror"],"picked":"SKIP","floor":18},{"not_picked":["Endless Agony","All Out Attack"],"picked":"PiercingWail","floor":20},{"not_picked":["Concentrate","Blade Dance","Underhanded Strike"],"picked":"SKIP","floor":20},{"not_picked":["Skewer","PiercingWail"],"picked":"Footwork","floor":21},{"not_picked":["Terror","Dagger Spray+1","Sucker Punch"],"picked":"SKIP","floor":21}],"player_experience":1359738,"relics_obtained":[{"floor":8,"key":"Happy Flower"},{"floor":9,"key":"Ancient Tea Set"},{"floor":14,"key":"Toy Ornithopter"}],"event_choices":[{"cards_removed":["Strike_G"],"damage_healed":0,"gold_gain":0,"player_choice":"Card Removal","damage_taken":7,"max_hp_gain":0,"max_hp_loss":0,"event_name":"Golden Wing","floor":4,"gold_loss":0},{"damage_healed":0,"gold_gain":275,"player_choice":"Desecrate","damage_taken":0,"max_hp_gain":0,"max_hp_loss":0,"event_name":"Golden Shrine","floor":5,"gold_loss":0,"cards_obtained":["Regret"]},{"damage_healed":22,"gold_gain":0,"player_choice":"Banana","damage_taken":0,"max_hp_gain":0,"max_hp_loss":0,"event_name":"Big Fish","floor":12,"gold_loss":0},{"cards_removed":["Regret"],"damage_healed":0,"gold_gain":0,"player_choice":"Purged","damage_taken":0,"max_hp_gain":0,"max_hp_loss":0,"event_name":"Purifier","floor":19,"gold_loss":0}],"is_beta":false,"boss_relics":[{"not_picked":["Velvet Choker","WristBlade"],"picked":"Coffee Dripper"}],"items_purged_floors":[22],"is_endless":false,"potions_floor_spawned":[3,7,8,11,13,16,18],"killed_by":"Book of Stabbing","ascension_level":20}}