{"host":"zk71suw73lg2r165","time":1611586733,"event":{"mods":["BaseMod","Colored Map","Minty Spire (QoL Compilation)","Permanent Neow","Relic Stats","StSLib"],"gold_per_floor":[150,180,330,330,365,365,75,75,99,148,228,283,283,331,331,422,422,437,362,17,83,100,100,133,133,209,247,260,260,260],"floor_reached":29,"language":"ENG","playtime":920,"items_purged":["Doubt","Strike_B"],"score":502,"play_id":"ef2145d2-2056-48d0-bbb8-7aed946d0e00","local_time":"20210125095853","is_ascension_mode":true,"campfire_choices":[{"floor":6.0,"key":"REST"},{"data":"Genetic Algorithm","floor":8.0,"key":"SMITH"},{"floor":13.0,"key":"REST"},{"floor":15.0,"key":"REST"},{"floor":23,"key":"REST"},{"floor":25,"key":"REST"}],"circlet_count":0,"master_deck":["AscendersBane","Strike_B","Strike_B","Defend_B","Defend_B","Defend_B","Defend_B","Zap","Dualcast","HandOfGreed","Auto Shields","Coolheaded","Genetic Algorithm+1","Static Discharge","Steam","Sweeping Beam","Leap","Echo Form","Defragment","Compile Driver+1","All For One"],"relics":["Cracked Core","Dream Catcher","ClockworkSouvenir","Bag of Preparation","Bag of Marbles","Bronze Scales","Snecko Eye","Centennial Puzzle","Red Mask","Vajra"],"acts_visited":["Exordium","TheCity"],"potions_floor_usage":[16,22,24,29,29],"damage_taken":[{"damage":16.0,"enemies":"Small Slimes","floor":1.0,"turns":5.0},{"damage":0.0,"enemies":"Jaw Worm","floor":2.0,"turns":3.0},{"damage":0.0,"enemies":"2 Louse","floor":5.0,"turns":2.0},{"damage":36.0,"enemies":"Gremlin Nob","floor":10.0,"turns":4.0},{"damage":6.0,"enemies":"2 Fungi Beasts","floor":12.0,"turns":6.0},{"damage":23.0,"enemies":"3 Sentries","floor":14.0,"turns":8.0},{"damage":22,"enemies":"The Guardian","floor":16,"turns":12},{"damage":10,"enemies":"Shell Parasite","floor":18,"turns":5},{"damage":15,"enemies":"Masked Bandits","floor":21,"turns":3},{"damage":11,"enemies":"2 Thieves","floor":22,"turns":3},{"damage":36,"enemies":"Book of Stabbing","floor":24,"turns":4},{"damage":19,"enemies":"Cultist and Chosen","floor":27,"turns":7},{"damage":0,"enemies":"Snecko","floor":28,"turns":5},{"damage":21,"enemies":"Slavers","floor":29,"turns":3}],"seed_played":"8907764414822728188","potions_obtained":[{"floor":2.0,"key":"Dexterity Potion"},{"floor":12.0,"key":"Strength Potion"},{"floor":16,"key":"Regen Potion"},{"floor":18,"key":"PowerPotion"},{"floor":22,"key":"EssenceOfSteel"},{"floor":28,"key":"ColorlessPotion"}],"is_trial":false,"path_per_floor":["M","M","?","T","M","R","$","R","T","E","?","M","R","E","R","B",null,"M","?","$","?","M","R","E","R","T","M","M","E"],"character_chosen":"DEFECT","items_purchased":["ClockworkSouvenir","Static Discharge","Defragment","Centennial Puzzle"],"campfire_rested":5,"item_purchase_floors":[7,7,20,20],"current_hp_per_floor":[30,30,30,30,30,51,51,51,51,15,15,9,30,7,28,6,55,45,45,45,30,28,49,13,34,34,15,15,0,0],"gold":260,"neow_bonus":"RANDOM_COLORLESS_2","is_daily":false,"chose_seed":false,"campfire_upgraded":1,"win_rate":0.0,"timestamp":1611586733,"path_taken":["M","M","?","?","M","R","$","R","T","E","?","M","R","E","R","BOSS","M","?","$","?","M","R","E","R","T","M","M","E"],"items_purchased_type":["Relic","Card","Card","Relic"],"build_version":"2020-12-22","purchased_purges":2,"victory":false,"max_hp_per_floor":[71,71,71,71,71,71,71,71,71,71,71,71,71,71,71,71,71,71,71,71,71,71,71,71,71,71,71,71,71,71],"relic_stats":{"Dream Catcher":5,"Centennial Puzzle":[15],"counters":[14,70],"Bronze Scales":[165],"Snecko Eye":[58,59,64,60],"Bag of Preparation":[22],"obtain_stats":[{"Dream Catcher":4,"Centennial Puzzle":20,"Bronze Scales":14,"Snecko Eye":17,"Vajra":24,"Bag of Preparation":9,"Bag of Marbles":10,"Red Mask":21,"Cracked Core":0,"ClockworkSouvenir":7},{"Dream Catcher":2,"Centennial Puzzle":8,"Bronze Scales":6,"Snecko Eye":7,"Vajra":11,"Bag of Preparation":3,"Bag of Marbles":4,"Red Mask":9,"Cracked Core":0,"ClockworkSouvenir":3},{"Dream Catcher":8,"Centennial Puzzle":45,"Bronze Scales":28,"Snecko Eye":40,"Vajra":55,"Bag of Preparation":10,"Bag of Marbles":14,"Red Mask":48,"Cracked Core":0,"ClockworkSouvenir":10}]},"card_choices":[{"not_picked":["Thinking Ahead","Sadistic Nature"],"picked":"HandOfGreed","floor":0.0},{"not_picked":["Go for the Eyes","Force Field"],"picked":"Auto Shields","floor":1.0},{"not_picked":["Rebound","Force Field"],"picked":"Coolheaded","floor":2.0},{"not_picked":["Force Field","Go for the Eyes"],"picked":"Genetic Algorithm","floor":5.0},{"not_picked":["Go for the Eyes","Barrage"],"picked":"Steam","floor":10.0},{"not_picked":["Stack","Beam Cell","Streamline"],"picked":"SKIP","floor":12.0},{"not_picked":["Redo","Aggregate"],"picked":"Sweeping Beam","floor":13.0},{"not_picked":["Redo","Stack","Blizzard"],"picked":"SKIP","floor":14.0},{"not_picked":["Barrage","Rainbow"],"picked":"Leap","floor":15.0},{"not_picked":["Buffer","All For One"],"picked":"Echo Form","floor":16},{"not_picked":["Rip and Tear","Chill","Barrage"],"picked":"SKIP","floor":18},{"not_picked":["Blizzard","Lockon"],"picked":"Compile Driver+1","floor":21},{"not_picked":["Rip and Tear","Auto Shields","Steam"],"picked":"SKIP","floor":22},{"not_picked":["Steam","Go for the Eyes","Gash"],"picked":"SKIP","floor":24},{"not_picked":["Steam","Beam Cell"],"picked":"All For One","floor":27},{"not_picked":["Aggregate","Cold Snap","Rebound+1"],"picked":"SKIP","floor":28}],"player_experience":1366074,"relics_obtained":[{"floor":4.0,"key":"Dream Catcher"},{"floor":9.0,"key":"Bag of Preparation"},{"floor":10.0,"key":"Bag of Marbles"},{"floor":14.0,"key":"Bronze Scales"},{"floor":21,"key":"Red Mask"},{"floor":24,"key":"Vajra"}],"event_choices":[{"damage_healed":0.0,"max_hp_gain":0.0,"max_hp_loss":0.0,"gold_gain":150.0,"event_name":"Liars Game","player_choice":"AGREE","floor":3.0,"gold_loss":0.0,"damage_taken":0.0,"cards_obtained":["Doubt"]},{"damage_healed":0.0,"max_hp_gain":0.0,"max_hp_loss":0.0,"gold_gain":80.0,"event_name":"Golden Wing","player_choice":"Gained Gold","floor":11.0,"gold_loss":0.0,"damage_taken":0.0},{"cards_removed":["Strike_B"],"damage_healed":0,"gold_gain":0,"player_choice":"Gave Gold","damage_taken":0,"max_hp_gain":0,"max_hp_loss":0,"event_name":"Beggar","floor":19,"gold_loss":75},{"damage_healed":0,"gold_gain":0,"player_choice":"Fought Bandits","damage_taken":0,"max_hp_gain":0,"max_hp_loss":0,"event_name":"Masked Bandits","floor":21,"gold_loss":0}],"is_beta":false,"boss_relics":[{"not_picked":["Pandora\u0027s Box","Cursed Key"],"picked":"Snecko Eye"}],"items_purged_floors":[7,20],"is_endless":false,"potions_floor_spawned":[2,12,14,16,18,22,28],"killed_by":"Slavers","ascension_level":20}}