{"host":"c6u7e77myxvw4d0m","time":1611611615,"event":{"mods":["AchievementEnabler","BaseMod","Bestiary","Colored Map","Colored Powertips","Minty Spire (QoL Compilation)","Rare Cards Sparkle","Relic Stats","everything is the same but u backflip on backflip"],"gold_per_floor":[114,114,133,208,228,228,245,245,272,272,303,321,351,364,364,466,466,481,481,494,66,80,114,213,245,272,316,428,440,486,518,530,638,650,677,703,742,295,295,327,327,358,358,358,358,390,14,33,33,33],"floor_reached":51,"language":"ENG","playtime":2461,"items_purged":["Strike_R","Strike_R","Strike_R"],"score":1475,"play_id":"f94d6597-90bd-4ea6-97dc-b52a29ee9f33","local_time":"20210125235335","is_ascension_mode":true,"campfire_choices":[{"data":"Bash","floor":6.0,"key":"SMITH"},{"floor":10.0,"key":"REST"},{"floor":15.0,"key":"REST"},{"data":"Fire Breathing","floor":32,"key":"SMITH"},{"floor":44,"key":"REST"},{"floor":49,"key":"REST"}],"circlet_count":0,"master_deck":["AscendersBane","Strike_R","Defend_R","Defend_R","Defend_R","Defend_R","Bash+1","Heavy Blade","Rage","Inflame","Whirlwind","Fire Breathing+1","Reckless Charge","Reaper","Heavy Blade+1","Pummel+1","Battle Trance","Shockwave+1","Barricade","Combust+1","Sentinel","Decay","Wild Strike","Wild Strike","Double Tap","True Grit+1","Ghostly Armor+1","Immolate","Writhe","Fire Breathing+1","Feel No Pain","Metallicize+1"],"relics":["Snecko Eye","Tiny Chest","Akabeko","Pen Nib","Art of War","Mark of Pain","Lizard Tail","PreservedInsect","Orrery","HornCleat","Red Skull","MawBank","Smiling Mask","Du-Vu Doll","White Beast Statue","StrikeDummy","Fusion Hammer","Blood Vial","Lantern","OrangePellets","Eternal Feather","Prayer Wheel","Oddly Smooth Stone","Letter Opener","Potion Belt"],"acts_visited":["Exordium","TheCity","TheBeyond"],"potions_floor_usage":[23,23,30,46,46,47,50,50,50,50,50,50,50],"damage_taken":[{"damage":6.0,"enemies":"Cultist","floor":1.0,"turns":4.0},{"damage":2.0,"enemies":"2 Louse","floor":3.0,"turns":2.0},{"damage":10.0,"enemies":"Small Slimes","floor":5.0,"turns":3.0},{"damage":4.0,"enemies":"Gremlin Gang","floor":7.0,"turns":5.0},{"damage":17.0,"enemies":"Lagavulin","floor":11.0,"turns":4.0},{"damage":3.0,"enemies":"Blue Slaver","floor":12.0,"turns":2.0},{"damage":18.0,"enemies":"Gremlin Nob","floor":13.0,"turns":3.0},{"damage":1.0,"enemies":"2 Fungi Beasts","floor":14.0,"turns":2.0},{"damage":28.0,"enemies":"Slime Boss","floor":16.0,"turns":5.0},{"damage":6.0,"enemies":"3 Byrds","floor":18.0,"turns":4.0},{"damage":0.0,"enemies":"Shell Parasite","floor":20.0,"turns":1.0},{"damage":10.0,"enemies":"Snecko","floor":22.0,"turns":4.0},{"damage":27,"enemies":"Slavers","floor":23,"turns":3},{"damage":0,"enemies":"Gremlin Leader","floor":25,"turns":1},{"damage":10,"enemies":"Book of Stabbing","floor":27,"turns":2},{"damage":0,"enemies":"Colosseum Slavers","floor":28,"turns":1},{"damage":7,"enemies":"Colosseum Nobs","floor":28,"turns":2},{"damage":0,"enemies":"Slavers","floor":30,"turns":1},{"damage":10,"enemies":"Cultist and Chosen","floor":31,"turns":4},{"damage":47,"enemies":"Champ","floor":33,"turns":6},{"damage":3,"enemies":"3 Shapes","floor":35,"turns":4},{"damage":0,"enemies":"Orb Walker","floor":36,"turns":1},{"damage":15,"enemies":"Giant Head","floor":40,"turns":6},{"damage":0,"enemies":"Reptomancer","floor":42,"turns":3},{"damage":0,"enemies":"Nemesis","floor":46,"turns":1},{"damage":0,"enemies":"Transient","floor":48,"turns":5},{"damage":27,"enemies":"Donu and Deca","floor":50,"turns":5}],"seed_played":"-8159079479778074884","potions_obtained":[{"floor":3.0,"key":"BlessingOfTheForge"},{"floor":5.0,"key":"FearPotion"},{"floor":7.0,"key":"DistilledChaos"},{"floor":8.0,"key":"BlessingOfTheForge"},{"floor":13.0,"key":"Fruit Juice"},{"floor":14.0,"key":"Weak Potion"},{"floor":16.0,"key":"SteroidPotion"},{"floor":25,"key":"SteroidPotion"},{"floor":28,"key":"Strength Potion"},{"floor":30,"key":"SteroidPotion"},{"floor":31,"key":"Fire Potion"},{"floor":46,"key":"Fruit Juice"}],"is_trial":false,"path_per_floor":["M","?","M","?","M","R","M","?","T","R","E","M","E","M","R","B",null,"M","T","M","$","M","E","?","E","T","E","?","?","E","M","R","B",null,"M","M","T","$","?","E","?","E","T","R","?","E","$","M","R","B",null],"character_chosen":"IRONCLAD","items_purchased":["PreservedInsect","Fire Potion","Orrery","Lantern","EntropicBrew","OrangePellets","Feel No Pain","Potion Belt","EntropicBrew","BlessingOfTheForge"],"campfire_rested":4,"item_purchase_floors":[21,21,21,38,38,38,47,47,47,47],"current_hp_per_floor":[66,59,57,46,36,36,32,32,32,56,39,36,23,22,47,19,69,77,77,77,77,74,51,51,51,51,41,34,34,85,75,75,44,75,77,77,77,77,77,64,64,66,66,85,85,90,90,90,90,81],"gold":33,"neow_bonus":"BOSS_RELIC","is_daily":false,"chose_seed":false,"campfire_upgraded":2,"win_rate":0.0,"timestamp":1611611615,"path_taken":["M","?","M","?","M","R","M","?","T","R","E","M","E","?","R","BOSS","M","?","M","$","M","E","?","E","T","E","?","?","E","M","R","BOSS","M","M","?","$","?","E","?","E","T","R","?","E","$","M","R","BOSS"],"items_purchased_type":["Relic","Potion","Relic","Relic","Potion","Relic","Card","Relic","Potion","Potion"],"build_version":"2020-12-22","purchased_purges":3,"victory":true,"max_hp_per_floor":[80,80,80,80,80,80,80,80,80,80,80,80,85,85,85,85,85,85,85,85,85,85,85,85,85,85,85,85,85,85,85,85,85,85,85,85,85,85,85,85,85,85,85,85,85,90,90,90,90,90],"relic_stats":{"counters":[27,84],"Eternal Feather":15,"Pen Nib":[10],"PreservedInsect":457,"Letter Opener":[25],"MawBank":144,"Smiling Mask":125,"Blood Vial":4,"OrangePellets":[5],"Lizard Tail":0,"Snecko Eye":[121,107,124,137],"Tiny Chest":2,"Prayer Wheel":1,"Art of War":[10],"obtain_stats":[{"Lantern":38,"Smiling Mask":27,"Burning Blood":0,"Blood Vial":37,"Lizard Tail":19,"HornCleat":23,"Tiny Chest":2,"Prayer Wheel":42,"Fusion Hammer":34,"Red Skull":25,"Potion Belt":47,"Oddly Smooth Stone":43,"Eternal Feather":40,"Pen Nib":11,"PreservedInsect":21,"Letter Opener":46,"MawBank":26,"Akabeko":9,"White Beast Statue":28,"Du-Vu Doll":28,"OrangePellets":38,"Snecko Eye":0,"Orrery":21,"Mark of Pain":17,"Art of War":13,"StrikeDummy":30},{"Lantern":22,"Smiling Mask":15,"Burning Blood":0,"Blood Vial":22,"Lizard Tail":10,"HornCleat":13,"Tiny Chest":1,"Prayer Wheel":24,"Fusion Hammer":20,"Red Skull":14,"Potion Belt":25,"Oddly Smooth Stone":24,"Eternal Feather":23,"Pen Nib":5,"PreservedInsect":11,"Letter Opener":25,"MawBank":14,"Akabeko":4,"White Beast Statue":17,"Du-Vu Doll":17,"OrangePellets":22,"Snecko Eye":0,"Orrery":11,"Mark of Pain":9,"Art of War":7,"StrikeDummy":18},{"Lantern":64,"Smiling Mask":45,"Burning Blood":0,"Blood Vial":64,"Lizard Tail":34,"HornCleat":42,"Tiny Chest":4,"Prayer Wheel":73,"Fusion Hammer":59,"Red Skull":43,"Potion Belt":74,"Oddly Smooth Stone":73,"Eternal Feather":70,"Pen Nib":18,"PreservedInsect":35,"Letter Opener":74,"MawBank":43,"Akabeko":14,"White Beast Statue":48,"Du-Vu Doll":48,"OrangePellets":64,"Snecko Eye":0,"Orrery":35,"Mark of Pain":30,"Art of War":23,"StrikeDummy":49}]},"card_choices":[{"not_picked":["Twin Strike","Sentinel"],"picked":"Heavy Blade","floor":1.0},{"not_picked":["Warcry","Pommel Strike","Body Slam"],"picked":"SKIP","floor":3.0},{"not_picked":["Sentinel","Intimidate"],"picked":"Rage","floor":5.0},{"not_picked":["Warcry","Body Slam"],"picked":"Inflame","floor":7.0},{"not_picked":["Havoc","Heavy Blade"],"picked":"Whirlwind","floor":11.0},{"not_picked":["Infernal Blade","True Grit"],"picked":"Fire Breathing","floor":12.0},{"not_picked":["Anger","Bloodletting","Dark Embrace"],"picked":"SKIP","floor":13.0},{"not_picked":["Anger","Shrug It Off"],"picked":"Reckless Charge","floor":14.0},{"not_picked":["Immolate","Berserk"],"picked":"Reaper","floor":16.0},{"not_picked":["Whirlwind","True Grit+1"],"picked":"Heavy Blade+1","floor":18.0},{"not_picked":["Sword Boomerang","Warcry"],"picked":"Pummel+1","floor":20.0},{"not_picked":["Uppercut","Clothesline"],"picked":"Battle Trance","floor":21.0},{"not_picked":["Headbutt","Immolate"],"picked":"Shockwave+1","floor":21.0},{"not_picked":["Inflame","Warcry"],"picked":"Barricade","floor":21.0},{"not_picked":["Anger","Armaments+1"],"picked":"Combust+1","floor":22.0},{"not_picked":["Combust","Heavy Blade","Dark Embrace"],"picked":"SKIP","floor":23},{"not_picked":["Perfected Strike","Feed"],"picked":"Sentinel","floor":25},{"not_picked":["Iron Wave+1","Sword Boomerang","Clothesline"],"picked":"SKIP","floor":27},{"not_picked":["Perfected Strike","Sever Soul+1"],"picked":"Wild Strike","floor":30},{"not_picked":["Twin Strike","Warcry+1"],"picked":"Wild Strike","floor":31},{"not_picked":["Feed","Impervious"],"picked":"Double Tap","floor":33},{"not_picked":["Thunderclap","Clash+1"],"picked":"True Grit+1","floor":35},{"not_picked":["Warcry+1","Twin Strike"],"picked":"Ghostly Armor+1","floor":36},{"not_picked":["Havoc","Thunderclap+1"],"picked":"Immolate","floor":40},{"not_picked":["Iron Wave","Anger","Blood for Blood+1"],"picked":"SKIP","floor":42},{"not_picked":["Heavy Blade+1","Havoc"],"picked":"Fire Breathing+1","floor":46},{"not_picked":["Battle Trance+1","Reckless Charge"],"picked":"Metallicize+1","floor":48},{"not_picked":["Pommel Strike","Anger","Dark Embrace+1"],"picked":"SKIP","floor":48}],"player_experience":498916,"relics_obtained":[{"floor":9.0,"key":"Akabeko"},{"floor":11.0,"key":"Pen Nib"},{"floor":13.0,"key":"Art of War"},{"floor":19.0,"key":"Lizard Tail"},{"floor":23,"key":"HornCleat"},{"floor":25,"key":"Red Skull"},{"floor":26,"key":"MawBank"},{"floor":27,"key":"Smiling Mask"},{"floor":28,"key":"Du-Vu Doll"},{"floor":28,"key":"White Beast Statue"},{"floor":30,"key":"StrikeDummy"},{"floor":37,"key":"Blood Vial"},{"floor":40,"key":"Eternal Feather"},{"floor":42,"key":"Prayer Wheel"},{"floor":43,"key":"Oddly Smooth Stone"},{"floor":46,"key":"Letter Opener"}],"event_choices":[{"damage_healed":0.0,"max_hp_gain":0.0,"max_hp_loss":0.0,"gold_gain":0.0,"event_name":"Scrap Ooze","player_choice":"Success","floor":2.0,"gold_loss":0.0,"damage_taken":7.0,"relics_obtained":["Tiny Chest"]},{"damage_healed":0.0,"max_hp_gain":0.0,"max_hp_loss":0.0,"gold_gain":75.0,"event_name":"World of Goop","player_choice":"Gather Gold","floor":4.0,"gold_loss":0.0,"damage_taken":11.0},{"damage_healed":0.0,"max_hp_gain":0.0,"max_hp_loss":0.0,"gold_gain":0.0,"event_name":"Lab","player_choice":"Got Potions","floor":8.0,"gold_loss":0.0,"damage_taken":0.0},{"damage_healed":0,"gold_gain":99,"player_choice":"Stole From Cult","damage_taken":0,"max_hp_gain":0,"max_hp_loss":0,"event_name":"Nest","floor":24,"gold_loss":0},{"damage_healed":0,"gold_gain":0,"player_choice":"Fight","damage_taken":0,"max_hp_gain":0,"max_hp_loss":0,"event_name":"Colosseum","floor":28,"gold_loss":0},{"damage_healed":0,"gold_gain":0,"player_choice":"Fought Nobs","damage_taken":0,"max_hp_gain":0,"max_hp_loss":0,"event_name":"Colosseum","floor":28,"gold_loss":0},{"damage_healed":0,"gold_gain":0,"player_choice":"Smashed Altar","damage_taken":0,"max_hp_gain":0,"max_hp_loss":0,"event_name":"Forgotten Altar","floor":29,"gold_loss":0,"cards_obtained":["Decay"]},{"damage_healed":0,"gold_gain":0,"player_choice":"Ignored","damage_taken":0,"max_hp_gain":0,"max_hp_loss":0,"event_name":"Tomb of Lord Red Mask","floor":39,"gold_loss":0},{"cards_removed":["Strike_R"],"damage_healed":0,"gold_gain":0,"player_choice":"Removed Attack","damage_taken":0,"max_hp_gain":0,"max_hp_loss":0,"event_name":"Falling","floor":41,"gold_loss":0},{"damage_healed":21,"gold_gain":0,"player_choice":"Writhe","damage_taken":0,"max_hp_gain":0,"max_hp_loss":0,"event_name":"Winding Halls","floor":45,"gold_loss":0,"cards_obtained":["Writhe"]}],"is_beta":false,"boss_relics":[{"not_picked":["Empty Cage","Tiny House"],"picked":"Mark of Pain"},{"not_picked":["Pandora\u0027s Box","Velvet Choker"],"picked":"Fusion Hammer"}],"items_purged_floors":[21,38,47],"is_endless":false,"potions_floor_spawned":[3,5,7,13,14,16,22,25,28,28,30,31,33,35,36,40,42,46,48],"ascension_level":11}}