{"host":"b995t17pt6d05w8c","time":1611599463,"event":{"mods":["AchievementEnabler","BaseMod","Colored Map","DeckTracker","Keyboard Shortcuts","Minty Spire (QoL Compilation)","Permanent Neow","SuperFastMode"],"gold_per_floor":[115,125,143,157,157,157,172,10,10,10,20,33,33,0,0,0,0],"floor_reached":16,"language":"KOR","playtime":343,"items_purged":[],"score":188,"play_id":"5a769f21-8fca-4c26-866f-243652213652","local_time":"20210126033103","is_ascension_mode":true,"campfire_choices":[{"data":"Chaos","floor":6,"key":"SMITH"},{"floor":10,"key":"REST"},{"floor":15,"key":"REST"}],"circlet_count":0,"master_deck":["AscendersBane","Strike_B","Strike_B","Strike_B","Defend_B","Defend_B","Defend_B","Defend_B","Zap","Dualcast","Electrodynamics","Ball Lightning","Coolheaded","Chaos+1"],"relics":["Cracked Core","OrangePellets","Frozen Egg 2"],"acts_visited":["Exordium"],"potions_floor_usage":[7,9,16],"damage_taken":[{"damage":2,"enemies":"Cultist","floor":1,"turns":4},{"damage":8,"enemies":"Small Slimes","floor":2,"turns":2},{"damage":7,"enemies":"Jaw Worm","floor":3,"turns":3},{"damage":5,"enemies":"Blue Slaver","floor":4,"turns":4},{"damage":12,"enemies":"Exordium Wildlife","floor":7,"turns":2},{"damage":13,"enemies":"Large Slime","floor":11,"turns":5},{"damage":22,"enemies":"Gremlin Gang","floor":12,"turns":4},{"damage":26,"enemies":"Hexaghost","floor":16,"turns":8}],"seed_played":"173414526677807016","potions_obtained":[{"floor":2,"key":"ColorlessPotion"},{"floor":4,"key":"EssenceOfDarkness"},{"floor":7,"key":"Fruit Juice"}],"is_trial":false,"path_per_floor":["M","M","M","M","?","R","M","$","T","R","M","M","$","?","R","B"],"character_chosen":"DEFECT","items_purchased":["OrangePellets"],"campfire_rested":2,"item_purchase_floors":[8],"current_hp_per_floor":[44,36,29,24,24,24,12,12,17,39,26,4,4,4,26,0,0],"gold":0,"neow_bonus":"THREE_RARE_CARDS","is_daily":false,"chose_seed":false,"campfire_upgraded":1,"win_rate":0.0,"timestamp":1611599463,"path_taken":["M","M","M","?","?","R","?","$","T","R","M","M","?","?","R","BOSS"],"items_purchased_type":["Relic"],"build_version":"2020-12-22","purchased_purges":0,"victory":false,"max_hp_per_floor":[71,71,71,71,71,71,71,71,76,76,76,76,76,76,76,76,76],"card_choices":[{"not_picked":["Rainbow","All For One"],"picked":"Electrodynamics","floor":0},{"not_picked":["Turbo","Coolheaded"],"picked":"Ball Lightning","floor":1},{"not_picked":["Static Discharge","Compile Driver"],"picked":"Coolheaded","floor":2},{"not_picked":["Redo","Sweeping Beam","Darkness"],"picked":"SKIP","floor":3},{"not_picked":["Conserve Battery","Hologram"],"picked":"Chaos","floor":4},{"not_picked":["Sweeping Beam","Consume","Reinforced Body"],"picked":"SKIP","floor":7},{"not_picked":["Sweeping Beam","Meteor Strike","Streamline"],"picked":"SKIP","floor":11},{"not_picked":["Beam Cell","Reinforced Body","Ball Lightning"],"picked":"SKIP","floor":12}],"player_experience":171322,"relics_obtained":[{"floor":9,"key":"Frozen Egg 2"}],"event_choices":[{"cards_removed":["Strike_B"],"damage_healed":0,"gold_gain":0,"player_choice":"Purged","damage_taken":0,"max_hp_gain":0,"max_hp_loss":0,"event_name":"Purifier","floor":5,"gold_loss":0},{"damage_healed":0,"gold_gain":0,"player_choice":"Left Gold","damage_taken":0,"max_hp_gain":0,"max_hp_loss":0,"event_name":"World of Goop","floor":14,"gold_loss":33}],"is_beta":false,"boss_relics":[],"items_purged_floors":[],"is_endless":false,"potions_floor_spawned":[2,4,7],"killed_by":"Hexaghost","ascension_level":20}}