{"host":"usru02jcpe2a942d","time":1611564619,"event":{"mods":["Act Like it!","BaseMod","Colored Powertips","Downfall","GifTheSpireLib","Highlight Path","HololiveMod","Hubris","Minty Spire (QoL Compilation)","MostiFishMod","Quick Restart","Relic Stats","RumiaBox-露米娅的神秘盒子","StSLib","Waifu the Spire","noobMod","【遗物卡牌】REMEMod","篝火指南"],"gold_per_floor":[99,144,144,177,177,279,279,339,444,531,481,535,310,232,277,574,574,499,544,544,544,544,544],"floor_reached":21,"language":"ZHS","playtime":727,"items_purged":["Decay","champ:RecklessLeap","champ:FancyFootwork"],"score":360,"play_id":"ce7c39e3-3867-469a-9067-375fe4236ecf","local_time":"20210125165019","daily_mods":["SealedDeck","Vintage","Heirloom","Time Dilation","Flight","downfall:ChampStances","DeadlyEvents","Binary","Elite Swarm","Midas","Night Terrors","Binary"],"is_ascension_mode":false,"campfire_choices":[{"floor":1,"key":"RECALL"}],"circlet_count":0,"master_deck":["champ:ShieldWall","champ:CalledShot+1","champ:StanceDance+1","champ:StanceDance","champ:ViciousMockery","champ:FaceSlap","champ:CalledShot","champ:ArenaPreparation","champ:FocusedDefense"],"relics":["champ:ChampionCrown","Busted Crown","DaveBox","ice","REME_ComplimentaryCards","champ:ChampStancesModRelic","FeatherPendant","BionicSphere","Happy Flower","Darkstone Periapt","hubris:ToyBattleship","White Beast Statue","Odd Mushroom","Membership Card","REME_HandOfSuture","Hololive_LightStick","downfall:HeartBlessingRed","Smiling Mask","Boot","Blood Vial","REME_ChargedStone","Technique","Toy Ornithopter","hubris:BottledHeart"],"acts_visited":["Exordium","TheCity"],"potions_floor_usage":[16,16],"damage_taken":[{"damage":0,"enemies":"Cultist","floor":2,"turns":1},{"damage":0,"enemies":"2 Louse","floor":4,"turns":1},{"damage":0,"enemies":"Gremlin Nob","floor":6,"turns":2},{"damage":5,"enemies":"The Mushroom Lair","floor":8,"turns":1},{"damage":5,"enemies":"downfall:FleeingMerchant","floor":9,"turns":1},{"damage":70,"enemies":"3 Sentries","floor":10,"turns":2},{"damage":25,"enemies":"Small Slimes","floor":12,"turns":1},{"damage":0,"enemies":"2 Fungi Beasts","floor":15,"turns":1},{"damage":0,"enemies":"IC_STATUS_ARCHETYPE","floor":16,"turns":1},{"damage":0,"enemies":"Shell Parasite","floor":19,"turns":1}],"seed_played":"-2660568131096038768","potions_obtained":[{"floor":2,"key":"SpeedPotion"},{"floor":4,"key":"ColorlessPotion"},{"floor":8,"key":"Block Potion"},{"floor":9,"key":"Regen Potion"},{"floor":15,"key":"bronze:BurnAndBuffPotion"},{"floor":16,"key":"DuplicationPotion"},{"floor":19,"key":"LiquidMemories"}],"is_trial":true,"path_per_floor":["R","M","?","M","?","E","T","?","$","E","$","M","R","$","M","B",null,"R","M","?","?"],"character_chosen":"THE_CHAMP","items_purchased":["Membership Card","Smiling Mask","Boot","Technique"],"campfire_rested":0,"item_purchase_floors":[9,13,14,18],"current_hp_per_floor":[90,90,90,90,96,96,96,96,96,96,96,96,96,96,96,96,96,96,96,1,0,0,0],"gold":544,"neow_bonus":"","is_daily":false,"chose_seed":false,"campfire_upgraded":0,"win_rate":0.0,"timestamp":1611564619,"path_taken":["R","M","?","?","?","?","T","?","?","?","$","?","R","?","M","BOSS","R","M","?","?"],"items_purchased_type":["Relic","Relic","Relic","Relic"],"build_version":"2020-12-22","purchased_purges":3,"victory":false,"max_hp_per_floor":[90,90,90,90,96,96,96,96,96,96,96,96,96,96,96,96,96,96,96,1,1,1,1],"relic_stats":{"Darkstone Periapt":6,"Blood Vial":0,"Busted Crown":10,"Happy Flower":[3],"counters":[10,12],"Smiling Mask":13,"Boot":[0],"obtain_stats":[{"Darkstone Periapt":4,"champ:ChampStancesModRelic":0,"DaveBox":0,"Happy Flower":2,"downfall:HeartBlessingRed":13,"REME_ChargedStone":17,"champ:ChampionCrown":0,"ice":0,"Odd Mushroom":8,"Smiling Mask":13,"Boot":14,"White Beast Statue":7,"Blood Vial":15,"Hololive_LightStick":12,"Busted Crown":0,"FeatherPendant":0,"hubris:BottledHeart":20,"BionicSphere":0,"REME_HandOfSuture":10,"hubris:ToyBattleship":6,"Membership Card":9,"Technique":18,"Toy Ornithopter":19,"REME_ComplimentaryCards":0},{"Darkstone Periapt":2,"champ:ChampStancesModRelic":0,"DaveBox":0,"Happy Flower":1,"downfall:HeartBlessingRed":7,"REME_ChargedStone":9,"champ:ChampionCrown":0,"ice":0,"Odd Mushroom":4,"Smiling Mask":7,"Boot":7,"White Beast Statue":3,"Blood Vial":8,"Hololive_LightStick":7,"Busted Crown":0,"FeatherPendant":0,"hubris:BottledHeart":10,"BionicSphere":0,"REME_HandOfSuture":6,"hubris:ToyBattleship":3,"Membership Card":5,"Technique":9,"Toy Ornithopter":10,"REME_ComplimentaryCards":0},{"Darkstone Periapt":2,"champ:ChampStancesModRelic":0,"DaveBox":0,"Happy Flower":1,"downfall:HeartBlessingRed":9,"REME_ChargedStone":11,"champ:ChampionCrown":0,"ice":0,"Odd Mushroom":5,"Smiling Mask":9,"Boot":9,"White Beast Statue":4,"Blood Vial":10,"Hololive_LightStick":9,"Busted Crown":0,"FeatherPendant":0,"hubris:BottledHeart":12,"BionicSphere":0,"REME_HandOfSuture":8,"hubris:ToyBattleship":4,"Membership Card":6,"Technique":11,"Toy Ornithopter":12,"REME_ComplimentaryCards":0}],"Toy Ornithopter":0},"card_choices":[],"player_experience":409071,"relics_obtained":[{"floor":2,"key":"Happy Flower"},{"floor":4,"key":"Darkstone Periapt"},{"floor":6,"key":"hubris:ToyBattleship"},{"floor":7,"key":"White Beast Statue"},{"floor":8,"key":"Odd Mushroom"},{"floor":10,"key":"REME_HandOfSuture"},{"floor":12,"key":"Hololive_LightStick"},{"floor":15,"key":"Blood Vial"},{"floor":19,"key":"Toy Ornithopter"}],"event_choices":[{"damage_healed":0,"gold_gain":0,"player_choice":"Ignored","damage_taken":0,"max_hp_gain":0,"max_hp_loss":0,"event_name":"NoteForYourself","floor":3,"gold_loss":0},{"damage_healed":0,"gold_gain":0,"player_choice":"Fought Mushrooms","damage_taken":0,"max_hp_gain":0,"max_hp_loss":0,"event_name":"Mushrooms","floor":8,"gold_loss":0}],"is_beta":false,"boss_relics":[{"not_picked":["hubris:CrackedHourglass","hubris:GrandSneckoEye"],"picked":"REME_ChargedStone"}],"items_purged_floors":[9,11,13],"is_endless":false,"potions_floor_spawned":[2,4,8,9,10,12,15,16,19],"ascension_level":0}}