{"host":"gc0hqzwg2gd3zszy","time":1611598659,"event":{"mods":["BaseMod","DeckTracker","Minty Spire (QoL Compilation)","Relic Stats","SuperFastMode"],"gold_per_floor":[112,112,122,38,3,30,30,49,49,62,95,95,109,140,140,213,213,226,226,226,200,215,215,2,12,12,44,44,44],"floor_reached":28,"language":"KOR","playtime":1116,"items_purged":[],"score":516,"play_id":"97c1c2be-e3be-4b8d-af35-0a074c0fc0b8","local_time":"20210126031739","is_ascension_mode":true,"campfire_choices":[{"floor":7.0,"key":"REST"},{"floor":12.0,"key":"REST"},{"data":"Streamline","floor":15.0,"key":"SMITH"},{"data":"Echo Form","floor":23,"key":"SMITH"}],"circlet_count":0,"master_deck":["AscendersBane","Strike_B","Strike_B","Strike_B","Strike_B+1","Defend_B","Defend_B","Defend_B","Defend_B+1","Zap","Dualcast","Panacea","Rebound","Self Repair","Streamline+1","Coolheaded","Undo","Melter","Skim","Coolheaded","BootSequence","Conserve Battery","Echo Form+1","FTL","RitualDagger","Gash","Hologram","White Noise","Stack","Hello World"],"relics":["Cracked Core","Bottled Lightning","Regal Pillow","Thread and Needle","Incense Burner","Runic Dome","OrangePellets","Kunai","Pen Nib"],"acts_visited":["Exordium","TheCity"],"potions_floor_usage":[16,22,27,28],"damage_taken":[{"damage":0.0,"enemies":"Small Slimes","floor":1.0,"turns":3.0},{"damage":3.0,"enemies":"2 Louse","floor":3.0,"turns":2.0},{"damage":43.0,"enemies":"3 Sentries","floor":6.0,"turns":8.0},{"damage":0.0,"enemies":"Jaw Worm","floor":8.0,"turns":3.0},{"damage":14.0,"enemies":"Blue Slaver","floor":10.0,"turns":4.0},{"damage":17.0,"enemies":"Lagavulin","floor":11.0,"turns":7.0},{"damage":2.0,"enemies":"Exordium Wildlife","floor":13.0,"turns":3.0},{"damage":23.0,"enemies":"Gremlin Nob","floor":14.0,"turns":4.0},{"damage":26,"enemies":"Slime Boss","floor":16,"turns":17},{"damage":1,"enemies":"Shell Parasite","floor":18,"turns":7},{"damage":17,"enemies":"2 Thieves","floor":21,"turns":4},{"damage":0,"enemies":"Centurion and Healer","floor":22,"turns":7},{"damage":7,"enemies":"Snecko","floor":25,"turns":4},{"damage":25,"enemies":"Slavers","floor":27,"turns":6},{"damage":53,"enemies":"Shelled Parasite and Fungi","floor":28,"turns":6}],"seed_played":"-8865872419626158576","potions_obtained":[{"floor":6.0,"key":"EssenceOfSteel"},{"floor":8.0,"key":"GamblersBrew"},{"floor":11.0,"key":"Energy Potion"},{"floor":13.0,"key":"BlessingOfTheForge"},{"floor":18,"key":"Weak Potion"},{"floor":25,"key":"AttackPotion"},{"floor":27,"key":"ColorlessPotion"}],"is_trial":false,"path_per_floor":["M","?","M","$","?","E","R","M","T","M","E","R","M","E","R","B",null,"M","?","?","M","M","R","$","M","T","E","M"],"character_chosen":"DEFECT","items_purchased":["Streamline","Coolheaded","OrangePellets","White Noise"],"campfire_rested":2,"item_purchase_floors":[4,4,24,24],"current_hp_per_floor":[64,43,40,40,57,21,42,42,42,35,25,61,59,36,36,17,58,71,71,65,62,71,71,71,64,64,53,0,0],"gold":44,"neow_bonus":"RANDOM_COLORLESS","is_daily":false,"chose_seed":false,"campfire_upgraded":2,"win_rate":0.0,"timestamp":1611598659,"path_taken":["M","?","M","$","?","E","R","M","T","M","E","R","M","E","R","BOSS","M","?","?","M","M","R","$","M","T","E","M"],"items_purchased_type":["Card","Card","Relic","Card"],"build_version":"2020-12-22","purchased_purges":0,"victory":false,"max_hp_per_floor":[71,71,71,71,71,71,71,71,71,71,71,71,71,71,71,71,71,71,71,71,71,71,71,71,71,71,71,71,71],"relic_stats":{"OrangePellets":[0],"Regal Pillow":15,"counters":[15,85],"Pen Nib":[0],"Kunai":[2],"obtain_stats":[{"Runic Dome":17,"OrangePellets":24,"Regal Pillow":9,"Thread and Needle":11,"Pen Nib":27,"Incense Burner":14,"Bottled Lightning":6,"Kunai":26,"Cracked Core":0},{"Runic Dome":9,"OrangePellets":12,"Regal Pillow":4,"Thread and Needle":6,"Pen Nib":14,"Incense Burner":8,"Bottled Lightning":3,"Kunai":13,"Cracked Core":0},{"Runic Dome":51,"OrangePellets":69,"Regal Pillow":16,"Thread and Needle":27,"Pen Nib":79,"Incense Burner":34,"Bottled Lightning":13,"Kunai":73,"Cracked Core":0}]},"card_choices":[{"not_picked":["Forethought","Dark Shackles"],"picked":"Panacea","floor":0.0},{"not_picked":["Turbo","Undo"],"picked":"Rebound","floor":1.0},{"not_picked":["Beam Cell","Barrage"],"picked":"Self Repair","floor":3.0},{"not_picked":["Compile Driver","Conserve Battery"],"picked":"Undo","floor":6.0},{"not_picked":["Self Repair","Streamline"],"picked":"Melter","floor":8.0},{"not_picked":["Reinforced Body","Consume"],"picked":"Skim","floor":10.0},{"not_picked":["Chaos","Static Discharge"],"picked":"Coolheaded","floor":11.0},{"not_picked":["Core Surge","Go for the Eyes"],"picked":"BootSequence","floor":13.0},{"not_picked":["Compile Driver","Scrape"],"picked":"Conserve Battery","floor":14.0},{"not_picked":["All For One","Meteor Strike"],"picked":"Echo Form","floor":16},{"not_picked":["White Noise","Tempest"],"picked":"FTL","floor":18},{"not_picked":["Self Repair","Ball Lightning"],"picked":"Gash","floor":21},{"not_picked":["Rebound","Cold Snap"],"picked":"Hologram","floor":22},{"not_picked":["Blizzard","Heatsinks"],"picked":"Stack","floor":25},{"not_picked":["Ball Lightning","Conserve Battery"],"picked":"Hello World","floor":27}],"player_experience":1362488,"relics_obtained":[{"floor":6.0,"key":"Bottled Lightning"},{"floor":9.0,"key":"Regal Pillow"},{"floor":11.0,"key":"Thread and Needle"},{"floor":14.0,"key":"Incense Burner"},{"floor":26,"key":"Kunai"},{"floor":27,"key":"Pen Nib"}],"event_choices":[{"damage_healed":0.0,"max_hp_gain":0.0,"max_hp_loss":0.0,"gold_gain":0.0,"event_name":"Shining Light","player_choice":"Entered Light","floor":2.0,"gold_loss":0.0,"damage_taken":21.0,"cards_upgraded":["Defend_B","Strike_B"]},{"damage_healed":17.0,"max_hp_gain":0.0,"max_hp_loss":0.0,"gold_gain":0.0,"event_name":"The Cleric","player_choice":"Healed","floor":5.0,"gold_loss":35.0,"damage_taken":0.0},{"damage_healed":0,"gold_gain":0,"player_choice":"Ignored","damage_taken":0,"max_hp_gain":0,"max_hp_loss":0,"event_name":"The Mausoleum","floor":19,"gold_loss":0},{"damage_healed":0,"gold_gain":0,"player_choice":"Joined the Cult","damage_taken":6,"max_hp_gain":0,"max_hp_loss":0,"event_name":"Nest","floor":20,"gold_loss":0,"cards_obtained":["RitualDagger"]}],"is_beta":false,"boss_relics":[{"not_picked":["Tiny House","SacredBark"],"picked":"Runic Dome"}],"items_purged_floors":[],"is_endless":false,"potions_floor_spawned":[6,8,11,13,18,25,27],"killed_by":"Shelled Parasite and Fungi","ascension_level":20}}