{"host":"3xls0xm49ftugio7","time":1611608991,"event":{"mods":["2.2 Compatiblity","A Magickal Journey","AchievementEnabler","Act Like it!","BaseMod","Bestiary","Colored Powertips","Downfall","GifTheSpireLib","Minty Spire (QoL Compilation)","Quick Restart","StSLib","slay the spire mod where everything is the same but ironclad has a cowboy hat"],"gold_per_floor":[99,99,99,99,129,156,156,141,291,319,319,333,333,365,383,486,486,386,786,803,813,197,97,97,97,108,134,134,119,119,134,147,244,244,244,259,273,98,148,180,180,180,203,103,125,138,180,180,208,208,208,239,49,49,49,49],"floor_reached":57,"language":"ENG","playtime":4560,"items_purged":["downfall:Icky","bronze:Strike"],"score":1662,"play_id":"739c6ce8-3747-4cf9-83b6-59de9063e833","local_time":"20210125230951","is_ascension_mode":true,"campfire_choices":[{"data":"bronze:Goto","floor":1.0,"key":"SMITH"},{"floor":13.0,"key":"REST"},{"floor":18.0,"key":"RECALL"},{"data":"bronze:Format","floor":23.0,"key":"SMITH"},{"data":"bronze:HardenedForm","floor":25.0,"key":"SMITH"},{"floor":28.0,"key":"REST"},{"data":"bronze:Boost","floor":30.0,"key":"SMITH"},{"data":"bronze:SpaghettiCode","floor":35.0,"key":"SMITH"},{"data":"expansioncontent:YouAreMine","floor":44.0,"key":"SMITH"},{"data":"bronze:Boost","floor":54,"key":"SMITH"}],"circlet_count":0,"master_deck":["bronze:Strike","bronze:Strike","bronze:Strike","bronze:Defend","bronze:Defend","bronze:Defend+1","bronze:Defend","bronze:Replicate","bronze:Goto+1","bronze:ItsAFeature","bronze:DazingPulse","bronze:Frontload","bronze:HardenedForm+1","bronze:Format+1","bronze:OilSpill","bronze:Return+1","bronze:Constructor","bronze:Flail","bronze:Verify","bronze:ChosenStrike","bronze:Allocate+1","bronze:ChildClass+1","bronze:ForceShield+1","bronze:Boost+1","bronze:Boost+1","bronze:FineTuning","bronze:MaxOutput+1","bronze:SpaghettiCode+1","bronze:ItsAFeature+1","bronze:ChildClass+1","bronze:Separator","expansioncontent:YouAreMine+1","bronze:DelayedGuard","bronze:BronzeArmor","bronze:CutThrough+1","bronze:Shell","bronze:Flail+1"],"relics":["bronze:BronzeCore","downfall:HeartsMalice","Ancient Tea Set","TungstenRod","Gambling Chip","The Courier","SlaversCollar","downfall:HeartBlessingGreen","Old Coin","HornCleat","War Paint","ClockworkSouvenir","Anchor","Oddly Smooth Stone","downfall:HeartBlessingRed","Bottled Tornado","StrikeDummy","bronze:ElectromagneticCoil","Lantern","sneckomod:BlankCard","Happy Flower","Calipers","Du-Vu Doll","CeramicFish","downfall:HeartBlessingBlue","Darkstone Periapt","Nunchaku","bronze:CableSpool"],"acts_visited":["Exordium","TheCity","TheBeyond","TheEnding"],"potions_floor_usage":[56],"damage_taken":[{"damage":0.0,"enemies":"2 Louse","floor":2.0,"turns":1.0},{"damage":0.0,"enemies":"2 Louse","floor":3.0,"turns":1.0},{"damage":0.0,"enemies":"Cultist","floor":4.0,"turns":1.0},{"damage":20.0,"enemies":"3 Sentries","floor":6.0,"turns":9.0},{"damage":0.0,"enemies":"downfall:FleeingMerchant","floor":8.0,"turns":4.0},{"damage":0.0,"enemies":"Lagavulin","floor":10.0,"turns":7.0},{"damage":0.0,"enemies":"Jaw Worm","floor":12.0,"turns":2.0},{"damage":7.0,"enemies":"3 Sentries","floor":14.0,"turns":6.0},{"damage":2.0,"enemies":"Blue Slaver","floor":15.0,"turns":4.0},{"damage":26.0,"enemies":"IC_STATUS_ARCHETYPE","floor":16.0,"turns":9.0},{"damage":11.0,"enemies":"DF_ARCHETYPE_STREAMLINE","floor":19.0,"turns":9.0},{"damage":3.0,"enemies":"3 Byrds","floor":20.0,"turns":6.0},{"damage":1.0,"enemies":"Shell Parasite","floor":21.0,"turns":9.0},{"damage":0.0,"enemies":"downfall:FleeingMerchant","floor":22.0,"turns":4.0},{"damage":9.0,"enemies":"Snecko","floor":26.0,"turns":5.0},{"damage":17.0,"enemies":"Gremlin Leader","floor":27.0,"turns":6.0},{"damage":0.0,"enemies":"downfall:FleeingMerchant","floor":29.0,"turns":4.0},{"damage":0.0,"enemies":"3 Cultists","floor":31.0,"turns":4.0},{"damage":0.0,"enemies":"Snake Plant","floor":32.0,"turns":4.0},{"damage":5.0,"enemies":"WA_ARCHETYPE_CALM","floor":33.0,"turns":9.0},{"damage":3.0,"enemies":"3 Darklings","floor":36.0,"turns":6.0},{"damage":0.0,"enemies":"Orb Walker","floor":37.0,"turns":2.0},{"damage":0.0,"enemies":"downfall:FleeingMerchant","floor":38.0,"turns":3.0},{"damage":0.0,"enemies":"downfall:FleeingMerchant","floor":39.0,"turns":5.0},{"damage":0.0,"enemies":"Reptomancer","floor":40.0,"turns":5.0},{"damage":0.0,"enemies":"Sphere and 2 Shapes","floor":45.0,"turns":4.0},{"damage":0.0,"enemies":"Spire Growth","floor":46.0,"turns":4.0},{"damage":0.0,"enemies":"Nemesis","floor":47.0,"turns":5.0},{"damage":0.0,"enemies":"Transient","floor":49.0,"turns":5.0},{"damage":2,"enemies":"SI_POISON_ARCHETYPE","floor":50,"turns":10},{"damage":0,"enemies":"downfall:CharBossMerchant","floor":52,"turns":8},{"damage":0,"enemies":"downfall:NeowBoss","floor":55,"turns":13},{"damage":27,"enemies":"downfall:NeowBossFinal","floor":56,"turns":11}],"seed_played":"5861557897309716290","potions_obtained":[{"floor":10.0,"key":"PowerPotion"},{"floor":12.0,"key":"Strength Potion"},{"floor":14.0,"key":"sneckomod:MuddlingPotion"},{"floor":16.0,"key":"Dexterity Potion"},{"floor":26.0,"key":"Regen Potion"},{"floor":27.0,"key":"SpeedPotion"},{"floor":39.0,"key":"DistilledChaos"},{"floor":46.0,"key":"Guardian:BlockOnCardUsePotion"}],"is_trial":false,"path_per_floor":["R","M","?","M","?","E","T","$","?","E","?","M","R","E","M","B",null,"R","?","M","M","$","R","T","R","M","E","R","$","R","M","M","B",null,"R","M","M","$","?","E","T","?","T","R","M","M","E","?","M","B",null,"E","$","R","B","B",null],"character_chosen":"THE_AUTOMATON","items_purchased":["War Paint","ClockworkSouvenir","Anchor","Oddly Smooth Stone","bronze:Boost","expansioncontent:YouAreMine","Lantern","sneckomod:BlankCard","Happy Flower","bronze:CableSpool"],"campfire_rested":2,"item_purchase_floors":[22,22,22,22,22,38,38,38,38,53],"current_hp_per_floor":[70,70,70,70,70,50,50,50,50,50,50,50,70,63,61,35,70,70,59,56,55,55,55,55,55,46,44,65,65,65,65,65,60,70,70,67,67,67,67,67,67,80,80,90,90,90,90,90,90,88,90,90,90,90,90,63],"gold":49,"neow_bonus":"THREE_ENEMY_KILL","is_daily":false,"chose_seed":false,"campfire_upgraded":7,"win_rate":0.0,"timestamp":1611608991,"path_taken":["R","M","?","M","?","E","T","$","?","E","?","?","R","E","M","BOSS","R","?","M","M","$","R","T","R","M","E","R","$","R","M","M","BOSS","R","M","M","$","?","E","T","?","?","R","M","M","E","?","M","BOSS","E","$","R","BOSS","BOSS"],"items_purchased_type":["Relic","Relic","Relic","Relic","Card","Card","Relic","Relic","Relic","Relic"],"build_version":"2020-12-22","purchased_purges":2,"victory":true,"max_hp_per_floor":[70,70,70,70,70,70,70,70,70,70,70,70,70,70,70,70,70,70,70,70,70,70,70,70,70,70,70,70,70,70,70,70,70,70,70,70,70,70,70,70,70,80,80,90,90,90,90,90,90,90,90,90,90,90,90,90],"card_choices":[{"not_picked":["bronze:Iterate","bronze:ForceShield"],"picked":"bronze:ItsAFeature","floor":2.0},{"not_picked":[],"picked":"bronze:DazingPulse","floor":3.0},{"not_picked":["bronze:Iterate","bronze:ForLoop"],"picked":"bronze:Frontload","floor":3.0},{"not_picked":["bronze:Fortify","bronze:FineTuning"],"picked":"bronze:HardenedForm","floor":4.0},{"not_picked":["bronze:Refactor","bronze:Flail"],"picked":"bronze:Format","floor":6.0},{"not_picked":["bronze:Iterate","bronze:BuggyMess"],"picked":"bronze:OilSpill","floor":8.0},{"not_picked":["bronze:Invalidate","bronze:Iterate"],"picked":"bronze:Return","floor":10.0},{"not_picked":["bronze:BitShift","bronze:CutThrough"],"picked":"bronze:Flail","floor":12.0},{"not_picked":["bronze:Frontload","bronze:Return"],"picked":"bronze:Verify","floor":14.0},{"not_picked":["bronze:Iterate","bronze:NullPointer"],"picked":"bronze:ChosenStrike","floor":15.0},{"not_picked":["bronze:CleanCode","bronze:BurnOut"],"picked":"bronze:ShipIt","floor":16.0},{"not_picked":["bronze:ChosenStrike","bronze:Return"],"picked":"bronze:Allocate+1","floor":19.0},{"not_picked":["bronze:CloningBeam+1","bronze:Deprecate"],"picked":"bronze:ChildClass+1","floor":20.0},{"not_picked":["bronze:BugBarrage+1","bronze:WildBeam","bronze:DelayedSlice"],"picked":"SKIP","floor":21.0},{"not_picked":["bronze:OilSpill+1","bronze:ChosenStrike"],"picked":"bronze:ForceShield+1","floor":22.0},{"not_picked":["bronze:Fortify","bronze:DigitalCarnage"],"picked":"bronze:Boost","floor":26.0},{"not_picked":["bronze:DelayedSlice","bronze:Turbo","bronze:Overheat"],"picked":"SKIP","floor":27.0},{"not_picked":["bronze:WildBeam","bronze:HyperBeam"],"picked":"bronze:FineTuning","floor":29.0},{"not_picked":["bronze:NullPointer","bronze:WhirlingStrike"],"picked":"bronze:MaxOutput+1","floor":31.0},{"not_picked":["bronze:Constructor","bronze:Refactor","bronze:CutThrough+1"],"picked":"SKIP","floor":32.0},{"not_picked":["bronze:Library","bronze:HardenedForm"],"picked":"bronze:SpaghettiCode","floor":33.0},{"not_picked":["bronze:Safeguard","bronze:DelayedGuard"],"picked":"bronze:ItsAFeature+1","floor":36.0},{"not_picked":["bronze:InfiniteBeams+1","bronze:Philosophize"],"picked":"bronze:ChildClass+1","floor":37.0},{"not_picked":["bronze:BitShift","bronze:DelayedGuard+1"],"picked":"bronze:Separator","floor":38.0},{"not_picked":["bronze:WildBeam","bronze:Frontload"],"picked":"bronze:DelayedGuard","floor":39.0},{"not_picked":["bronze:DarkDash+1","bronze:BitShift"],"picked":"bronze:BronzeArmor","floor":40.0},{"not_picked":["bronze:BronzeOrb","bronze:FineTuning"],"picked":"bronze:CutThrough+1","floor":45.0},{"not_picked":["bronze:CloningBeam+1","bronze:FineTuning","bronze:BugBarrage"],"picked":"SKIP","floor":46.0},{"not_picked":["bronze:ShipIt","bronze:InfiniteLoop"],"picked":"bronze:Shell","floor":47.0},{"not_picked":["bronze:Overheat","bronze:Branch"],"picked":"bronze:Flail+1","floor":49.0},{"not_picked":["bronze:Repulsor+1","bronze:Iterate","bronze:WildBeam"],"picked":"SKIP","floor":52}],"player_experience":993953,"relics_obtained":[{"floor":6.0,"key":"Ancient Tea Set"},{"floor":7.0,"key":"TungstenRod"},{"floor":10.0,"key":"Gambling Chip"},{"floor":14.0,"key":"The Courier"},{"floor":19.0,"key":"Old Coin"},{"floor":19.0,"key":"HornCleat"},{"floor":24.0,"key":"Bottled Tornado"},{"floor":27.0,"key":"StrikeDummy"},{"floor":39.0,"key":"Calipers"},{"floor":40.0,"key":"Du-Vu Doll"},{"floor":43.0,"key":"CeramicFish"},{"floor":47.0,"key":"Darkstone Periapt"},{"floor":52,"key":"Nunchaku"}],"event_choices":[],"is_beta":false,"boss_relics":[{"not_picked":["Runic Dome","Fusion Hammer"],"picked":"SlaversCollar"},{"not_picked":["expansioncontent:StudyCardRelic","Velvet Choker"],"picked":"bronze:ElectromagneticCoil"}],"items_purged_floors":[22,38],"is_endless":false,"potions_floor_spawned":[10,12,14,16,20,26,27,31,36,39,45,46,52],"ascension_level":3}}