{"host":"2q4w55ev63ot6isg","time":1611543944,"event":{"mods":["Aspiration","BaseMod","Downfall","Hubris","Marisa????????","Minty Spire (QoL Compilation)","Replay The Spire","StSLib","The Cursed","The Jungle","The Servant 0.9.4"],"gold_per_floor":[113,132,19,19,19,19,94,105,105,137,152,152,165,178,178,275,275,295,269,197,45,45,45,55,55,55,55,85,85,103,115,115,210,210,223,69,79,379,411,439,439,465,490,490,490],"floor_reached":44,"language":"ENG","playtime":2066,"items_purged":["Guardian:CurlUp"],"score":676,"play_id":"f4e04531-5c23-45f3-90a7-cad264e80839","local_time":"20210124190544","is_ascension_mode":true,"campfire_choices":[{"data":"Conserve Battery","floor":6,"key":"SMITH"},{"floor":12,"key":"REST"},{"data":"Storm","floor":23,"key":"SMITH"},{"data":"Zap","floor":27,"key":"SMITH"},{"data":"Dualcast","floor":29,"key":"SMITH"},{"floor":32,"key":"REST"},{"data":"Creative AI","floor":41,"key":"SMITH"}],"circlet_count":0,"master_deck":["Strike_B","Strike_B","Strike_B","Defend_B","Defend_B","Defend_B","Defend_B+1","Zap+1","Dualcast+1","hexamod:Sear+1","Coolheaded","Conserve Battery+1","Capacitor+1","Storm+1","Glacier","ReplayTheSpireMod:GoodbyeWorld","Machine Learning","Chill+1","Capacitor+1","Ball Lightning+1","Coolheaded+1","Defragment","Creative AI+1","Self Repair+1","Magnetism","Leap+1","BootSequence+1","Electrodynamics"],"relics":["Cracked Core","Counterbalance","Letter Opener","Bag of Marbles","Replay:Bronze Core","Pet Ghost","Toolbox","Tiny Chest","Onion Ring","The Courier","Philosopher\u0027s Stone","Geode","Anchor","Smiling Mask"],"acts_visited":["Exordium","TheCity","TheBeyond"],"potions_floor_usage":[10,11,16,30,39,39,39,40,40,40,40,40,40,40,42],"damage_taken":[{"damage":3,"enemies":"Jaw Worm","floor":1,"turns":4},{"damage":9,"enemies":"Small Slimes","floor":2,"turns":4},{"damage":0,"enemies":"2 Louse","floor":8,"turns":4},{"damage":5,"enemies":"Replay:BlueRogue","floor":10,"turns":4},{"damage":0,"enemies":"Exordium Thugs","floor":11,"turns":5},{"damage":4,"enemies":"Large Slime","floor":13,"turns":5},{"damage":4,"enemies":"2 Fungi Beasts","floor":14,"turns":4},{"damage":30,"enemies":"Hexaghost","floor":16,"turns":13},{"damage":24,"enemies":"3 Byrds","floor":18,"turns":5},{"damage":16,"enemies":"2 Thieves","floor":19,"turns":6},{"damage":1,"enemies":"Centurion and Healer","floor":24,"turns":10},{"damage":9,"enemies":"Replay:Snechameleon","floor":28,"turns":8},{"damage":9,"enemies":"Snake Plant","floor":30,"turns":3},{"damage":0,"enemies":"Chosen and Byrds","floor":31,"turns":5},{"damage":0,"enemies":"Champ","floor":33,"turns":14},{"damage":0,"enemies":"3 Shapes","floor":35,"turns":4},{"damage":22,"enemies":"Orb Walker","floor":37,"turns":5},{"damage":0,"enemies":"Maw","floor":39,"turns":6},{"damage":0,"enemies":"Nemesis","floor":40,"turns":9},{"damage":20,"enemies":"R_Hoarder","floor":42,"turns":6},{"damage":75,"enemies":"Reptomancer","floor":44,"turns":3}],"seed_played":"-5074690770797134508","potions_obtained":[{"floor":2,"key":"hexamod:SoulburnPotion"},{"floor":8,"key":"Block Potion"},{"floor":10,"key":"FearPotion"},{"floor":24,"key":"DistilledChaos"},{"floor":28,"key":"LiquidMemories"},{"floor":31,"key":"Elixir"},{"floor":40,"key":"AttackPotion"},{"floor":42,"key":"Dexterity Potion"}],"is_trial":false,"path_per_floor":["M","M","$","?","?","R","?","M","T","E","M","R","M","M","R","B",null,"M","M","?","$","T","R","M","?","T","R","E","R","M","M","R","B",null,"M","$","M","?","M","E","R","E","T","E"],"character_chosen":"DEFECT","items_purchased":["Capacitor","Toolbox","Magnetism"],"campfire_rested":2,"item_purchase_floors":[3,21,36],"current_hp_per_floor":[72,63,63,56,41,41,30,30,30,25,25,47,43,39,61,31,75,51,35,35,35,35,35,34,42,42,42,33,33,24,24,46,46,75,75,75,63,63,73,75,75,65,65,0,0],"gold":490,"neow_bonus":"ONE_RARE_RELIC","is_daily":false,"chose_seed":false,"campfire_upgraded":5,"win_rate":0.0,"timestamp":1611543944,"path_taken":["M","M","$","?","?","R","?","M","T","E","M","R","?","M","R","BOSS","M","M","?","$","?","R","M","?","T","R","E","R","?","M","R","BOSS","M","$","M","?","M","E","R","E","T","E"],"items_purchased_type":["Card","Relic","Card"],"build_version":"2020-12-22","purchased_purges":1,"victory":false,"max_hp_per_floor":[75,75,75,75,75,75,75,75,75,75,75,75,75,75,75,75,75,75,75,75,75,75,75,75,75,75,75,75,75,75,75,75,75,75,75,75,75,75,75,75,75,75,75,75,75],"card_choices":[{"not_picked":["Steam","ReplaySolidLightProjector"],"picked":"Coolheaded","floor":1},{"not_picked":["Skim","ReplayTheSpireMod:GoodbyeWorld"],"picked":"Conserve Battery","floor":2},{"not_picked":["Sweeping Beam","Barrage"],"picked":"Storm","floor":8},{"not_picked":["Beam Cell","Coolheaded"],"picked":"Glacier","floor":10},{"not_picked":["Go for the Eyes","ReplaySort","Compile Driver"],"picked":"SKIP","floor":11},{"not_picked":["Barrage","Melter","Sweeping Beam"],"picked":"SKIP","floor":13},{"not_picked":["BasicCrystalCard","Aggregate"],"picked":"ReplayTheSpireMod:GoodbyeWorld","floor":14},{"not_picked":["Buffer","ReplayTheSpireMod:Omega Cannon"],"picked":"Machine Learning","floor":16},{"not_picked":["Coolheaded","Ball Lightning+1"],"picked":"Chill+1","floor":18},{"not_picked":["Aggregate","BasicCrystalCard+1"],"picked":"Capacitor+1","floor":19},{"not_picked":["Cold Snap","Sweeping Beam+1","Beam Cell+1"],"picked":"SKIP","floor":24},{"not_picked":["Streamline","Biased Cognition"],"picked":"Ball Lightning+1","floor":28},{"not_picked":["Cold Snap","Barrage+1"],"picked":"Coolheaded+1","floor":30},{"not_picked":["Go for the Eyes+1","FIFO Queue"],"picked":"Defragment","floor":31},{"not_picked":["Biased Cognition","Machine Learning"],"picked":"Creative AI","floor":33},{"not_picked":["Redo+1","BasicCrystalCard+1"],"picked":"Self Repair+1","floor":35},{"not_picked":["Chaos","Streamline"],"picked":"Leap+1","floor":37},{"not_picked":["Genetic Algorithm+1","ReplayGash+1"],"picked":"BootSequence+1","floor":39},{"not_picked":["Streamline+1","Turbo","Leap"],"picked":"SKIP","floor":40},{"not_picked":["Panic Button+1","FIFO Queue+1"],"picked":"Electrodynamics","floor":42}],"player_experience":161676,"relics_obtained":[{"floor":9,"key":"Letter Opener"},{"floor":10,"key":"Bag of Marbles"},{"floor":22,"key":"Tiny Chest"},{"floor":26,"key":"Onion Ring"},{"floor":28,"key":"The Courier"},{"floor":40,"key":"Geode"},{"floor":42,"key":"Anchor"},{"floor":43,"key":"Smiling Mask"}],"event_choices":[{"cards_removed":["Strike_B"],"damage_healed":0,"gold_gain":0,"player_choice":"Card Removal","damage_taken":7,"max_hp_gain":0,"max_hp_loss":0,"event_name":"Golden Wing","floor":4,"gold_loss":0},{"damage_healed":0,"gold_gain":0,"player_choice":"Entered Light","damage_taken":15,"max_hp_gain":0,"max_hp_loss":0,"event_name":"Shining Light","floor":5,"gold_loss":0,"cards_upgraded":["Defend_B","hexamod:Sear"]},{"damage_healed":0,"gold_gain":75,"player_choice":"Gather Gold","damage_taken":11,"max_hp_gain":0,"max_hp_loss":0,"event_name":"World of Goop","floor":7,"gold_loss":0},{"damage_healed":0,"gold_gain":0,"player_choice":"Paid Gold","damage_taken":0,"relics_obtained":["Pet Ghost"],"max_hp_gain":0,"max_hp_loss":0,"event_name":"WeMeetAgain","floor":20,"gold_loss":72},{"damage_healed":0,"gold_gain":300,"player_choice":"Gold","damage_taken":0,"max_hp_gain":0,"max_hp_loss":0,"event_name":"Wheel of Change","floor":38,"gold_loss":0}],"is_beta":false,"boss_relics":[{"not_picked":["SacredBark","Replay:Drink Me"],"picked":"Replay:Bronze Core"},{"not_picked":["aspiration:RunicSpoon","Runic Pyramid"],"picked":"Philosopher\u0027s Stone"}],"items_purged_floors":[3],"is_endless":false,"potions_floor_spawned":[2,8,10,24,28,31,33,37,40,42],"killed_by":"Reptomancer","ascension_level":4}}