{"host":"00f1p9ihhzi7hxfk","time":1611564792,"event":{"mods":["AchievementEnabler","BaseMod","Colored Map","Colored Powertips","Minty Spire (QoL Compilation)","Rare Cards Sparkle","Relic Stats"],"gold_per_floor":[115,132,132,142,19,45,45,57,57,90,145,161,178,198,198,294,294,279,27,47,47,21,21,21,21],"floor_reached":24,"language":"DEU","playtime":1258,"items_purged":[],"score":208,"play_id":"ab3bbf71-cbb8-4d8c-a1cb-982adde0c0df","local_time":"20210125095312","is_ascension_mode":false,"campfire_choices":[{"floor":7,"key":"REST"},{"floor":15,"key":"REST"},{"floor":23,"key":"REST"}],"circlet_count":0,"master_deck":["Strike_B","Strike_B","Strike_B","Defend_B","Defend_B","Defend_B","Defend_B","Zap","Dualcast","Hello World","Conserve Battery","Cold Snap","Auto Shields","Ball Lightning","Sunder","Cold Snap","Consume","Consume","Storm","Gash","Multi-Cast","Streamline","Rebound","Beam Cell","Rebound"],"relics":["Cracked Core","NeowsBlessing","CaptainsWheel","Matryoshka","Shuriken","Boot","SlaversCollar","TheAbacus","MutagenicStrength"],"acts_visited":["Exordium","TheCity"],"potions_floor_usage":[],"damage_taken":[{"damage":0.0,"enemies":"Small Slimes","floor":1.0,"turns":1.0},{"damage":0.0,"enemies":"Cultist","floor":2.0,"turns":1.0},{"damage":0,"enemies":"2 Louse","floor":4,"turns":1},{"damage":37,"enemies":"Gremlin Nob","floor":6,"turns":6},{"damage":5,"enemies":"2 Fungi Beasts","floor":8,"turns":3},{"damage":18,"enemies":"Lagavulin","floor":10,"turns":5},{"damage":14,"enemies":"Lagavulin Event","floor":11,"turns":5},{"damage":11,"enemies":"Large Slime","floor":12,"turns":5},{"damage":0,"enemies":"3 Louse","floor":13,"turns":2},{"damage":16,"enemies":"Lots of Slimes","floor":14,"turns":4},{"damage":24,"enemies":"Slime Boss","floor":16,"turns":11},{"damage":34,"enemies":"2 Thieves","floor":18,"turns":5},{"damage":18,"enemies":"Chosen","floor":20,"turns":5},{"damage":81,"enemies":"3 Cultists","floor":24,"turns":5}],"seed_played":"7961632785868681347","potions_obtained":[{"floor":2.0,"key":"PotionOfCapacity"},{"floor":4,"key":"FairyPotion"},{"floor":14,"key":"FairyPotion"}],"is_trial":false,"path_per_floor":["M","M","?","M","$","E","R","M","T","E","?","M","M","M","R","B",null,"M","$","M","?","$","R","M"],"character_chosen":"DEFECT","items_purchased":["SteroidPotion","Auto Shields","TheAbacus","Rebound","Fire Potion","Rebound"],"campfire_rested":3,"item_purchase_floors":[5,5,19,19,19,22],"current_hp_per_floor":[75,75,75,75,75,38,60,55,55,37,23,12,12,19,41,17,75,41,41,23,23,23,45,0,0],"gold":21,"neow_bonus":"THREE_ENEMY_KILL","is_daily":false,"chose_seed":false,"campfire_upgraded":0,"win_rate":0.0,"timestamp":1611564792,"path_taken":["M","M","?","M","?","E","R","M","T","E","?","M","M","M","R","BOSS","M","$","M","?","$","R","M"],"items_purchased_type":["Potion","Card","Relic","Card","Potion","Card"],"build_version":"2020-12-22","purchased_purges":0,"victory":false,"max_hp_per_floor":[75,75,75,75,75,75,75,75,75,75,75,75,75,75,75,75,75,75,75,75,75,75,75,75,75],"relic_stats":{"TheAbacus":[0],"counters":[14,59],"Shuriken":[8],"Boot":[20],"obtain_stats":[{"SlaversCollar":17,"CaptainsWheel":6,"Matryoshka":9,"TheAbacus":19,"NeowsBlessing":0,"Shuriken":10,"MutagenicStrength":21,"Cracked Core":0,"Boot":11},{"SlaversCollar":11,"CaptainsWheel":4,"Matryoshka":5,"TheAbacus":12,"NeowsBlessing":0,"Shuriken":6,"MutagenicStrength":13,"Cracked Core":0,"Boot":6},{"SlaversCollar":44,"CaptainsWheel":9,"Matryoshka":12,"TheAbacus":49,"NeowsBlessing":0,"Shuriken":17,"MutagenicStrength":54,"Cracked Core":0,"Boot":17}]},"card_choices":[{"not_picked":["Steam","Hologram"],"picked":"Hello World","floor":1.0},{"not_picked":["Go for the Eyes","Force Field","Doom and Gloom"],"picked":"SKIP","floor":2.0},{"not_picked":["Beam Cell","Rip and Tear"],"picked":"Cold Snap","floor":4},{"not_picked":["Barrage","Conserve Battery"],"picked":"Ball Lightning","floor":6},{"not_picked":["Coolheaded","Leap"],"picked":"Sunder","floor":8},{"not_picked":["Steam Power","Buffer"],"picked":"Cold Snap","floor":10},{"not_picked":["Skim","Glacier"],"picked":"Consume","floor":11},{"not_picked":["Melter","Go for the Eyes"],"picked":"Consume","floor":12},{"not_picked":["BootSequence","Reinforced Body"],"picked":"Storm","floor":13},{"not_picked":["Steam","Redo"],"picked":"Gash","floor":14},{"not_picked":["Echo Form","Thunder Strike"],"picked":"Multi-Cast","floor":16},{"not_picked":["Sweeping Beam+1","Steam+1"],"picked":"Streamline","floor":18},{"not_picked":["FTL","Barrage"],"picked":"Beam Cell","floor":20}],"player_experience":72436,"relics_obtained":[{"floor":6,"key":"CaptainsWheel"},{"floor":9,"key":"Matryoshka"},{"floor":10,"key":"Shuriken"}],"event_choices":[{"damage_healed":0,"gold_gain":0,"cards_transformed":["Strike_B"],"player_choice":"Transformed","damage_taken":0,"max_hp_gain":0,"max_hp_loss":0,"event_name":"Transmorgrifier","floor":3,"gold_loss":0,"cards_obtained":["Conserve Battery"]},{"damage_healed":0,"gold_gain":0,"player_choice":"Searched \u00273\u0027 times","damage_taken":0,"relics_obtained":["Boot"],"max_hp_gain":0,"max_hp_loss":0,"event_name":"Dead Adventurer","floor":11,"gold_loss":0},{"damage_healed":0,"gold_gain":0,"player_choice":"Inject Mutagens","damage_taken":0,"relics_obtained":["MutagenicStrength"],"max_hp_gain":0,"max_hp_loss":0,"event_name":"Drug Dealer","floor":21,"gold_loss":0}],"is_beta":false,"boss_relics":[{"not_picked":["Runic Pyramid","Sozu"],"picked":"SlaversCollar"}],"items_purged_floors":[],"is_endless":false,"potions_floor_spawned":[2,4,6,11,13,14],"killed_by":"3 Cultists","ascension_level":0}}