{"host":"36umirwmj0u9xjg7","time":1611609368,"event":{"mods":["Aspiration","BaseMod","CCEM","Downfall","Minty Spire (QoL Compilation)","Reliquary","Replay The Spire","StS++","StSLib","The Construct","The Gatherer","The Necromancer","The Runesmith"],"gold_per_floor":[110,123,123,135,66,66,128,98,176,151,201,426,445,472,472,572,572,588,638,658,672,722,722,734,734,802,678,742,742,792,792,792],"floor_reached":31,"language":"ENG","playtime":849,"items_purged":["construct:AttackMode","Doubt"],"score":260,"play_id":"1b5922c6-eda9-4142-80cc-bbea7d7f80b6","local_time":"20210125221608","is_ascension_mode":false,"campfire_choices":[{"data":"construct:Autoturret","floor":6,"key":"SMITH"},{"data":"construct:FlameCore","floor":15,"key":"SMITH"},{"data":"construct:FlameCore+1","floor":23,"key":"SMITH"},{"data":"construct:Synchronize","floor":25,"key":"SMITH"}],"circlet_count":0,"master_deck":["construct:Strike_Gold","construct:Strike_Gold","construct:Strike_Gold","construct:Strike_Gold","construct:Strike_Gold","construct:Defend_Gold","construct:Defend_Gold","construct:Defend_Gold","construct:Defend_Gold","construct:Defend_Gold","construct:DefenseMode","construct:Autoturret+2","construct:Forcefield","construct:FlameCore+2","construct:Synchronize+1","construct:Reinforce","construct:PointDefense","construct:Autoturret"],"relics":["construct:ClockworkPhoenix","NeowsBlessing","SsserpentHead","HornCleat","reliquary:JackalopeAntler","StSpp:Magatama","Meat on the Bone"],"acts_visited":["Exordium","TheCity"],"potions_floor_usage":[14,14,24,28],"damage_taken":[{"damage":0,"enemies":"Jaw Worm","floor":1,"turns":2},{"damage":0,"enemies":"Cultist","floor":2,"turns":1},{"damage":0,"enemies":"2 Louse","floor":4,"turns":2},{"damage":6,"enemies":"Blue Slaver","floor":7,"turns":6},{"damage":0,"enemies":"Looter","floor":8,"turns":4},{"damage":0,"enemies":"Large Slime","floor":13,"turns":7},{"damage":30,"enemies":"Gremlin Nob","floor":14,"turns":6},{"damage":28,"enemies":"Slime Boss","floor":16,"turns":7},{"damage":1,"enemies":"Spheric Guardian","floor":18,"turns":6},{"damage":2,"enemies":"2 Thieves","floor":20,"turns":4},{"damage":0,"enemies":"Shelled Parasite and Fungi","floor":21,"turns":7},{"damage":9,"enemies":"Centurion and Healer","floor":24,"turns":6},{"damage":17,"enemies":"3 Cultists","floor":28,"turns":5},{"damage":60,"enemies":"Slavers","floor":31,"turns":3}],"seed_played":"7108337619399832059","potions_obtained":[{"floor":2,"key":"LifebloodPotion"},{"floor":13,"key":"SkillPotion"},{"floor":16,"key":"Swift Potion"},{"floor":18,"key":"Weak Potion"},{"floor":28,"key":"sneckomod:MuddlingPotion"}],"is_trial":false,"path_per_floor":["M","M","?","M","$","R","M","M","T","$","?","?","M","E","R","B",null,"M","?","M","M","?","R","M","R","T","$","M","$","?","E"],"character_chosen":"THE_CONSTRUCT_MOD","items_purchased":["construct:FlameCore","construct:Autoturret"],"campfire_rested":0,"item_purchase_floors":[5,27],"current_hp_per_floor":[85,85,85,85,85,85,79,79,79,79,79,79,79,49,49,21,85,84,84,82,82,82,82,73,73,73,73,56,56,56,0,0],"gold":792,"neow_bonus":"THREE_ENEMY_KILL","is_daily":false,"chose_seed":false,"campfire_upgraded":4,"win_rate":0.0,"timestamp":1611609368,"path_taken":["M","M","?","M","$","R","?","M","T","?","?","?","M","E","R","BOSS","M","?","M","M","?","R","M","R","T","$","?","$","?","E"],"items_purchased_type":["Card","Card"],"build_version":"2020-12-22","purchased_purges":2,"victory":false,"max_hp_per_floor":[85,85,85,85,85,85,85,85,85,85,85,85,85,85,85,85,85,85,85,85,85,85,85,85,85,85,85,85,85,85,85,85],"card_choices":[{"not_picked":["construct:SaveState","construct:ModeShift","construct:ClusterMines"],"picked":"SKIP","floor":1},{"not_picked":["construct:ModeShift","construct:Backfire"],"picked":"construct:Autoturret","floor":2},{"not_picked":["construct:Backup","construct:HeavyBolt"],"picked":"construct:Forcefield","floor":4},{"not_picked":["construct:VentSteam","construct:SweepLaser","construct:Overcharge"],"picked":"SKIP","floor":7},{"not_picked":["construct:Versatility","construct:ShiftStrike"],"picked":"construct:Synchronize","floor":8},{"not_picked":["construct:PanicFire","construct:Antimatter","construct:SweepLaser"],"picked":"SKIP","floor":13},{"not_picked":["construct:ChargeShot","construct:FocusedBeam","construct:GoldenBullet"],"picked":"SKIP","floor":14},{"not_picked":["construct:Analyze","construct:Accumulate"],"picked":"construct:Reinforce","floor":18},{"not_picked":["construct:Impenetrable+1","construct:Reinforce","construct:Overcharge"],"picked":"SKIP","floor":20},{"not_picked":["construct:FlakBarrage","construct:Accumulate","construct:ShiftStrike"],"picked":"SKIP","floor":21},{"not_picked":["construct:Forcefield+1","construct:ShiftStrike","construct:FierceBash"],"picked":"SKIP","floor":24},{"not_picked":["construct:QuickAttack","construct:VentSteam","construct:Versatility+1"],"picked":"SKIP","floor":28}],"player_experience":151842,"relics_obtained":[{"floor":9,"key":"HornCleat"},{"floor":14,"key":"reliquary:JackalopeAntler"},{"floor":26,"key":"Meat on the Bone"}],"event_choices":[{"damage_healed":0,"gold_gain":0,"player_choice":"Trade","damage_taken":0,"relics_obtained":["SsserpentHead"],"max_hp_gain":0,"max_hp_loss":0,"event_name":"FaceTrader","floor":3,"gold_loss":0},{"damage_healed":0,"gold_gain":175,"player_choice":"AGREE","damage_taken":0,"max_hp_gain":0,"max_hp_loss":0,"event_name":"Liars Game","floor":12,"gold_loss":0,"cards_obtained":["Doubt"]},{"damage_healed":0,"gold_gain":0,"player_choice":"1 cards matched","damage_taken":0,"max_hp_gain":0,"max_hp_loss":0,"event_name":"Match and Keep!","floor":22,"gold_loss":0,"cards_obtained":["construct:PointDefense"]},{"damage_healed":0,"gold_gain":0,"player_choice":"Ignored","damage_taken":0,"max_hp_gain":0,"max_hp_loss":0,"event_name":"Vampires","floor":30,"gold_loss":0}],"is_beta":false,"boss_relics":[{"not_picked":["Replay:Drink Me","reliquary:RedPaperclip"],"picked":"StSpp:Magatama"}],"items_purged_floors":[10,27],"is_endless":false,"potions_floor_spawned":[2,13,16,18,28],"killed_by":"Slavers","ascension_level":0}}