{"host":"sav7uxregyirlf69","time":1611579737,"event":{"mods":["AchievementEnabler","BaseMod","Colored Map","DeckTracker","Keyboard Shortcuts","Minty Spire (QoL Compilation)","READ ME - Guardian Mod","StSLib","SuperFastMode"],"gold_per_floor":[116,29,29,43,62,62,62,72,72,89,89,116,41,56,56,132,132,146,161,161,161,161,193,211,211,211,222,222,232,69,88,88,88,88],"floor_reached":33,"language":"KOR","playtime":693,"items_purged":[],"score":638,"play_id":"f8b7b9b0-fc72-48cc-8ee7-1bb38866ab3b","local_time":"20210125220217","is_ascension_mode":true,"campfire_choices":[{"floor":6.0,"key":"REST"},{"data":"Malaise","floor":15.0,"key":"SMITH"},{"data":"Calculated Gamble","floor":25,"key":"SMITH"},{"data":"Cloak And Dagger","floor":28,"key":"SMITH"},{"data":"Neutralize","floor":32,"key":"SMITH"}],"circlet_count":0,"master_deck":["AscendersBane","Strike_G","Strike_G","Strike_G","Defend_G","Defend_G","Defend_G","Defend_G","Defend_G","Survivor","Neutralize+1","Malaise+1","Cloak And Dagger+1","Calculated Gamble+1","Bouncing Flask","Die Die Die","Blade Dance+1","Cloak And Dagger+1","Tactician+1","Ghostly+1","Ghostly+1","Ghostly+1","Reflex+1","Prepared+1","PiercingWail+1"],"relics":["Ring of the Snake","Toxic Egg 2","Shuriken","Nunchaku","Sozu","Blue Candle","White Beast Statue","Pantograph","TheAbacus"],"acts_visited":["Exordium","TheCity"],"potions_floor_usage":[],"damage_taken":[{"damage":32.0,"enemies":"Jaw Worm","floor":1.0,"turns":10.0},{"damage":1.0,"enemies":"Cultist","floor":4.0,"turns":4.0},{"damage":6.0,"enemies":"2 Louse","floor":5.0,"turns":4.0},{"damage":3.0,"enemies":"Blue Slaver","floor":8.0,"turns":6.0},{"damage":4.0,"enemies":"2 Fungi Beasts","floor":10.0,"turns":4.0},{"damage":11.0,"enemies":"Lagavulin","floor":12.0,"turns":7.0},{"damage":0.0,"enemies":"Looter","floor":14.0,"turns":2.0},{"damage":0.0,"enemies":"Hexaghost","floor":16.0,"turns":10.0},{"damage":2.0,"enemies":"Shell Parasite","floor":18.0,"turns":5.0},{"damage":14.0,"enemies":"Chosen","floor":19.0,"turns":5.0},{"damage":4,"enemies":"Book of Stabbing","floor":23,"turns":8},{"damage":3,"enemies":"Centurion and Healer","floor":24,"turns":9},{"damage":0,"enemies":"3 Cultists","floor":27,"turns":5},{"damage":3,"enemies":"Snake Plant","floor":29,"turns":5},{"damage":22,"enemies":"Snecko","floor":31,"turns":7},{"damage":49,"enemies":"Champ","floor":33,"turns":15}],"seed_played":"3406137679540464961","potions_obtained":[{"floor":3.0,"key":"SteroidPotion"},{"floor":3.0,"key":"LiquidMemories"},{"floor":12.0,"key":"SkillPotion"},{"floor":16.0,"key":"BlessingOfTheForge"}],"is_trial":false,"path_per_floor":["M","$","?","M","M","R","$","M","T","M","?","E","?","M","R","B",null,"M","M","?","?","?","E","M","R","T","M","R","M","$","M","R","B"],"character_chosen":"THE_SILENT","items_purchased":["Malaise","TheAbacus"],"campfire_rested":1,"item_purchase_floors":[2,30],"current_hp_per_floor":[33,33,33,32,26,47,47,44,44,40,22,11,11,11,11,11,57,55,41,41,36,36,32,29,29,29,29,29,26,26,4,4,0,0],"gold":88,"neow_bonus":"TEN_PERCENT_HP_BONUS","is_daily":false,"chose_seed":false,"campfire_upgraded":4,"win_rate":0.0,"timestamp":1611579737,"path_taken":["M","$","?","M","M","R","?","M","T","M","?","E","?","?","R","BOSS","M","M","?","?","?","E","M","R","T","?","R","M","$","M","R","BOSS"],"items_purchased_type":["Card","Relic"],"build_version":"2020-12-22","purchased_purges":0,"victory":false,"max_hp_per_floor":[72,72,72,72,72,72,72,72,72,72,72,72,72,72,72,72,72,72,72,72,36,36,36,36,36,36,36,36,36,36,36,36,36,36],"card_choices":[{"not_picked":["Prepared","Deadly Poison"],"picked":"Blade Dance","floor":1.0},{"not_picked":["Acrobatics","Bane"],"picked":"Cloak And Dagger","floor":4.0},{"not_picked":["Dodge and Roll","Setup"],"picked":"Calculated Gamble","floor":5.0},{"not_picked":["Underhanded Strike","Caltrops"],"picked":"Bouncing Flask","floor":8.0},{"not_picked":["All Out Attack","Blade Dance+1"],"picked":"Die Die Die","floor":10.0},{"not_picked":["Dagger Spray","Bouncing Flask+1","Acrobatics+1"],"picked":"SKIP","floor":12.0},{"not_picked":["Dash","Outmaneuver+1"],"picked":"Blade Dance+1","floor":14.0},{"not_picked":["Backflip+1","Concentrate+1"],"picked":"Cloak And Dagger+1","floor":18.0},{"not_picked":["Setup+1","Flechettes"],"picked":"Tactician+1","floor":19.0},{"not_picked":["Dagger Spray+1","Tactician+1"],"picked":"Reflex+1","floor":23},{"not_picked":["Outmaneuver+1","Slice"],"picked":"Prepared+1","floor":24},{"not_picked":["Cloak And Dagger+1","Dagger Throw","Deadly Poison+1"],"picked":"SKIP","floor":27},{"not_picked":["Poisoned Stab","Bullet Time+1","Dagger Throw"],"picked":"SKIP","floor":29},{"not_picked":["Blade Dance+1","Quick Slash"],"picked":"PiercingWail+1","floor":31}],"player_experience":1379788,"relics_obtained":[{"floor":9.0,"key":"Toxic Egg 2"},{"floor":12.0,"key":"Nunchaku"},{"floor":23,"key":"White Beast Statue"},{"floor":26,"key":"Pantograph"}],"event_choices":[{"damage_healed":0.0,"max_hp_gain":0.0,"max_hp_loss":0.0,"gold_gain":0.0,"event_name":"Lab","player_choice":"Got Potions","floor":3.0,"gold_loss":0.0,"damage_taken":0.0},{"damage_healed":0.0,"max_hp_gain":0.0,"max_hp_loss":0.0,"gold_gain":0.0,"event_name":"Scrap Ooze","player_choice":"Success","floor":11.0,"gold_loss":0.0,"damage_taken":18.0,"relics_obtained":["Shuriken"]},{"cards_removed":["Strike_G"],"damage_healed":0.0,"max_hp_gain":0.0,"max_hp_loss":0.0,"gold_gain":0.0,"event_name":"The Cleric","player_choice":"Card Removal","floor":13.0,"gold_loss":75.0,"damage_taken":0.0},{"cards_removed":["Strike_G"],"damage_healed":0.0,"max_hp_gain":0.0,"max_hp_loss":0.0,"gold_gain":0.0,"event_name":"Back to Basics","player_choice":"Elegance","floor":20.0,"gold_loss":0.0,"damage_taken":0.0},{"damage_healed":0,"gold_gain":0,"player_choice":"Became a Ghost","damage_taken":0,"max_hp_gain":0,"max_hp_loss":36,"event_name":"Ghosts","floor":21,"gold_loss":0,"cards_obtained":["Ghostly","Ghostly","Ghostly"]},{"cards_removed":["Blade Dance"],"damage_healed":0,"gold_gain":0,"player_choice":"Gave Card","damage_taken":0,"relics_obtained":["Blue Candle"],"max_hp_gain":0,"max_hp_loss":0,"event_name":"WeMeetAgain","floor":22,"gold_loss":0}],"is_beta":false,"boss_relics":[{"not_picked":["Tiny House","Fusion Hammer"],"picked":"Sozu"}],"items_purged_floors":[],"is_endless":false,"potions_floor_spawned":[5,10,12,16,19,23,24,27,29,31],"killed_by":"Champ","ascension_level":20}}