{"host":"lte3xujvwediduij","time":1611571985,"event":{"mods":["Aspiration","BaseMod","Better-Laid Plans","Minty Spire (QoL Compilation)","Spicy Shops","StSLib","¡¾ÒÅÎï¿¨ÅÆ¡¿REMEMod","óô»ðÖ¸ÄÏ"],"gold_per_floor":[117,117,132,132,132,34,78,78,78,91,114,130,130,170,170,170,170],"floor_reached":16,"language":"ZHS","playtime":762,"items_purged":[],"score":135,"play_id":"0876b8a1-b23a-4a3c-964e-5e6a5de9d360","local_time":"20210125185305","is_ascension_mode":false,"campfire_choices":[{"floor":8.0,"key":"RECALL"},{"data":"Redo","floor":15.0,"key":"SMITH"}],"circlet_count":0,"master_deck":["Strike_B","Strike_B","Strike_B","Strike_B","Defend_B","Defend_B","Defend_B","Defend_B","Zap+1","Dualcast","REME_BuildACard+1","Sweeping Beam","Clumsy","Gash","BootSequence","Capacitor","Redo+1"],"relics":["Cracked Core","REME_ComplimentaryCards","NeowsBlessing","Golden Idol","White Beast Statue","Thread and Needle","aspiration:BabyByrd","Dream Catcher"],"acts_visited":["Exordium"],"potions_floor_usage":[16,16],"damage_taken":[{"damage":0.0,"enemies":"Cultist","floor":1.0,"turns":1.0},{"damage":0.0,"enemies":"Jaw Worm","floor":3.0,"turns":1.0},{"damage":0.0,"enemies":"Lagavulin","floor":7.0,"turns":3.0},{"damage":0.0,"enemies":"2 Louse","floor":10.0,"turns":3.0},{"damage":3.0,"enemies":"Blue Slaver","floor":11.0,"turns":3.0},{"damage":0.0,"enemies":"Looter","floor":12.0,"turns":4.0},{"damage":47.0,"enemies":"3 Sentries","floor":14.0,"turns":10.0},{"damage":24,"enemies":"Slime Boss","floor":16,"turns":9}],"seed_played":"8831844107240093028","potions_obtained":[{"floor":7.0,"key":"Regen Potion"},{"floor":10.0,"key":"Dexterity Potion"},{"floor":11.0,"key":"Strength Potion"},{"floor":12.0,"key":"Block Potion"},{"floor":14.0,"key":"SkillPotion"}],"is_trial":false,"path_per_floor":["M","?","M","$","?","R","E","R","T","M","M","M","?","E","R","B"],"character_chosen":"DEFECT","items_purchased":["White Beast Statue"],"campfire_rested":0,"item_purchase_floors":[6],"current_hp_per_floor":[75,60,60,60,60,60,60,60,60,60,57,57,57,22,22,0,0],"gold":170,"neow_bonus":"THREE_ENEMY_KILL","is_daily":false,"chose_seed":false,"campfire_upgraded":1,"win_rate":0.0,"timestamp":1611571985,"path_taken":["M","?","M","$","?","R","E","R","T","M","M","M","?","E","R","BOSS"],"items_purchased_type":["Relic"],"build_version":"2020-12-22","purchased_purges":0,"victory":false,"max_hp_per_floor":[75,75,75,75,69,69,69,69,69,69,69,69,69,69,69,69,69],"card_choices":[{"not_picked":["Stack","Leap"],"picked":"Sweeping Beam","floor":1.0},{"not_picked":["Sweeping Beam","Rebound","Undo"],"picked":"SKIP","floor":3.0},{"not_picked":["Leap","Cold Snap","Rebound"],"picked":"SKIP","floor":7.0},{"not_picked":["Steam","Beam Cell"],"picked":"Gash","floor":10.0},{"not_picked":["Rebound","Machine Learning","BootSequence"],"picked":"SKIP","floor":11.0},{"not_picked":["Rebound","Machine Learning"],"picked":"BootSequence","floor":11.0},{"not_picked":["Beam Cell","Rebound"],"picked":"Capacitor","floor":12.0},{"not_picked":["BootSequence","Streamline"],"picked":"Redo","floor":14.0}],"player_experience":34938,"relics_obtained":[{"floor":7.0,"key":"Thread and Needle"},{"floor":14.0,"key":"Dream Catcher"}],"event_choices":[{"damage_healed":0.0,"max_hp_gain":0.0,"max_hp_loss":0.0,"gold_gain":0.0,"event_name":"Shining Light","player_choice":"Entered Light","floor":2.0,"gold_loss":0.0,"damage_taken":15.0,"cards_upgraded":["Zap","REME_BuildACard"]},{"damage_healed":0.0,"max_hp_gain":0.0,"max_hp_loss":6.0,"gold_gain":0.0,"event_name":"Golden Idol","player_choice":"Lose Max HP","floor":5.0,"gold_loss":0.0,"damage_taken":0.0,"relics_obtained":["Golden Idol"]}],"is_beta":false,"boss_relics":[],"items_purged_floors":[],"is_endless":false,"potions_floor_spawned":[7,10,11,12,14],"killed_by":"Slime Boss","ascension_level":0}}