{"host":"y3h3n3f7seyagppx","time":1611617855,"event":{"mods":["AlwaysNeverKeys","BaseMod","Better Vampires","Colored Powertips","DeckTracker","Emptier Cage","Minty Spire (QoL Compilation)","Permanent Neow","Quick Restart","Rare Cards Sparkle","Relic Sorter","Relic Stats","StSLib","Transform Curses"],"gold_per_floor":[113,128,203,203,220,220,250,261,261,276,302,302,302,302,302,379,379,394,63,81,81,94,129,129,155,155,155,180,198,213,238,238,309,309,324,347,110,135,151,183,183,183,183,183,183,211,221,251,251,251,251,251,251,87,121,121],"floor_reached":57,"language":"ENG","playtime":18392,"items_purged":["Writhe"],"score":3077,"play_id":"3a123e54-feed-46e1-b75a-70d78cdbe7a0","local_time":"20210125183735","is_ascension_mode":true,"campfire_choices":[{"data":"Cloak And Dagger","floor":6.0,"key":"SMITH"},{"data":"Neutralize","floor":12.0,"key":"SMITH"},{"data":"Footwork","floor":15.0,"key":"SMITH"},{"data":"Malaise","floor":24.0,"key":"SMITH"},{"data":"Ghostly","floor":27.0,"key":"SMITH"},{"data":"Ghostly","floor":32.0,"key":"SMITH"},{"data":"Accuracy","floor":41.0,"key":"SMITH"},{"data":"Ghostly","floor":45,"key":"SMITH"},{"data":"Strike_G","floor":49,"key":"PURGE"},{"data":"Strike_G","floor":53,"key":"PURGE"}],"circlet_count":0,"master_deck":["AscendersBane","Strike_G+1","Strike_G","Strike_G","Defend_G","Defend_G","Defend_G","Defend_G","Defend_G","Survivor","Neutralize+1","Cloak And Dagger+1","Dagger Throw+1","Footwork+1","Bullet Time","Venomology","Night Terror","Dodge and Roll+1","PiercingWail","Ghostly+1","Ghostly+1","Ghostly+1","Malaise+1","Cloak And Dagger+1","Infinite Blades","Choke+1","Terror","Bullet Time","Adrenaline","Accuracy+1","Blade Dance","Blade Dance+1","Doppelganger+1","Leg Sweep+1","Infinite Blades","Night Terror","Dash+1"],"relics":["WristBlade","Tiny Chest","Centennial Puzzle","Molten Egg 2","Snecko Eye","Pen Nib","OrangePellets","Incense Burner","Turnip","Mercury Hourglass","Pantograph","Juzu Bracelet","Cursed Key","Akabeko","Vajra","Prayer Wheel","Mummified Hand","Peace Pipe","Letter Opener","Bronze Scales"],"acts_visited":["Exordium","TheCity","TheBeyond","TheEnding"],"potions_floor_usage":[46,56,56],"damage_taken":[{"damage":0.0,"enemies":"2 Louse","floor":1.0,"turns":4.0},{"damage":4.0,"enemies":"Jaw Worm","floor":2.0,"turns":6.0},{"damage":0.0,"enemies":"Small Slimes","floor":5.0,"turns":3.0},{"damage":1.0,"enemies":"Lagavulin","floor":7.0,"turns":7.0},{"damage":10.0,"enemies":"3 Louse","floor":8.0,"turns":4.0},{"damage":12.0,"enemies":"Exordium Wildlife","floor":10.0,"turns":4.0},{"damage":0.0,"enemies":"Gremlin Nob","floor":11.0,"turns":3.0},{"damage":8.0,"enemies":"Slime Boss","floor":16.0,"turns":5.0},{"damage":9.0,"enemies":"Shell Parasite","floor":18.0,"turns":3.0},{"damage":2.0,"enemies":"Spheric Guardian","floor":20.0,"turns":4.0},{"damage":0.0,"enemies":"Centurion and Healer","floor":22.0,"turns":7.0},{"damage":0.0,"enemies":"Book of Stabbing","floor":23.0,"turns":6.0},{"damage":7.0,"enemies":"Slavers","floor":25.0,"turns":11.0},{"damage":9.0,"enemies":"Gremlin Leader","floor":28.0,"turns":8.0},{"damage":0.0,"enemies":"Chosen and Byrds","floor":29.0,"turns":7.0},{"damage":4.0,"enemies":"Shelled Parasite and Fungi","floor":30.0,"turns":9.0},{"damage":3.0,"enemies":"Slavers","floor":31.0,"turns":5.0},{"damage":3.0,"enemies":"Collector","floor":33.0,"turns":13.0},{"damage":0.0,"enemies":"3 Shapes","floor":35.0,"turns":3.0},{"damage":0.0,"enemies":"Mind Bloom Boss Battle","floor":38.0,"turns":9.0},{"damage":0.0,"enemies":"Orb Walker","floor":39.0,"turns":5.0},{"damage":1.0,"enemies":"Nemesis","floor":40.0,"turns":6.0},{"damage":0,"enemies":"Giant Head","floor":46,"turns":6},{"damage":0,"enemies":"4 Shapes","floor":47,"turns":6},{"damage":0,"enemies":"Reptomancer","floor":48,"turns":7},{"damage":0,"enemies":"Donu and Deca","floor":50,"turns":11},{"damage":26,"enemies":"Time Eater","floor":51,"turns":12},{"damage":25,"enemies":"Shield and Spear","floor":55,"turns":6},{"damage":25,"enemies":"The Heart","floor":56,"turns":8}],"seed_played":"-4432085003060370755","potions_obtained":[{"floor":5.0,"key":"CunningPotion"},{"floor":8.0,"key":"AttackPotion"},{"floor":10.0,"key":"FairyPotion"},{"floor":18.0,"key":"GhostInAJar"},{"floor":20.0,"key":"Weak Potion"},{"floor":25.0,"key":"SteroidPotion"},{"floor":28.0,"key":"SkillPotion"},{"floor":29.0,"key":"DuplicationPotion"},{"floor":31.0,"key":"PowerPotion"},{"floor":33.0,"key":"Fruit Juice"},{"floor":38.0,"key":"Fruit Juice"},{"floor":46,"key":"DuplicationPotion"}],"is_trial":false,"path_per_floor":["M","M","?","?","M","R","E","M","T","M","E","R","?","?","R","B",null,"M","$","M","?","M","E","R","E","T","R","E","M","M","E","R","B",null,"M","T","$","?","M","E","R","?","T","?","R","E","M","E","R","B","B",null,"R","$","E","B",null],"character_chosen":"THE_SILENT","items_purchased":["Pen Nib","OrangePellets","Vajra","Night Terror"],"campfire_rested":0,"item_purchase_floors":[19,19,37,54],"current_hp_per_floor":[59,55,44,24,24,24,23,13,13,1,1,1,23,23,23,15,53,44,44,42,33,33,33,33,26,26,26,17,17,13,10,10,30,32,37,37,37,38,43,42,42,42,42,42,42,42,42,42,42,43,17,37,37,37,12,12],"gold":121,"neow_bonus":"BOSS_RELIC","is_daily":false,"chose_seed":false,"campfire_upgraded":8,"win_rate":0.0,"timestamp":1611617855,"path_taken":["M","M","?","?","M","R","E","M","T","M","E","R","?","?","R","BOSS","M","$","M","?","M","E","R","E","T","R","E","M","M","E","R","BOSS","M","?","$","?","M","E","R","?","T","?","R","E","M","E","R","BOSS","BOSS","R","$","E","BOSS"],"items_purchased_type":["Relic","Relic","Relic","Card"],"build_version":"2020-12-22","purchased_purges":1,"victory":true,"max_hp_per_floor":[66,66,66,66,66,66,66,66,66,66,66,66,66,66,66,66,66,66,66,66,33,33,33,33,33,33,33,33,33,33,33,33,33,33,38,38,38,38,43,43,43,43,43,43,43,43,43,43,43,43,43,43,43,43,43,43],"relic_stats":{"counters":[29,185],"Pen Nib":[36],"Juzu Bracelet":1,"Letter Opener":[104],"Cursed Key":1,"Mercury Hourglass":[457],"Peace Pipe":2,"OrangePellets":[44],"Centennial Puzzle":[39],"Mummified Hand":[29],"Pantograph":50,"Bronze Scales":[98],"Snecko Eye":[72,100,82,80],"Tiny Chest":1,"Prayer Wheel":2,"Turnip":[13],"obtain_stats":[{"Vajra":37,"Pen Nib":19,"Incense Burner":23,"Juzu Bracelet":31,"Letter Opener":48,"Cursed Key":34,"Akabeko":36,"Mercury Hourglass":26,"Peace Pipe":46,"OrangePellets":19,"Centennial Puzzle":9,"WristBlade":0,"Mummified Hand":40,"Pantograph":28,"Bronze Scales":55,"Snecko Eye":17,"Tiny Chest":7,"Molten Egg 2":11,"Prayer Wheel":38,"Turnip":25,"Ring of the Snake":0},{"Vajra":19,"Pen Nib":9,"Incense Burner":12,"Juzu Bracelet":17,"Letter Opener":25,"Cursed Key":18,"Akabeko":19,"Mercury Hourglass":13,"Peace Pipe":23,"OrangePellets":9,"Centennial Puzzle":5,"WristBlade":0,"Mummified Hand":22,"Pantograph":14,"Bronze Scales":28,"Snecko Eye":8,"Tiny Chest":4,"Molten Egg 2":7,"Prayer Wheel":20,"Turnip":13,"Ring of the Snake":0},{"Vajra":111,"Pen Nib":39,"Incense Burner":56,"Juzu Bracelet":95,"Letter Opener":148,"Cursed Key":108,"Akabeko":111,"Mercury Hourglass":67,"Peace Pipe":136,"OrangePellets":39,"Centennial Puzzle":24,"WristBlade":0,"Mummified Hand":130,"Pantograph":75,"Bronze Scales":177,"Snecko Eye":36,"Tiny Chest":20,"Molten Egg 2":31,"Prayer Wheel":120,"Turnip":67,"Ring of the Snake":0}]},"card_choices":[{"not_picked":["Deadly Poison","Choke"],"picked":"Cloak And Dagger","floor":1.0},{"not_picked":["Bane","Sucker Punch"],"picked":"Dagger Throw","floor":2.0},{"not_picked":["Deflect","Blur"],"picked":"Footwork","floor":5.0},{"not_picked":["All Out Attack","Outmaneuver","PiercingWail"],"picked":"SKIP","floor":7.0},{"not_picked":["Tactician","Dagger Throw"],"picked":"Bullet Time","floor":8.0},{"not_picked":["Dash","Outmaneuver"],"picked":"Finisher","floor":10.0},{"not_picked":["Setup","Cloak And Dagger"],"picked":"Venomology","floor":11.0},{"not_picked":["Bullet Time","Burst"],"picked":"Night Terror","floor":16.0},{"not_picked":["Dagger Throw+1","Slice+1"],"picked":"Dodge and Roll+1","floor":18.0},{"not_picked":["Bane+1","Dodge and Roll"],"picked":"PiercingWail","floor":20.0},{"not_picked":["Sucker Punch+1","Prepared+1","Catalyst"],"picked":"SKIP","floor":22.0},{"not_picked":["Well Laid Plans","Underhanded Strike+1"],"picked":"Malaise","floor":23.0},{"not_picked":["Bouncing Flask","Flying Knee+1"],"picked":"Cloak And Dagger+1","floor":25.0},{"not_picked":["Bane+1","Sucker Punch+1"],"picked":"Infinite Blades","floor":28.0},{"not_picked":["Sucker Punch+1","Bouncing Flask"],"picked":"Choke+1","floor":29.0},{"not_picked":["Dash+1","Dodge and Roll"],"picked":"Terror","floor":30.0},{"not_picked":["Outmaneuver","Heel Hook+1"],"picked":"Bullet Time","floor":31.0},{"not_picked":["Bullet Time","Venomology"],"picked":"Adrenaline","floor":33.0},{"not_picked":["Dodge and Roll","All Out Attack+1"],"picked":"Accuracy","floor":35.0},{"not_picked":["Accuracy","Backstab+1"],"picked":"Blade Dance","floor":38.0},{"not_picked":["Crippling Poison","Cloak And Dagger"],"picked":"Blade Dance+1","floor":39.0},{"not_picked":["Footwork","Deadly Poison+1"],"picked":"Doppelganger","floor":39.0},{"not_picked":["Flying Knee+1","Acrobatics","Tactician+1"],"picked":"SKIP","floor":40.0},{"not_picked":["Terror","Dagger Spray+1"],"picked":"Leg Sweep+1","floor":46},{"not_picked":["Dagger Throw+1","Dagger Spray+1"],"picked":"Infinite Blades","floor":47},{"not_picked":["Slice+1","Eviscerate+1","Dodge and Roll"],"picked":"SKIP","floor":47},{"not_picked":["Doppelganger","Outmaneuver+1","PiercingWail"],"picked":"SKIP","floor":48},{"not_picked":["Doppelganger","Outmaneuver+1","PiercingWail"],"picked":"SKIP","floor":48},{"not_picked":["Bane+1","Glass Knife+1"],"picked":"Dash+1","floor":55}],"player_experience":21605606,"relics_obtained":[{"floor":7.0,"key":"Tiny Chest"},{"floor":9.0,"key":"Centennial Puzzle"},{"floor":11.0,"key":"Molten Egg 2"},{"floor":23.0,"key":"Incense Burner"},{"floor":25.0,"key":"Turnip"},{"floor":26.0,"key":"Mercury Hourglass"},{"floor":28.0,"key":"Pantograph"},{"floor":31.0,"key":"Juzu Bracelet"},{"floor":36.0,"key":"Akabeko"},{"floor":38.0,"key":"Prayer Wheel"},{"floor":40.0,"key":"Mummified Hand"},{"floor":46,"key":"Peace Pipe"},{"floor":48,"key":"Letter Opener"},{"floor":55,"key":"Bronze Scales"}],"event_choices":[{"damage_healed":0.0,"max_hp_gain":0.0,"max_hp_loss":0.0,"gold_gain":75.0,"event_name":"World of Goop","player_choice":"Gather Gold","floor":3.0,"gold_loss":0.0,"damage_taken":11.0},{"damage_healed":0.0,"max_hp_gain":0.0,"max_hp_loss":0.0,"gold_gain":0.0,"event_name":"Shining Light","player_choice":"Entered Light","floor":4.0,"gold_loss":0.0,"damage_taken":20.0,"cards_upgraded":["Strike_G","Dagger Throw"]},{"damage_healed":22.0,"max_hp_gain":0.0,"max_hp_loss":0.0,"gold_gain":0.0,"event_name":"Big Fish","player_choice":"Banana","floor":13.0,"gold_loss":0.0,"damage_taken":0.0},{"damage_healed":0.0,"max_hp_gain":0.0,"max_hp_loss":0.0,"gold_gain":0.0,"event_name":"Liars Game","player_choice":"Ignored","floor":14.0,"gold_loss":0.0,"damage_taken":0.0},{"damage_healed":0.0,"max_hp_gain":0.0,"max_hp_loss":33.0,"gold_gain":0.0,"event_name":"Ghosts","player_choice":"Became a Ghost","floor":21.0,"gold_loss":0.0,"damage_taken":0.0,"cards_obtained":["Ghostly","Ghostly","Ghostly"]},{"damage_healed":0.0,"max_hp_gain":0.0,"max_hp_loss":0.0,"gold_gain":0.0,"event_name":"MindBloom","player_choice":"Fight","floor":38.0,"gold_loss":0.0,"damage_taken":0.0},{"damage_healed":0.0,"max_hp_gain":0.0,"max_hp_loss":0.0,"gold_gain":0.0,"event_name":"Upgrade Shrine","player_choice":"Upgraded","floor":42.0,"gold_loss":0.0,"damage_taken":0.0,"cards_upgraded":["Doppelganger"]},{"cards_removed":["Finisher"],"damage_healed":0,"gold_gain":0,"player_choice":"Removed Attack","damage_taken":0,"max_hp_gain":0,"max_hp_loss":0,"event_name":"Falling","floor":44,"gold_loss":0}],"is_beta":false,"boss_relics":[{"not_picked":["SacredBark","Coffee Dripper"],"picked":"Snecko Eye"},{"not_picked":["Velvet Choker","Busted Crown"],"picked":"Cursed Key"}],"items_purged_floors":[37],"is_endless":false,"potions_floor_spawned":[5,8,10,16,18,20,25,28,29,31,33,38,46,47,55],"ascension_level":20}}