{"host":"15f3wpiimhe5yrng","time":1611533285,"event":{"mods":["100% Spire Juice","2.2 Compatiblity","BaseMod","Bestiary","Better Altar","Better Match","Better Note","Better Sensory Stone","Better Skull","Better Third Choice","Colored Map","Colored Powertips","Downfall","Good Game Mod","Marisa????????","Minty Spire (QoL Compilation)","Permanent Neow","Relic Filter","SacredBarkPlus","Spicy Shops","Spire Arcade","StSLib","The Animator","The Marked","TheSwordswoman"],"gold_per_floor":[110,110,125,141,151,151,166,191,191,220,220,230,260,272,272,377,377,387,49,63,80,80,80,113,113,140,175,175,175,175,190,190,295,295,315,325,335,385,405,405,433,448,473,518,552,552,572,588,588,588,588,588,69,98,98],"floor_reached":56,"language":"ENG","playtime":5279,"items_purged":["Eruption+1","downfall:Malfunctioning"],"score":1296,"play_id":"026850ee-13cc-4321-99ca-af0fe35fa97a","local_time":"20210125010805","is_ascension_mode":false,"campfire_choices":[{"data":"PathToVictory","floor":6,"key":"SMITH"},{"data":"Protect","floor":15,"key":"SMITH"},{"data":"Prostrate","floor":23,"key":"SMITH"},{"data":"ThirdEye","floor":25,"key":"SMITH"},{"data":"Blind","floor":32,"key":"SMITH"},{"floor":40,"key":"RECALL"},{"data":"1","floor":49,"key":"LIFT"},{"data":"2","floor":52,"key":"LIFT"}],"circlet_count":0,"master_deck":["Strike_P+1","Strike_P+1","Defend_P+1","Defend_P+1","Defend_P+1","Vigilance+1","theMarked:SuspiciousRaven","Protect+1","PathToVictory+1","Sanctity","ThirdEye+1","LessonLearned+1","DeceiveReality+1","BowlingBash+1","Judgement+1","PathToVictory+1","Prostrate+1","expansioncontent:QuickStudy+1","Conclude+1","Blind+1","PathToVictory+1","Vault+1","ConjureBlade","InnerPeace+1","Vault+1"],"relics":["HolyWater","The Courier","Lantern","Question Card","Lizard Tail","Membership Card","Ice Cream","Art of War","Mercury Hourglass","Bottled Lightning","downfall:ExtraCursedKey","Nloth\u0027s Gift","Fusion Hammer","Bird Faced Urn","Eternal Feather","Anchor","Girya","Akabeko","StoneCalendar","DollysMirror","Strawberry","TeardropLocket","Oddly Smooth Stone","Damaru","TungstenRod","Whetstone"],"acts_visited":["Exordium","TheCity","TheBeyond","TheEnding"],"potions_floor_usage":[13,16,27,33,33,33,39,42,45,55,55],"damage_taken":[{"damage":1,"enemies":"2 Louse","floor":1,"turns":3},{"damage":0,"enemies":"Cultist","floor":3,"turns":3},{"damage":0,"enemies":"Jaw Worm","floor":4,"turns":3},{"damage":0,"enemies":"Exordium Wildlife","floor":5,"turns":6},{"damage":16,"enemies":"Gremlin Gang","floor":7,"turns":5},{"damage":8,"enemies":"3 Sentries","floor":8,"turns":9},{"damage":17,"enemies":"Gremlin Nob","floor":10,"turns":4},{"damage":0,"enemies":"Blue Slaver","floor":12,"turns":4},{"damage":7,"enemies":"Lagavulin","floor":13,"turns":6},{"damage":1,"enemies":"3 Louse","floor":14,"turns":3},{"damage":9,"enemies":"Hexaghost","floor":16,"turns":15},{"damage":7,"enemies":"Shell Parasite","floor":18,"turns":6},{"damage":0,"enemies":"3 Byrds","floor":20,"turns":6},{"damage":0,"enemies":"Shelled Parasite and Fungi","floor":21,"turns":7},{"damage":16,"enemies":"Book of Stabbing","floor":24,"turns":10},{"damage":10,"enemies":"Slavers","floor":27,"turns":6},{"damage":0,"enemies":"Centurion and Healer","floor":31,"turns":4},{"damage":24,"enemies":"Champ","floor":33,"turns":10},{"damage":0,"enemies":"Orb Walker","floor":35,"turns":3},{"damage":5,"enemies":"3 Shapes","floor":36,"turns":2},{"damage":13,"enemies":"Jaw Worm Horde","floor":37,"turns":4},{"damage":0,"enemies":"Mind Bloom Boss Battle","floor":38,"turns":8},{"damage":0,"enemies":"4 Shapes","floor":39,"turns":4},{"damage":0,"enemies":"Giant Head","floor":41,"turns":7},{"damage":12,"enemies":"Spire Growth","floor":42,"turns":5},{"damage":22,"enemies":"2 Orb Walkers","floor":44,"turns":5},{"damage":7,"enemies":"Nemesis","floor":45,"turns":6},{"damage":0,"enemies":"Transient","floor":47,"turns":6},{"damage":9,"enemies":"Jaw Worm Horde","floor":48,"turns":6},{"damage":32,"enemies":"Time Eater","floor":50,"turns":11},{"damage":0,"enemies":"Shield and Spear","floor":54,"turns":5},{"damage":60,"enemies":"The Heart","floor":55,"turns":10}],"seed_played":"68071868743939489","potions_obtained":[{"floor":3,"key":"DistilledChaos"},{"floor":5,"key":"Dexterity Potion"},{"floor":12,"key":"GamblersBrew"},{"floor":13,"key":"ColorlessPotion"},{"floor":14,"key":"EntropicBrew"},{"floor":16,"key":"Regen Potion"},{"floor":33,"key":"SpeedPotion"},{"floor":39,"key":"EssenceOfSteel"},{"floor":45,"key":"BottledMiracle"},{"floor":48,"key":"DistilledChaos"}],"is_trial":false,"path_per_floor":["M","?","M","M","M","R","M","E","T","E","?","M","E","M","R","B",null,"M","$","M","M","?","R","E","R","T","E","?","?","?","M","R","B",null,"M","M","M","?","M","R","E","M","T","?","E","?","M","M","R","B",null,"R","$","E","B",null],"character_chosen":"WATCHER","items_purchased":["Membership Card","Ice Cream","Art of War","StoneCalendar","DollysMirror","Strawberry","TeardropLocket","Oddly Smooth Stone","Damaru","TungstenRod"],"campfire_rested":0,"item_purchase_floors":[19,19,19,53,53,53,53,53,53,53],"current_hp_per_floor":[71,71,71,71,71,71,55,47,47,30,27,27,20,19,19,10,72,65,65,65,65,65,65,49,49,49,51,51,51,51,51,51,27,72,72,67,54,54,54,54,56,44,44,24,29,29,29,32,47,17,72,72,79,79,19],"gold":98,"neow_bonus":"TRANSFORM_CARD","is_daily":false,"chose_seed":false,"campfire_upgraded":5,"win_rate":0.0,"timestamp":1611533285,"path_taken":["M","?","M","?","M","R","M","E","T","E","?","M","E","M","R","BOSS","M","$","M","M","?","R","E","R","T","E","?","?","?","M","R","BOSS","M","?","M","?","M","R","E","M","T","?","E","?","?","M","R","BOSS","R","$","E","BOSS"],"items_purchased_type":["Relic","Relic","Relic","Relic","Relic","Relic","Relic","Relic","Relic","Relic"],"build_version":"2020-12-22","purchased_purges":2,"victory":true,"max_hp_per_floor":[72,72,72,72,72,72,72,72,72,72,72,72,72,72,72,72,72,72,72,72,72,72,72,72,72,72,72,72,72,72,72,72,72,72,72,72,72,72,72,72,72,72,72,72,72,72,72,72,72,72,72,72,79,79,79],"card_choices":[{"not_picked":["FlurryOfBlows","Halt"],"picked":"PathToVictory","floor":1},{"not_picked":["Evaluate","Halt"],"picked":"Sanctity","floor":3},{"not_picked":["Omniscience","Halt"],"picked":"ThirdEye","floor":4},{"not_picked":["EmptyFist","Halt","Vengeance"],"picked":"SKIP","floor":5},{"not_picked":["ThirdEye","FearNoEvil","EmptyBody"],"picked":"SKIP","floor":7},{"not_picked":["EmptyBody","Weave","Fasting2"],"picked":"SKIP","floor":8},{"not_picked":["FollowUp","Prostrate"],"picked":"LessonLearned","floor":10},{"not_picked":["SashWhip","Worship","BowlingBash"],"picked":"DeceiveReality","floor":12},{"not_picked":["Evaluate","BowlingBash","ClearTheMind","CutThroughFate"],"picked":"SKIP","floor":13},{"not_picked":["FearNoEvil","ThirdEye","Brilliance"],"picked":"BowlingBash","floor":14},{"not_picked":["ConjureBlade","DevaForm","Devotion"],"picked":"Judgement","floor":16},{"not_picked":["Consecrate","FlurryOfBlows","Worship","SignatureMove"],"picked":"SKIP","floor":18},{"not_picked":["SashWhip+1","Wireheading+1","Weave"],"picked":"PathToVictory","floor":20},{"not_picked":["Evaluate","CutThroughFate","FollowUp+1"],"picked":"Prostrate","floor":21},{"not_picked":["ThirdEye","Wish","Pray+1","SandsOfTime"],"picked":"SKIP","floor":24},{"not_picked":["Swivel","Perseverance","Meditate"],"picked":"Conclude+1","floor":27},{"not_picked":["Jack Of All Trades","Dark Shackles","Apotheosis"],"picked":"Blind","floor":29},{"not_picked":["ClearTheMind","Conclude","EmptyFist"],"picked":"PathToVictory","floor":31},{"not_picked":["DevaForm","ConjureBlade","Blasphemy"],"picked":"Vault","floor":33},{"not_picked":["PathToVictory","Wallop","SandsOfTime+1","Swivel+1"],"picked":"SKIP","floor":35},{"not_picked":["CarveReality","BowlingBash","ClearTheMind","Crescendo+1"],"picked":"SKIP","floor":36},{"not_picked":["TalkToTheHand+1","Indignation","EmptyBody+1","FlurryOfBlows+1"],"picked":"SKIP","floor":37},{"not_picked":["FlyingSleeves+1","Halt+1","DeceiveReality"],"picked":"ConjureBlade","floor":38},{"not_picked":["Adaptation+1","ForeignInfluence+1","Indignation+1","SashWhip"],"picked":"SKIP","floor":39},{"not_picked":["FlyingSleeves","ClearTheMind+1","Alpha","TalkToTheHand+1"],"picked":"SKIP","floor":41},{"not_picked":["EmptyFist+1","WheelKick+1","Evaluate+1","Vengeance+1"],"picked":"SKIP","floor":42},{"not_picked":["Crescendo+1","Halt","WheelKick+1"],"picked":"InnerPeace+1","floor":45},{"not_picked":["SandsOfTime+1","SashWhip+1","EmptyFist+1","Vengeance+1"],"picked":"SKIP","floor":47},{"not_picked":["Judgement","ForeignInfluence+1","Protect+1","Prostrate"],"picked":"SKIP","floor":48},{"not_picked":["CutThroughFate","Swivel+1","Wish","Adaptation+1"],"picked":"SKIP","floor":54}],"player_experience":178866,"relics_obtained":[{"floor":8,"key":"The Courier"},{"floor":9,"key":"Lantern"},{"floor":10,"key":"Question Card"},{"floor":13,"key":"Lizard Tail"},{"floor":24,"key":"Mercury Hourglass"},{"floor":27,"key":"Bottled Lightning"},{"floor":38,"key":"Bird Faced Urn"},{"floor":41,"key":"Eternal Feather"},{"floor":43,"key":"Anchor"},{"floor":44,"key":"Girya"},{"floor":45,"key":"Akabeko"},{"floor":54,"key":"Whetstone"}],"event_choices":[{"cards_removed":["Strike_P"],"damage_healed":0,"gold_gain":0,"player_choice":"Offered Basic","damage_taken":0,"max_hp_gain":0,"max_hp_loss":0,"event_name":"Bonfire Elementals","floor":2,"gold_loss":0},{"cards_removed":["LessonLearned"],"damage_healed":0,"gold_gain":0,"player_choice":"Take \u0026 Give","damage_taken":0,"max_hp_gain":0,"max_hp_loss":0,"event_name":"betterNote:BetterNote","floor":22,"gold_loss":0,"cards_obtained":["expansioncontent:QuickStudy"]},{"damage_healed":0,"gold_gain":2,"player_choice":"1","damage_taken":0,"max_hp_gain":0,"max_hp_loss":0,"event_name":"betterStone:BetterStone","floor":29,"gold_loss":0},{"damage_healed":0,"gold_gain":0,"player_choice":"Traded Relic","damage_taken":0,"relics_obtained":["Nloth\u0027s Gift"],"max_hp_gain":0,"max_hp_loss":0,"event_name":"N\u0027loth","floor":30,"relics_lost":["REME:ComplimentaryCards"],"gold_loss":0},{"damage_healed":0,"gold_gain":0,"player_choice":"Fight","damage_taken":0,"max_hp_gain":0,"max_hp_loss":0,"event_name":"MindBloom","floor":38,"gold_loss":0},{"damage_healed":0,"gold_gain":0,"player_choice":"Fight","damage_taken":0,"max_hp_gain":0,"max_hp_loss":0,"event_name":"Mysterious Sphere","floor":44,"gold_loss":0},{"cards_removed":["downfall:Icky"],"damage_healed":0,"gold_gain":0,"player_choice":"Purged","damage_taken":0,"max_hp_gain":0,"max_hp_loss":0,"event_name":"Purifier","floor":46,"gold_loss":0}],"is_beta":false,"boss_relics":[{"not_picked":["Philosopher\u0027s Stone","Runic Pyramid"],"picked":"HolyWater"},{"not_picked":["bronze:MakeshiftBattery","Astrolabe"],"picked":"Fusion Hammer"}],"items_purged_floors":[19,53],"is_endless":false,"potions_floor_spawned":[3,5,12,13,14,16,18,33,35,39,45,47,48,54],"ascension_level":0}}