{"host":"4nk64u0og8aplzuu","time":1611542869,"event":{"mods":["BaseMod","Highlight Path","Minty Spire (QoL Compilation)"],"gold_per_floor":[118,132,132,57,80,101,145,166,166,200,221,221,221,237,237,365,365,381,381,90,90,90,90,129,150,175,175,215,229,265,279,279,403,403,423,756,756,832,287,287,297,313,336,350,68,68,98,117,117,117],"floor_reached":51,"language":"ENG","playtime":4066,"items_purged":["Strike_G","Wraith Form v2","Doppelganger"],"score":772,"play_id":"efab668f-fbc2-4123-961c-2d813de03970","local_time":"20210124194749","is_ascension_mode":false,"campfire_choices":[{"data":"Terror","floor":12.0,"key":"SMITH"},{"floor":15.0,"key":"REST"},{"data":"Setup","floor":23.0,"key":"SMITH"},{"data":"Accuracy","floor":32.0,"key":"SMITH"},{"data":"Catalyst","floor":40,"key":"SMITH"},{"data":"Blade Dance","floor":49,"key":"SMITH"}],"circlet_count":0,"master_deck":["Survivor","Neutralize+1","Poisoned Stab","Poisoned Stab","Crippling Poison","Footwork","Terror+1","Crippling Poison","Glass Knife","Bane+1","Doppelganger+1","All Out Attack","After Image","Setup+1","PiercingWail+1","Distraction","After Image","All Out Attack","Bane+1","Acrobatics","Underhanded Strike","Blade Dance+1","Infinite Blades","Accuracy+1","Cloak And Dagger+1","After Image","Cloak And Dagger+1","Catalyst+1","Acrobatics+1","Deadly Poison+1","Quick Slash+1","Purity","Forethought","Mayhem","Bane+1"],"relics":["Ring of the Snake","Oddly Smooth Stone","Juzu Bracelet","MealTicket","Pandora\u0027s Box","Paper Crane","Letter Opener","Meat on the Bone","Strawberry","Enchiridion","HornCleat","Shuriken","WristBlade","Gremlin Horn","Snake Skull","Ninja Scroll","War Paint","Lantern","Bottled Tornado"],"acts_visited":["Exordium","TheCity","TheBeyond"],"potions_floor_usage":[42],"damage_taken":[{"damage":0.0,"enemies":"Jaw Worm","floor":1.0,"turns":3.0},{"damage":0.0,"enemies":"Cultist","floor":2.0,"turns":3.0},{"damage":0.0,"enemies":"2 Louse","floor":5.0,"turns":3.0},{"damage":0.0,"enemies":"2 Fungi Beasts","floor":6.0,"turns":3.0},{"damage":14.0,"enemies":"Lagavulin","floor":7.0,"turns":8.0},{"damage":0.0,"enemies":"Blue Slaver","floor":8.0,"turns":4.0},{"damage":26.0,"enemies":"Gremlin Nob","floor":10.0,"turns":6.0},{"damage":1.0,"enemies":"Looter","floor":11.0,"turns":3.0},{"damage":2.0,"enemies":"2 Fungi Beasts","floor":14.0,"turns":4.0},{"damage":14.0,"enemies":"Hexaghost","floor":16.0,"turns":7.0},{"damage":0.0,"enemies":"Chosen","floor":18.0,"turns":4.0},{"damage":21.0,"enemies":"Book of Stabbing","floor":24.0,"turns":5.0},{"damage":8.0,"enemies":"3 Byrds","floor":25.0,"turns":5.0},{"damage":13.0,"enemies":"Gremlin Leader","floor":28.0,"turns":4.0},{"damage":3.0,"enemies":"Snake Plant","floor":29.0,"turns":3.0},{"damage":12.0,"enemies":"Slavers","floor":30.0,"turns":5.0},{"damage":0.0,"enemies":"Snecko","floor":31.0,"turns":4.0},{"damage":5.0,"enemies":"Collector","floor":33.0,"turns":7.0},{"damage":15,"enemies":"Orb Walker","floor":35,"turns":4},{"damage":0,"enemies":"3 Darklings","floor":41,"turns":5},{"damage":0,"enemies":"Maw","floor":42,"turns":6},{"damage":0,"enemies":"Jaw Worm Horde","floor":44,"turns":2},{"damage":0,"enemies":"Giant Head","floor":47,"turns":5},{"damage":0,"enemies":"Spire Growth","floor":48,"turns":4},{"damage":28,"enemies":"Time Eater","floor":50,"turns":8}],"seed_played":"-2490728956516363186","potions_obtained":[{"floor":6.0,"key":"Explosive Potion"},{"floor":7.0,"key":"Swift Potion"},{"floor":11.0,"key":"Strength Potion"},{"floor":16.0,"key":"Weak Potion"},{"floor":18.0,"key":"CunningPotion"},{"floor":24.0,"key":"EssenceOfSteel"},{"floor":28.0,"key":"Dexterity Potion"},{"floor":29.0,"key":"DuplicationPotion"},{"floor":33.0,"key":"ColorlessPotion"},{"floor":42,"key":"SmokeBomb"},{"floor":44,"key":"DistilledChaos"},{"floor":47,"key":"CunningPotion"}],"is_trial":false,"path_per_floor":["M","M","?","$","M","M","E","M","T","E","M","R","?","M","R","B",null,"M","?","$","?","T","R","E","M","T","?","E","M","E","M","R","B",null,"M","?","?","T","$","R","M","M","T","M","$","?","E","M","R","B",null],"character_chosen":"THE_SILENT","items_purchased":["Paper Crane","Acrobatics","Snake Skull","Ninja Scroll","Catalyst","Lantern"],"campfire_rested":1,"item_purchase_floors":[20,20,39,39,39,45],"current_hp_per_floor":[70,70,53,53,53,53,39,39,39,13,12,12,12,10,31,17,70,70,70,70,70,70,70,49,41,48,32,31,40,40,40,40,47,77,62,62,62,62,77,77,77,77,77,77,77,67,67,67,67,39],"gold":117,"neow_bonus":"UPGRADE_CARD","is_daily":false,"chose_seed":false,"campfire_upgraded":5,"win_rate":0.0,"timestamp":1611542869,"path_taken":["M","M","?","$","M","M","E","M","T","E","M","R","?","M","R","BOSS","M","?","$","?","?","R","E","M","T","?","E","M","E","M","R","BOSS","M","?","?","?","$","R","M","M","T","M","?","?","E","M","R","BOSS"],"items_purchased_type":["Relic","Card","Relic","Relic","Card","Relic"],"build_version":"2020-12-22","purchased_purges":3,"victory":true,"max_hp_per_floor":[70,70,70,70,70,70,70,70,70,70,70,70,70,70,70,70,70,70,70,70,70,70,70,70,70,77,77,77,77,77,77,77,77,77,77,77,77,77,77,77,77,77,77,77,77,77,77,77,77,77],"card_choices":[{"not_picked":["Blur","Dagger Spray"],"picked":"Poisoned Stab","floor":1.0},{"not_picked":["Sucker Punch","PiercingWail"],"picked":"Poisoned Stab","floor":2.0},{"not_picked":["Prepared","PiercingWail"],"picked":"Crippling Poison","floor":5.0},{"not_picked":["Backstab","All Out Attack"],"picked":"Footwork","floor":6.0},{"not_picked":["Calculated Gamble","Predator"],"picked":"Terror","floor":7.0},{"not_picked":["Acrobatics","Blade Dance"],"picked":"Crippling Poison","floor":8.0},{"not_picked":["Dodge and Roll","Dash","Accuracy"],"picked":"SKIP","floor":10.0},{"not_picked":["PiercingWail","Deflect"],"picked":"Glass Knife","floor":11.0},{"not_picked":["Deflect","Poisoned Stab"],"picked":"Bane","floor":14.0},{"not_picked":["Grand Finale","Malaise"],"picked":"Doppelganger","floor":16.0},{"not_picked":["Concentrate+1","Slice+1"],"picked":"Bane+1","floor":18.0},{"not_picked":["Well Laid Plans+1","Sucker Punch"],"picked":"Underhanded Strike","floor":24.0},{"not_picked":["Deadly Poison","Escape Plan"],"picked":"Blade Dance","floor":25.0},{"not_picked":["Quick Slash","Dagger Throw"],"picked":"Infinite Blades","floor":28.0},{"not_picked":["Poisoned Stab+1","Footwork+1"],"picked":"Accuracy","floor":29.0},{"not_picked":["Blur+1","Outmaneuver+1"],"picked":"Cloak And Dagger+1","floor":30.0},{"not_picked":["Setup","Predator","Deflect"],"picked":"SKIP","floor":31.0},{"not_picked":["Wraith Form v2","Phantasmal Killer"],"picked":"After Image","floor":33.0},{"not_picked":["Accuracy","Deflect+1"],"picked":"Cloak And Dagger+1","floor":35},{"not_picked":["Prepared","Cloak And Dagger"],"picked":"Acrobatics+1","floor":41},{"not_picked":["Flechettes+1","Deflect+1"],"picked":"Deadly Poison+1","floor":42},{"not_picked":["Well Laid Plans","Dagger Spray+1"],"picked":"Quick Slash+1","floor":44},{"not_picked":["Thinking Ahead","Swift Strike"],"picked":"Purity","floor":46},{"not_picked":["HandOfGreed","Swift Strike"],"picked":"Forethought","floor":46},{"not_picked":["Bandage Up","Swift Strike"],"picked":"Mayhem","floor":46},{"not_picked":["Dagger Spray+1","Outmaneuver","Terror"],"picked":"SKIP","floor":47},{"not_picked":["Acrobatics+1","Slice+1"],"picked":"Bane+1","floor":48}],"player_experience":363088,"relics_obtained":[{"floor":7.0,"key":"Oddly Smooth Stone"},{"floor":9.0,"key":"Juzu Bracelet"},{"floor":10.0,"key":"MealTicket"},{"floor":22.0,"key":"Letter Opener"},{"floor":24.0,"key":"Meat on the Bone"},{"floor":26.0,"key":"Strawberry"},{"floor":27.0,"key":"Enchiridion"},{"floor":28.0,"key":"HornCleat"},{"floor":30.0,"key":"Shuriken"},{"floor":38,"key":"Gremlin Horn"},{"floor":43,"key":"War Paint"},{"floor":47,"key":"Bottled Tornado"}],"event_choices":[{"damage_healed":0.0,"max_hp_gain":0.0,"max_hp_loss":0.0,"gold_gain":0.0,"event_name":"Golden Idol","player_choice":"Take Damage","floor":3.0,"gold_loss":0.0,"damage_taken":17.0,"relics_obtained":["Golden Idol"]},{"damage_healed":0.0,"max_hp_gain":0.0,"max_hp_loss":0.0,"gold_gain":0.0,"event_name":"Scrap Ooze","player_choice":"Fled","floor":13.0,"gold_loss":0.0,"damage_taken":0.0},{"damage_healed":0.0,"max_hp_gain":0.0,"max_hp_loss":0.0,"gold_gain":0.0,"cards_transformed":["All Out Attack"],"event_name":"Transmorgrifier","player_choice":"Transformed","floor":19.0,"gold_loss":0.0,"damage_taken":0.0,"cards_obtained":["Wraith Form v2"]},{"damage_healed":0.0,"max_hp_gain":0.0,"max_hp_loss":0.0,"gold_gain":0.0,"event_name":"Upgrade Shrine","player_choice":"Upgraded","floor":21.0,"gold_loss":0.0,"damage_taken":0.0,"cards_upgraded":["Bane"]},{"damage_healed":0.0,"max_hp_gain":0.0,"max_hp_loss":0.0,"gold_gain":0.0,"event_name":"Cursed Tome","player_choice":"Obtained Book","floor":27.0,"gold_loss":0.0,"damage_taken":16.0},{"damage_healed":0,"gold_gain":333,"player_choice":"Gave Idol","damage_taken":0,"max_hp_gain":0,"max_hp_loss":0,"event_name":"The Moai Head","floor":36,"relics_lost":["Golden Idol"],"gold_loss":0},{"damage_healed":0,"gold_gain":0,"player_choice":"Ignored","damage_taken":0,"max_hp_gain":0,"max_hp_loss":0,"event_name":"Tomb of Lord Red Mask","floor":37,"gold_loss":0},{"damage_healed":0,"gold_gain":0,"player_choice":"Memory 3","damage_taken":10,"max_hp_gain":0,"max_hp_loss":0,"event_name":"SensoryStone","floor":46,"gold_loss":0}],"is_beta":false,"boss_relics":[{"not_picked":["SlaversCollar","Velvet Choker"],"picked":"Pandora\u0027s Box"},{"not_picked":["Runic Pyramid","Runic Dome"],"picked":"WristBlade"}],"items_purged_floors":[4,39,45],"is_endless":false,"potions_floor_spawned":[6,7,11,16,18,24,28,29,33,41,42,44,47],"ascension_level":0}}