{"host":"vqs1j3qalc1cciyt","time":1611533998,"event":{"mods":["2.2 Compatiblity","AchievementEnabler","Aspiration","Bard","BaseMod","Beaked The Cultist","Better Altar","Better Match","Better Note","Better Sensory Stone","Better Skull","Better Third Choice","Clockwork Mod","Colored Map","Conspire","Downfall","Friendly Minions","GifTheSpireLib","Glutton Mod","Halation","Highlight Path","Hubris","Infinite Spire","Minty Spire (QoL Compilation)","RRrroohrrRGHHhhh!!","Replay The Spire","Spicy Shops","StSLib","Stuff the Spire","The Construct","The Cursed","The Disciple","The Hierophant"],"gold_per_floor":[210,190,205,222,41,41,71,71,95,120,120,151,3,26,26,127,127,138,154,173,66,66,91,91,109,109,119,147,147,147,174,174,275,275,287,287,287,287,300,331,345,370,448,448,474,474,596,623,623,623,623,623,1019,2166,2166],"floor_reached":56,"language":"ENG","playtime":6873,"items_purged":["Clockwork:Strike","Clockwork:Strike","Clockwork:Strike","Clockwork:DefectiveParts","Clockwork:WoundupStrike"],"score":1596,"play_id":"9f87efec-a53e-4e36-857b-5055409c41aa","local_time":"20210124161958","is_ascension_mode":true,"campfire_choices":[{"data":"Clockwork:Downsize","floor":6.0,"key":"SMITH"},{"floor":8.0,"key":"REST"},{"data":"Clockwork:ChargingBlade","floor":11.0,"key":"SMITH"},{"floor":15.0,"key":"REST"},{"data":"Clockwork:AssemblyLine","floor":30.0,"key":"SMITH"},{"floor":32.0,"key":"DIG"},{"floor":44.0,"key":"DIG"},{"floor":49,"key":"RECALL"},{"floor":52,"key":"DIG"}],"circlet_count":2,"master_deck":["Clockwork:Shield+1","Clockwork:Tinker","Clockwork:WarmUp","Clockwork:ChargingBlade+1","Clockwork:CogShield","Clockwork:RevUp","Clockwork:AdaptiveCannon","Clockwork:ReactiveNanites+1","Clockwork:FalseStart","Clockwork:AssemblyLine+1","Clockwork:CogShield+1","Clockwork:Clone","Clockwork:SiegeStrike+1","Clockwork:SystemHardening+1","Clockwork:CogToss","Clockwork:RampUp+1","Clockwork:OccamsRazor+1"],"relics":["Clockwork:MomentumEngine","HornCleat","Circlet","Garlic","Bottled Flame","aspiration:Nostalgia","beaked:MendingPlumage","Happy Flower","hubris:Backtick","StuffTheSpire:CocoNut","aspiration:Stabinomicon","hubris:SlimyHat","hubris:Towel","infinitespire:WardingShard","Prayer Wheel","construct:ClawGrip","Black Star","infinitespire:Golems Mask","hubris:CuriousFeather","beaked:ShinyBauble","Blue Doll","Shovel","StuffTheSpire:Rhapsscallions","Mercury Hourglass","Juzu Bracelet","rorgmod:Ceramic Fish","hubris:Potato","Strawberry","infinitespire:FocusingShard","hubris:NiceRug","Replay:Rubber Ducky","Replay:WaspNest","Pen Nib","TheAbacus","Orrery","infinitespire:Lucky Rock","StuffTheSpire:Experiment12"],"acts_visited":["Exordium","TheCity","TheBeyond","TheEnding"],"potions_floor_usage":[55],"damage_taken":[{"damage":5.0,"enemies":"conspire:RoseBush","floor":1.0,"turns":7.0},{"damage":15.0,"enemies":"Cultist","floor":3.0,"turns":6.0},{"damage":27.0,"enemies":"infinitespire:Voidling","floor":4.0,"turns":7.0},{"damage":50.0,"enemies":"3 Sentries","floor":7.0,"turns":17.0},{"damage":9.0,"enemies":"Replay:BlueRogue","floor":10.0,"turns":7.0},{"damage":15.0,"enemies":"Lagavulin","floor":12.0,"turns":8.0},{"damage":50.0,"enemies":"Slime Boss","floor":16.0,"turns":12.0},{"damage":31.0,"enemies":"Shell Parasite","floor":18.0,"turns":8.0},{"damage":36.0,"enemies":"Chosen","floor":19.0,"turns":7.0},{"damage":20.0,"enemies":"Snake Plant","floor":20.0,"turns":5.0},{"damage":54.0,"enemies":"Book of Stabbing","floor":23.0,"turns":8.0},{"damage":9.0,"enemies":"Shelled Parasite and Fungi","floor":25.0,"turns":7.0},{"damage":16.0,"enemies":"Snecko","floor":27.0,"turns":5.0},{"damage":46.0,"enemies":"conspire:SneckoGhost","floor":28.0,"turns":9.0},{"damage":9.0,"enemies":"Book of Stabbing","floor":31.0,"turns":6.0},{"damage":5.0,"enemies":"conspire:MysteriousRune","floor":33.0,"turns":9.0},{"damage":25.0,"enemies":"Orb Walker","floor":35.0,"turns":7.0},{"damage":3.0,"enemies":"3 Darklings","floor":39.0,"turns":5.0},{"damage":24.0,"enemies":"beaked:SuperParasite","floor":40.0,"turns":7.0},{"damage":5.0,"enemies":"Spire Growth","floor":41.0,"turns":4.0},{"damage":17.0,"enemies":"Reptomancer","floor":42.0,"turns":6.0},{"damage":32.0,"enemies":"beaked:SuperParasite","floor":45.0,"turns":7.0},{"damage":20,"enemies":"R_Hoarder","floor":47,"turns":6},{"damage":18,"enemies":"infinitespire:MassOfShapes","floor":50,"turns":9},{"damage":10,"enemies":"hubris:Merchant","floor":53,"turns":6},{"damage":4,"enemies":"Shield and Spear","floor":54,"turns":9},{"damage":0,"enemies":"The Heart","floor":55,"turns":7}],"seed_played":"-6725795436147075743","potions_obtained":[{"floor":1.0,"key":"bronze:BurnAndBuffPotion"},{"floor":2.0,"key":"Venom Potion"},{"floor":3.0,"key":"BlessingOfTheForge"},{"floor":12.0,"key":"Reflective Coating"},{"floor":22.0,"key":"LiquidMemories"},{"floor":22.0,"key":"Block Potion"},{"floor":22.0,"key":"Death Potion"},{"floor":27.0,"key":"GamblersBrew"},{"floor":33.0,"key":"Reflective Coating"},{"floor":39.0,"key":"Explosive Potion"},{"floor":40.0,"key":"Weak Potion"},{"floor":53,"key":"champ:CounterPotion"}],"is_trial":false,"path_per_floor":["M","?","M","M","$","R","E","R","T","E","R","E","$","T","R","B",null,"M","M","M","$","?","E","$","M","T","M","E","?","R","E","R_BF","B",null,"M","AVR","?","?","M","E","M","E","T","R","E","?","E","T","R_BF","B",null,"R","$","E","B",null],"character_chosen":"CLOCKWORK","items_purchased":["Clockwork:RevUp","aspiration:Nostalgia","Clockwork:AssemblyLine","Clockwork:CogShield+1","CultistPotion"],"campfire_rested":2,"item_purchase_floors":[5,13,21,21,53],"current_hp_per_floor":[80,80,65,56,56,56,6,31,31,22,22,7,7,7,32,28,92,80,63,55,55,55,38,26,60,60,56,48,48,48,64,64,92,92,79,79,79,46,67,81,92,92,95,95,90,90,84,91,91,102,102,102,102,102,102],"gold":2166,"neow_bonus":"HUNDRED_GOLD","is_daily":false,"chose_seed":false,"campfire_upgraded":3,"win_rate":0.0,"timestamp":1611533998,"path_taken":["M","?","M","?","?","R","E","R","T","E","R","E","$","?","R","BOSS","M","M","M","$","?","E","?","M","T","M","E","?","R","E","R_BF","BOSS","M","AVR","?","?","M","E","?","E","T","R","E","?","E","?","R_BF","BOSS","R","$","E","BOSS"],"items_purchased_type":["Card","Relic","Card","Card","Potion"],"build_version":"2020-12-22","purchased_purges":5,"victory":true,"max_hp_per_floor":[85,85,85,85,85,85,85,85,85,85,85,85,85,85,85,85,92,92,92,92,92,92,92,92,92,92,92,92,92,92,92,92,92,92,92,92,92,92,92,92,92,92,95,95,95,95,95,102,102,102,102,102,102,102,102],"card_choices":[{"not_picked":["Clockwork:SpurOn","Clockwork:ChargingShield"],"picked":"Clockwork:ChargingBlade","floor":1.0},{"not_picked":["Clockwork:CogBarrier","Clockwork:ChargingBlade"],"picked":"Clockwork:CogShield","floor":3.0},{"not_picked":["Clockwork:Pluck","Clockwork:CraftVarja"],"picked":"Clockwork:Downsize","floor":4.0},{"not_picked":["Clockwork:ForgeStrike","Clockwork:SearingStrike"],"picked":"Clockwork:AdaptiveCannon","floor":7.0},{"not_picked":["Clockwork:SpurOn","Clockwork:CraftCopperScales"],"picked":"Clockwork:ReactiveNanites","floor":10.0},{"not_picked":["Clockwork:CraftVarja","Clockwork:CogBarrier"],"picked":"Clockwork:FalseStart","floor":12.0},{"not_picked":["Clockwork:ReactiveNanites","Clockwork:WindupStrike"],"picked":"Clockwork:DefectiveParts","floor":16.0},{"not_picked":["Clockwork:Enhance","Clockwork:SystemScan","Clockwork:AdaptiveCannon"],"picked":"SKIP","floor":18.0},{"not_picked":["Clockwork:StasisBreak","Clockwork:LiteraryArmor","Clockwork:ReserveSystems"],"picked":"SKIP","floor":19.0},{"not_picked":["Clockwork:SpringShield","Clockwork:Minimalism+1","Clockwork:ForgeStrike"],"picked":"SKIP","floor":20.0},{"not_picked":["Clockwork:AeonShield","Clockwork:Friction","Clockwork:Pluck"],"picked":"SKIP","floor":23.0},{"not_picked":["Clockwork:SystemScan","Clockwork:CraftQuicksilverHourglass"],"picked":"Clockwork:Clone","floor":25.0},{"not_picked":["Clockwork:Redundancy","Clockwork:Friction","Clockwork:ChargingBlade"],"picked":"SKIP","floor":27.0},{"not_picked":["Clockwork:Friction","Clockwork:SystemScan"],"picked":"Clockwork:SiegeStrike","floor":28.0},{"not_picked":["Clockwork:TimeOut","Clockwork:OccamsRazor","Clockwork:SystemScan"],"picked":"SKIP","floor":31.0},{"not_picked":["Clockwork:ChargingShield","Clockwork:AdaptiveShield+1"],"picked":"Clockwork:SystemHardening+1","floor":35.0},{"not_picked":["Clockwork:LiteraryArmor","Clockwork:AdaptiveCannon+1","Clockwork:Enhance+1"],"picked":"SKIP","floor":35.0},{"not_picked":["Clockwork:RitualDaggerMk0+1","Clockwork:ReserveSystems","Clockwork:ChargingShield+1"],"picked":"SKIP","floor":39.0},{"not_picked":["Clockwork:ReserveSystems","Clockwork:OccamsRazor","Clockwork:Efficiency"],"picked":"SKIP","floor":39.0},{"not_picked":["Clockwork:AdaptiveShield","Clockwork:SpurOn+1","Clockwork:Enhance"],"picked":"SKIP","floor":40.0},{"not_picked":["Clockwork:TestingEnvironment","Clockwork:ChargingShield+1"],"picked":"Clockwork:CogToss","floor":41.0},{"not_picked":["Clockwork:AdaptiveShield+1","Clockwork:Clone","Clockwork:CogShield+1"],"picked":"SKIP","floor":41.0},{"not_picked":["Clockwork:AdaptiveShield+1","Clockwork:Clone","Clockwork:CogShield+1"],"picked":"SKIP","floor":41.0},{"not_picked":["Clockwork:ForgeStrike","Clockwork:ChargingShield+1"],"picked":"Clockwork:RampUp+1","floor":42.0},{"not_picked":["Clockwork:AeonShield","Clockwork:CraftCopperScales"],"picked":"Clockwork:OccamsRazor+1","floor":45.0},{"not_picked":["Clockwork:Friction+1","Clockwork:MechanicalMass","Clockwork:CraftQuicksilverHourglass"],"picked":"SKIP","floor":47},{"not_picked":["Clockwork:SystemHardening+1","Clockwork:SmithsMallet+1","Clockwork:Selectivity"],"picked":"SKIP","floor":54}],"player_experience":906510,"relics_obtained":[{"floor":7.0,"key":"HornCleat"},{"floor":9.0,"key":"vexMod:FocusSash"},{"floor":10.0,"key":"Garlic"},{"floor":12.0,"key":"Bottled Flame"},{"floor":14.0,"key":"Happy Flower"},{"floor":23.0,"key":"aspiration:Stabinomicon"},{"floor":28.0,"key":"hubris:SlimyHat"},{"floor":31.0,"key":"infinitespire:WardingShard"},{"floor":32.0,"key":"Prayer Wheel"},{"floor":40.0,"key":"hubris:CuriousFeather"},{"floor":40.0,"key":"beaked:ShinyBauble"},{"floor":42.0,"key":"Blue Doll"},{"floor":42.0,"key":"Shovel"},{"floor":43.0,"key":"StuffTheSpire:Rhapsscallions"},{"floor":44.0,"key":"Mercury Hourglass"},{"floor":45.0,"key":"Juzu Bracelet"},{"floor":45.0,"key":"rorgmod:Ceramic Fish"},{"floor":47,"key":"Circlet"},{"floor":47,"key":"hubris:Potato"},{"floor":48,"key":"Strawberry"},{"floor":52,"key":"infinitespire:FocusingShard"},{"floor":53,"key":"Circlet"},{"floor":53,"key":"Replay:Rubber Ducky"},{"floor":53,"key":"Replay:WaspNest"},{"floor":53,"key":"Pen Nib"},{"floor":53,"key":"TheAbacus"},{"floor":53,"key":"Orrery"},{"floor":53,"key":"Circlet"},{"floor":54,"key":"infinitespire:Lucky Rock"},{"floor":54,"key":"StuffTheSpire:Experiment12"}],"event_choices":[{"damage_healed":0.0,"max_hp_gain":0.0,"max_hp_loss":0.0,"gold_gain":0.0,"event_name":"The Woman in Blue","player_choice":"Bought 1 Potion","floor":2.0,"gold_loss":0.0,"damage_taken":0.0},{"damage_healed":0.0,"max_hp_gain":0.0,"max_hp_loss":0.0,"gold_gain":0.0,"event_name":"Lab","player_choice":"Got Potions","floor":22.0,"gold_loss":0.0,"damage_taken":0.0},{"damage_healed":0.0,"max_hp_gain":0.0,"max_hp_loss":0.0,"gold_gain":0.0,"event_name":"betterSkull:BetterSkull","player_choice":"UP UP ","floor":38.0,"gold_loss":0.0,"damage_taken":37.0,"cards_upgraded":["Clockwork:Shield","Clockwork:ReactiveNanites"],"relics_obtained":[]}],"is_beta":false,"boss_relics":[{"not_picked":["Runic Pyramid","ChewingGum"],"picked":"hubris:Backtick"},{"not_picked":["conspire:RunicOctahedron","Snecko Eye"],"picked":"construct:ClawGrip"}],"items_purged_floors":[5,24,24,36,53],"is_endless":false,"potions_floor_spawned":[1,3,12,20,27,33,35,39,40,54],"ascension_level":2}}