{"host":"lnt5dzsuhru0aonl","time":1611572387,"event":{"mods":["2.2 Compatiblity","BaseMod","Colored Map","Colored Powertips","DeckTracker","Keyboard Shortcuts","Minty Spire (QoL Compilation)","Permanent Neow","Rare Cards Sparkle","StSLib","SuperFastMode","everything is the same but u backflip on backflip"],"gold_per_floor":[115,115,115,40,53,53,82,102,102,102,130,130,141,151,151,225,225,238,1,1,1,15,47,47,58,58,8,59,59,86,86,86,162,162,180,197,16,27,27,27,27,27,52,52,80,80,105,124,124,124,124,124],"floor_reached":51,"language":"KOR","playtime":1370,"items_purged":["Pain","Strike_B","Strike_B","Defend_B"],"score":1498,"play_id":"796f28f1-0adc-4e17-9260-9f6294fb20c2","local_time":"20210125195947","is_ascension_mode":true,"campfire_choices":[{"data":"Zap","floor":6.0,"key":"SMITH"},{"data":"Electrodynamics","floor":12.0,"key":"SMITH"},{"data":"Dualcast","floor":15.0,"key":"SMITH"},{"floor":24.0,"key":"REST"},{"floor":29.0,"key":"REST"},{"floor":32.0,"key":"REST"},{"floor":40.0,"key":"REST"},{"floor":44.0,"key":"REST"},{"floor":46.0,"key":"REST"},{"floor":49.0,"key":"RECALL"}],"circlet_count":0,"master_deck":["AscendersBane","Defend_B","Zap+1","Dualcast+1","Ball Lightning","Tempest","Storm","Conserve Battery","Electrodynamics+1","Turbo+1","Reinforced Body+1","Reboot+1","Static Discharge","Tempest+1","Auto Shields+1","Hologram+1","Coolheaded+1","Loop","Creative AI","Coolheaded+1","Loop","Glacier+1","Panache","Flash of Steel","Skim+1"],"relics":["Cracked Core","WarpedTongs","InkBottle","Tiny Chest","Toxic Egg 2","Smiling Mask","Fusion Hammer","Membership Card","FossilizedHelix","Art of War","Blood Vial","Pear","Empty Cage","OrangePellets","Singing Bowl","Happy Flower","Eternal Feather","Molten Egg 2"],"acts_visited":["Exordium","TheCity","TheBeyond"],"potions_floor_usage":[51,51],"damage_taken":[{"damage":1.0,"enemies":"2 Louse","floor":1.0,"turns":2.0},{"damage":0.0,"enemies":"Cultist","floor":5.0,"turns":2.0},{"damage":6.0,"enemies":"Lagavulin","floor":7.0,"turns":5.0},{"damage":0.0,"enemies":"Jaw Worm","floor":8.0,"turns":2.0},{"damage":4.0,"enemies":"Gremlin Nob","floor":11.0,"turns":3.0},{"damage":0.0,"enemies":"Red Slaver","floor":13.0,"turns":2.0},{"damage":3.0,"enemies":"Blue Slaver","floor":14.0,"turns":3.0},{"damage":14.0,"enemies":"The Guardian","floor":16.0,"turns":9.0},{"damage":0.0,"enemies":"3 Byrds","floor":18.0,"turns":1.0},{"damage":11.0,"enemies":"2 Thieves","floor":22.0,"turns":2.0},{"damage":21.0,"enemies":"Book of Stabbing","floor":23.0,"turns":3.0},{"damage":7.0,"enemies":"Shelled Parasite and Fungi","floor":25.0,"turns":5.0},{"damage":0.0,"enemies":"Gremlin Leader","floor":30.0,"turns":4.0},{"damage":18.0,"enemies":"Automaton","floor":33.0,"turns":8.0},{"damage":0.0,"enemies":"3 Shapes","floor":35.0,"turns":2.0},{"damage":0.0,"enemies":"3 Darklings","floor":36.0,"turns":2.0},{"damage":3.0,"enemies":"Sphere and 2 Shapes","floor":38.0,"turns":4.0},{"damage":43.0,"enemies":"Reptomancer","floor":45.0,"turns":6.0},{"damage":0.0,"enemies":"Giant Head","floor":47.0,"turns":8.0},{"damage":0.0,"enemies":"Jaw Worm Horde","floor":48.0,"turns":2.0},{"damage":37.0,"enemies":"Donu and Deca","floor":50.0,"turns":6.0},{"damage":48,"enemies":"Awakened One","floor":51,"turns":3}],"seed_played":"4519180726979113053","potions_obtained":[{"floor":7.0,"key":"Block Potion"},{"floor":8.0,"key":"SkillPotion"},{"floor":11.0,"key":"Fire Potion"},{"floor":13.0,"key":"EntropicBrew"},{"floor":18.0,"key":"PowerPotion"},{"floor":22.0,"key":"Explosive Potion"},{"floor":25.0,"key":"SneckoOil"},{"floor":36.0,"key":"Fire Potion"},{"floor":45.0,"key":"Explosive Potion"},{"floor":48.0,"key":"PotionOfCapacity"}],"is_trial":false,"path_per_floor":["M","?","?","$","M","R","E","M","T","T","E","R","M","M","R","B",null,"M","$","?","?","M","E","R","M","T","$","T","R","E","?","R","B",null,"M","M","$","M","?","R","?","T","T","R","E","R","E","M","R","B","B"],"character_chosen":"DEFECT","items_purchased":["Membership Card","Tempest+1","Coolheaded+1","OrangePellets","Loop"],"campfire_rested":6,"item_purchase_floors":[19,19,37,37,37],"current_hp_per_floor":[63,56,56,56,56,56,50,50,50,50,46,46,46,43,43,29,61,61,61,61,61,50,29,50,43,43,43,43,64,76,76,81,63,77,79,81,81,78,77,77,67,67,67,77,36,71,75,77,81,44,0,0],"gold":124,"neow_bonus":"THREE_CARDS","is_daily":false,"chose_seed":false,"campfire_upgraded":3,"win_rate":0.0,"timestamp":1611572387,"path_taken":["M","?","?","$","?","R","E","M","T","?","E","R","M","M","R","BOSS","M","$","?","?","M","E","R","M","T","$","?","R","E","?","R","BOSS","M","M","$","M","?","R","?","?","T","R","E","R","E","M","R","BOSS","BOSS"],"items_purchased_type":["Relic","Card","Card","Relic","Card"],"build_version":"2020-12-22","purchased_purges":4,"victory":false,"max_hp_per_floor":[71,71,71,71,71,71,71,71,71,71,71,71,71,71,71,71,71,71,71,71,71,71,71,71,71,71,71,71,71,81,81,81,81,81,81,81,81,81,77,77,77,77,77,77,79,79,81,81,81,81,81,81],"card_choices":[{"not_picked":["Cold Snap","Steam"],"picked":"Ball Lightning","floor":0.0},{"not_picked":["Hologram","Fusion"],"picked":"Tempest","floor":1.0},{"not_picked":["Static Discharge","Compile Driver"],"picked":"Storm","floor":5.0},{"not_picked":["Beam Cell","Ball Lightning"],"picked":"Conserve Battery","floor":7.0},{"not_picked":["Hologram","Steam Power","FTL"],"picked":"SKIP","floor":8.0},{"not_picked":["Scrape","Barrage"],"picked":"Electrodynamics","floor":11.0},{"not_picked":["Leap+1","Redo+1"],"picked":"Turbo+1","floor":13.0},{"not_picked":["Auto Shields+1","Blizzard"],"picked":"Reinforced Body+1","floor":14.0},{"not_picked":["Hyperbeam","Meteor Strike"],"picked":"Reboot+1","floor":16.0},{"not_picked":["Redo+1","Scrape"],"picked":"Static Discharge","floor":18.0},{"not_picked":["Sweeping Beam","Barrage"],"picked":"Auto Shields+1","floor":22.0},{"not_picked":["Ball Lightning","Stack+1"],"picked":"Hologram+1","floor":23.0},{"not_picked":["Steam Power+1","Scrape"],"picked":"Coolheaded+1","floor":25.0},{"not_picked":["Conserve Battery+1","Machine Learning"],"picked":"Loop","floor":30.0},{"not_picked":["Rainbow+1","Amplify+1"],"picked":"Creative AI","floor":33.0},{"not_picked":["Compile Driver","Hologram+1","Steam Power+1"],"picked":"SKIP","floor":35.0},{"not_picked":["Rebound","Turbo+1","White Noise+1"],"picked":"SKIP","floor":36.0},{"not_picked":["Streamline","Darkness+1"],"picked":"Glacier+1","floor":38.0},{"not_picked":["Good Instincts+1","Trip+1"],"picked":"Panache","floor":41.0},{"not_picked":["Chrysalis+1","Bandage Up+1"],"picked":"Flash of Steel","floor":41.0},{"not_picked":["Auto Shields+1","Steam+1","Go for the Eyes"],"picked":"Singing Bowl","floor":45.0},{"not_picked":["Hologram+1","Coolheaded+1","Stack+1"],"picked":"Singing Bowl","floor":47.0},{"not_picked":["Leap+1","Lockon+1"],"picked":"Skim+1","floor":48.0}],"player_experience":760184,"relics_obtained":[{"floor":7.0,"key":"InkBottle"},{"floor":9.0,"key":"Tiny Chest"},{"floor":10.0,"key":"Toxic Egg 2"},{"floor":11.0,"key":"Smiling Mask"},{"floor":23.0,"key":"FossilizedHelix"},{"floor":26.0,"key":"Art of War"},{"floor":28.0,"key":"Blood Vial"},{"floor":30.0,"key":"Pear"},{"floor":42.0,"key":"Singing Bowl"},{"floor":43.0,"key":"Happy Flower"},{"floor":45.0,"key":"Eternal Feather"},{"floor":47.0,"key":"Molten Egg 2"}],"event_choices":[{"cards_removed":["Strike_B"],"damage_healed":0.0,"max_hp_gain":0.0,"max_hp_loss":0.0,"gold_gain":0.0,"event_name":"Golden Wing","player_choice":"Card Removal","floor":2.0,"gold_loss":0.0,"damage_taken":7.0},{"damage_healed":0.0,"max_hp_gain":0.0,"max_hp_loss":0.0,"gold_gain":0.0,"event_name":"Accursed Blacksmith","player_choice":"Rummage","floor":3.0,"gold_loss":0.0,"damage_taken":0.0,"relics_obtained":["WarpedTongs"],"cards_obtained":["Pain"]},{"damage_healed":0.0,"max_hp_gain":0.0,"max_hp_loss":0.0,"gold_gain":0.0,"event_name":"Vampires","player_choice":"Ignored","floor":20.0,"gold_loss":0.0,"damage_taken":0.0},{"damage_healed":0.0,"max_hp_gain":0.0,"max_hp_loss":0.0,"gold_gain":0.0,"event_name":"The Mausoleum","player_choice":"Ignored","floor":21.0,"gold_loss":0.0,"damage_taken":0.0},{"cards_removed":["Strike_B"],"damage_healed":0.0,"max_hp_gain":0.0,"max_hp_loss":0.0,"gold_gain":0.0,"event_name":"Back to Basics","player_choice":"Elegance","floor":31.0,"gold_loss":0.0,"damage_taken":0.0},{"damage_healed":0.0,"max_hp_gain":0.0,"max_hp_loss":4.0,"gold_gain":0.0,"event_name":"Winding Halls","player_choice":"Max HP","floor":39.0,"gold_loss":0.0,"damage_taken":0.0},{"damage_healed":0.0,"max_hp_gain":0.0,"max_hp_loss":0.0,"gold_gain":0.0,"event_name":"SensoryStone","player_choice":"Memory 3","floor":41.0,"gold_loss":0.0,"damage_taken":10.0}],"is_beta":false,"boss_relics":[{"not_picked":["Snecko Eye","Pandora\u0027s Box"],"picked":"Fusion Hammer"},{"not_picked":["Coffee Dripper","Tiny House"],"picked":"Empty Cage"}],"items_purged_floors":[4,19,27,37],"is_endless":false,"potions_floor_spawned":[7,8,11,13,18,22,25,36,45,48],"killed_by":"Awakened One","ascension_level":20}}