{"host":"mgar08cquislqm55","time":1611584244,"event":{"mods":["ATMod(°¢èªMod)","BaseMod","HololiveMod","Minty Spire (QoL Compilation)","StSLib","noobMod"],"gold_per_floor":[83,103,114,127,142,142,142],"floor_reached":6,"language":"ZHS","playtime":311,"items_purged":[],"score":40,"play_id":"e1040b7b-bdcd-4b63-9ad8-6d6f0fc36b68","local_time":"20210125221724","is_ascension_mode":false,"campfire_choices":[],"circlet_count":0,"master_deck":["Hololive_RecruitS","Hololive_RecruitS","Hololive_RecruitS","Hololive_RecruitS","Hololive_Strike","Hololive_Defend","AT_FamilyPortrait","Hololive_SoulCatcher","Hololive_OvertimeWork","Hololive_CallMinatoAqua","Hololive_CocoNews","Hololive_StrengthChampion"],"relics":["Hololive_TheStar","AT_ATBox","ice","Hololive_YagooBigFamily","Boot"],"acts_visited":["Exordium"],"potions_floor_usage":[],"damage_taken":[{"damage":0,"enemies":"2 Louse","floor":1,"turns":2},{"damage":0,"enemies":"Cultist","floor":2,"turns":3},{"damage":0,"enemies":"Jaw Worm","floor":3,"turns":2},{"damage":0,"enemies":"Exordium Thugs","floor":4,"turns":3},{"damage":0,"enemies":"Red Slaver","floor":5,"turns":3},{"damage":0,"enemies":"3 Sentries","floor":6,"turns":1}],"seed_played":"2930684161924970184","potions_obtained":[{"floor":1,"key":"Fire Potion"},{"floor":3,"key":"EssenceOfSteel"}],"is_trial":false,"path_per_floor":["M","M","M","M","M","E"],"character_chosen":"Hololive_HololiveCharacter","items_purchased":[],"campfire_rested":0,"item_purchase_floors":[],"current_hp_per_floor":[35,35,35,35,35,35,35],"gold":142,"neow_bonus":"RANDOM_COMMON_RELIC","is_daily":false,"chose_seed":false,"campfire_upgraded":0,"win_rate":0.0,"timestamp":1611584244,"path_taken":["M","M","M","M","M","E"],"items_purchased_type":[],"build_version":"2020-12-22","purchased_purges":0,"victory":false,"max_hp_per_floor":[35,35,35,35,35,35,35],"card_choices":[{"not_picked":["Hololive_Rebound","Hololive_Sequa","Hololive_ILoveYou"],"picked":"Hololive_SoulCatcher","floor":1},{"not_picked":["Hololive_CallNekomataOkayu","Hololive_CallAyundaRisu","Hololive_HuntDinosaur"],"picked":"Hololive_OvertimeWork","floor":2},{"not_picked":["Hololive_LuckPotion","Hololive_OvertimeWork","Hololive_Breathe"],"picked":"Hololive_CallMinatoAqua","floor":3},{"not_picked":["Hololive_Drill","Hololive_BringToTrial","Hololive_HighAtkLowDef"],"picked":"Hololive_CocoNews","floor":4},{"not_picked":["Hololive_OvertimeWork","Hololive_CocoNews","Hololive_HuntDinosaur"],"picked":"Hololive_StrengthChampion","floor":5}],"player_experience":31416,"relics_obtained":[],"event_choices":[],"is_beta":false,"boss_relics":[],"items_purged_floors":[],"is_endless":false,"potions_floor_spawned":[1,3],"killed_by":"3 Sentries","ascension_level":0}}