{"host":"7eytxr1oawi6r5nr","time":1611571943,"event":{"mods":["BaseMod","Better Third Choice","Curses Come First","Dark Map","Hermit","Hubris","Ironclad Rager","Jorbs\u0027s Wanderer Trilogy","Minty Spire (QoL Compilation)","Permanent Neow","Quick Restart","Rare Cards Sparkle","Replay The Spire","Robot Space Explorer","StSLib","The Cursed","The Disciple","The Forsaken","The Marked","The Mystic","The Runesmith","UnlockEverythingMod","Wide Potions"],"gold_per_floor":[212,226,74,88,88,88,88,123,123,123,51,77,88,63,63,166,166,179,195,195,209,225,225,238,238,262,262,19,35,35,53,53,53,53],"floor_reached":33,"language":"ENG","playtime":3030,"items_purged":["TheCursedMod:Strike_TheCursed","Delirium"],"score":270,"play_id":"0e687771-fecc-4052-9eb8-6015c4099d0c","local_time":"20210125105223","is_ascension_mode":true,"campfire_choices":[{"data":"TheCursedMod:AbyssShockwave","floor":6,"key":"SMITH"},{"data":"TheCursedMod:SaltUponWound","floor":10,"key":"SMITH"},{"floor":15,"key":"DIG"},{"floor":23,"key":"REST"},{"data":"TheCursedMod:Hemoplague","floor":25,"key":"SMITH"},{"data":"TheCursedMod:CleanUpWorkshop","floor":27,"key":"SMITH"},{"floor":32,"key":"REST"}],"circlet_count":0,"master_deck":["theForsaken:Tranquility+1","TheCursedMod:Strike_TheCursed","TheCursedMod:Strike_TheCursed","TheCursedMod:Defend_TheCursed","TheCursedMod:Defend_TheCursed","TheCursedMod:Defend_TheCursed","TheCursedMod:CursedWand","TheCursedMod:CleanUpWorkshop+1","TheCursedMod:Dregs","TheCursedMod:CircleOfFlame","TheCursedMod:AbyssShockwave+1","TheCursedMod:Hemoplague+1","TheCursedMod:FleshFromBone","TheCursedMod:SaltUponWound+1","hubris:DuctTapeCard","TheCursedMod:SpitefulPlan","TheCursedMod:CursedAmulet","TheCursedMod:BlessingInDisguise","TheCursedMod:CursedMace","TheCursedMod:VoidForm","TheCursedMod:Wield","TheCursedMod:Stretching+1","TheCursedMod:CursedArmor","TheCursedMod:SoulCrush","TheCursedMod:Stigma+1","TheCursedMod:ShockAndAwe","TheCursedMod:BloodBarrier","Shame","TheCursedMod:WearCloak+1"],"relics":["TheCursedMod:BlackMagic101","Gremlin Horn","White Beast Statue","hubris:DuctTape","Potion Belt","Replay:Bottled Steam","TheCursedMod:FourLeafCloverCharm","Lantern"],"acts_visited":["Exordium","TheCity"],"potions_floor_usage":[16,16,16,16,18,18,19,22,22,24,24,24,31,33,33,33],"damage_taken":[{"damage":0,"enemies":"2 Louse","floor":1,"turns":4},{"damage":0,"enemies":"Small Slimes","floor":2,"turns":3},{"damage":2,"enemies":"Jaw Worm","floor":4,"turns":4},{"damage":3,"enemies":"Lagavulin","floor":8,"turns":9},{"damage":43,"enemies":"Gremlin Nob","floor":12,"turns":5},{"damage":8,"enemies":"Red Slaver","floor":13,"turns":5},{"damage":10,"enemies":"Slime Boss","floor":16,"turns":10},{"damage":2,"enemies":"Chosen","floor":18,"turns":6},{"damage":16,"enemies":"Spheric Guardian","floor":19,"turns":7},{"damage":15,"enemies":"Snake Plant","floor":21,"turns":5},{"damage":26,"enemies":"Chosen and Byrds","floor":22,"turns":8},{"damage":0,"enemies":"Centurion and Healer","floor":24,"turns":8},{"damage":0,"enemies":"Snake Plant","floor":29,"turns":4},{"damage":12,"enemies":"Cultist and Chosen","floor":31,"turns":8},{"damage":61,"enemies":"Collector","floor":33,"turns":11}],"seed_played":"8673905184009258909","potions_obtained":[{"floor":1,"key":"LifebloodPotion"},{"floor":8,"key":"Swift Potion"},{"floor":12,"key":"Adrenaline Potion"},{"floor":13,"key":"AttackPotion"},{"floor":16,"key":"Swift Potion"},{"floor":18,"key":"EntropicBrew"},{"floor":19,"key":"Dexterity Potion"},{"floor":21,"key":"BlessingOfTheForge"},{"floor":22,"key":"Dexterity Potion"},{"floor":24,"key":"SteroidPotion"},{"floor":29,"key":"Weak Potion"},{"floor":31,"key":"CultistPotion"}],"is_trial":false,"path_per_floor":["M","M","$","M","?","R","?","E","T","R","$","E","M","$","R","B",null,"M","M","?","M","M","R","M","R","T","R","$","M","?","M","R","B"],"character_chosen":"THE_CURSED","items_purchased":["TheCursedMod:Hemoplague","TheCursedMod:SpitefulPlan","TheCursedMod:CursedMace","TheCursedMod:ShockAndAwe"],"campfire_rested":2,"item_purchase_floors":[3,11,14,28],"current_hp_per_floor":[75,75,75,73,73,73,73,70,70,70,70,27,19,19,19,9,75,78,62,62,47,21,45,45,45,45,45,45,45,45,33,57,0,0],"gold":53,"neow_bonus":"HUNDRED_GOLD","is_daily":false,"chose_seed":false,"campfire_upgraded":4,"win_rate":0.0,"timestamp":1611571943,"path_taken":["M","M","$","M","?","R","?","E","T","R","$","E","?","?","R","BOSS","M","M","?","M","?","R","M","R","T","R","$","M","?","M","R","BOSS"],"items_purchased_type":["Card","Card","Card","Card"],"build_version":"2020-12-22","purchased_purges":2,"victory":false,"max_hp_per_floor":[75,75,75,75,75,75,75,75,75,75,75,75,75,75,75,75,75,80,80,80,80,80,80,80,80,80,80,80,80,80,80,80,80,80],"card_choices":[{"not_picked":["TheCursedMod:HellsGateOpen","TheCursedMod:Obscuration"],"picked":"TheCursedMod:CircleOfFlame","floor":1},{"not_picked":["TheCursedMod:CursedAmulet","TheCursedMod:SurpriseAttack"],"picked":"TheCursedMod:AbyssShockwave","floor":2},{"not_picked":["TheCursedMod:CircleOfFlame","TheCursedMod:Wield"],"picked":"TheCursedMod:FleshFromBone","floor":4},{"not_picked":["TheCursedMod:NeowsMight","TheCursedMod:CircleOfCorruption"],"picked":"TheCursedMod:SaltUponWound","floor":8},{"not_picked":["TheCursedMod:SoulReap","TheCursedMod:DoubleShield"],"picked":"TheCursedMod:CursedAmulet","floor":12},{"not_picked":["TheCursedMod:CursedShiv","TheCursedMod:FleshFromBone"],"picked":"TheCursedMod:BlessingInDisguise","floor":13},{"not_picked":["TheCursedMod:ForbiddenAlchemy","TheCursedMod:ManaCirculation"],"picked":"TheCursedMod:VoidForm","floor":16},{"not_picked":["TheCursedMod:RavingStaff","TheCursedMod:ReleasedKnowledge"],"picked":"TheCursedMod:Wield","floor":18},{"not_picked":["TheCursedMod:EmpowerCircles","TheCursedMod:CursedAmulet"],"picked":"TheCursedMod:Stretching+1","floor":19},{"not_picked":["TheCursedMod:CursedBoomerang","TheCursedMod:CircleOfCorruption"],"picked":"TheCursedMod:CursedArmor","floor":21},{"not_picked":["TheCursedMod:CircleOfFlame","TheCursedMod:Evocation"],"picked":"TheCursedMod:SoulCrush","floor":22},{"not_picked":["TheCursedMod:SaltUponWound","TheCursedMod:CursedMace"],"picked":"TheCursedMod:Stigma+1","floor":24},{"not_picked":["TheCursedMod:EmpowerCircles","TheCursedMod:CursedBlade"],"picked":"TheCursedMod:BloodBarrier","floor":29},{"not_picked":["TheCursedMod:BlessingInDisguise","TheCursedMod:Stigma"],"picked":"TheCursedMod:WearCloak+1","floor":31}],"player_experience":184451,"relics_obtained":[{"floor":8,"key":"White Beast Statue"},{"floor":9,"key":"hubris:DuctTape"},{"floor":12,"key":"Potion Belt"},{"floor":15,"key":"Replay:Bottled Steam"}],"event_choices":[{"damage_healed":0,"gold_gain":0,"player_choice":"Box","damage_taken":0,"relics_obtained":["Gremlin Horn"],"max_hp_gain":0,"max_hp_loss":0,"event_name":"Big Fish","floor":5,"gold_loss":0,"cards_obtained":["Regret"]},{"damage_healed":0,"gold_gain":0,"cards_transformed":["Regret"],"player_choice":"Transformed","damage_taken":0,"max_hp_gain":0,"max_hp_loss":0,"event_name":"Transmorgrifier","floor":20,"gold_loss":0,"cards_obtained":["Delirium"]},{"damage_healed":0,"gold_gain":0,"player_choice":"Stole Relic","damage_taken":0,"relics_obtained":["Lantern"],"max_hp_gain":0,"max_hp_loss":0,"event_name":"Addict","floor":30,"gold_loss":0,"cards_obtained":["Shame"]}],"is_beta":false,"boss_relics":[{"not_picked":["Runic Dome","Runesmith:UraniumAnvil"],"picked":"TheCursedMod:FourLeafCloverCharm"}],"items_purged_floors":[3,28],"is_endless":false,"potions_floor_spawned":[1,8,12,13,16,18,19,21,22,24,29,31],"killed_by":"Collector","ascension_level":1}}