{"host":"bpkhhmvsfrvlto2l","time":1611593011,"event":{"mods":["2.2 Compatiblity","AchievementEnabler","Act Like it!","AlwaysNeverKeys","Aspiration","BaseMod","Better Silent Start","Challenge The Spire","Colored Map","Colored Powertips","Custom Start","Energized Spire","Friendly Minions","GifTheSpireLib","Halation","Hubris","Infinite Spire","Ironclad Rager","Mimic Mod","Minty Spire (QoL Compilation)","Permanent Neow","Quick Restart","Random Character Button","Relic Sorter","Replay The Spire","Spikes Relics","StSLib","Stuff the Spire","Swap Starting Deck Mod","Trackpad"],"gold_per_floor":[117,128,74,86,86,86,100,100,150,182,182,202,219,71,71,175,175,175,115,115,115,115,115],"floor_reached":22,"language":"ENG","playtime":408,"items_purged":[],"score":354,"play_id":"7362b65b-bfb5-43a9-a2e0-8c2cfa470b7d","local_time":"20210125114331","is_ascension_mode":true,"campfire_choices":[{"data":"Dualcast","floor":6,"key":"SMITH"},{"data":"Ball Lightning","floor":8,"key":"SMITH"},{"floor":11,"key":"REST"},{"floor":15,"key":"REST"}],"circlet_count":0,"master_deck":["AscendersBane","Strike_B","Strike_B","Strike_B","Strike_B","Defend_B","Defend_B","Defend_B","Defend_B","Zap+1","Dualcast+1","Ball Lightning+1","Cold Snap","Static Discharge","Ball Lightning","Core Surge"],"relics":["StuffTheSpire:BottledHeartBeat","halation:AfternoonTea","Cauldron","trackpad:BottledShadow","Toxic Egg 2","infinitespire:Chaos"],"acts_visited":["Exordium","TheCity"],"potions_floor_usage":[10,10,16,22],"damage_taken":[{"damage":2,"enemies":"2 Louse","floor":1,"turns":2},{"damage":7,"enemies":"Jaw Worm","floor":2,"turns":4},{"damage":0,"enemies":"Cultist","floor":4,"turns":3},{"damage":8,"enemies":"3 Louse","floor":7,"turns":3},{"damage":27,"enemies":"Lagavulin","floor":10,"turns":4},{"damage":11,"enemies":"Blue Slaver","floor":12,"turns":3},{"damage":15,"enemies":"Exordium Wildlife","floor":13,"turns":3},{"damage":0,"enemies":"Slime Boss","floor":16,"turns":5},{"damage":34,"enemies":"3 Byrds","floor":18,"turns":3},{"damage":17,"enemies":"2 Thieves","floor":19,"turns":3},{"damage":0,"enemies":"Snecko","floor":22,"turns":2}],"seed_played":"-6860198446242759912","potions_obtained":[{"floor":2,"key":"Energy Potion"},{"floor":4,"key":"Adrenaline Potion"},{"floor":7,"key":"Cursed Concoction"},{"floor":13,"key":"Fire Potion"},{"floor":16,"key":"Death Potion"},{"floor":21,"key":"AttackPotion"},{"floor":21,"key":"EssenceOfDarkness"},{"floor":21,"key":"Fire Potion"},{"floor":21,"key":"Ancient Potion"},{"floor":21,"key":"Milkshake"}],"is_trial":false,"path_per_floor":["M","M","$","M","?","R","M","R","T","E","R","M","M","$","R","B",null,"M","M","?","AVR","M"],"character_chosen":"DEFECT","items_purchased":["Cold Snap","halation:NonexistentMirror"],"campfire_rested":2,"item_purchase_floors":[3,14],"current_hp_per_floor":[66,59,59,59,59,59,51,51,51,24,46,35,20,20,42,42,67,33,16,16,16,16,16],"gold":115,"neow_bonus":"THREE_CARDS","is_daily":false,"chose_seed":false,"campfire_upgraded":2,"win_rate":0.0,"timestamp":1611593011,"path_taken":["M","M","$","M","?","R","M","R","T","E","R","M","M","$","R","BOSS","M","M","?","AVR","M"],"items_purchased_type":["Card","Relic"],"build_version":"2020-12-22","purchased_purges":0,"victory":false,"max_hp_per_floor":[75,75,75,75,75,75,75,75,75,75,75,75,75,75,75,75,75,75,75,75,75,75,75],"card_choices":[{"not_picked":["Sweeping Beam","Melter"],"picked":"Ball Lightning","floor":0},{"not_picked":["Stack","StuffTheSpire:LoadUp","Turbo"],"picked":"SKIP","floor":1},{"not_picked":["StuffTheSpire:Plugnplay","Heatsinks","Leap"],"picked":"SKIP","floor":2},{"not_picked":["Gash","ReplayTheSpireMod:Repulse","BootSequence"],"picked":"SKIP","floor":4},{"not_picked":["Conserve Battery","Panic Button","Coolheaded"],"picked":"SKIP","floor":7},{"not_picked":["Rip and Tear","Static Discharge","Double Energy"],"picked":"SKIP","floor":10},{"not_picked":["Rip and Tear","Double Energy"],"picked":"Static Discharge","floor":10},{"not_picked":["Redo","StuffTheSpire:GlassShard","All For One"],"picked":"SKIP","floor":12},{"not_picked":["Coolheaded","Streamline"],"picked":"Ball Lightning","floor":13},{"not_picked":["Meteor Strike","Buffer"],"picked":"Core Surge","floor":16},{"not_picked":["BasicCrystalCard","Steam Power","StuffTheSpire:Plugnplay+1"],"picked":"SKIP","floor":18},{"not_picked":["Compile Driver+1","Gash","Barrage"],"picked":"SKIP","floor":19}],"player_experience":110581,"relics_obtained":[{"floor":9,"key":"Nunchaku"},{"floor":10,"key":"Carrot"}],"event_choices":[],"is_beta":false,"boss_relics":[{"not_picked":["Snecko Eye","trackpad:StolenKidneys"],"picked":"Ectoplasm"}],"items_purged_floors":[],"is_endless":false,"potions_floor_spawned":[2,4,7,13,16],"killed_by":"Snecko","ascension_level":10}}