{"host":"40gggw0x72bpm5se","time":1611571647,"event":{"mods":["ATMod(°¢èªMod)","Act Like it!","Aspiration","BaseMod","Better Vampires","Colored Map","Conspire","Energized Spire","Friendly Minions","Gensokyo","GungeonMod","GungeonMod Extend","Infinite Spire","Koishi","Library of Ruina","Library of Ruina Extra","Lobotomy","LobotomyExtend","Minty Spire (QoL Compilation)","Quarter Circle Forward PUNCH!","Quick Restart","Reimu£¨²©ÀöÁéÃÎ£©","Relic Stats","Replay The Spire","RumiaBox-Â¶Ã×æ«µÄÉñÃØºÐ×Ó","Shop Mod","Spicy Shops","StSLib","TestMod","The Alterego","UnlockEverythingMod","Waifu the Spire","Youmu£¨»êÆÇÑýÃÎ£©","[LAZYMAN]RSMod","¡¾¹¦ÄÜMod¡¿»ìãçÖ®»·ÐÞ¸´²¹¶¡","¡¾ÒÅÎï¿¨ÅÆ¡¿REMEMod","Ä§½ä"],"gold_per_floor":[111,321,321,421,16,51,61,69,69,100,115,128,128,157,157,256,306,318,513,525,525,527,233,250,285,335,335,335,347,358,374,374,474,474,490,425,131,531,531,531,550,561,585,585,585],"floor_reached":44,"language":"ZHS","playtime":1604,"items_purged":["Shame","ReplayTheSpireMod:Splinters"],"score":704,"play_id":"bf18d3ca-7720-47ac-b7a9-e4f30df1f645","local_time":"20210125184727","is_ascension_mode":false,"campfire_choices":[{"data":"RingOfDestiny:Flash","floor":13.0,"key":"SMITH"},{"data":"RingOfDestiny:BlackLight","floor":15.0,"key":"SMITH"},{"floor":28.0,"key":"RECALL"},{"data":"dwlrmod:ColdlightOracle","floor":32.0,"key":"SMITH"},{"data":"RingOfDestiny:FlowerOfDespair","floor":40.0,"key":"SMITH"}],"circlet_count":0,"master_deck":["RingOfDestiny:Defend_MB","RingOfDestiny:Strike_MB","RingOfDestiny:Strike_MB","RingOfDestiny:Strike_MB","RingOfDestiny:DeathLeakage","RingOfDestiny:DeathLeakage","RingOfDestiny:DarkShield","RingOfDestiny:GrowBullet","RingOfDestiny:RestraintRing","RingOfDestiny:InnerFocus+1","AT_ThistleTea","RingOfDestiny:ForgeBullet","RingOfDestiny:EtchSpirit","RingOfDestiny:GrowBullet","RingOfDestiny:Apoptosis","RingOfDestiny:AmmoRain","RingOfDestiny:PhantasmalAssailants","RingOfDestiny:SecretAmmunition","dwlrmod:TheLastStand","RingOfDestiny:TrackingBullet","RingOfDestiny:Flash+1","RingOfDestiny:BlackLight+1","RingOfDestiny:OriginBullet","RingOfDestiny:TimingBreath","RingOfDestiny:DeathLeakage","RingOfDestiny:Underhand","dwlrmod:ColdlightOracle+1","RingOfDestiny:Crimson","dwlrmod:Kazakus","RingOfDestiny:Illusion+1","RingOfDestiny:Prelude+1","RingOfDestiny:RapidFire","RingOfDestiny:DevilKiss+1","RingOfDestiny:FlowerOfDespair+1","RingOfDestiny:DeathTrack+1"],"relics":["AT_ATBox","testmod-TestBox","Ring of Chaos","testmod-ObsoleteBoomerang","LetterFromLob","Gensokyo:OccultBall","SSSystem","DemoMod:WhiteGuonStone","dwlrmod:ProjectRecorder","testmod-IndustrialRevolution","Iron Hammer","DemoMod:JetPack","testmod-LifeArmor","Tiny House","PageOfTheKnightOfDespair","Runic Dome","LaetitiaHeart","Heaven_r","MagicBullet_r","Bag of Marbles","Chemical X","Baka2","PageOfTheQueenOfHatred","PageOfGreed","DemoMod:GlassGuonStoneRelic","conspire:SlowCooker","testmod-Register","PageOfWrath"],"acts_visited":["Gensokyo:Gensokyo","Gensokyo:Gensokyoer","TheBeyond"],"potions_floor_usage":[],"damage_taken":[{"damage":2.0,"enemies":"Gensokyo:2_Kodama","floor":1.0,"turns":3.0},{"damage":0.0,"enemies":"Gensokyo:Gryphon","floor":2.0,"turns":1.0},{"damage":2.0,"enemies":"Gensokyo:Aya","floor":6.0,"turns":2.0},{"damage":9.0,"enemies":"Gensokyo:Python","floor":7.0,"turns":2.0},{"damage":0.0,"enemies":"Gensokyo:CorruptedTreant","floor":8.0,"turns":2.0},{"damage":4.0,"enemies":"Gensokyo:Cirno","floor":10.0,"turns":5.0},{"damage":0.0,"enemies":"Gensokyo:2_Rabbits","floor":11.0,"turns":1.0},{"damage":0.0,"enemies":"Gensokyo:Python_and_Kodama","floor":12.0,"turns":1.0},{"damage":0.0,"enemies":"Gensokyo:Aya","floor":14.0,"turns":1.0},{"damage":2.0,"enemies":"Gensokyo:Yukari","floor":16.0,"turns":3.0},{"damage":0.0,"enemies":"Gensokyo:Chomper","floor":18.0,"turns":1.0},{"damage":0.0,"enemies":"Gensokyo:AngelMirror","floor":20.0,"turns":1.0},{"damage":0.0,"enemies":"Gensokyo:Wraith","floor":22.0,"turns":1.0},{"damage":0.0,"enemies":"Gensokyo:Wraith","floor":22.0,"turns":1.0},{"damage":0.0,"enemies":"Gensokyo:Wraith","floor":22.0,"turns":1.0},{"damage":0.0,"enemies":"Gensokyo:Wraith","floor":22.0,"turns":1.0},{"damage":8.0,"enemies":"Gensokyo:Wraith","floor":24.0,"turns":2.0},{"damage":0.0,"enemies":"Gensokyo:Reisen","floor":25.0,"turns":2.0},{"damage":0.0,"enemies":"Gensokyo:Mirror_and_Dog","floor":29.0,"turns":1.0},{"damage":0.0,"enemies":"Gensokyo:3_Gloops","floor":30.0,"turns":1.0},{"damage":0.0,"enemies":"Gensokyo:Monolith_and_Dog","floor":31.0,"turns":1.0},{"damage":2.0,"enemies":"Gensokyo:Eiki","floor":33.0,"turns":3.0},{"damage":20.0,"enemies":"Orb Walker","floor":35.0,"turns":2.0},{"damage":2.0,"enemies":"3 Darklings","floor":36.0,"turns":2.0},{"damage":0.0,"enemies":"Spire Growth","floor":39.0,"turns":1.0},{"damage":2.0,"enemies":"Maw","floor":41.0,"turns":4.0},{"damage":6.0,"enemies":"Jaw Worm Horde","floor":42.0,"turns":1.0},{"damage":0,"enemies":"Spire Growth","floor":44,"turns":1}],"seed_played":"1557498015355862632","potions_obtained":[{"floor":6.0,"key":"Toxic Potion"},{"floor":7.0,"key":"Elixir"},{"floor":25.0,"key":"Adrenaline Potion"},{"floor":33.0,"key":"AttackPotion"}],"is_trial":false,"path_per_floor":["M","M","?","?","$","E","M","M","T","E","M","M","R","E","R","B",null,"M","?","M","AVR","M","$","M","E","T","?","R","M","M","M","R","B",null,"M","M","$","?","M","R","M","M","T","M"],"character_chosen":"MagicBullet","items_purchased":["SSSystem","RingOfDestiny:GrowBullet","RingOfDestiny:Apoptosis","DemoMod:WhiteGuonStone","Bag of Marbles","Chemical X","testmod-Register","RingOfDestiny:DevilKiss+1"],"campfire_rested":0,"item_purchase_floors":[5,5,5,5,23,23,37,37],"current_hp_per_floor":[96,96,96,96,96,96,87,87,87,85,85,85,85,85,85,83,103,103,103,103,103,103,103,95,95,95,95,95,97,98,100,100,103,103,86,88,88,88,94,94,106,104,104,0,0],"gold":585,"neow_bonus":"BOSS_RELIC","is_daily":false,"chose_seed":false,"campfire_upgraded":4,"win_rate":0.0,"timestamp":1611571647,"path_taken":["M","M","?","?","$","E","M","M","T","E","M","M","R","E","R","BOSS","M","?","M","AVR","?","$","M","E","T","?","R","M","M","M","R","BOSS","M","M","$","?","M","R","M","M","T","M"],"items_purchased_type":["Relic","Card","Card","Relic","Relic","Relic","Relic","Card"],"build_version":"2020-12-22","purchased_purges":2,"victory":false,"max_hp_per_floor":[98,98,98,98,98,98,98,98,98,98,98,98,98,98,98,98,103,103,103,103,103,103,103,103,103,103,103,103,103,103,103,103,103,103,103,103,103,103,106,106,106,106,106,106,106],"relic_stats":{"counters":[29,48],"Chemical X":[1],"obtain_stats":[{"PageOfTheQueenOfHatred":25,"dwlrmod:ProjectRecorder":6,"AT_ATBox":0,"Tiny House":17,"RingOfDestiny:Flintlock":0,"SSSystem":5,"DemoMod:GlassGuonStoneRelic":2,"testmod-LifeArmor":14,"DemoMod:WhiteGuonStone":5,"PageOfGreed":26,"PageOfWrath":43,"Baka2":25,"LaetitiaHeart":22,"PageOfTheKnightOfDespair":21,"testmod-ObsoleteBoomerang":0,"Gensokyo:OccultBall":3,"Iron Hammer":9,"Chemical X":23,"DemoMod:JetPack":10,"testmod-TestBox":0,"MagicBullet_r":22,"testmod-Register":37,"Ring of Chaos":0,"conspire:SlowCooker":34,"Baka":1,"testmod-IndustrialRevolution":6,"Heaven_r":22,"Runic Dome":21,"LetterFromLob":1,"Bag of Marbles":23,"REME_ComplimentaryCards":0},{"PageOfTheQueenOfHatred":18,"dwlrmod:ProjectRecorder":3,"AT_ATBox":0,"Tiny House":10,"RingOfDestiny:Flintlock":0,"SSSystem":2,"DemoMod:GlassGuonStoneRelic":2,"testmod-LifeArmor":9,"DemoMod:WhiteGuonStone":2,"PageOfGreed":18,"PageOfWrath":27,"Baka2":18,"LaetitiaHeart":12,"PageOfTheKnightOfDespair":12,"testmod-ObsoleteBoomerang":0,"Gensokyo:OccultBall":2,"Iron Hammer":5,"Chemical X":16,"DemoMod:JetPack":6,"testmod-TestBox":0,"MagicBullet_r":16,"testmod-Register":24,"Ring of Chaos":0,"conspire:SlowCooker":22,"Baka":1,"testmod-IndustrialRevolution":3,"Heaven_r":14,"Runic Dome":12,"LetterFromLob":1,"Bag of Marbles":16,"REME_ComplimentaryCards":0},{"PageOfTheQueenOfHatred":31,"dwlrmod:ProjectRecorder":6,"AT_ATBox":0,"Tiny House":21,"RingOfDestiny:Flintlock":0,"SSSystem":4,"DemoMod:GlassGuonStoneRelic":4,"testmod-LifeArmor":18,"DemoMod:WhiteGuonStone":4,"PageOfGreed":31,"PageOfWrath":47,"Baka2":31,"LaetitiaHeart":23,"PageOfTheKnightOfDespair":23,"testmod-ObsoleteBoomerang":0,"Gensokyo:OccultBall":4,"Iron Hammer":10,"Chemical X":27,"DemoMod:JetPack":15,"testmod-TestBox":0,"MagicBullet_r":27,"testmod-Register":41,"Ring of Chaos":0,"conspire:SlowCooker":37,"Baka":3,"testmod-IndustrialRevolution":6,"Heaven_r":25,"Runic Dome":23,"LetterFromLob":3,"Bag of Marbles":27,"REME_ComplimentaryCards":0}]},"card_choices":[{"not_picked":["RingOfDestiny:BlastBullet","RingOfDestiny:DevilKiss"],"picked":"RingOfDestiny:ForgeBullet","floor":1.0},{"not_picked":["RingOfDestiny:Enchantment","RingOfDestiny:DevilKiss"],"picked":"RingOfDestiny:EtchSpirit","floor":2.0},{"not_picked":["RingOfDestiny:MagicAbsorb","RingOfDestiny:CovertOperation"],"picked":"RingOfDestiny:AmmoRain","floor":6.0},{"not_picked":["RingOfDestiny:EtchPhantom","RingOfDestiny:Enchantment"],"picked":"RingOfDestiny:PhantasmalAssailants","floor":7.0},{"not_picked":["RingOfDestiny:ForgeBullet","RingOfDestiny:TrackingBullet"],"picked":"RingOfDestiny:SecretAmmunition","floor":8.0},{"not_picked":["dwlrmod:Simulacrum","dwlrmod:FeignDeath"],"picked":"dwlrmod:TheLastStand","floor":10.0},{"not_picked":["RingOfDestiny:DanceOfDeath","RingOfDestiny:SecretAmmunition"],"picked":"RingOfDestiny:TrackingBullet","floor":10.0},{"not_picked":["RingOfDestiny:NimbleShield","RingOfDestiny:NightPendant"],"picked":"RingOfDestiny:Flash","floor":11.0},{"not_picked":["RingOfDestiny:Strafing","RingOfDestiny:PhantasmalAssailants"],"picked":"RingOfDestiny:BlackLight","floor":11.0},{"not_picked":["RingOfDestiny:QuickDraw","RingOfDestiny:EtchPhantom"],"picked":"RingOfDestiny:OriginBullet","floor":11.0},{"not_picked":["RingOfDestiny:OriginBullet","RingOfDestiny:ForgeBullet","RingOfDestiny:SleepingBullet"],"picked":"SKIP","floor":11.0},{"not_picked":["RingOfDestiny:OriginBullet","RingOfDestiny:Determination","RingOfDestiny:MagicAbsorb"],"picked":"SKIP","floor":12.0},{"not_picked":["RingOfDestiny:RiteOfOrigin","RingOfDestiny:BlastBullet"],"picked":"RingOfDestiny:Potential","floor":14.0},{"not_picked":["RingOfDestiny:VolleyBullet","RingOfDestiny:Demise"],"picked":"RingOfDestiny:TimingBreath","floor":16.0},{"not_picked":["RingOfDestiny:RestraintRing","RingOfDestiny:EtchReflection"],"picked":"RingOfDestiny:DeathLeakage","floor":17.0},{"not_picked":["RingOfDestiny:SolidEtch","RingOfDestiny:GrowBullet"],"picked":"RingOfDestiny:Underhand","floor":18.0},{"not_picked":["dwlrmod:Awakening","dwlrmod:DragonFury","dwlrmod:AutoProtect"],"picked":"dwlrmod:ColdlightOracle","floor":20.0},{"not_picked":["RingOfDestiny:AmmoRain","RingOfDestiny:RestraintRing"],"picked":"RingOfDestiny:Crimson","floor":20.0},{"not_picked":["dwlrmod:Swindle","dwlrmod:Reneger","dwlrmod:Caretaker"],"picked":"dwlrmod:Kazakus","floor":24.0},{"not_picked":["RingOfDestiny:BreakBullet","RingOfDestiny:NimbleShield","RingOfDestiny:InnerFocus"],"picked":"SKIP","floor":24.0},{"not_picked":["RingOfDestiny:SolidEtch","RingOfDestiny:OathOfBlood"],"picked":"RingOfDestiny:Illusion+1","floor":25.0},{"not_picked":["RingOfDestiny:LethalTwins","RingOfDestiny:BlackLight"],"picked":"RingOfDestiny:DeathLeakage","floor":29.0},{"not_picked":["RingOfDestiny:DarkShield+1","RingOfDestiny:ForgeBullet"],"picked":"RingOfDestiny:Prelude+1","floor":30.0},{"not_picked":["RingOfDestiny:Enchantment","RingOfDestiny:CurtainOfNight"],"picked":"RingOfDestiny:RapidFire","floor":31.0},{"not_picked":["RingOfDestiny:Residual","RingOfDestiny:CurtainOfNight","RingOfDestiny:Reload+1"],"picked":"SKIP","floor":35.0},{"not_picked":["RingOfDestiny:DevilKiss","RingOfDestiny:Crimson+1","RingOfDestiny:BloodyLeakage"],"picked":"SKIP","floor":36.0},{"not_picked":["RingOfDestiny:SecretAmmunition","RingOfDestiny:Flash"],"picked":"RingOfDestiny:FlowerOfDespair","floor":39.0},{"not_picked":["RingOfDestiny:Enchantment","RingOfDestiny:ForgeBullet"],"picked":"RingOfDestiny:DeathTrack+1","floor":41.0},{"not_picked":["RingOfDestiny:BlastBullet+1","RingOfDestiny:BreakBullet","RingOfDestiny:DeathLeakage"],"picked":"SKIP","floor":42.0}],"player_experience":84012,"relics_obtained":[{"floor":1.0,"key":"Baka"},{"floor":1.0,"key":"LetterFromLob"},{"floor":6.0,"key":"dwlrmod:ProjectRecorder"},{"floor":6.0,"key":"testmod-IndustrialRevolution"},{"floor":9.0,"key":"Iron Hammer"},{"floor":10.0,"key":"DemoMod:JetPack"},{"floor":14.0,"key":"testmod-LifeArmor"},{"floor":16.0,"key":"Gensokyo:OccultBall"},{"floor":18.0,"key":"Gensokyo:OccultBall"},{"floor":25.0,"key":"Baka2"},{"floor":25.0,"key":"PageOfTheQueenOfHatred"},{"floor":26.0,"key":"PageOfGreed"},{"floor":30.0,"key":"Gensokyo:OccultBall"},{"floor":33.0,"key":"Gensokyo:OccultBall"},{"floor":39.0,"key":"Gensokyo:OccultBall"},{"floor":43.0,"key":"PageOfWrath"}],"event_choices":[{"damage_healed":0.0,"max_hp_gain":0.0,"max_hp_loss":0.0,"gold_gain":400.0,"event_name":"¶÷ÂåË¹µÄÅÌ×Ó","player_choice":"Sell","floor":38.0,"relics_lost":["REME_ComplimentaryCards"],"gold_loss":0.0,"damage_taken":0.0}],"is_beta":false,"boss_relics":[{"not_picked":["aspiration:RunicSpoon","testmod-HarvestTotem"],"picked":"Tiny House"},{"not_picked":["Black Star","conspire:RunicOctahedron"],"picked":"conspire:SlowCooker"}],"items_purged_floors":[5,37],"is_endless":false,"potions_floor_spawned":[6,7,8,10,14,22,22,25,29,30,33,36,39],"killed_by":"Spire Growth","ascension_level":0}}