{"host":"swphzoo6hmc78epl","time":1611550348,"event":{"mods":["BaseMod","Highlight Path","Minty Spire (QoL Compilation)","Quick Restart"],"gold_per_floor":[17,32,52,72,89,89,106,118,170,170,170,199,211,249,261,376,388,420,445,457,394,423,435,482,494,506,518,530,577,329,348,348,453,453,468,36,54,54,54,54,67,92,92,108,125,175,192,226,226,226,226],"floor_reached":50,"language":"ENG","playtime":2582,"items_purged":["Defend_G","Riddle With Holes"],"score":696,"play_id":"cda8f4c7-7968-4076-8814-db9e67b59731","local_time":"20210124235228","is_ascension_mode":true,"campfire_choices":[{"data":"Crippling Poison","floor":6,"key":"SMITH"},{"data":"Poisoned Stab","floor":10,"key":"SMITH"},{"data":"Distraction","floor":15,"key":"SMITH"},{"data":"Corpse Explosion","floor":23,"key":"SMITH"},{"data":"Deadly Poison","floor":25,"key":"SMITH"},{"data":"Caltrops","floor":27,"key":"SMITH"},{"data":"Sadistic Nature","floor":32,"key":"SMITH"},{"floor":40,"key":"RECALL"},{"data":"Mayhem","floor":49,"key":"SMITH"}],"circlet_count":0,"master_deck":["Defend_G","Defend_G","Defend_G","Defend_G","Survivor","Quick Slash","Crippling Poison+1","Deadly Poison+1","Poisoned Stab+1","Caltrops+1","Distraction+1","Dagger Spray","Corpse Explosion+1","Burst+1","Unload+1","After Image+1","Concentrate+1","Poisoned Stab","Footwork+1","Leg Sweep","Sadistic Nature+1","Bane+1","Die Die Die","Deadly Poison+1","Mayhem+1","Distraction","Noxious Fumes+1","Deflect+1","Dodge and Roll+1"],"relics":["Ring of the Snake","FossilizedHelix","Juzu Bracelet","MawBank","InkBottle","Astrolabe","Meat on the Bone","MealTicket","Peace Pipe","Red Mask","Black Star","TwistedFunnel","Toy Ornithopter","Anchor","Pocketwatch","Centennial Puzzle","PreservedInsect"],"acts_visited":["Exordium","TheCity","TheBeyond"],"potions_floor_usage":[12,14,19,24,24,29,37,41,48,48],"damage_taken":[{"damage":0,"enemies":"Cultist","floor":1,"turns":5},{"damage":0,"enemies":"2 Louse","floor":2,"turns":2},{"damage":0,"enemies":"Small Slimes","floor":3,"turns":3},{"damage":0,"enemies":"2 Fungi Beasts","floor":4,"turns":3},{"damage":0,"enemies":"Large Slime","floor":5,"turns":6},{"damage":0,"enemies":"Looter","floor":7,"turns":3},{"damage":1,"enemies":"Blue Slaver","floor":8,"turns":3},{"damage":21,"enemies":"3 Sentries","floor":12,"turns":7},{"damage":2,"enemies":"Lagavulin","floor":14,"turns":5},{"damage":25,"enemies":"Slime Boss","floor":16,"turns":11},{"damage":0,"enemies":"3 Byrds","floor":18,"turns":2},{"damage":9,"enemies":"Shell Parasite","floor":19,"turns":5},{"damage":0,"enemies":"Centurion and Healer","floor":22,"turns":3},{"damage":23,"enemies":"Book of Stabbing","floor":24,"turns":5},{"damage":0,"enemies":"Masked Bandits","floor":29,"turns":3},{"damage":2,"enemies":"Snecko","floor":31,"turns":4},{"damage":29,"enemies":"Collector","floor":33,"turns":6},{"damage":0,"enemies":"Orb Walker","floor":35,"turns":3},{"damage":6,"enemies":"3 Darklings","floor":37,"turns":3},{"damage":8,"enemies":"Jaw Worm Horde","floor":41,"turns":2},{"damage":39,"enemies":"Nemesis","floor":42,"turns":8},{"damage":0,"enemies":"4 Shapes","floor":44,"turns":3},{"damage":7,"enemies":"3 Darklings","floor":45,"turns":6},{"damage":0,"enemies":"Mind Bloom Boss Battle","floor":46,"turns":5},{"damage":27,"enemies":"Transient","floor":47,"turns":5},{"damage":0,"enemies":"Giant Head","floor":48,"turns":7},{"damage":45,"enemies":"Awakened One","floor":50,"turns":3}],"seed_played":"-4942954326392191434","potions_obtained":[{"floor":5,"key":"SkillPotion"},{"floor":8,"key":"Dexterity Potion"},{"floor":12,"key":"Weak Potion"},{"floor":16,"key":"PowerPotion"},{"floor":18,"key":"Fire Potion"},{"floor":22,"key":"LiquidMemories"},{"floor":33,"key":"GhostInAJar"},{"floor":35,"key":"LiquidBronze"},{"floor":37,"key":"AttackPotion"},{"floor":45,"key":"Swift Potion"},{"floor":47,"key":"ColorlessPotion"},{"floor":48,"key":"Strength Potion"}],"is_trial":false,"path_per_floor":["M","M","M","M","M","R","M","M","T","R","?","E","$","E","R","B",null,"M","M","?","?","M","R","E","R","T","R","?","?","$","M","R","B",null,"M","$","M","?","?","R","M","E","T","M","M","?","M","E","R","B"],"character_chosen":"THE_SILENT","items_purchased":["Sadistic Nature","TwistedFunnel","Mayhem"],"campfire_rested":0,"item_purchase_floors":[30,36,36],"current_hp_per_floor":[70,70,70,70,70,70,70,69,69,69,55,34,34,32,32,7,70,70,61,61,61,61,61,38,38,38,38,38,38,53,51,51,34,70,70,70,64,64,64,64,56,29,29,41,34,34,19,41,41,0,0],"gold":226,"neow_bonus":"ONE_RARE_RELIC","is_daily":false,"chose_seed":false,"campfire_upgraded":8,"win_rate":0.0,"timestamp":1611550348,"path_taken":["M","?","M","M","M","R","M","M","T","R","?","E","$","E","R","BOSS","M","M","?","?","M","R","E","R","T","R","?","?","$","M","R","BOSS","M","$","M","?","?","R","M","E","T","M","M","?","M","E","R","BOSS"],"items_purchased_type":["Card","Relic","Card"],"build_version":"2020-12-22","purchased_purges":2,"victory":false,"max_hp_per_floor":[70,70,70,70,70,70,70,70,70,70,70,70,70,70,70,70,70,70,70,70,70,70,70,70,70,70,70,70,70,70,70,70,70,70,70,70,70,66,66,66,66,66,66,66,66,66,66,66,66,66,66],"card_choices":[{"not_picked":["Deadly Poison","Acrobatics"],"picked":"Quick Slash","floor":1},{"not_picked":["Expertise","Footwork"],"picked":"Riddle With Holes","floor":2},{"not_picked":["Bane","Flying Knee"],"picked":"Crippling Poison","floor":3},{"not_picked":["PiercingWail","Eviscerate","Finisher"],"picked":"SKIP","floor":4},{"not_picked":["Dodge and Roll","Flechettes"],"picked":"Deadly Poison","floor":5},{"not_picked":["Doppelganger","Quick Slash"],"picked":"Poisoned Stab","floor":7},{"not_picked":["Deflect","Backflip"],"picked":"Caltrops","floor":8},{"not_picked":["Cloak And Dagger","Terror"],"picked":"Distraction","floor":12},{"not_picked":["Terror","Endless Agony"],"picked":"Dagger Spray","floor":14},{"not_picked":["Tools of the Trade","Die Die Die"],"picked":"Corpse Explosion","floor":16},{"not_picked":["Backstab","Dodge and Roll"],"picked":"Concentrate+1","floor":18},{"not_picked":["Infinite Blades","Eviscerate+1","PiercingWail"],"picked":"SKIP","floor":19},{"not_picked":["Quick Slash+1","Dodge and Roll"],"picked":"Poisoned Stab","floor":22},{"not_picked":["Flying Knee","Reflex"],"picked":"Footwork+1","floor":24},{"not_picked":["Underhanded Strike","Infinite Blades"],"picked":"Leg Sweep","floor":29},{"not_picked":["Masterful Stab+1","All Out Attack"],"picked":"Bane+1","floor":31},{"not_picked":["Envenom","Burst"],"picked":"Die Die Die","floor":33},{"not_picked":["Cloak And Dagger","Infinite Blades"],"picked":"Deadly Poison+1","floor":35},{"not_picked":["Acrobatics","Flechettes+1"],"picked":"Distraction","floor":37},{"not_picked":["Skewer+1","Flying Knee"],"picked":"Noxious Fumes+1","floor":41},{"not_picked":["Underhanded Strike","Skewer+1"],"picked":"Deflect+1","floor":42},{"not_picked":["Dagger Throw+1","Flying Knee+1","Skewer+1"],"picked":"SKIP","floor":44},{"not_picked":["Dodge and Roll","Bane","Quick Slash"],"picked":"SKIP","floor":45},{"not_picked":["Prepared","Glass Knife","Flying Knee"],"picked":"SKIP","floor":47},{"not_picked":["Poisoned Stab+1","Blade Dance+1"],"picked":"Dodge and Roll+1","floor":48}],"player_experience":842612,"relics_obtained":[{"floor":9,"key":"Juzu Bracelet"},{"floor":12,"key":"MawBank"},{"floor":14,"key":"InkBottle"},{"floor":20,"key":"Meat on the Bone"},{"floor":24,"key":"MealTicket"},{"floor":26,"key":"Peace Pipe"},{"floor":29,"key":"Red Mask"},{"floor":42,"key":"Toy Ornithopter"},{"floor":42,"key":"Anchor"},{"floor":46,"key":"Pocketwatch"},{"floor":48,"key":"Centennial Puzzle"},{"floor":48,"key":"PreservedInsect"}],"event_choices":[{"damage_healed":0,"gold_gain":0,"player_choice":"Entered Light","damage_taken":14,"max_hp_gain":0,"max_hp_loss":0,"event_name":"Shining Light","floor":11,"gold_loss":0,"cards_upgraded":["Strike_G","Strike_G"]},{"damage_healed":0,"gold_gain":0,"player_choice":"Relic","damage_taken":0,"max_hp_gain":0,"max_hp_loss":0,"event_name":"Wheel of Change","floor":20,"gold_loss":0},{"cards_removed":["Strike_G"],"damage_healed":0,"gold_gain":0,"player_choice":"Gave Gold","damage_taken":0,"max_hp_gain":0,"max_hp_loss":0,"event_name":"Beggar","floor":21,"gold_loss":75},{"cards_removed":["Strike_G"],"damage_healed":0,"gold_gain":0,"player_choice":"Elegance","damage_taken":0,"max_hp_gain":0,"max_hp_loss":0,"event_name":"Back to Basics","floor":28,"gold_loss":0},{"damage_healed":0,"gold_gain":0,"player_choice":"Fought Bandits","damage_taken":0,"max_hp_gain":0,"max_hp_loss":0,"event_name":"Masked Bandits","floor":29,"gold_loss":0},{"damage_healed":0,"gold_gain":0,"player_choice":"Max HP","damage_taken":0,"max_hp_gain":0,"max_hp_loss":4,"event_name":"Winding Halls","floor":38,"gold_loss":0},{"cards_removed":["Neutralize"],"damage_healed":0,"gold_gain":0,"player_choice":"Removed Attack","damage_taken":0,"max_hp_gain":0,"max_hp_loss":0,"event_name":"Falling","floor":39,"gold_loss":0},{"damage_healed":0,"gold_gain":0,"player_choice":"Fight","damage_taken":0,"max_hp_gain":0,"max_hp_loss":0,"event_name":"MindBloom","floor":46,"gold_loss":0}],"is_beta":false,"boss_relics":[{"not_picked":["Pandora\u0027s Box","Velvet Choker"],"picked":"Astrolabe"},{"not_picked":["HoveringKite","Fusion Hammer"],"picked":"Black Star"}],"items_purged_floors":[30,36],"is_endless":false,"potions_floor_spawned":[5,8,12,16,18,22,33,35,37,45,47,48],"killed_by":"Awakened One","ascension_level":4}}