{"host":"zr590xw2unlz0wv7","time":1611581314,"event":{"mods":["BaseMod","Minty Spire (QoL Compilation)","READ ME - Guardian Mod","StSLib"],"gold_per_floor":[19,19,39,13,27,27,202,202,251,85,112,72,88,103,103,103,103],"floor_reached":16,"language":"ZHS","playtime":452,"items_purged":["Doubt"],"score":125,"play_id":"8e7af715-fcbd-4d76-a272-67829710c03d","local_time":"20210125212834","is_ascension_mode":true,"campfire_choices":[{"floor":6,"key":"RECALL"},{"data":"Indignation","floor":8,"key":"SMITH"},{"floor":15,"key":"REST"}],"circlet_count":0,"master_deck":["Strike_P","Strike_P","Defend_P","Defend_P","Defend_P","Defend_P","Eruption+1","Vigilance","EmptyBody","Indignation+1","SignatureMove","ThirdEye","Vault","SignatureMove","FlurryOfBlows"],"relics":["PureWater","Boot","Gambling Chip"],"acts_visited":["Exordium"],"potions_floor_usage":[11,11],"damage_taken":[{"damage":0,"enemies":"Small Slimes","floor":1,"turns":2},{"damage":0,"enemies":"Cultist","floor":3,"turns":3},{"damage":0,"enemies":"2 Louse","floor":5,"turns":2},{"damage":24,"enemies":"Gremlin Nob","floor":11,"turns":4},{"damage":8,"enemies":"Red Slaver","floor":13,"turns":4},{"damage":9,"enemies":"Blue Slaver","floor":14,"turns":7},{"damage":26,"enemies":"Hexaghost","floor":16,"turns":5}],"seed_played":"1534800318741404661","potions_obtained":[{"floor":3,"key":"Weak Potion"},{"floor":5,"key":"LiquidMemories"},{"floor":12,"key":"Ambrosia"},{"floor":12,"key":"Ambrosia"},{"floor":12,"key":"LiquidBronze"},{"floor":13,"key":"Fire Potion"}],"is_trial":false,"path_per_floor":["M","?","M","$","M","R","?","R","T","$","E","?","M","M","R","B"],"character_chosen":"WATCHER","items_purchased":["EmptyBody","SignatureMove","ThirdEye"],"campfire_rested":1,"item_purchase_floors":[4,10,10],"current_hp_per_floor":[72,72,72,72,72,72,72,72,72,72,48,48,40,31,52,26,26],"gold":103,"neow_bonus":"REMOVE_TWO","is_daily":false,"chose_seed":false,"campfire_upgraded":1,"win_rate":0.0,"timestamp":1611581314,"path_taken":["M","?","M","$","?","R","?","R","T","$","E","?","?","M","R","BOSS"],"items_purchased_type":["Card","Card","Card"],"build_version":"2020-12-22","purchased_purges":1,"victory":false,"max_hp_per_floor":[72,72,72,72,72,72,72,72,72,72,72,72,72,72,72,72,72],"card_choices":[{"not_picked":["Consecrate","SandsOfTime","LikeWater"],"picked":"SKIP","floor":1},{"not_picked":["JustLucky","FlyingSleeves","CutThroughFate"],"picked":"SKIP","floor":3},{"not_picked":["CutThroughFate","JustLucky"],"picked":"Indignation","floor":5},{"not_picked":["EmptyFist","Sanctity"],"picked":"Vault","floor":11},{"not_picked":["ThirdEye","Nirvana"],"picked":"SignatureMove","floor":13},{"not_picked":["TalkToTheHand","Prostrate"],"picked":"FlurryOfBlows","floor":14}],"player_experience":546872,"relics_obtained":[{"floor":9,"key":"Boot"},{"floor":11,"key":"Gambling Chip"}],"event_choices":[{"damage_healed":0,"gold_gain":0,"player_choice":"Upgraded","damage_taken":0,"max_hp_gain":0,"max_hp_loss":0,"event_name":"Upgrade Shrine","floor":2,"gold_loss":0,"cards_upgraded":["Eruption"]},{"damage_healed":0,"gold_gain":175,"player_choice":"AGREE","damage_taken":0,"max_hp_gain":0,"max_hp_loss":0,"event_name":"Liars Game","floor":7,"gold_loss":0,"cards_obtained":["Doubt"]},{"damage_healed":0,"gold_gain":0,"player_choice":"Bought 3 Potions","damage_taken":0,"max_hp_gain":0,"max_hp_loss":0,"event_name":"The Woman in Blue","floor":12,"gold_loss":0}],"is_beta":false,"boss_relics":[],"items_purged_floors":[10],"is_endless":false,"potions_floor_spawned":[3,5,13,14],"killed_by":"Hexaghost","ascension_level":5}}