{"host":"zk71suw73lg2r165","time":1611539155,"event":{"mods":["BaseMod","Colored Map","Minty Spire (QoL Compilation)","Permanent Neow","Relic Stats","StSLib"],"gold_per_floor":[14,14,14,35,50,50,50],"floor_reached":6,"language":"ENG","playtime":137,"items_purged":[],"score":72,"play_id":"35850310-b4a1-40f7-9574-cb707609784e","local_time":"20210124204555","is_ascension_mode":true,"campfire_choices":[],"circlet_count":0,"master_deck":["AscendersBane","Strike_R","Strike_R","Strike_R","Strike_R","Strike_R","Defend_R","Defend_R","Defend_R","Defend_R","Bash","Sword Boomerang","Wild Strike","Barricade"],"relics":["Burning Blood","Magic Flower","Golden Idol","InkBottle"],"acts_visited":["Exordium"],"potions_floor_usage":[],"damage_taken":[{"damage":4,"enemies":"2 Louse","floor":1,"turns":3},{"damage":18,"enemies":"Small Slimes","floor":4,"turns":4},{"damage":9,"enemies":"Jaw Worm","floor":5,"turns":4},{"damage":32,"enemies":"Gremlin Nob","floor":6,"turns":3}],"seed_played":"-1164327211990068403","potions_obtained":[],"is_trial":false,"path_per_floor":["M","?","?","M","M","E"],"character_chosen":"IRONCLAD","items_purchased":[],"campfire_rested":0,"item_purchase_floors":[],"current_hp_per_floor":[73,47,36,27,27,0,0],"gold":50,"neow_bonus":"ONE_RARE_RELIC","is_daily":false,"chose_seed":false,"campfire_upgraded":0,"win_rate":0.0,"timestamp":1611539155,"path_taken":["M","?","?","M","M","E"],"items_purchased_type":[],"build_version":"2020-12-22","purchased_purges":0,"victory":false,"max_hp_per_floor":[75,75,75,75,75,75,75],"relic_stats":{"counters":[4,14],"Golden Idol":7,"Magic Flower":[9],"obtain_stats":[{"Golden Idol":2,"Magic Flower":0,"Burning Blood":0,"InkBottle":3},{"Golden Idol":1,"Magic Flower":0,"Burning Blood":0,"InkBottle":1},{"Golden Idol":3,"Magic Flower":0,"Burning Blood":0,"InkBottle":3}],"Burning Blood":27,"InkBottle":[2]},"card_choices":[{"not_picked":["Anger","Warcry"],"picked":"Sword Boomerang","floor":1},{"not_picked":["Sword Boomerang","Thunderclap"],"picked":"Wild Strike","floor":4},{"not_picked":["Armaments","Sword Boomerang"],"picked":"Barricade","floor":5}],"player_experience":1358303,"relics_obtained":[],"event_choices":[{"damage_healed":0,"gold_gain":0,"player_choice":"Take Damage","damage_taken":26,"relics_obtained":["Golden Idol"],"max_hp_gain":0,"max_hp_loss":0,"event_name":"Golden Idol","floor":2,"gold_loss":0},{"damage_healed":0,"gold_gain":0,"player_choice":"Success","damage_taken":11,"relics_obtained":["InkBottle"],"max_hp_gain":0,"max_hp_loss":0,"event_name":"Scrap Ooze","floor":3,"gold_loss":0}],"is_beta":false,"boss_relics":[],"items_purged_floors":[],"is_endless":false,"potions_floor_spawned":[],"killed_by":"Gremlin Nob","ascension_level":20}}