{"host":"l1bfbgeb3oxa8ieg","time":1611597515,"event":{"mods":["AlwaysNeverKeys","Aspiration","BaseMod","Beaked The Cultist","Better Match","Better Note","Better Third Choice","BetterRewards","Colored Powertips","Conspire","Energized Spire","Fiend Mod","Friendly Minions","Halation","Infinite Spire","Minty Spire (QoL Compilation)","Permanent Neow","Quick Restart","Replay The Spire","Shop Mod","Spicy Shops","Spikes Relics","StSLib","TestMod","The Blackbeard","The Mystic","The Necromancer","Uncapped","UnlockEverythingMod"],"gold_per_floor":[117,69,69,86,86,119,119,140,140,160,177,177,188,188,188,188,188],"floor_reached":16,"language":"ENG","playtime":3753,"items_purged":[],"score":100,"play_id":"09c3380e-85ec-42dc-b98b-69240c0766e1","local_time":"20210125185835","is_ascension_mode":false,"campfire_choices":[{"data":"Genetic Algorithm","floor":7,"key":"SMITH"},{"data":"BasicCrystalCard","floor":12,"key":"SMITH"},{"data":"Leap","floor":15,"key":"SMITH"}],"circlet_count":0,"master_deck":["Strike_B","Strike_B","Strike_B","Defend_B","Defend_B","Defend_B","Defend_B","Zap","Dualcast","Storm","Conserve Battery","Genetic Algorithm+1","Seek+1","Beam Cell","Gash","BasicCrystalCard+1","Ball Lightning","Leap+1"],"relics":["Cracked Core","testmod-TestBox","aspiration:Nostalgia","Vampire_Amulet","halation:Gekota","Odd Mushroom","Solar Panel","RollingBoulder"],"acts_visited":["Exordium"],"potions_floor_usage":[16,16,16],"damage_taken":[{"damage":1,"enemies":"2 Louse","floor":1,"turns":3},{"damage":3,"enemies":"Cultist","floor":4,"turns":5},{"damage":34,"enemies":"3 Sentries","floor":6,"turns":9},{"damage":31,"enemies":"The Mushroom Lair","floor":8,"turns":6},{"damage":0,"enemies":"Small Slimes","floor":10,"turns":3},{"damage":3,"enemies":"Looter","floor":11,"turns":4},{"damage":12,"enemies":"Blue Slaver","floor":13,"turns":3},{"damage":24,"enemies":"The Guardian","floor":16,"turns":10}],"seed_played":"3252245928940910938","potions_obtained":[{"floor":1,"key":"PowerPotion"},{"floor":6,"key":"Reflective Coating"},{"floor":10,"key":"ColorlessPotion"}],"is_trial":false,"path_per_floor":["M","$","?","M","?","E","R","?","T","M","M","R","M","T","R","B"],"character_chosen":"DEFECT","items_purchased":["Conserve Battery"],"campfire_rested":0,"item_purchase_floors":[2],"current_hp_per_floor":[75,75,75,74,74,46,46,21,21,29,32,32,24,24,24,0,0],"gold":188,"neow_bonus":"NOSTALGIA","is_daily":false,"chose_seed":false,"campfire_upgraded":3,"win_rate":0.0,"timestamp":1611597515,"path_taken":["M","$","?","?","?","E","R","?","T","M","M","R","M","?","R","BOSS"],"items_purchased_type":["Card"],"build_version":"2020-12-22","purchased_purges":0,"victory":false,"max_hp_per_floor":[75,75,75,75,75,75,75,75,75,75,75,75,75,75,75,75,75],"card_choices":[{"not_picked":["Sweeping Beam","Steam"],"picked":"Storm","floor":1},{"not_picked":["Reprogram","Crystallizer"],"picked":"Genetic Algorithm","floor":4},{"not_picked":["Hologram","Steam Power"],"picked":"Beam Cell","floor":6},{"not_picked":["Steam","Redo"],"picked":"Gash","floor":8},{"not_picked":["Hyperbeam","ReplaySolidLightProjector"],"picked":"BasicCrystalCard","floor":10},{"not_picked":["Chill","Panic Button"],"picked":"Ball Lightning","floor":11},{"not_picked":["Go for the Eyes","Beam Cell"],"picked":"Leap","floor":13}],"player_experience":277334,"relics_obtained":[{"floor":6,"key":"halation:Gekota"},{"floor":8,"key":"Odd Mushroom"},{"floor":9,"key":"Solar Panel"},{"floor":14,"key":"RollingBoulder"}],"event_choices":[{"damage_healed":0,"gold_gain":0,"player_choice":"Bought 0 Potions","damage_taken":0,"max_hp_gain":0,"max_hp_loss":0,"event_name":"The Woman in Blue","floor":3,"gold_loss":0},{"damage_healed":0,"gold_gain":0,"player_choice":"Fought Mushrooms","damage_taken":0,"max_hp_gain":0,"max_hp_loss":0,"event_name":"Mushrooms","floor":8,"gold_loss":0}],"is_beta":false,"boss_relics":[],"items_purged_floors":[],"is_endless":false,"potions_floor_spawned":[1,6,10],"killed_by":"The Guardian","ascension_level":0}}