{"host":"usru02jcpe2a942d","time":1611567957,"event":{"mods":["Act Like it!","BaseMod","Colored Powertips","Downfall","GifTheSpireLib","Highlight Path","HololiveMod","Hubris","Minty Spire (QoL Compilation)","MostiFishMod","Quick Restart","Relic Stats","RumiaBox-露米娅的神秘盒子","StSLib","Waifu the Spire","noobMod","【遗物卡牌】REMEMod","篝火指南"],"gold_per_floor":[99,156,156,198,373,133,133,226,226,271,271,71,125,209,266,554,554,419,476,527,527,527,557,634,688,533,386,422,506,506,611,647,941,941,786,846,909,930,984,1086,1098,1152,1221,935,1052,1112,1202,1304,1358,1370],"floor_reached":51,"language":"ZHS","playtime":2274,"items_purged":["Doubt","MostiFishMod:AdrenalineArouse"],"score":1371,"play_id":"cde0b534-7eec-47c1-8557-a66715b878c0","local_time":"20210125174557","daily_mods":["SealedDeck","Vintage","Heirloom","Time Dilation","Flight","downfall:ChampStances","DeadlyEvents","Binary","Elite Swarm","Midas","Night Terrors","Binary"],"is_ascension_mode":false,"campfire_choices":[{"floor":1.0,"key":"RECALL"}],"circlet_count":0,"master_deck":["champ:ShieldSlam","champ:TornadoPunch","champ:SkillfulDodge","champ:StanceDance","champ:DefensiveShout","champ:StanceDance+1","champ:FalseCounter","champ:DefensiveShout","champ:FocusedDefense","champ:FocusedDefense","RitualDagger+1","champ:EnchantCrown"],"relics":["champ:ChampionCrown","Busted Crown","DaveBox","ice","REME_ComplimentaryCards","champ:ChampStancesModRelic","ShadowXiaoBlade","Prayer Wheel","hubris:Metronome","PreservedInsect","sneckomod:BlankCard","MealTicket","Oddly Smooth Stone","Bottled Lightning","downfall:HeartBlessingRed","downfall:HeartBlessingBlue","Molten Egg 2","Blue Candle","hubris:MysteriousPyramids","hubris:Backtick","BionicSphere","Akabeko","Potion Belt","Vajra","MagicDraw3","REME_HandOfSuture","TimeFreeze","Hololive_LightStick","hubris:Spice","Singing Bowl","CeramicFish","SSSystem","MawBank","hexamod:Sixitude","MagicDraw4","Anchor","Omamori","Bag of Marbles","REME_IWantAll"],"acts_visited":["Exordium","TheCity","TheBeyond"],"potions_floor_usage":[],"damage_taken":[{"damage":0.0,"enemies":"2 Louse","floor":2.0,"turns":1.0},{"damage":0.0,"enemies":"Cultist","floor":4.0,"turns":2.0},{"damage":0.0,"enemies":"downfall:FleeingMerchant","floor":6.0,"turns":4.0},{"damage":0.0,"enemies":"Gremlin Nob","floor":8.0,"turns":2.0},{"damage":0.0,"enemies":"Small Slimes","floor":10.0,"turns":1.0},{"damage":5.0,"enemies":"3 Louse","floor":13.0,"turns":2.0},{"damage":0.0,"enemies":"Lagavulin","floor":14.0,"turns":2.0},{"damage":0.0,"enemies":"2 Fungi Beasts","floor":15.0,"turns":2.0},{"damage":5.0,"enemies":"SI_SHIV_ARCHETYPE","floor":16.0,"turns":3.0},{"damage":5.0,"enemies":"3 Byrds","floor":19.0,"turns":2.0},{"damage":0.0,"enemies":"Cultist and Chosen","floor":20.0,"turns":1.0},{"damage":0.0,"enemies":"Snecko","floor":23.0,"turns":2.0},{"damage":0.0,"enemies":"Centurion and Healer","floor":25.0,"turns":3.0},{"damage":0.0,"enemies":"Sentry and Sphere","floor":28.0,"turns":2.0},{"damage":0.0,"enemies":"Slavers","floor":29.0,"turns":2.0},{"damage":0.0,"enemies":"Book of Stabbing","floor":31.0,"turns":1.0},{"damage":0.0,"enemies":"Snecko","floor":32.0,"turns":1.0},{"damage":0.0,"enemies":"IC_MUSHROOM_ARCHETYPE","floor":33.0,"turns":1.0},{"damage":0.0,"enemies":"3 Shapes","floor":36.0,"turns":1.0},{"damage":0.0,"enemies":"3 Darklings","floor":37.0,"turns":1.0},{"damage":0.0,"enemies":"Transient","floor":39.0,"turns":4.0},{"damage":0,"enemies":"Nemesis","floor":40,"turns":1},{"damage":0,"enemies":"Sphere and 2 Shapes","floor":42,"turns":1},{"damage":0,"enemies":"Writhing Mass","floor":43,"turns":1},{"damage":0,"enemies":"Reptomancer","floor":45,"turns":1},{"damage":0,"enemies":"4 Shapes","floor":46,"turns":2},{"damage":0,"enemies":"Nemesis","floor":47,"turns":1},{"damage":0,"enemies":"Reptomancer","floor":48,"turns":1},{"damage":0,"enemies":"Jaw Worm Horde","floor":49,"turns":1},{"damage":0,"enemies":"DF_ARCHETYPE_ORBS","floor":50,"turns":1}],"seed_played":"2070554940003948124","potions_obtained":[{"floor":4.0,"key":"Swift Potion"},{"floor":10.0,"key":"Energy Potion"},{"floor":13.0,"key":"LiquidMemories"},{"floor":23.0,"key":"champ:OpenerPotion"},{"floor":25.0,"key":"Fire Potion"},{"floor":31.0,"key":"Energy Potion"},{"floor":33.0,"key":"LiquidBronze"},{"floor":36.0,"key":"SkillPotion"}],"is_trial":true,"path_per_floor":["R","M","?","M","?","$","T","E","?","M","T","R","M","E","M","B",null,"R","M","M","?","?","M","T","M","R","R","M","E","T","E","M","B",null,"R","M","M","?","M","E","T","M","M","R","E","M","E","E","M","B",null],"character_chosen":"THE_CHAMP","items_purchased":["sneckomod:BlankCard","champ:FocusedDefense","TimeFreeze","Hololive_LightStick","MawBank","hubris:Spice"],"campfire_rested":0,"item_purchase_floors":[6,18,26,27,35,44],"current_hp_per_floor":[90,90,55,55,55,55,55,55,55,55,55,65,65,65,65,65,100,100,100,100,94,94,94,94,94,94,94,102,107,115,116,116,116,108,108,100,100,100,100,92,84,76,76,68,60,60,60,52,52,52],"gold":1382,"neow_bonus":"","is_daily":false,"chose_seed":false,"campfire_upgraded":0,"win_rate":0.0,"timestamp":1611567957,"path_taken":["R","M","?","?","?","?","T","?","?","?","?","R","M","?","M","BOSS","R","M","M","?","?","?","T","?","R","R","?","?","?","?","M","BOSS","R","M","M","?","?","?","T","?","?","R","?","?","E","?","M","BOSS"],"items_purchased_type":["Relic","Card","Relic","Relic","Relic","Relic"],"build_version":"2020-12-22","purchased_purges":2,"victory":true,"max_hp_per_floor":[90,90,90,90,90,90,90,90,90,90,90,100,100,100,100,100,100,100,100,100,100,100,100,100,100,100,100,108,108,116,116,116,116,108,108,100,100,100,100,92,84,76,76,68,60,60,60,52,52,52],"relic_stats":{"Busted Crown":22,"Singing Bowl":0,"counters":[30,50],"Blue Candle":[0],"CeramicFish":9,"Prayer Wheel":0,"MealTicket":0,"PreservedInsect":442,"MawBank":192,"obtain_stats":[{"hubris:Metronome":2,"champ:ChampStancesModRelic":0,"DaveBox":0,"Singing Bowl":29,"sneckomod:BlankCard":6,"CeramicFish":31,"Vajra":23,"SSSystem":32,"champ:ChampionCrown":0,"ice":0,"hubris:MysteriousPyramids":15,"MagicDraw4":39,"MagicDraw3":24,"REME_IWantAll":49,"hubris:Backtick":17,"downfall:HeartBlessingBlue":12,"Prayer Wheel":0,"MealTicket":8,"Potion Belt":20,"downfall:HeartBlessingRed":12,"Blue Candle":14,"Oddly Smooth Stone":10,"hexamod:Sixitude":37,"ShadowXiaoBlade":0,"PreservedInsect":4,"Omamori":46,"TimeFreeze":26,"MawBank":35,"Akabeko":19,"Hololive_LightStick":27,"Anchor":43,"Busted Crown":0,"hubris:Spice":28,"BionicSphere":17,"Molten Egg 2":13,"REME_HandOfSuture":25,"Bag of Marbles":47,"Bottled Lightning":11,"REME_ComplimentaryCards":0},{"hubris:Metronome":1,"champ:ChampStancesModRelic":0,"DaveBox":0,"Singing Bowl":15,"sneckomod:BlankCard":3,"CeramicFish":16,"Vajra":12,"SSSystem":17,"champ:ChampionCrown":0,"ice":0,"hubris:MysteriousPyramids":8,"MagicDraw4":21,"MagicDraw3":12,"REME_IWantAll":29,"hubris:Backtick":9,"downfall:HeartBlessingBlue":5,"Prayer Wheel":0,"MealTicket":4,"Potion Belt":11,"downfall:HeartBlessingRed":5,"Blue Candle":7,"Oddly Smooth Stone":5,"hexamod:Sixitude":20,"ShadowXiaoBlade":0,"PreservedInsect":2,"Omamori":26,"TimeFreeze":13,"MawBank":18,"Akabeko":10,"Hololive_LightStick":13,"Anchor":24,"Busted Crown":0,"hubris:Spice":14,"BionicSphere":9,"Molten Egg 2":6,"REME_HandOfSuture":13,"Bag of Marbles":27,"Bottled Lightning":5,"REME_ComplimentaryCards":0},{"hubris:Metronome":1,"champ:ChampStancesModRelic":0,"DaveBox":0,"Singing Bowl":31,"sneckomod:BlankCard":7,"CeramicFish":32,"Vajra":24,"SSSystem":33,"champ:ChampionCrown":0,"ice":0,"hubris:MysteriousPyramids":16,"MagicDraw4":40,"MagicDraw3":24,"REME_IWantAll":49,"hubris:Backtick":19,"downfall:HeartBlessingBlue":10,"Prayer Wheel":0,"MealTicket":9,"Potion Belt":22,"downfall:HeartBlessingRed":10,"Blue Candle":14,"Oddly Smooth Stone":10,"hexamod:Sixitude":36,"ShadowXiaoBlade":0,"PreservedInsect":3,"Omamori":46,"TimeFreeze":27,"MawBank":34,"Akabeko":21,"Hololive_LightStick":27,"Anchor":43,"Busted Crown":0,"hubris:Spice":29,"BionicSphere":19,"Molten Egg 2":12,"REME_HandOfSuture":27,"Bag of Marbles":47,"Bottled Lightning":10,"REME_ComplimentaryCards":0}]},"card_choices":[],"player_experience":410118,"relics_obtained":[{"floor":2.0,"key":"hubris:Metronome"},{"floor":4.0,"key":"PreservedInsect"},{"floor":8.0,"key":"MealTicket"},{"floor":10.0,"key":"Oddly Smooth Stone"},{"floor":11.0,"key":"Bottled Lightning"},{"floor":13.0,"key":"Molten Egg 2"},{"floor":14.0,"key":"Blue Candle"},{"floor":15.0,"key":"hubris:MysteriousPyramids"},{"floor":19.0,"key":"Akabeko"},{"floor":20.0,"key":"Potion Belt"},{"floor":23.0,"key":"Vajra"},{"floor":24.0,"key":"MagicDraw3"},{"floor":25.0,"key":"REME_HandOfSuture"},{"floor":28.0,"key":"hubris:Spice"},{"floor":29.0,"key":"Singing Bowl"},{"floor":30.0,"key":"hubris:Spice"},{"floor":31.0,"key":"CeramicFish"},{"floor":32.0,"key":"SSSystem"},{"floor":36.0,"key":"hubris:Spice"},{"floor":37.0,"key":"hexamod:Sixitude"},{"floor":39,"key":"MagicDraw4"},{"floor":40,"key":"hubris:Spice"},{"floor":41,"key":"hubris:Spice"},{"floor":42,"key":"hubris:Spice"},{"floor":43,"key":"Anchor"},{"floor":45,"key":"hubris:Spice"},{"floor":46,"key":"Omamori"},{"floor":47,"key":"Bag of Marbles"},{"floor":48,"key":"hubris:Spice"},{"floor":49,"key":"REME_IWantAll"}],"event_choices":[],"is_beta":false,"boss_relics":[{"not_picked":["ExusiaiGun","BloodWine"],"picked":"hubris:Backtick"},{"not_picked":["hubris:Spice","GreenFoldingFan"],"picked":"hubris:Spice"}],"items_purged_floors":[6,18],"is_endless":false,"potions_floor_spawned":[4,10,13,14,23,25,29,31,32,33,36,40,42,45,47],"ascension_level":0}}