{"host":"xp5rvh2jwe2ejyfm","time":1611589386,"event":{"mods":["BaseMod","Downfall","Duelist Mod","GifTheSpireLib","Gremlin Mod","Hermit","Hubris","Minty Spire (QoL Compilation)","Robot Space Explorer","StSLib","The Blackbeard","The Clintock","The Construct","The Cursed","The Disciple","The Forsaken","The Hierophant","The Necromancer","The Runesmith","The Servant 0.9.4"],"gold_per_floor":[113,131,146,3,3,34,34,47,47,47,47,47,82,95,95,95,95],"floor_reached":16,"language":"ENG","playtime":591,"items_purged":[],"score":110,"play_id":"884cc9e0-6ae8-4c3d-8c6a-684d6aa3f0df","local_time":"20210125104306","is_ascension_mode":false,"campfire_choices":[{"floor":7,"key":"REST"},{"floor":10,"key":"REST"},{"floor":15,"key":"REST"}],"circlet_count":0,"master_deck":["theForsaken:TheForsaken_Strike","theForsaken:TheForsaken_Strike","theForsaken:TheForsaken_Strike","theForsaken:TheForsaken_Strike","theForsaken:TheForsaken_Defend","theForsaken:TheForsaken_Defend","theForsaken:TheForsaken_Defend","theForsaken:TheForsaken_Defend","theForsaken:Smite","theForsaken:Penitence","theForsaken:QuickAttack","theForsaken:ChargeAttack","theForsaken:LightRoll","theForsaken:ShieldBash","theForsaken:PanicDive","theForsaken:Thunderbolt","theForsaken:Thunderbolt","theForsaken:SpinAttack"],"relics":["theForsaken:JudgementScales","Tiny Chest","hubris:Towel","Art of War","Mummified Hand","Matryoshka"],"acts_visited":["Exordium"],"potions_floor_usage":[13,13,16],"damage_taken":[{"damage":0,"enemies":"2 Louse","floor":1,"turns":2},{"damage":8,"enemies":"Jaw Worm","floor":2,"turns":3},{"damage":4,"enemies":"Cultist","floor":3,"turns":5},{"damage":50,"enemies":"3 Sentries","floor":6,"turns":13},{"damage":3,"enemies":"2 Fungi Beasts","floor":8,"turns":5},{"damage":16,"enemies":"Gremlin Nob","floor":13,"turns":4},{"damage":10,"enemies":"Looter","floor":14,"turns":3},{"damage":56,"enemies":"Hexaghost","floor":16,"turns":14}],"seed_played":"4748269183457279060","potions_obtained":[{"floor":6,"key":"construct:ShiftPotion"},{"floor":11,"key":"Fire Potion"},{"floor":11,"key":"Strength Potion"},{"floor":13,"key":"hexamod:SoulburnPotion"}],"is_trial":false,"path_per_floor":["M","M","M","$","?","E","R","M","T","R","?","$","E","M","R","B"],"character_chosen":"THE_FORSAKEN","items_purchased":["Tiny Chest"],"campfire_rested":3,"item_purchase_floors":[4],"current_hp_per_floor":[65,58,57,57,57,13,32,34,34,53,53,53,39,31,50,0,0],"gold":95,"neow_bonus":"THREE_CARDS","is_daily":false,"chose_seed":false,"campfire_upgraded":0,"win_rate":0.0,"timestamp":1611589386,"path_taken":["M","M","M","$","?","E","R","M","T","R","?","$","E","?","R","BOSS"],"items_purchased_type":["Relic"],"build_version":"2020-12-22","purchased_purges":0,"victory":false,"max_hp_per_floor":[65,65,65,65,65,65,65,65,65,65,65,65,65,65,65,65,65],"card_choices":[{"not_picked":["theForsaken:FuryStrikes","theForsaken:CreepingInfection"],"picked":"theForsaken:QuickAttack","floor":0},{"not_picked":["theForsaken:Backlash","theForsaken:SolarFlare"],"picked":"theForsaken:ChargeAttack","floor":1},{"not_picked":["theForsaken:ShieldCharge","theForsaken:PanicDive"],"picked":"theForsaken:LightRoll","floor":2},{"not_picked":["theForsaken:WordsOfPestilence","theForsaken:BlessedWeapon"],"picked":"theForsaken:ShieldBash","floor":3},{"not_picked":["theForsaken:Parry","theForsaken:SpinAttack"],"picked":"theForsaken:PanicDive","floor":6},{"not_picked":["theForsaken:ShieldCharge","theForsaken:HymnOfPatience"],"picked":"theForsaken:Thunderbolt","floor":8},{"not_picked":["theForsaken:HymnOfRest","theForsaken:RainingSunlight"],"picked":"theForsaken:Thunderbolt","floor":13},{"not_picked":["theForsaken:CowardsBrand","theForsaken:CleansingLight"],"picked":"theForsaken:SpinAttack","floor":14}],"player_experience":332869,"relics_obtained":[{"floor":6,"key":"Art of War"},{"floor":9,"key":"Mummified Hand"},{"floor":13,"key":"Matryoshka"}],"event_choices":[{"damage_healed":0,"gold_gain":0,"player_choice":"Got Potions","damage_taken":0,"max_hp_gain":0,"max_hp_loss":0,"event_name":"Lab","floor":11,"gold_loss":0}],"is_beta":false,"boss_relics":[],"items_purged_floors":[],"is_endless":false,"potions_floor_spawned":[6,13],"killed_by":"Hexaghost","ascension_level":0}}