{"host":"srk2drlvga69hbot","time":1611604571,"event":{"mods":["BaseMod","Bestiary","Block Reminder","Colored Map","Colored Powertips","Dark Map","DeckTracker","Downfall","Highlight Path","Minty Spire (QoL Compilation)","Quick Restart","Rare Cards Sparkle","Relic Stats","StSLib","SuperFastMode","Unceasing Turn Reminder"],"gold_per_floor":[99,115,135,135,148,148,194,194,251,264,70,80,65,78,96,96,96,96],"floor_reached":16,"language":"ZHS","playtime":1101,"items_purged":[],"score":94,"play_id":"b6322157-ddd7-4627-be67-334eb12d3fa7","local_time":"20210126035611","is_ascension_mode":false,"campfire_choices":[{"data":"Guardian:TwinSlam","floor":1,"key":"SMITH"},{"data":"Guardian:WalkerClaw","floor":8,"key":"SMITH"}],"circlet_count":0,"master_deck":["Guardian:Strike_Guardian","Guardian:Strike_Guardian","Guardian:Strike_Guardian","Guardian:Defend_Guardian","Guardian:Defend_Guardian","Guardian:Defend_Guardian","Guardian:Defend_Guardian","Guardian:CurlUp","Guardian:TwinSlam+1","Guardian:ArmoredProtocol","Guardian:WalkerClaw+1","Guardian:RefractedBeam","Guardian:Gem_White","expansioncontent:QuickStudy","Guardian:Suspension","Guardian:Gem_Crimson"],"relics":["Guardian:ModeShifter","Vajra","Blood Vial"],"acts_visited":["Exordium"],"potions_floor_usage":[16,16,16],"damage_taken":[{"damage":1,"enemies":"Cultist","floor":2,"turns":3},{"damage":10,"enemies":"Small Slimes","floor":3,"turns":4},{"damage":2,"enemies":"2 Louse","floor":5,"turns":3},{"damage":13,"enemies":"3 Sentries","floor":9,"turns":7},{"damage":14,"enemies":"Blue Slaver","floor":10,"turns":3},{"damage":0,"enemies":"downfall:FleeingMerchant","floor":11,"turns":4},{"damage":11,"enemies":"Red Slaver","floor":12,"turns":3},{"damage":5,"enemies":"downfall:FleeingMerchant","floor":13,"turns":4},{"damage":15,"enemies":"Lots of Slimes","floor":14,"turns":4},{"damage":13,"enemies":"Red Slaver","floor":15,"turns":2},{"damage":12,"enemies":"SI_SHIV_ARCHETYPE","floor":16,"turns":5}],"seed_played":"-1462851440823319435","potions_obtained":[{"floor":2,"key":"Fire Potion"},{"floor":5,"key":"ColorlessPotion"},{"floor":10,"key":"AttackPotion"},{"floor":14,"key":"PowerPotion"}],"is_trial":false,"path_per_floor":["R","M","M","?","M","?","T","R","?","M","$","M","$","M","M","B"],"character_chosen":"GUARDIAN","items_purchased":["expansioncontent:QuickStudy"],"campfire_rested":0,"item_purchase_floors":[11],"current_hp_per_floor":[88,87,77,77,75,69,69,69,56,44,46,37,34,21,10,0,0,0],"gold":96,"neow_bonus":"TEN_PERCENT_HP_BONUS","is_daily":false,"chose_seed":false,"campfire_upgraded":2,"win_rate":0.0,"timestamp":1611604571,"path_taken":["R","M","M","?","M","?","T","R","?","M","?","?","$","M","M","BOSS"],"items_purchased_type":["Card"],"build_version":"2020-12-22","purchased_purges":0,"victory":false,"max_hp_per_floor":[88,88,88,88,88,88,88,88,88,88,88,88,88,88,88,88,88,88],"relic_stats":{"Blood Vial":14,"counters":[11,42],"obtain_stats":[{"Blood Vial":9,"Guardian:ModeShifter":0,"Vajra":7},{"Blood Vial":4,"Guardian:ModeShifter":0,"Vajra":3},{"Blood Vial":17,"Guardian:ModeShifter":0,"Vajra":10}]},"card_choices":[{"not_picked":["Guardian:MultiBeam","Guardian:RefractedBeam"],"picked":"Guardian:ArmoredProtocol","floor":2},{"not_picked":["Guardian:RollAttack","Guardian:Gem_Lightblue","Guardian:ShieldSpikes"],"picked":"SKIP","floor":3},{"not_picked":["Guardian:Recover","Guardian:CrystalBeam"],"picked":"Guardian:WalkerClaw","floor":5},{"not_picked":["Guardian:ShieldSpikes","Guardian:BronzeArmor"],"picked":"Guardian:RefractedBeam","floor":10},{"not_picked":["Guardian:StasisField","Guardian:VentSteam"],"picked":"Guardian:Gem_White","floor":11},{"not_picked":["Guardian:TemporalStrike","Guardian:TemporalShield"],"picked":"Guardian:Suspension","floor":12},{"not_picked":["Guardian:ShieldSpikes","Guardian:RollAttack","Guardian:Planning"],"picked":"SKIP","floor":13},{"not_picked":["Guardian:Gem_Lightblue","Guardian:Reroute"],"picked":"Guardian:Gem_Crimson","floor":14},{"not_picked":["Guardian:PrimingBeam","Guardian:Gem_Cyan","Guardian:Repulse"],"picked":"SKIP","floor":15}],"player_experience":268538,"relics_obtained":[{"floor":7,"key":"Vajra"},{"floor":9,"key":"Blood Vial"}],"event_choices":[],"is_beta":false,"boss_relics":[],"items_purged_floors":[],"is_endless":false,"potions_floor_spawned":[2,5,10,14,15],"killed_by":"SI_SHIV_ARCHETYPE","ascension_level":0}}