{"host":"jbj9vjxoxc0v9q6j","time":1611607217,"event":{"mods":["BaseMod","Downfall","Minty Spire (QoL Compilation)","Replay The Spire","Shop Mod","StSLib","The Disciple","The Runesmith"],"gold_per_floor":[113,128,128,6,6,6,19,19,51,51,76,103,32,32,49,65,65,162,162,173,183,183,40,40,40],"floor_reached":24,"language":"ENG","playtime":1907,"items_purged":["Runesmith:Strike_RS+1"],"score":204,"play_id":"571c751b-c4dc-48e2-a698-683b6fc0787f","local_time":"20210125154017","is_ascension_mode":false,"campfire_choices":[{"data":"Runesmith:Repurpose","floor":8,"key":"SMITH"},{"data":"Runesmith:CraftFirestone","floor":10,"key":"SMITH"},{"data":"Runesmith:Grindstone","floor":17,"key":"SMITH"}],"circlet_count":0,"master_deck":["Runesmith:Strike_RS+1","Runesmith:Strike_RS+1","Runesmith:Strike_RS+1","Runesmith:Defend_RS+1","Runesmith:Defend_RS+1","Runesmith:Defend_RS+1","Runesmith:Defend_RS+1","Runesmith:CraftFirestone+1","Runesmith:Fortify","Runesmith:HeatedChisel+1","Runesmith:HeatExchange","Runesmith:Permafrost","Runesmith:ChiselStab","Runesmith:Repurpose+1","Runesmith:Repurpose","Runesmith:Grindstone+1","Runesmith:DoubleUp","Runesmith:Grindstone","Runesmith:CraftSpiculum","Runesmith:CraftMedicinae","Runesmith:CraftObretio","Runesmith:UnlimitedPower"],"relics":["Runesmith:BrokenRuby","NeowsBlessing","Oddly Smooth Stone","ReplayTheSpireMod:Lightbulb","Durian"],"acts_visited":["Exordium","TheCity"],"potions_floor_usage":[18],"damage_taken":[{"damage":0,"enemies":"Jaw Worm","floor":1,"turns":1},{"damage":0,"enemies":"Cultist","floor":2,"turns":1},{"damage":0,"enemies":"2 Louse","floor":7,"turns":2},{"damage":23,"enemies":"Gremlin Nob","floor":9,"turns":4},{"damage":4,"enemies":"Lagavulin","floor":12,"turns":5},{"damage":11,"enemies":"Exordium Wildlife","floor":15,"turns":6},{"damage":0,"enemies":"3 Louse","floor":16,"turns":6},{"damage":6,"enemies":"Slime Boss","floor":18,"turns":9},{"damage":20,"enemies":"3 Byrds","floor":20,"turns":5},{"damage":9,"enemies":"Spheric Guardian","floor":21,"turns":7},{"damage":63,"enemies":"Chosen and Byrds","floor":24,"turns":7}],"seed_played":"6171275741997474563","potions_obtained":[{"floor":12,"key":"hexamod:SoulburnPotion"},{"floor":15,"key":"bronze:BurnAndBuffPotion"},{"floor":16,"key":"Ancient Potion"},{"floor":18,"key":"SteroidPotion"}],"is_trial":false,"path_per_floor":["M","M","?","$","PTL","PTL","M","R","E","R","T","E","$","?","M","M","R","B",null,"M","M","?","$","M"],"character_chosen":"RUNESMITH_CLASS","items_purchased":["Runesmith:Permafrost","Runesmith:ChiselStab","Runesmith:DoubleUp","Runesmith:UnlimitedPower"],"campfire_rested":0,"item_purchase_floors":[4,4,13,23],"current_hp_per_floor":[70,70,70,70,70,70,70,70,47,47,47,48,48,48,37,37,37,31,75,55,47,47,47,0,0],"gold":40,"neow_bonus":"THREE_ENEMY_KILL","is_daily":false,"chose_seed":false,"campfire_upgraded":3,"win_rate":0.0,"timestamp":1611607217,"path_taken":["M","M","?","?","PTL","PTL","?","R","E","R","T","E","?","?","M","M","R","BOSS","M","M","?","$","M"],"items_purchased_type":["Card","Card","Card","Card"],"build_version":"2020-12-22","purchased_purges":1,"victory":false,"max_hp_per_floor":[70,70,70,70,70,70,70,70,70,70,70,75,75,75,75,75,75,75,75,75,75,75,75,75,75],"card_choices":[{"not_picked":["Runesmith:Electrocute","Runesmith:ElementalConversion"],"picked":"Runesmith:HeatedChisel","floor":1},{"not_picked":["Runesmith:Firewall","Runesmith:Malloc"],"picked":"Runesmith:HeatExchange","floor":2},{"not_picked":["Runesmith:MakeshiftArmor","Runesmith:CraftObretio"],"picked":"Runesmith:Repurpose","floor":7},{"not_picked":["Runesmith:Accelerate","Runesmith:NanitesCloud"],"picked":"Runesmith:Repurpose","floor":9},{"not_picked":["Runesmith:HeatExchange","Runesmith:ChiselStab"],"picked":"Runesmith:Grindstone","floor":12},{"not_picked":["Runesmith:EarthShield","Runesmith:Overpower"],"picked":"Runesmith:Grindstone","floor":15},{"not_picked":["Runesmith:Terraform","Runesmith:HeatedChisel"],"picked":"Runesmith:CraftSpiculum","floor":16},{"not_picked":["Runesmith:Supernova","Runesmith:LastStand"],"picked":"Runesmith:CraftMedicinae","floor":18},{"not_picked":["Runesmith:RuneHurl","Runesmith:Refine"],"picked":"Runesmith:CraftObretio","floor":20},{"not_picked":["Runesmith:CraftSpiculum","Runesmith:MakeshiftArmor","Runesmith:Overpower"],"picked":"SKIP","floor":21}],"player_experience":1951545,"relics_obtained":[{"floor":9,"key":"Oddly Smooth Stone"},{"floor":11,"key":"ReplayTheSpireMod:Lightbulb"},{"floor":12,"key":"Durian"}],"event_choices":[{"damage_healed":0,"gold_gain":0,"player_choice":"Upgraded","damage_taken":0,"max_hp_gain":0,"max_hp_loss":0,"event_name":"Upgrade Shrine","floor":3,"gold_loss":0,"cards_upgraded":["Runesmith:HeatedChisel"]},{"damage_healed":0,"gold_gain":0,"player_choice":"Ignored","damage_taken":0,"max_hp_gain":0,"max_hp_loss":0,"event_name":"Liars Game","floor":14,"gold_loss":0},{"damage_healed":0,"gold_gain":0,"player_choice":"Simplicity","damage_taken":0,"max_hp_gain":0,"max_hp_loss":0,"event_name":"Back to Basics","floor":22,"gold_loss":0,"cards_upgraded":["Runesmith:Strike_RS","Runesmith:Strike_RS","Runesmith:Strike_RS","Runesmith:Strike_RS","Runesmith:Defend_RS","Runesmith:Defend_RS","Runesmith:Defend_RS","Runesmith:Defend_RS"]}],"is_beta":false,"boss_relics":[{"not_picked":["ReplayTheSpireMod:DimensionalGlitch","Snecko Eye","Runic Dome"]}],"items_purged_floors":[23],"is_endless":false,"potions_floor_spawned":[12,15,16,18],"killed_by":"Chosen and Byrds","ascension_level":0}}