{"host":"r53pw7z744tg3fxg","time":1611593373,"event":{"mods":["AchievementEnabler","BaseMod","Colored Map","Colored Powertips","Highlight Path","Minty Spire (QoL Compilation)","Quick Restart","Transform Curses"],"gold_per_floor":[112,112,122,47,61,61,389,389,389,40,40,71,91,107,107,184,184,195,195,209,209,41,41,67,67,135,35,35,35,67,86,86,160,160,176,0,0,15,15,15,15,15,15,26,26,26],"floor_reached":45,"language":"ENG","playtime":1671,"items_purged":["Normality","Decay"],"score":845,"play_id":"b61e9a0a-b120-4cf2-8396-b50a9637175c","local_time":"20210125094932","is_ascension_mode":true,"campfire_choices":[{"floor":6.0,"key":"REST"},{"data":"Apotheosis","floor":8.0,"key":"SMITH"},{"data":"Judgement","floor":11.0,"key":"SMITH"},{"floor":15.0,"key":"REST"},{"floor":23.0,"key":"REST"},{"data":"ForeignInfluence","floor":25.0,"key":"SMITH"},{"floor":28.0,"key":"REST"},{"floor":32.0,"key":"REST"},{"floor":40.0,"key":"REST"},{"floor":42.0,"key":"REST"}],"circlet_count":0,"master_deck":["AscendersBane","Strike_P","Strike_P","Strike_P","Defend_P","Defend_P","Defend_P","Defend_P","Eruption","Vigilance","Apotheosis+1","FlurryOfBlows","Wish","BowlingBash","WindmillStrike","Evaluate","Wallop","Judgement+1","CarveReality","ForeignInfluence+1","EmptyBody","SpiritShield","ReachHeaven","PathToVictory","Swivel","EmptyFist+1","JustLucky+1","Madness","Madness","MentalFortress"],"relics":["HolyWater","Old Coin","TungstenRod","Mummified Hand","Ornamental Fan","Busted Crown","PreservedInsect","Calipers","White Beast Statue","Kunai","Red Mask","Oddly Smooth Stone"],"acts_visited":["Exordium","TheCity","TheBeyond"],"potions_floor_usage":[45],"damage_taken":[{"damage":0.0,"enemies":"Cultist","floor":1.0,"turns":4.0},{"damage":11.0,"enemies":"Jaw Worm","floor":3.0,"turns":4.0},{"damage":3.0,"enemies":"Small Slimes","floor":5.0,"turns":3.0},{"damage":16.0,"enemies":"3 Sentries","floor":7.0,"turns":5.0},{"damage":33.0,"enemies":"Gremlin Nob","floor":12.0,"turns":4.0},{"damage":0.0,"enemies":"Looter","floor":13.0,"turns":1.0},{"damage":0.0,"enemies":"3 Louse","floor":14.0,"turns":3.0},{"damage":25.0,"enemies":"The Guardian","floor":16.0,"turns":12.0},{"damage":9.0,"enemies":"Shell Parasite","floor":18.0,"turns":6.0},{"damage":9.0,"enemies":"2 Thieves","floor":20.0,"turns":3.0},{"damage":16.0,"enemies":"Slavers","floor":24.0,"turns":3.0},{"damage":30.0,"enemies":"Gremlin Leader","floor":30.0,"turns":7.0},{"damage":1.0,"enemies":"Snake Plant","floor":31.0,"turns":3.0},{"damage":34.0,"enemies":"Automaton","floor":33.0,"turns":13.0},{"damage":7.0,"enemies":"3 Darklings","floor":35.0,"turns":6.0},{"damage":31.0,"enemies":"Orb Walker","floor":38.0,"turns":5.0},{"damage":9.0,"enemies":"3 Darklings","floor":44.0,"turns":4.0},{"damage":50,"enemies":"Writhing Mass","floor":45,"turns":2}],"seed_played":"-1949889981581866645","potions_obtained":[{"floor":3.0,"key":"LiquidMemories"},{"floor":5.0,"key":"Explosive Potion"},{"floor":12.0,"key":"Fire Potion"},{"floor":16.0,"key":"BottledMiracle"},{"floor":18.0,"key":"BlessingOfTheForge"},{"floor":24.0,"key":"GamblersBrew"},{"floor":30.0,"key":"StancePotion"},{"floor":31.0,"key":"FearPotion"},{"floor":33.0,"key":"SkillPotion"},{"floor":35.0,"key":"StancePotion"},{"floor":38.0,"key":"SteroidPotion"},{"floor":44.0,"key":"LiquidBronze"}],"is_trial":false,"path_per_floor":["M","?","M","$","M","R","E","R","T","$","R","E","M","M","R","B",null,"M","?","M","?","$","R","E","R","T","$","R","?","E","M","R","B",null,"M","?","?","M","$","R","?","R","T","M","M"],"character_chosen":"WATCHER","items_purchased":["Mummified Hand","CarveReality","PreservedInsect"],"campfire_rested":7,"item_purchase_floors":[10,10,22],"current_hp_per_floor":[61,61,50,50,47,67,51,51,51,51,51,18,18,18,38,13,54,45,45,36,36,36,56,40,40,40,40,60,60,30,29,49,15,55,48,48,48,17,17,37,26,46,46,37,0,0],"gold":26,"neow_bonus":"RANDOM_COLORLESS_2","is_daily":false,"chose_seed":false,"campfire_upgraded":3,"win_rate":0.0,"timestamp":1611593372,"path_taken":["M","?","M","$","M","R","E","R","T","$","R","E","M","?","R","BOSS","M","?","?","?","$","R","E","R","T","$","R","?","E","M","R","BOSS","M","?","?","?","$","R","?","R","T","M","M"],"items_purchased_type":["Relic","Card","Relic"],"build_version":"2020-12-22","purchased_purges":2,"victory":false,"max_hp_per_floor":[68,68,68,68,68,68,68,68,68,68,68,68,68,68,68,68,68,68,68,68,68,68,68,68,68,68,68,68,68,68,68,68,68,68,68,68,68,68,68,68,68,68,68,68,68,68],"card_choices":[{"not_picked":["Violence","The Bomb"],"picked":"Apotheosis","floor":0.0},{"not_picked":["FlyingSleeves","JustLucky"],"picked":"FlurryOfBlows","floor":1.0},{"not_picked":["FollowUp","CrushJoints"],"picked":"Evaluate","floor":3.0},{"not_picked":["InnerPeace","ForeignInfluence"],"picked":"Wallop","floor":5.0},{"not_picked":["BowlingBash","Prostrate"],"picked":"Judgement","floor":7.0},{"not_picked":["WindmillStrike","Weave","Nirvana"],"picked":"SKIP","floor":12.0},{"not_picked":["EmptyFist","ClearTheMind"],"picked":"ForeignInfluence","floor":13.0},{"not_picked":["ThirdEye","SashWhip"],"picked":"EmptyBody","floor":14.0},{"not_picked":["Omniscience","Vault"],"picked":"SpiritShield","floor":16.0},{"not_picked":[],"picked":"ReachHeaven","floor":18.0},{"not_picked":[],"picked":"PathToVictory","floor":20.0},{"not_picked":[],"picked":"Swivel","floor":24.0},{"not_picked":[],"picked":"EmptyFist+1","floor":30.0},{"not_picked":["BowlingBash"],"picked":"SKIP","floor":31.0},{"not_picked":["Evaluate"],"picked":"SKIP","floor":35.0},{"not_picked":[],"picked":"JustLucky+1","floor":38.0},{"not_picked":[],"picked":"MentalFortress","floor":44.0}],"player_experience":1340262,"relics_obtained":[{"floor":7.0,"key":"Old Coin"},{"floor":9.0,"key":"TungstenRod"},{"floor":12.0,"key":"Ornamental Fan"},{"floor":24.0,"key":"Calipers"},{"floor":26.0,"key":"White Beast Statue"},{"floor":30.0,"key":"Kunai"},{"floor":43.0,"key":"Oddly Smooth Stone"}],"event_choices":[{"damage_healed":0.0,"max_hp_gain":0.0,"max_hp_loss":0.0,"gold_gain":0.0,"event_name":"Match and Keep!","player_choice":"3 cards matched","floor":2.0,"gold_loss":0.0,"damage_taken":0.0,"cards_obtained":["Wish","BowlingBash","WindmillStrike"]},{"damage_healed":0.0,"max_hp_gain":0.0,"max_hp_loss":0.0,"gold_gain":0.0,"event_name":"N\u0027loth","player_choice":"Ignored","floor":19.0,"gold_loss":0.0,"damage_taken":0.0},{"damage_healed":0.0,"max_hp_gain":0.0,"max_hp_loss":0.0,"gold_gain":0.0,"event_name":"Forgotten Altar","player_choice":"Smashed Altar","floor":21.0,"gold_loss":0.0,"damage_taken":0.0,"cards_obtained":["Decay"]},{"damage_healed":0.0,"max_hp_gain":0.0,"max_hp_loss":0.0,"gold_gain":0.0,"event_name":"Vampires","player_choice":"Ignored","floor":29.0,"gold_loss":0.0,"damage_taken":0.0},{"damage_healed":0.0,"max_hp_gain":0.0,"max_hp_loss":0.0,"gold_gain":0.0,"event_name":"Tomb of Lord Red Mask","player_choice":"Paid","floor":36.0,"gold_loss":176.0,"damage_taken":0.0,"relics_obtained":["Red Mask"]},{"cards_removed":["Strike_P"],"damage_healed":0.0,"max_hp_gain":0.0,"max_hp_loss":0.0,"gold_gain":0.0,"event_name":"Purifier","player_choice":"Purged","floor":37.0,"gold_loss":0.0,"damage_taken":0.0},{"damage_healed":0.0,"max_hp_gain":0.0,"max_hp_loss":0.0,"gold_gain":0.0,"event_name":"Winding Halls","player_choice":"Embrace Madness","floor":41.0,"gold_loss":0.0,"damage_taken":12.0,"cards_obtained":["Madness","Madness"]}],"is_beta":false,"boss_relics":[{"not_picked":["Ectoplasm","Runic Dome"],"picked":"Busted Crown"},{"not_picked":["Astrolabe","Empty Cage"],"picked":"HolyWater"}],"items_purged_floors":[4,27],"is_endless":false,"potions_floor_spawned":[3,5,12,16,18,24,30,31,33,35,38,44],"killed_by":"Writhing Mass","ascension_level":17}}