{"host":"6drv1qzpbnls60z2","time":1611550678,"event":{"mods":["ATMod(°¢èªMod)","Act Like it!","Arknights The Spire","BaseMod","Hallownest","Minty Spire (QoL Compilation)","Reimu£¨²©ÀöÁéÃÎ£©","Replay The Spire","Shop Mod","Spicy Shops","StSLib","The Dragonkin","Uncapped","¡¾ÒÅÎï¿¨ÅÆ¡¿REMEMod","óô»ðÖ¸ÄÏ"],"gold_per_floor":[113,113,124,35,53,53,53],"floor_reached":6,"language":"ZHS","playtime":420,"items_purged":[],"score":172,"play_id":"fa5e9e03-f0b4-42b2-bed8-7dbb9bfc5149","local_time":"20210125125758","is_ascension_mode":true,"campfire_choices":[],"circlet_count":0,"master_deck":["AscendersBane","ats:Strike C","ats:Strike G","ats:Strike S","ats:Strike V","ats:Armor Crushing Shot","ats:Defend","ats:Defend","ats:Defend","ats:Defend+1","ats:Emotion Absorption","AT_FamilyPortrait","ats:Spore Proliferation","ats:Beaten Up","AlertArray:ReiMu","ats:Sword Rain","ats:Chain Hook"],"relics":["ats:Sanity","AT_ATBox","REME_ComplimentaryCards"],"acts_visited":["Exordium"],"potions_floor_usage":[6],"damage_taken":[{"damage":27,"enemies":"Jaw Worm","floor":1,"turns":6},{"damage":17,"enemies":"Small Slimes","floor":3,"turns":5},{"damage":7,"enemies":"2 Louse","floor":5,"turns":3},{"damage":20,"enemies":"Gremlin Nob","floor":6,"turns":3}],"seed_played":"4931087683660187072","potions_obtained":[{"floor":1,"key":"Death Potion"},{"floor":3,"key":"Ancient Potion"}],"is_trial":true,"path_per_floor":["M","?","M","$","M","E"],"character_chosen":"DOCTOR_CLASS","items_purchased":["ats:Sword Rain"],"campfire_rested":0,"item_purchase_floors":[4],"current_hp_per_floor":[38,38,21,21,14,0,0],"gold":53,"neow_bonus":"","is_daily":false,"chose_seed":false,"campfire_upgraded":0,"win_rate":0.0,"timestamp":1611550678,"path_taken":["M","?","M","$","M","E"],"items_purchased_type":["Card"],"build_version":"2020-12-22","purchased_purges":0,"victory":false,"max_hp_per_floor":[72,72,72,72,72,72,72],"card_choices":[{"not_picked":["AirStrike:ReiMu","ats:Assault Order"],"picked":"ats:Beaten Up","floor":1},{"not_picked":["ats:Leaping Hammer","ats:Poison Spread","ats:Ignite"],"picked":"AlertArray:ReiMu","floor":3},{"not_picked":["Enchanting:ReiMu","SubcavityInstant:ReiMu"],"picked":"ats:Chain Hook","floor":5}],"player_experience":122547,"relics_obtained":[],"event_choices":[{"damage_healed":0,"gold_gain":0,"player_choice":"Ignored","damage_taken":0,"max_hp_gain":0,"max_hp_loss":0,"event_name":"Golden Wing","floor":2,"gold_loss":0}],"is_beta":false,"boss_relics":[],"items_purged_floors":[],"is_endless":true,"potions_floor_spawned":[1,3],"killed_by":"Gremlin Nob","ascension_level":20}}