{"host":"3zb3nk4wvq0dtbuh","time":1611573856,"event":{"mods":["AchievementEnabler","BaseMod","Lobotomy","Minty Spire (QoL Compilation)","Quick Restart","StSLib","SuperFastMode","The Blackbeard"],"gold_per_floor":[11,11,25,25,45,45,56,56,83,100,118,118,118,134,134,236,236,254,254,271,286,305,305,320,235,258,5,18,18,18,38,38,38,38],"floor_reached":33,"language":"ZHS","playtime":531,"items_purged":[],"score":243,"play_id":"c2ff4188-f210-45bc-82e5-567783177938","local_time":"20210125192416","is_ascension_mode":false,"campfire_choices":[{"floor":6.0,"key":"DIG"},{"floor":8.0,"key":"DIG"},{"floor":12.0,"key":"DIG"},{"data":"Perfected Strike","floor":15.0,"key":"SMITH"},{"floor":23.0,"key":"DIG"},{"floor":29.0,"key":"REST"},{"floor":32,"key":"REST"}],"circlet_count":0,"master_deck":["Strike_R","Strike_R","Strike_R+1","Strike_R+1","Defend_R+1","Defend_R","Defend_R+1","Defend_R+1","Bash","Iron Wave","Wild Strike+1","Pommel Strike","Clothesline","Warcry","Perfected Strike+1","Clash","Headbutt","Perfected Strike","Shrug It Off"],"relics":["Burning Blood","Shovel","Whetstone","Girya","War Paint","Sundial","WingedGreaves","Sozu","Bronze Scales","Smiling Mask","Nunchaku","Medical Kit","Centennial Puzzle"],"acts_visited":["Exordium","TheCity"],"potions_floor_usage":[],"damage_taken":[{"damage":6.0,"enemies":"Small Slimes","floor":1.0,"turns":4.0},{"damage":6.0,"enemies":"Jaw Worm","floor":3.0,"turns":4.0},{"damage":0.0,"enemies":"2 Louse","floor":5.0,"turns":2.0},{"damage":8.0,"enemies":"Gremlin Gang","floor":7.0,"turns":3.0},{"damage":11.0,"enemies":"3 Louse","floor":10.0,"turns":2.0},{"damage":2.0,"enemies":"Looter","floor":11.0,"turns":2.0},{"damage":1.0,"enemies":"Red Slaver","floor":14.0,"turns":3.0},{"damage":23.0,"enemies":"Slime Boss","floor":16.0,"turns":10.0},{"damage":9.0,"enemies":"Shell Parasite","floor":18.0,"turns":5.0},{"damage":25.0,"enemies":"2 Thieves","floor":20.0,"turns":3.0},{"damage":17.0,"enemies":"Snake Plant","floor":21.0,"turns":3.0},{"damage":12.0,"enemies":"Centurion and Healer","floor":22.0,"turns":5.0},{"damage":21.0,"enemies":"Sentry and Sphere","floor":24.0,"turns":4.0},{"damage":21.0,"enemies":"3 Cultists","floor":28.0,"turns":4.0},{"damage":15,"enemies":"Cultist and Chosen","floor":31,"turns":5},{"damage":0,"enemies":"Champ","floor":33,"turns":1}],"seed_played":"720200808602334055","potions_obtained":[{"floor":3.0,"key":"Fire Potion"},{"floor":11.0,"key":"Fire Potion"},{"floor":16.0,"key":"HeartOfIron"}],"is_trial":false,"path_per_floor":["M","?","M","?","M","R","M","R","T","M","M","R","?","M","R","B",null,"M","?","M","M","M","R","M","?","T","$","M","R","?","M","R","B"],"character_chosen":"IRONCLAD","items_purchased":["Medical Kit","Perfected Strike","Shrug It Off"],"campfire_rested":2,"item_purchase_floors":[27,27,27],"current_hp_per_floor":[80,80,80,64,70,70,68,68,68,63,67,67,49,54,54,37,80,77,77,58,47,41,41,26,26,26,26,11,35,35,26,50,50,50],"gold":38,"neow_bonus":"ONE_RARE_RELIC","is_daily":false,"chose_seed":false,"campfire_upgraded":1,"win_rate":0.0,"timestamp":1611573856,"path_taken":["M","?","M","?","M","R","M","R","T","M","M","R","?","?","R","BOSS","M","?","M","?","M","R","M","?","T","$","M","R","?","?","R","BOSS"],"items_purchased_type":["Relic","Card","Card"],"build_version":"2020-12-22","purchased_purges":0,"victory":false,"max_hp_per_floor":[80,80,80,80,80,80,80,80,80,80,80,80,80,80,80,80,80,80,80,80,80,80,80,80,80,80,80,80,80,80,80,80,80,80],"card_choices":[{"not_picked":["Clothesline","Dual Wield"],"picked":"Iron Wave","floor":1.0},{"not_picked":["Hemokinesis","Heavy Blade"],"picked":"Wild Strike","floor":3.0},{"not_picked":["Metallicize","Pummel"],"picked":"Pommel Strike","floor":5.0},{"not_picked":["Sword Boomerang","Spot Weakness"],"picked":"Clothesline","floor":7.0},{"not_picked":["Heavy Blade","Uppercut"],"picked":"Warcry","floor":10.0},{"not_picked":["Clash","Battle Trance"],"picked":"Perfected Strike","floor":11.0},{"not_picked":["Clothesline","Bloodletting","Sword Boomerang"],"picked":"SKIP","floor":14.0},{"not_picked":["Body Slam","Heavy Blade","Fire Breathing+1"],"picked":"SKIP","floor":18.0},{"not_picked":["Cleave","Heavy Blade"],"picked":"Clash","floor":20.0},{"not_picked":["Hemokinesis+1","Iron Wave"],"picked":"Headbutt","floor":21.0},{"not_picked":["Fire Breathing","Flex+1","Headbutt+1"],"picked":"SKIP","floor":22.0},{"not_picked":["Exhume","Entrench+1","Whirlwind"],"picked":"SKIP","floor":24.0},{"not_picked":["Fire Breathing","Headbutt","Shockwave+1"],"picked":"SKIP","floor":28.0},{"not_picked":["Havoc","Spot Weakness","Heavy Blade"],"picked":"SKIP","floor":31}],"player_experience":20781,"relics_obtained":[{"floor":6.0,"key":"Whetstone"},{"floor":8.0,"key":"Girya"},{"floor":9.0,"key":"War Paint"},{"floor":12.0,"key":"Sundial"},{"floor":23.0,"key":"Bronze Scales"},{"floor":26.0,"key":"Nunchaku"}],"event_choices":[{"cards_removed":["Strike_R"],"damage_healed":0.0,"max_hp_gain":0.0,"max_hp_loss":0.0,"gold_gain":0.0,"event_name":"Living Wall","player_choice":"Forget","floor":2.0,"gold_loss":0.0,"damage_taken":0.0},{"damage_healed":0.0,"max_hp_gain":0.0,"max_hp_loss":0.0,"gold_gain":0.0,"event_name":"Shining Light","player_choice":"Entered Light","floor":4.0,"gold_loss":0.0,"damage_taken":16.0,"cards_upgraded":["Defend_R","Strike_R"]},{"damage_healed":0.0,"max_hp_gain":0.0,"max_hp_loss":0.0,"gold_gain":0.0,"event_name":"Scrap Ooze","player_choice":"Success","floor":13.0,"gold_loss":0.0,"damage_taken":18.0,"relics_obtained":["WingedGreaves"]},{"damage_healed":0.0,"max_hp_gain":0.0,"max_hp_loss":0.0,"gold_gain":0.0,"event_name":"N\u0027loth","player_choice":"Ignored","floor":19.0,"gold_loss":0.0,"damage_taken":0.0},{"damage_healed":0.0,"max_hp_gain":0.0,"max_hp_loss":0.0,"gold_gain":0.0,"event_name":"Addict","player_choice":"Obtained Relic","floor":25.0,"gold_loss":85.0,"damage_taken":0.0,"relics_obtained":["Smiling Mask"]},{"damage_healed":0.0,"max_hp_gain":0.0,"max_hp_loss":0.0,"gold_gain":0.0,"event_name":"WeMeetAgain","player_choice":"Gave Potion","floor":30.0,"gold_loss":0.0,"damage_taken":0.0,"relics_obtained":["Centennial Puzzle"]}],"is_beta":false,"boss_relics":[{"not_picked":["Pandora\u0027s Box","Philosopher\u0027s Stone"],"picked":"Sozu"}],"items_purged_floors":[],"is_endless":false,"potions_floor_spawned":[3,11,16,20,24,28],"killed_by":"Champ","ascension_level":0}}