{"host":"hwrdjx5eod2cxh09","time":1611580899,"event":{"mods":["AchievementEnabler","BaseMod","Bestiary","Minty Spire (QoL Compilation)","Relic Stats"],"gold_per_floor":[109,59,59,71,146,180,192,209,209,223,223,95,105,125,125,125,125],"floor_reached":16,"language":"ENG","playtime":479,"items_purged":["Strike_R"],"score":129,"play_id":"78ccd21c-c94b-4675-aaa3-ff39956f9aa1","local_time":"20210125222139","is_ascension_mode":false,"campfire_choices":[{"data":"True Grit","floor":11,"key":"SMITH"},{"data":"True Grit","floor":15,"key":"SMITH"}],"circlet_count":0,"master_deck":["Strike_R","Strike_R","Strike_R","Defend_R","Defend_R","Defend_R","Defend_R","Bash","Iron Wave","Cleave","Shrug It Off","True Grit+1","Twin Strike","True Grit+1"],"relics":["Burning Blood","NeowsBlessing","Lantern","Sundial"],"acts_visited":["Exordium"],"potions_floor_usage":[16],"damage_taken":[{"damage":0,"enemies":"Small Slimes","floor":1,"turns":1},{"damage":0,"enemies":"Jaw Worm","floor":4,"turns":1},{"damage":0,"enemies":"Lagavulin","floor":6,"turns":1},{"damage":1,"enemies":"Cultist","floor":7,"turns":3},{"damage":9,"enemies":"Exordium Wildlife","floor":8,"turns":6},{"damage":0,"enemies":"Large Slime","floor":10,"turns":5},{"damage":0,"enemies":"2 Fungi Beasts","floor":13,"turns":3},{"damage":8,"enemies":"3 Louse","floor":14,"turns":4},{"damage":70,"enemies":"Hexaghost","floor":16,"turns":21}],"seed_played":"-529391390164084550","potions_obtained":[{"floor":6,"key":"Dexterity Potion"},{"floor":13,"key":"ColorlessPotion"}],"is_trial":false,"path_per_floor":["M","?","?","M","?","E","M","M","T","M","R","$","M","M","R","B"],"character_chosen":"IRONCLAD","items_purchased":["Twin Strike"],"campfire_rested":0,"item_purchase_floors":[12],"current_hp_per_floor":[80,80,80,80,69,75,80,77,77,80,80,80,80,78,78,8,8],"gold":125,"neow_bonus":"THREE_ENEMY_KILL","is_daily":false,"chose_seed":false,"campfire_upgraded":2,"win_rate":0.0,"timestamp":1611580899,"path_taken":["M","?","?","?","?","E","M","M","T","M","R","?","M","M","R","BOSS"],"items_purchased_type":["Card"],"build_version":"2020-12-22","purchased_purges":1,"victory":false,"max_hp_per_floor":[80,80,80,80,80,80,80,80,80,80,80,80,80,80,80,80,80],"relic_stats":{"counters":[9,45],"Sundial":[8],"obtain_stats":[{"Lantern":6,"NeowsBlessing":0,"Sundial":9,"Burning Blood":0},{"Lantern":3,"NeowsBlessing":0,"Sundial":5,"Burning Blood":0},{"Lantern":3,"NeowsBlessing":0,"Sundial":12,"Burning Blood":0}],"Burning Blood":27},"card_choices":[{"not_picked":["Blood for Blood","Sword Boomerang"],"picked":"Iron Wave","floor":1},{"not_picked":["Heavy Blade","Evolve"],"picked":"Cleave","floor":4},{"not_picked":["Havoc","Uppercut","Exhume"],"picked":"SKIP","floor":6},{"not_picked":["Heavy Blade","Perfected Strike"],"picked":"Shrug It Off","floor":7},{"not_picked":["Pummel","Searing Blow"],"picked":"True Grit","floor":8},{"not_picked":["Berserk","Sentinel","Shockwave"],"picked":"SKIP","floor":10},{"not_picked":["Anger","Power Through","Second Wind"],"picked":"SKIP","floor":13},{"not_picked":["Flex","Warcry"],"picked":"True Grit","floor":14}],"player_experience":299545,"relics_obtained":[{"floor":6,"key":"Lantern"},{"floor":9,"key":"Sundial"}],"event_choices":[{"cards_removed":["Strike_R"],"damage_healed":0,"gold_gain":0,"player_choice":"Card Removal","damage_taken":0,"max_hp_gain":0,"max_hp_loss":0,"event_name":"The Cleric","floor":2,"gold_loss":50},{"damage_healed":0,"gold_gain":0,"player_choice":"Ignored","damage_taken":0,"max_hp_gain":0,"max_hp_loss":0,"event_name":"NoteForYourself","floor":3,"gold_loss":0},{"damage_healed":0,"gold_gain":75,"player_choice":"Gather Gold","damage_taken":11,"max_hp_gain":0,"max_hp_loss":0,"event_name":"World of Goop","floor":5,"gold_loss":0}],"is_beta":false,"boss_relics":[],"items_purged_floors":[12],"is_endless":false,"potions_floor_spawned":[6,13],"killed_by":"Hexaghost","ascension_level":0}}