{"host":"uv5ws9rdk87e8i5k","time":1611602530,"event":{"mods":["AchievementEnabler","BaseMod","Colored Map","Minty Spire (QoL Compilation)","Permanent Neow","StSLib","SuperFastMode","The Necromancer"],"gold_per_floor":[319,163,177,177,196,221,221,246,246,281,356,373,387,405,405,509,509,528,245,51,51,61,88,88,116,139,139,151,163,196,210,210,210,210],"floor_reached":33,"language":"ENG","playtime":726,"items_purged":["Strike_W","Regret","Strike_W"],"score":547,"play_id":"7271ca89-fb52-4251-8b5c-a3b7e293d44c","local_time":"20210125132210","is_ascension_mode":true,"campfire_choices":[{"data":"Summon_Undead_Army","floor":7.0,"key":"SMITH"},{"data":"Vampiric_Strike","floor":15.0,"key":"SMITH"},{"data":"Grasp_Heart","floor":24.0,"key":"SMITH"},{"data":"1","floor":32,"key":"LIFT"}],"circlet_count":0,"master_deck":["Strike_W","Strike_W","Defend_W","Defend_W","Defend_W","Defend_W","Negative_Energy_Arrows","Bone_Wall","Vampiric_Strike+1","Summon_Undead_Army+1","Negative_Energy_Javelin","Negative_Energy_Javelin","Uncharnel","Uncharnel","Grasp_Heart+1","Bone_Prison","Spectral_Armor","Bone_Prison","Hellfire","Blood_Whip+1"],"relics":["Vampire_Amulet","Old Coin","Oddly Smooth Stone","CaptainsWheel","Nunchaku","Question Card","Du-Vu Doll","Pear","Runic Dome","Toy Ornithopter","MutagenicStrength","Omamori","Girya","Lantern","Meat on the Bone","Boot"],"acts_visited":["Exordium","TheCity"],"potions_floor_usage":[30,33],"damage_taken":[{"damage":0.0,"enemies":"2 Louse","floor":1.0,"turns":3.0},{"damage":8.0,"enemies":"Jaw Worm","floor":3.0,"turns":4.0},{"damage":10.0,"enemies":"Cultist","floor":5.0,"turns":4.0},{"damage":7.0,"enemies":"Gremlin Nob","floor":6.0,"turns":3.0},{"damage":15.0,"enemies":"3 Sentries","floor":8.0,"turns":7.0},{"damage":29.0,"enemies":"Lagavulin","floor":10.0,"turns":7.0},{"damage":6.0,"enemies":"2 Fungi Beasts","floor":12.0,"turns":3.0},{"damage":2.0,"enemies":"Large Slime","floor":13.0,"turns":4.0},{"damage":16.0,"enemies":"Lots of Slimes","floor":14.0,"turns":5.0},{"damage":30.0,"enemies":"The Guardian","floor":16.0,"turns":9.0},{"damage":1.0,"enemies":"Chosen","floor":18.0,"turns":4.0},{"damage":27.0,"enemies":"3 Byrds","floor":22.0,"turns":4.0},{"damage":20.0,"enemies":"Slavers","floor":23.0,"turns":5.0},{"damage":21.0,"enemies":"Book of Stabbing","floor":25.0,"turns":5.0},{"damage":6.0,"enemies":"Cultist and Chosen","floor":28.0,"turns":4.0},{"damage":0.0,"enemies":"Sentry and Sphere","floor":29.0,"turns":3.0},{"damage":4,"enemies":"Gremlin Leader","floor":30,"turns":4},{"damage":12,"enemies":"Snake Plant","floor":31,"turns":3},{"damage":2,"enemies":"Automaton","floor":33,"turns":2}],"seed_played":"-806502145321073710","potions_obtained":[{"floor":1.0,"key":"AttackPotion"},{"floor":5.0,"key":"AttackPotion"},{"floor":10.0,"key":"Swift Potion"},{"floor":13.0,"key":"GamblersBrew"},{"floor":22.0,"key":"BlessingOfTheForge"},{"floor":23.0,"key":"GamblersBrew"},{"floor":28.0,"key":"LiquidMemories"}],"is_trial":false,"path_per_floor":["M","$","M","?","M","E","R","E","T","E","T","M","M","M","R","B",null,"M","$","$","?","M","E","R","E","T","?","M","M","E","M","R","B"],"character_chosen":"NECROMANCER","items_purchased":["Summon_Undead_Army","Bone_Prison","Toy Ornithopter","Spectral_Armor"],"campfire_rested":0,"item_purchase_floors":[2,19,19,20],"current_hp_per_floor":[72,72,68,68,64,59,59,54,54,29,39,39,43,40,40,17,68,72,72,72,72,54,45,45,29,29,29,42,51,61,51,51,54,54],"gold":210,"neow_bonus":"ONE_RARE_RELIC","is_daily":false,"chose_seed":false,"campfire_upgraded":3,"win_rate":0.0,"timestamp":1611602530,"path_taken":["M","$","M","?","M","E","R","E","T","E","?","M","M","?","R","BOSS","M","?","$","?","M","E","R","E","T","?","?","M","E","M","R","BOSS"],"items_purchased_type":["Card","Card","Relic","Card"],"build_version":"2020-12-22","purchased_purges":3,"victory":false,"max_hp_per_floor":[75,75,75,75,75,75,75,75,75,75,85,85,85,85,85,85,85,85,85,85,85,85,85,85,85,85,85,85,85,85,85,85,85,85],"card_choices":[{"not_picked":["Negative_Energy_Shield","Life_Drain"],"picked":"Vampiric_Strike","floor":1.0},{"not_picked":["Toxic_Smoke_Screen","Chill_Blood","Vampiric_Strike"],"picked":"SKIP","floor":3.0},{"not_picked":["Bone_Armor","Shackles_Of_Pain","Negative_Energy_Mist"],"picked":"SKIP","floor":5.0},{"not_picked":["Vampiric_Strike","Reap_The_Weak"],"picked":"Negative_Energy_Javelin","floor":6.0},{"not_picked":["Blood_Curse","Bone_Bullets","Chill_Blood"],"picked":"SKIP","floor":8.0},{"not_picked":["Negative_Energy_Mist","Blood_Curse","Toxic_Smoke_Screen"],"picked":"Negative_Energy_Javelin","floor":10.0},{"not_picked":["Flesh_Made_Foul","Violent_Necrosis","Slay_Living"],"picked":"Uncharnel","floor":12.0},{"not_picked":["Life_Drain","Consume_Illness","Shackles_Of_Pain","Bone_Armory"],"picked":"SKIP","floor":13.0},{"not_picked":["Negative_Energy_Javelin","Bone_Spikes","Consume_Illness"],"picked":"Uncharnel","floor":14.0},{"not_picked":["Cloudkill","Blood_Wake","Reap_The_Weak"],"picked":"Grasp_Heart","floor":16.0},{"not_picked":["Bone_Spikes","Toxic_Smoke_Screen","Life_Drain","Shackles_Of_Pain"],"picked":"SKIP","floor":18.0},{"not_picked":["Blood_Shield","Bone_Armory","Strike_from_Beyond","Corrupt"],"picked":"SKIP","floor":22.0},{"not_picked":["Death_Coil","Blood_for_Blood","Blood_Whip+1"],"picked":"Bone_Prison","floor":23.0},{"not_picked":["Negative_Energy_Mist+1","Negative_Energy_Javelin","Shackles_Of_Pain"],"picked":"Hellfire","floor":25.0},{"not_picked":["Blood_Whip","Vampiric_Strike","Toxic_Smoke_Screen+1","Death_Coil"],"picked":"SKIP","floor":28.0},{"not_picked":["Finger_Of_Death+1","Negative_Energy_Javelin","Blood_Shield"],"picked":"Blood_Whip+1","floor":29.0},{"not_picked":["Negative_Energy_Javelin","Epidemic","Blood_Whip+1","Skeleton_Dragon"],"picked":"SKIP","floor":30},{"not_picked":["Bone_Spikes+1","Negative_Energy_Mist+1","Bone_Bullets","Blood_Whip"],"picked":"SKIP","floor":31}],"player_experience":276936,"relics_obtained":[{"floor":6.0,"key":"CaptainsWheel"},{"floor":8.0,"key":"Nunchaku"},{"floor":9.0,"key":"Question Card"},{"floor":10.0,"key":"Du-Vu Doll"},{"floor":11.0,"key":"Pear"},{"floor":23.0,"key":"Omamori"},{"floor":25.0,"key":"Girya"},{"floor":26.0,"key":"Lantern"},{"floor":30,"key":"Boot"}],"event_choices":[{"damage_healed":0.0,"max_hp_gain":0.0,"max_hp_loss":0.0,"gold_gain":0.0,"event_name":"Big Fish","player_choice":"Box","floor":4.0,"gold_loss":0.0,"damage_taken":0.0,"relics_obtained":["Oddly Smooth Stone"],"cards_obtained":["Regret"]},{"damage_healed":0.0,"max_hp_gain":0.0,"max_hp_loss":0.0,"gold_gain":0.0,"event_name":"Drug Dealer","player_choice":"Inject Mutagens","floor":21.0,"gold_loss":0.0,"damage_taken":0.0,"relics_obtained":["MutagenicStrength"]},{"damage_healed":0.0,"max_hp_gain":0.0,"max_hp_loss":0.0,"gold_gain":0.0,"event_name":"WeMeetAgain","player_choice":"Gave Potion","floor":27.0,"gold_loss":0.0,"damage_taken":0.0,"relics_obtained":["Meat on the Bone"]}],"is_beta":false,"boss_relics":[{"not_picked":["SacredBark","Coffee Dripper"],"picked":"Runic Dome"}],"items_purged_floors":[2,19,20],"is_endless":false,"potions_floor_spawned":[1,5,10,13,22,23,28],"killed_by":"Automaton","ascension_level":9}}