{"host":"bvp2uifzy1c463d9","time":1611616016,"event":{"mods":["BaseMod","Block Reminder","Colored Map","Colored Powertips","Hermit","Highlight Path","Infinite Spire","Minty Spire (QoL Compilation)","Random Character Button","Relic Stats","Replay The Spire","StSLib","The Jungle"],"gold_per_floor":[112,112,127,146,160,201,201,201,201,201,201,201,217,233,247,58,58,58,58],"floor_reached":18,"language":"ENG","playtime":1322,"items_purged":["Strike_R"],"score":116,"play_id":"bfb0f56c-7994-4c61-b126-bfe661ab2b11","local_time":"20210125170656","is_ascension_mode":false,"campfire_choices":[{"data":"True Grit","floor":8,"key":"SMITH"},{"data":"ReplayTheSpireMod:Strike From Hell","floor":12,"key":"SMITH"},{"data":"Defend_R","floor":17,"key":"PURGE"}],"circlet_count":0,"master_deck":["Strike_R","Strike_R","Strike_R","Strike_R","Defend_R","Defend_R","Defend_R","Bash","Impatience","True Grit+1","Flame Barrier","Power Through","ReplayTheSpireMod:Strike From Hell+1","Exhume","Replay:Undeath\u0027s Touch","Disarm","Abandon"],"relics":["Burning Blood","Golden Idol","infinitespire:Beetle Shell","infinitespire:CheckeredPen","Membership Card"],"acts_visited":["Exordium"],"potions_floor_usage":[7,18],"damage_taken":[{"damage":6,"enemies":"Jaw Worm","floor":1,"turns":3},{"damage":0,"enemies":"Small Slimes","floor":3,"turns":3},{"damage":5,"enemies":"Cultist","floor":4,"turns":4},{"damage":0,"enemies":"Blue Slaver","floor":5,"turns":5},{"damage":12,"enemies":"Replay:BlueRogue","floor":6,"turns":11},{"damage":0,"enemies":"Exordium Wildlife","floor":7,"turns":1},{"damage":1,"enemies":"3 Louse","floor":13,"turns":5},{"damage":7,"enemies":"Blue Slaver","floor":14,"turns":3},{"damage":0,"enemies":"2 Fungi Beasts","floor":15,"turns":3},{"damage":98,"enemies":"Hexaghost","floor":18,"turns":21}],"seed_played":"844995835755453636","potions_obtained":[{"floor":1,"key":"Regen Potion"},{"floor":3,"key":"SmokeBomb"}],"is_trial":false,"path_per_floor":["M","?","M","M","M","E","M","R","T","PTL","PTL","R","M","M","M","$","R_BF","B"],"character_chosen":"IRONCLAD","items_purchased":["Membership Card"],"campfire_rested":0,"item_purchase_floors":[16],"current_hp_per_floor":[80,60,66,67,73,67,73,73,73,73,73,73,78,77,80,80,80,0,0],"gold":58,"neow_bonus":"RANDOM_COLORLESS","is_daily":false,"chose_seed":false,"campfire_upgraded":2,"win_rate":0.0,"timestamp":1611616016,"path_taken":["M","?","M","M","M","E","M","R","T","PTL","PTL","R","M","M","M","$","R_BF","BOSS"],"items_purchased_type":["Relic"],"build_version":"2020-12-22","purchased_purges":1,"victory":false,"max_hp_per_floor":[80,80,80,80,80,80,80,80,80,80,80,80,80,80,80,80,80,80,80],"relic_stats":{"counters":[10,59],"Golden Idol":32,"obtain_stats":[{"Golden Idol":2,"infinitespire:Beetle Shell":6,"infinitespire:CheckeredPen":9,"Membership Card":16,"Burning Blood":0},{"Golden Idol":1,"infinitespire:Beetle Shell":5,"infinitespire:CheckeredPen":6,"Membership Card":9,"Burning Blood":0},{"Golden Idol":3,"infinitespire:Beetle Shell":26,"infinitespire:CheckeredPen":27,"Membership Card":38,"Burning Blood":0}],"Burning Blood":51},"card_choices":[{"not_picked":["Bandage Up","Replay:Bootleg Shield Generator"],"picked":"Impatience","floor":0},{"not_picked":["Anger","Havoc"],"picked":"True Grit","floor":1},{"not_picked":["Heavy Blade","Hemokinesis"],"picked":"Flame Barrier","floor":3},{"not_picked":["Searing Blow","True Grit"],"picked":"Power Through","floor":4},{"not_picked":["Massacre","Heavy Blade"],"picked":"ReplayTheSpireMod:Strike From Hell","floor":5},{"not_picked":["Shockwave","Clash"],"picked":"Exhume","floor":6},{"not_picked":["Shrug It Off","Power Through"],"picked":"Replay:Undeath\u0027s Touch","floor":13},{"not_picked":["Heavy Blade","Iron Wave"],"picked":"Disarm","floor":14},{"not_picked":["Twin Strike","Massacre"],"picked":"Abandon","floor":15}],"player_experience":174045,"relics_obtained":[{"floor":6,"key":"infinitespire:Beetle Shell"},{"floor":9,"key":"infinitespire:CheckeredPen"}],"event_choices":[{"damage_healed":0,"gold_gain":0,"player_choice":"Take Damage","damage_taken":20,"relics_obtained":["Golden Idol"],"max_hp_gain":0,"max_hp_loss":0,"event_name":"Golden Idol","floor":2,"gold_loss":0}],"is_beta":false,"boss_relics":[],"items_purged_floors":[16],"is_endless":false,"potions_floor_spawned":[1,3,7],"killed_by":"Hexaghost","ascension_level":0}}