{"host":"cimxalwyqyblhb3d","time":1611600313,"event":{"mods":["AchievementEnabler","BaseMod","Colored Powertips","Evolution","Minty Spire (QoL Compilation)","Quick Restart","Relic Stats","StSLib"],"gold_per_floor":[116,126,141,153,228,228,5,39,39,39,53,81,47,47,47,151,151,171,183,183,183,183,183,183,183,183,183,203,203,21,50,50,148,148,162,176,176,190,190,190,209,209,209],"floor_reached":42,"language":"FRA","playtime":1811,"items_purged":["Strike_G"],"score":618,"play_id":"b0df7d08-693b-4193-9e5a-f6707a88c659","local_time":"20210125194513","is_ascension_mode":true,"campfire_choices":[{"data":"After Image","floor":6,"key":"SMITH"},{"data":"Bouncing Flask","floor":10,"key":"SMITH"},{"data":"Noxious Fumes","floor":15,"key":"SMITH"},{"data":"Noxious Fumes","floor":23,"key":"SMITH"},{"data":"Venomology","floor":25,"key":"SMITH"},{"data":"Catalyst","floor":32,"key":"SMITH"},{"data":"Venomology","floor":40,"key":"SMITH"}],"circlet_count":0,"master_deck":["Strike_G","Strike_G","Strike_G","Strike_G","Defend_G","Defend_G","Defend_G","Defend_G","Defend_G","Survivor","Neutralize","After Image+1","Noxious Fumes+1","Escape Plan+1","Catalyst","Noxious Fumes+1","Bouncing Flask+1","Catalyst+1","Concentrate+1","Venomology+1","Poisoned Stab+1","Deadly Poison","Venomology+1","Bane+1"],"relics":["Ring of the Snake","EVO:Axolotl","Bag of Marbles","Lantern","Ninja Scroll","Tough Bandages","Runic Pyramid","Enchiridion","Gambling Chip","MutagenicStrength","Membership Card","Centennial Puzzle","Philosopher\u0027s Stone","CeramicFish"],"acts_visited":["Exordium","TheCity","TheBeyond"],"potions_floor_usage":[8,8,12,24,28,28,31,31,31,33,33,33,35,36,36,36,38,41,41,42],"damage_taken":[{"damage":0.0,"enemies":"Cultist","floor":1.0,"turns":4.0},{"damage":4.0,"enemies":"Small Slimes","floor":2.0,"turns":4.0},{"damage":4.0,"enemies":"2 Louse","floor":3.0,"turns":3.0},{"damage":9,"enemies":"Looter","floor":4,"turns":4},{"damage":1,"enemies":"Gremlin Nob","floor":8,"turns":3},{"damage":7,"enemies":"Large Slime","floor":11,"turns":4},{"damage":2,"enemies":"3 Sentries","floor":12,"turns":6},{"damage":14,"enemies":"Slime Boss","floor":16,"turns":7},{"damage":4,"enemies":"Spheric Guardian","floor":18,"turns":3},{"damage":11,"enemies":"2 Thieves","floor":19,"turns":4},{"damage":0,"enemies":"Slavers","floor":24,"turns":1},{"damage":5,"enemies":"3 Cultists","floor":28,"turns":5},{"damage":0,"enemies":"Book of Stabbing","floor":31,"turns":4},{"damage":13,"enemies":"Automaton","floor":33,"turns":6},{"damage":0,"enemies":"3 Shapes","floor":35,"turns":4},{"damage":0,"enemies":"3 Darklings","floor":36,"turns":5},{"damage":13,"enemies":"Writhing Mass","floor":38,"turns":6},{"damage":30,"enemies":"Jaw Worm Horde","floor":41,"turns":5},{"damage":20,"enemies":"Maw","floor":42,"turns":2}],"seed_played":"5562771570375863787","potions_obtained":[{"floor":2.0,"key":"SkillPotion"},{"floor":3.0,"key":"Block Potion"},{"floor":11,"key":"LiquidMemories"},{"floor":12,"key":"SmokeBomb"},{"floor":18,"key":"EntropicBrew"},{"floor":19,"key":"FearPotion"},{"floor":31,"key":"Block Potion"},{"floor":33,"key":"Energy Potion"},{"floor":35,"key":"BlessingOfTheForge"}],"is_trial":false,"path_per_floor":["M","M","M","M","?","R","$","E","T","R","M","E","$","?","R","B",null,"M","M","?","?","$","R","E","R","T","?","M","?","$","E","R","B",null,"M","M","$","M","?","R","M","M"],"character_chosen":"THE_SILENT","items_purchased":["Bouncing Flask","Bag of Marbles","Concentrate","Membership Card"],"campfire_rested":0,"item_purchase_floors":[7,7,13,30],"current_hp_per_floor":[70,66,62,53,42,42,42,41,41,41,34,32,32,18,18,4,54,50,39,62,46,46,46,46,46,46,46,41,41,41,41,41,28,60,60,60,60,47,47,47,17,0,0],"gold":209,"neow_bonus":"ONE_RANDOM_RARE_CARD","is_daily":false,"chose_seed":false,"campfire_upgraded":7,"win_rate":0.0,"timestamp":1611600313,"path_taken":["M","M","M","?","?","R","$","E","T","R","M","E","$","?","R","BOSS","M","M","?","?","$","R","E","R","T","?","M","?","$","E","R","BOSS","M","M","$","M","?","R","?","?"],"items_purchased_type":["Card","Relic","Card","Relic"],"build_version":"2020-12-22","purchased_purges":1,"victory":false,"max_hp_per_floor":[70,70,70,70,70,70,70,70,70,70,70,70,70,70,70,70,70,70,70,70,70,70,70,70,70,70,70,70,70,70,70,70,70,70,70,70,70,70,70,70,70,70,70],"relic_stats":{"Tough Bandages":[138],"Centennial Puzzle":[9],"counters":[19,80],"Gambling Chip":[22],"CeramicFish":0,"obtain_stats":[{"Lantern":8,"CeramicFish":39,"Enchiridion":21,"EVO:Axolotl":0,"Tough Bandages":12,"Centennial Puzzle":31,"Ninja Scroll":9,"Gambling Chip":26,"MutagenicStrength":27,"Philosopher\u0027s Stone":34,"Bag of Marbles":7,"Membership Card":30,"Ring of the Snake":0,"Runic Pyramid":17},{"Lantern":5,"CeramicFish":17,"Enchiridion":10,"EVO:Axolotl":0,"Tough Bandages":7,"Centennial Puzzle":13,"Ninja Scroll":5,"Gambling Chip":11,"MutagenicStrength":11,"Philosopher\u0027s Stone":14,"Bag of Marbles":4,"Membership Card":12,"Ring of the Snake":0,"Runic Pyramid":8},{"Lantern":18,"CeramicFish":73,"Enchiridion":42,"EVO:Axolotl":0,"Tough Bandages":28,"Centennial Puzzle":52,"Ninja Scroll":18,"Gambling Chip":43,"MutagenicStrength":43,"Philosopher\u0027s Stone":58,"Bag of Marbles":15,"Membership Card":48,"Ring of the Snake":0,"Runic Pyramid":35}],"Ring of the Snake":[29]},"card_choices":[{"not_picked":["Quick Slash","Underhanded Strike"],"picked":"Noxious Fumes","floor":1.0},{"not_picked":["Reflex","Dodge and Roll"],"picked":"Escape Plan","floor":2.0},{"not_picked":["Reflex","Outmaneuver"],"picked":"Catalyst","floor":3.0},{"not_picked":["Dagger Throw","Bane"],"picked":"Noxious Fumes","floor":4},{"not_picked":["Predator","Finisher","Backflip"],"picked":"SKIP","floor":8},{"not_picked":["Dagger Throw","PiercingWail","Escape Plan"],"picked":"SKIP","floor":11},{"not_picked":["Malaise","Blade Dance"],"picked":"Catalyst","floor":12},{"not_picked":["Unload","Die Die Die"],"picked":"Venomology","floor":16},{"not_picked":["Quick Slash","Underhanded Strike"],"picked":"Poisoned Stab+1","floor":18},{"not_picked":["Underhanded Strike+1","Riddle With Holes+1","Tactician+1"],"picked":"SKIP","floor":19},{"not_picked":["Riddle With Holes","Dagger Spray"],"picked":"Deadly Poison","floor":28},{"not_picked":["Slice","Dodge and Roll","Flying Knee"],"picked":"SKIP","floor":31},{"not_picked":["After Image","Storm of Steel"],"picked":"Venomology","floor":33},{"not_picked":["PiercingWail+1","Expertise+1","Dagger Throw"],"picked":"SKIP","floor":35},{"not_picked":["Dagger Spray","Riddle With Holes","Deflect"],"picked":"SKIP","floor":36},{"not_picked":["Underhanded Strike+1","Deflect"],"picked":"Bane+1","floor":38},{"not_picked":["Doppelganger","Backflip+1","Skewer"],"picked":"SKIP","floor":41}],"player_experience":531054,"relics_obtained":[{"floor":8,"key":"Lantern"},{"floor":9,"key":"Ninja Scroll"},{"floor":12,"key":"Tough Bandages"},{"floor":21,"key":"Enchiridion"},{"floor":26,"key":"Gambling Chip"},{"floor":31,"key":"Centennial Puzzle"}],"event_choices":[{"damage_healed":0,"gold_gain":75,"player_choice":"Gather Gold","damage_taken":11,"max_hp_gain":0,"max_hp_loss":0,"event_name":"World of Goop","floor":5,"gold_loss":0},{"damage_healed":0,"gold_gain":0,"player_choice":"Entered Light","damage_taken":14,"max_hp_gain":0,"max_hp_loss":0,"event_name":"Shining Light","floor":14,"gold_loss":0,"cards_upgraded":["Concentrate","Escape Plan"]},{"damage_healed":23,"gold_gain":0,"player_choice":"Heal","damage_taken":0,"max_hp_gain":0,"max_hp_loss":0,"event_name":"The Library","floor":20,"gold_loss":0},{"damage_healed":0,"gold_gain":0,"player_choice":"Obtained Book","damage_taken":16,"max_hp_gain":0,"max_hp_loss":0,"event_name":"Cursed Tome","floor":21,"gold_loss":0},{"damage_healed":0,"gold_gain":0,"player_choice":"Inject Mutagens","damage_taken":0,"relics_obtained":["MutagenicStrength"],"max_hp_gain":0,"max_hp_loss":0,"event_name":"Drug Dealer","floor":27,"gold_loss":0},{"damage_healed":0,"gold_gain":0,"player_choice":"Ignored","damage_taken":0,"max_hp_gain":0,"max_hp_loss":0,"event_name":"Ghosts","floor":29,"gold_loss":0},{"damage_healed":0,"gold_gain":0,"player_choice":"Gave Potion","damage_taken":0,"relics_obtained":["CeramicFish"],"max_hp_gain":0,"max_hp_loss":0,"event_name":"WeMeetAgain","floor":39,"gold_loss":0}],"is_beta":false,"boss_relics":[{"not_picked":["Fusion Hammer","Runic Dome"],"picked":"Runic Pyramid"},{"not_picked":["Black Star","Snecko Eye"],"picked":"Philosopher\u0027s Stone"}],"items_purged_floors":[30],"is_endless":false,"potions_floor_spawned":[2,3,11,12,18,19,31,33,35],"killed_by":"Maw","ascension_level":5}}