{"host":"vumwfieg2b2mnrfl","time":1611613796,"event":{"mods":["AchievementEnabler","BaseMod","Minty Spire (QoL Compilation)","Rare Cards Sparkle","Relic Stats"],"gold_per_floor":[157,174,174,249,299,381,381,413,493,547,547,572,244,276,276,374,374,411,426,173,98,157,188,188,188,188,103,103,103,138,179,179,179,179],"floor_reached":33,"language":"ENG","playtime":1233,"items_purged":[],"score":557,"play_id":"60d463cc-704e-41c1-8faf-58b533fd9db3","local_time":"20210125162956","is_ascension_mode":true,"campfire_choices":[{"floor":7,"key":"REST"},{"floor":11,"key":"REST"},{"data":"Armaments","floor":15,"key":"SMITH"},{"floor":24,"key":"REST"},{"data":"Metallicize","floor":28,"key":"SMITH"},{"floor":32,"key":"REST"}],"circlet_count":0,"master_deck":["AscendersBane","Strike_R","Strike_R","Strike_R","Strike_R","Defend_R","Defend_R","Defend_R","Bash","HandOfGreed","Armaments+1","Metallicize+1","Offering","Fire Breathing","Uppercut","Flame Barrier","Ghostly Armor","Metallicize","Headbutt","Double Tap","Rampage","Shrug It Off","Battle Trance","Armaments+1","Decay","Spot Weakness"],"relics":["Burning Blood","MealTicket","Singing Bowl","Boot","Meat on the Bone","Sozu","DollysMirror","Mango","HornCleat","StrikeDummy","Matryoshka"],"acts_visited":["Exordium","TheCity"],"potions_floor_usage":[6,12,16,16,23],"damage_taken":[{"damage":2,"enemies":"2 Louse","floor":1,"turns":6},{"damage":7,"enemies":"Jaw Worm","floor":2,"turns":4},{"damage":35,"enemies":"3 Sentries","floor":6,"turns":12},{"damage":7,"enemies":"Cultist","floor":8,"turns":4},{"damage":33,"enemies":"Exordium Wildlife","floor":10,"turns":6},{"damage":12,"enemies":"Gremlin Nob","floor":12,"turns":3},{"damage":16,"enemies":"Large Slime","floor":14,"turns":5},{"damage":32,"enemies":"The Guardian","floor":16,"turns":18},{"damage":11,"enemies":"3 Byrds","floor":18,"turns":5},{"damage":13,"enemies":"Spheric Guardian","floor":19,"turns":5},{"damage":25,"enemies":"Cultist and Chosen","floor":22,"turns":6},{"damage":35,"enemies":"Book of Stabbing","floor":23,"turns":7},{"damage":23,"enemies":"Slavers","floor":30,"turns":6},{"damage":21,"enemies":"Snake Plant","floor":31,"turns":4},{"damage":80,"enemies":"Automaton","floor":33,"turns":12}],"seed_played":"6138027971200581179","potions_obtained":[{"floor":1,"key":"BlessingOfTheForge"},{"floor":8,"key":"FearPotion"},{"floor":14,"key":"EntropicBrew"}],"is_trial":false,"path_per_floor":["M","M","?","?","?","E","R","M","T","M","R","E","$","M","R","B",null,"M","M","$","?","M","E","R","?","T","?","R","?","E","M","R","B"],"character_chosen":"IRONCLAD","items_purchased":["Metallicize","Meat on the Bone","Battle Trance","DollysMirror"],"campfire_rested":4,"item_purchase_floors":[13,13,20,20],"current_hp_per_floor":[68,67,67,56,56,27,47,46,46,19,39,33,48,50,50,36,60,55,48,63,63,46,45,70,70,70,70,70,70,55,52,78,0,0],"gold":179,"neow_bonus":"RANDOM_COLORLESS_2","is_daily":false,"chose_seed":false,"campfire_upgraded":2,"win_rate":0.0,"timestamp":1611613796,"path_taken":["M","M","?","?","?","E","R","M","T","M","R","E","$","M","R","BOSS","M","?","$","?","M","E","R","?","T","?","R","?","E","M","R","BOSS"],"items_purchased_type":["Card","Relic","Card","Relic"],"build_version":"2020-12-22","purchased_purges":0,"victory":false,"max_hp_per_floor":[68,68,68,68,68,68,68,68,68,68,68,68,68,68,68,68,68,68,68,68,68,70,86,86,86,86,86,86,86,88,88,88,88,88],"relic_stats":{"Sozu":4,"Singing Bowl":6,"counters":[15,103],"MealTicket":30,"Boot":[11],"obtain_stats":[{"Sozu":17,"HornCleat":26,"Matryoshka":30,"Singing Bowl":9,"DollysMirror":20,"MealTicket":6,"Mango":23,"Boot":12,"StrikeDummy":27,"Burning Blood":0,"Meat on the Bone":13},{"Sozu":8,"HornCleat":12,"Matryoshka":13,"Singing Bowl":4,"DollysMirror":10,"MealTicket":3,"Mango":12,"Boot":6,"StrikeDummy":12,"Burning Blood":0,"Meat on the Bone":6},{"Sozu":58,"HornCleat":81,"Matryoshka":87,"Singing Bowl":26,"DollysMirror":68,"MealTicket":22,"Mango":81,"Boot":35,"StrikeDummy":81,"Burning Blood":0,"Meat on the Bone":35}],"Burning Blood":80,"Meat on the Bone":48},"card_choices":[{"not_picked":["Metamorphosis","Secret Technique"],"picked":"HandOfGreed","floor":0},{"not_picked":["Inflame","Perfected Strike"],"picked":"Armaments","floor":1},{"not_picked":["Whirlwind","Shrug It Off"],"picked":"Metallicize","floor":2},{"not_picked":["Heavy Blade","Sentinel"],"picked":"Fire Breathing","floor":6},{"not_picked":["Feel No Pain","Wild Strike"],"picked":"Uppercut","floor":8},{"not_picked":["Twin Strike","True Grit"],"picked":"Flame Barrier","floor":10},{"not_picked":["Impervious","Burning Pact"],"picked":"Ghostly Armor","floor":12},{"not_picked":["Thunderclap","Second Wind"],"picked":"Headbutt","floor":14},{"not_picked":["Reaper","Bludgeon"],"picked":"Double Tap","floor":16},{"not_picked":["Warcry","Inflame"],"picked":"Rampage","floor":18},{"not_picked":["Pummel","Bloodletting"],"picked":"Shrug It Off","floor":19},{"not_picked":["Warcry","Cleave+1","Armaments"],"picked":"Singing Bowl","floor":22},{"not_picked":["Anger","Dropkick","Heavy Blade"],"picked":"Singing Bowl","floor":23},{"not_picked":["Seeing Red+1","Shrug It Off","Iron Wave"],"picked":"Singing Bowl","floor":30},{"not_picked":["Dual Wield","Headbutt"],"picked":"Spot Weakness","floor":31}],"player_experience":457464,"relics_obtained":[{"floor":6,"key":"MealTicket"},{"floor":9,"key":"Singing Bowl"},{"floor":12,"key":"Boot"},{"floor":23,"key":"Mango"},{"floor":26,"key":"HornCleat"},{"floor":30,"key":"Matryoshka"}],"event_choices":[{"damage_healed":0,"gold_gain":0,"cards_transformed":["Strike_R"],"player_choice":"Change","damage_taken":0,"max_hp_gain":0,"max_hp_loss":0,"event_name":"Living Wall","floor":3,"gold_loss":0,"cards_obtained":["Offering"]},{"damage_healed":0,"gold_gain":75,"player_choice":"Gather Gold","damage_taken":11,"max_hp_gain":0,"max_hp_loss":0,"event_name":"World of Goop","floor":4,"gold_loss":0},{"damage_healed":0,"gold_gain":50,"player_choice":"Pray","damage_taken":0,"max_hp_gain":0,"max_hp_loss":0,"event_name":"Golden Shrine","floor":5,"gold_loss":0},{"cards_removed":["Defend_R"],"damage_healed":0,"gold_gain":0,"player_choice":"Gave Gold","damage_taken":0,"max_hp_gain":0,"max_hp_loss":0,"event_name":"Beggar","floor":21,"gold_loss":75},{"damage_healed":0,"gold_gain":0,"player_choice":"Smashed Altar","damage_taken":0,"max_hp_gain":0,"max_hp_loss":0,"event_name":"Forgotten Altar","floor":25,"gold_loss":0,"cards_obtained":["Decay"]},{"damage_healed":0,"gold_gain":0,"player_choice":"Obtained Relic","damage_taken":0,"relics_obtained":["StrikeDummy"],"max_hp_gain":0,"max_hp_loss":0,"event_name":"Addict","floor":27,"gold_loss":85},{"damage_healed":0,"gold_gain":0,"player_choice":"Ignored","damage_taken":0,"max_hp_gain":0,"max_hp_loss":0,"event_name":"Vampires","floor":29,"gold_loss":0}],"is_beta":false,"boss_relics":[{"not_picked":["Runic Dome","Astrolabe"],"picked":"Sozu"}],"items_purged_floors":[],"is_endless":false,"potions_floor_spawned":[1,8,14,19,23,30,31],"killed_by":"Automaton","ascension_level":18}}