{"host":"39i3emxub3h8uyq3","time":1611542909,"event":{"mods":["AchievementEnabler","BaseMod","Clockwork Mod","Colored Map","Downfall","Glutton Mod","Gold Saver","Minty Spire (QoL Compilation)","StSLib","TheHeartMod"],"gold_per_floor":[484,484,484,504,504,504,504,520,520,520,539,564,564,579,579,698,698,723,176,176,201,221,221,221,221,221,72,86,99,99,112,112,236,236,261,43,116,44,69,69,69,69,94,94,94,94],"floor_reached":45,"language":"ENG","playtime":2249,"items_purged":["Regret"],"score":403,"play_id":"bfe17a34-3fb5-4616-a57f-2b78df762f4c","local_time":"20210124214829","is_ascension_mode":false,"campfire_choices":[{"data":"Anger","floor":6,"key":"SMITH"},{"floor":10,"key":"REST"},{"floor":13,"key":"REST"},{"floor":15,"key":"REST"},{"floor":23,"key":"REST"},{"data":"Inflame","floor":25,"key":"SMITH"},{"floor":30,"key":"REST"},{"data":"Immolate","floor":32,"key":"SMITH"},{"data":"Searing Blow+1","floor":40,"key":"SMITH"},{"data":"Power Through","floor":42,"key":"SMITH"},{"data":"Barricade","floor":44,"key":"SMITH"}],"circlet_count":0,"master_deck":["Strike_R","Strike_R","Strike_R","Strike_R","Strike_R","Defend_R+1","Defend_R","Defend_R+1","Bash","Anger+1","Power Through+1","Twin Strike","Flame Barrier","Perfected Strike","Immolate+1","Fire Breathing+1","Inflame+1","Anger","Armaments","Iron Wave","downfall:Bewildered","Clash","Pummel+1","Perfected Strike","Heavy Blade","Iron Wave","Barricade+1","Twin Strike+1","Demon Form","Whirlwind","Inflame","Searing Blow+2"],"relics":["Burning Blood","Golden Idol","Red Skull","Pear","Astrolabe","Sling","War Paint","sneckomod:BabySnecko","Gremlin Horn","Juzu Bracelet","Mark of Pain","InkBottle","Orichalcum"],"acts_visited":["Exordium","TheCity","TheBeyond"],"potions_floor_usage":[14,16,21,21,45,45],"damage_taken":[{"damage":9,"enemies":"2 Louse","floor":1,"turns":3},{"damage":11,"enemies":"Cultist","floor":4,"turns":4},{"damage":3,"enemies":"Small Slimes","floor":8,"turns":2},{"damage":32,"enemies":"Exordium Thugs","floor":11,"turns":7},{"damage":3,"enemies":"3 Louse","floor":12,"turns":4},{"damage":21,"enemies":"Large Slime","floor":14,"turns":6},{"damage":55,"enemies":"Slime Boss","floor":16,"turns":10},{"damage":24,"enemies":"Spheric Guardian","floor":18,"turns":5},{"damage":18,"enemies":"3 Byrds","floor":21,"turns":4},{"damage":2,"enemies":"Cultist and Chosen","floor":22,"turns":6},{"damage":16,"enemies":"Snake Plant","floor":28,"turns":3},{"damage":11,"enemies":"3 Cultists","floor":29,"turns":4},{"damage":12,"enemies":"Centurion and Healer","floor":31,"turns":4},{"damage":65,"enemies":"Automaton","floor":33,"turns":8},{"damage":5,"enemies":"3 Shapes","floor":35,"turns":4},{"damage":11,"enemies":"Orb Walker","floor":39,"turns":4},{"damage":87,"enemies":"Sphere and 2 Shapes","floor":45,"turns":5}],"seed_played":"599362853","potions_obtained":[{"floor":11,"key":"Slimebound:ThreeZeroPotion"},{"floor":12,"key":"Strength Potion"},{"floor":18,"key":"Explosive Potion"},{"floor":22,"key":"SkillPotion"},{"floor":28,"key":"LiquidBronze"},{"floor":31,"key":"sneckomod:MuddlingPotion"}],"is_trial":false,"path_per_floor":["M","?","?","M","?","R","?","M","T","R","M","M","R","M","R","B",null,"M","$","?","M","M","R","?","R","T","$","M","M","R","M","R","B",null,"M","$","T","$","M","R","?","R","T","R","M"],"character_chosen":"IRONCLAD","items_purchased":["Sling","War Paint","Anger","Armaments","Iron Wave","Explosive Potion","Juzu Bracelet","Demon Form","Whirlwind","Inflame"],"campfire_rested":5,"item_purchase_floors":[19,19,19,19,19,19,27,36,36,38],"current_hp_per_floor":[77,77,77,72,72,72,65,68,78,90,64,67,90,75,90,41,90,72,72,72,60,64,90,90,90,90,90,80,75,90,84,84,25,90,90,90,90,90,85,85,85,85,85,85,0,0],"gold":94,"neow_bonus":"HUNDRED_GOLD","is_daily":false,"chose_seed":true,"campfire_upgraded":6,"win_rate":0.0,"timestamp":1611542909,"path_taken":["M","?","?","?","?","R","?","M","T","R","M","?","R","M","R","BOSS","M","$","?","M","M","R","?","R","T","$","M","M","R","M","R","BOSS","M","$","?","?","M","R","?","R","T","R","M"],"items_purchased_type":["Relic","Relic","Card","Card","Card","Potion","Relic","Card","Card","Card"],"build_version":"2020-12-22","purchased_purges":1,"victory":false,"max_hp_per_floor":[80,80,80,80,80,80,80,80,90,90,90,90,90,90,90,90,90,90,90,90,90,90,90,90,90,90,90,90,90,90,90,90,90,90,90,90,90,90,90,90,90,90,90,90,90,90],"card_choices":[{"not_picked":["Armaments","True Grit"],"picked":"Anger","floor":1},{"not_picked":["Body Slam","Entrench"],"picked":"Havoc","floor":4},{"not_picked":["Flex","Fiend Fire"],"picked":"Power Through","floor":8},{"not_picked":["Wild Strike","Havoc"],"picked":"Twin Strike","floor":11},{"not_picked":["Thunderclap","Hemokinesis"],"picked":"Flame Barrier","floor":12},{"not_picked":["Armaments","Havoc"],"picked":"Perfected Strike","floor":14},{"not_picked":["Brutality","Juggernaut"],"picked":"Immolate","floor":16},{"not_picked":["Havoc","Evolve"],"picked":"Inflame","floor":18},{"not_picked":["Body Slam","True Grit"],"picked":"Clash","floor":21},{"not_picked":["Armaments","Rampage"],"picked":"Pummel+1","floor":22},{"not_picked":["Clothesline","Rampage"],"picked":"Perfected Strike","floor":28},{"not_picked":["Sever Soul","Havoc+1"],"picked":"Heavy Blade","floor":29},{"not_picked":["Havoc","Shrug It Off"],"picked":"Iron Wave","floor":31},{"not_picked":["Fiend Fire","Reaper"],"picked":"Barricade","floor":33},{"not_picked":["Blood for Blood","Flex"],"picked":"Twin Strike+1","floor":35},{"not_picked":["Armaments+1","Blood for Blood"],"picked":"Searing Blow+1","floor":39}],"player_experience":53879,"relics_obtained":[{"floor":9,"key":"Pear"},{"floor":26,"key":"Gremlin Horn"},{"floor":37,"key":"InkBottle"},{"floor":43,"key":"Orichalcum"}],"event_choices":[{"damage_healed":0,"gold_gain":0,"player_choice":"Take Wound","damage_taken":0,"relics_obtained":["Golden Idol"],"max_hp_gain":0,"max_hp_loss":0,"event_name":"Golden Idol","floor":2,"gold_loss":0,"cards_obtained":["Injury"]},{"damage_healed":0,"gold_gain":0,"player_choice":"Cursed","damage_taken":0,"max_hp_gain":0,"max_hp_loss":0,"event_name":"Wheel of Change","floor":3,"gold_loss":0,"cards_obtained":["Decay"]},{"damage_healed":0,"gold_gain":0,"player_choice":"Ignored","damage_taken":0,"max_hp_gain":0,"max_hp_loss":0,"event_name":"Liars Game","floor":5,"gold_loss":0},{"damage_healed":0,"gold_gain":0,"player_choice":"Success","damage_taken":7,"relics_obtained":["Red Skull"],"max_hp_gain":0,"max_hp_loss":0,"event_name":"Scrap Ooze","floor":7,"gold_loss":0},{"cards_removed":["Shame"],"damage_healed":0,"gold_gain":0,"player_choice":"Purged","damage_taken":0,"max_hp_gain":0,"max_hp_loss":0,"event_name":"Purifier","floor":24,"gold_loss":0},{"cards_removed":["Defend_R"],"damage_healed":0,"gold_gain":0,"player_choice":"Removed Skill","damage_taken":0,"max_hp_gain":0,"max_hp_loss":0,"event_name":"Falling","floor":41,"gold_loss":0}],"is_beta":false,"boss_relics":[{"not_picked":["Fusion Hammer","Runic Dome"],"picked":"Astrolabe"},{"not_picked":["Empty Cage","Philosopher\u0027s Stone"],"picked":"Mark of Pain"}],"items_purged_floors":[19],"is_endless":false,"potions_floor_spawned":[11,12,18,22,28,31],"killed_by":"Sphere and 2 Shapes","ascension_level":0}}