{"host":"yzlg3mitc00v31o1","time":1611572244,"event":{"mods":["AchievementEnabler","BaseMod","BetterRewards","DeckTracker","Gold Saver","KOR Keyword Fix","Minty Spire (QoL Compilation)","Remove Card Discount Mod","Spicy Shops","StSLib","SuperFastMode"],"gold_per_floor":[112,123,140,155,165,194,194,227,227,227,227,238,238,252,252,348,348,361,348,348,360,360,360,360],"floor_reached":23,"language":"KOR","playtime":971,"items_purged":[],"score":230,"play_id":"64977a5e-c0b2-4bf6-9a81-d2d8b858903a","local_time":"20210125195724","is_ascension_mode":false,"campfire_choices":[{"floor":7.0,"key":"REST"},{"floor":10.0,"key":"REST"},{"data":"Flex","floor":13.0,"key":"SMITH"},{"floor":15.0,"key":"REST"}],"circlet_count":0,"master_deck":["Strike_R","Strike_R","Strike_R","Strike_R","Strike_R","Defend_R","Defend_R","Defend_R","Defend_R","Bash","Flex+1","Flex","Heavy Blade+1","Flex","Rupture","Pommel Strike","Iron Wave+1","Madness","Inflame"],"relics":["Burning Blood","Shuriken","Omamori","Self Forming Clay","SlaversCollar"],"acts_visited":["Exordium","TheCity"],"potions_floor_usage":[21],"damage_taken":[{"damage":6.0,"enemies":"2 Louse","floor":1.0,"turns":3.0},{"damage":0.0,"enemies":"Small Slimes","floor":2.0,"turns":3.0},{"damage":0.0,"enemies":"Cultist","floor":3.0,"turns":2.0},{"damage":31.0,"enemies":"Exordium Thugs","floor":4.0,"turns":7.0},{"damage":10.0,"enemies":"2 Fungi Beasts","floor":5.0,"turns":3.0},{"damage":31.0,"enemies":"3 Sentries","floor":6.0,"turns":8.0},{"damage":36.0,"enemies":"Lagavulin","floor":8.0,"turns":5.0},{"damage":12.0,"enemies":"Looter","floor":12.0,"turns":3.0},{"damage":11.0,"enemies":"Blue Slaver","floor":14.0,"turns":3.0},{"damage":33.0,"enemies":"Hexaghost","floor":16.0,"turns":9.0},{"damage":73.0,"enemies":"3 Byrds","floor":18.0,"turns":9.0},{"damage":20.0,"enemies":"2 Thieves","floor":19.0,"turns":4.0},{"damage":29,"enemies":"Centurion and Healer","floor":21,"turns":10},{"damage":19,"enemies":"Slavers","floor":23,"turns":1}],"seed_played":"1950069255586655009","potions_obtained":[{"floor":1.0,"key":"BlessingOfTheForge"},{"floor":5.0,"key":"LiquidMemories"},{"floor":8.0,"key":"HeartOfIron"},{"floor":14.0,"key":"SteroidPotion"},{"floor":16.0,"key":"EssenceOfSteel"},{"floor":19,"key":"FairyPotion"},{"floor":21,"key":"ColorlessPotion"}],"is_trial":false,"path_per_floor":["M","M","M","M","M","E","R","E","T","R","?","M","R","M","R","B",null,"M","M","?","M","$","E"],"character_chosen":"IRONCLAD","items_purchased":[],"campfire_rested":3,"item_purchase_floors":[],"current_hp_per_floor":[88,88,88,63,59,34,60,30,30,56,56,50,50,45,71,44,88,21,7,7,16,16,0,0],"gold":360,"neow_bonus":"TEN_PERCENT_HP_BONUS","is_daily":false,"chose_seed":false,"campfire_upgraded":1,"win_rate":0.0,"timestamp":1611572244,"path_taken":["M","M","M","M","M","E","R","E","T","R","?","M","R","M","R","BOSS","M","M","?","M","?","E"],"items_purchased_type":[],"build_version":"2020-12-22","purchased_purges":0,"victory":false,"max_hp_per_floor":[88,88,88,88,88,88,88,88,88,88,88,88,88,88,88,88,88,88,88,88,88,88,88,88],"card_choices":[{"not_picked":["Battle Trance","Hemokinesis"],"picked":"Flex","floor":1.0},{"not_picked":["Wild Strike","Battle Trance"],"picked":"Flex","floor":2.0},{"not_picked":["Carnage","Warcry","Armaments"],"picked":"SKIP","floor":3.0},{"not_picked":["Armaments","Blood for Blood"],"picked":"Heavy Blade","floor":4.0},{"not_picked":["Dark Embrace","Juggernaut","Iron Wave"],"picked":"SKIP","floor":5.0},{"not_picked":["Burning Pact","Pummel","Sword Boomerang"],"picked":"SKIP","floor":6.0},{"not_picked":["Thunderclap","Body Slam","Armaments"],"picked":"SKIP","floor":8.0},{"not_picked":["Headbutt","Twin Strike"],"picked":"Flex","floor":12.0},{"not_picked":["True Grit","Combust"],"picked":"Rupture","floor":14.0},{"not_picked":["Wild Strike","Whirlwind"],"picked":"Pommel Strike","floor":18.0},{"not_picked":["Entrench","Wild Strike"],"picked":"Iron Wave+1","floor":19},{"not_picked":["Armaments","Anger"],"picked":"Inflame","floor":21}],"player_experience":72166,"relics_obtained":[{"floor":6.0,"key":"Shuriken"},{"floor":8.0,"key":"Omamori"},{"floor":9.0,"key":"Self Forming Clay"}],"event_choices":[{"damage_healed":0.0,"max_hp_gain":0.0,"max_hp_loss":0.0,"gold_gain":0.0,"event_name":"Living Wall","player_choice":"Grow","floor":11.0,"gold_loss":0.0,"damage_taken":0.0,"cards_upgraded":["Heavy Blade"]},{"damage_healed":0,"gold_gain":0,"player_choice":"1 cards matched","damage_taken":0,"max_hp_gain":0,"max_hp_loss":0,"event_name":"Match and Keep!","floor":20,"gold_loss":0,"cards_obtained":["Madness"]}],"is_beta":false,"boss_relics":[{"not_picked":["Coffee Dripper","Runic Pyramid"],"picked":"SlaversCollar"}],"items_purged_floors":[],"is_endless":false,"potions_floor_spawned":[1,5,8,14,16,19,21],"killed_by":"Slavers","ascension_level":0}}