{"host":"sc0o2qwpf9j16a4i","time":1611566048,"event":{"mods":["AchievementEnabler","BaseMod","BetterRewards","Block Reminder","Colored Map","Colored Powertips","Custom Start","Highlight Path","Minty Spire (QoL Compilation)","Relic Stats"],"gold_per_floor":[152,190,190,190,190,190,190,226,226,318,381,436,482,507,507],"floor_reached":14,"language":"ENG","playtime":408,"items_purged":[],"score":180,"play_id":"7c018984-84e1-4f22-93c3-9228bc3ee851","local_time":"20210125111408","is_ascension_mode":true,"campfire_choices":[{"data":"Bash","floor":6.0,"key":"SMITH"}],"circlet_count":0,"master_deck":["AscendersBane","Strike_R","Strike_R","Strike_R","Strike_R","Strike_R","Defend_R","Defend_R","Defend_R","Defend_R","Bash+1","HandOfGreed+1","Headbutt","Anger","Shrug It Off","Armaments","Flame Barrier","Twin Strike"],"relics":["Burning Blood","FossilizedHelix","Omamori","Medical Kit","Blood Vial","Turnip","Boot","Odd Mushroom"],"acts_visited":["Exordium"],"potions_floor_usage":[],"damage_taken":[{"damage":2.0,"enemies":"2 Louse","floor":1.0,"turns":4.0},{"damage":2.0,"enemies":"Jaw Worm","floor":2.0,"turns":4.0},{"damage":0.0,"enemies":"Small Slimes","floor":8.0,"turns":2.0},{"damage":10.0,"enemies":"Gremlin Gang","floor":10.0,"turns":6.0},{"damage":18.0,"enemies":"Large Slime","floor":11.0,"turns":7.0},{"damage":21.0,"enemies":"Gremlin Nob","floor":12.0,"turns":4.0},{"damage":9,"enemies":"The Mushroom Lair","floor":13,"turns":4},{"damage":15,"enemies":"3 Sentries","floor":14,"turns":6}],"seed_played":"3312233031721820163","potions_obtained":[{"floor":2.0,"key":"LiquidBronze"},{"floor":10.0,"key":"Fire Potion"},{"floor":11.0,"key":"PowerPotion"}],"is_trial":false,"path_per_floor":["M","M","?","?","?","R","?","M","T","M","M","E","?","E"],"character_chosen":"IRONCLAD","items_purchased":["FossilizedHelix","Omamori","HandOfGreed","Medical Kit"],"campfire_rested":0,"item_purchase_floors":[0,0,0,0],"current_hp_per_floor":[35,39,39,34,39,39,39,47,47,45,35,22,21,8,8],"gold":507,"neow_bonus":"","is_daily":false,"chose_seed":false,"campfire_upgraded":1,"win_rate":0.0,"timestamp":1611566048,"path_taken":["M","M","?","?","?","R","?","M","T","M","?","E","?","E"],"items_purchased_type":["Relic","Relic","Card","Relic"],"build_version":"2020-12-22","purchased_purges":0,"victory":false,"max_hp_per_floor":[75,75,75,75,80,80,80,80,80,80,80,80,80,80,80],"relic_stats":{"Blood Vial":12,"counters":[37,118],"Turnip":[0],"Medical Kit":[0],"Boot":[0],"obtain_stats":[{"Bag of Preparation":21,"Bottled Tornado":43,"Boot":12,"Burning Blood":0,"ClockworkSouvenir":13,"Blood Vial":4,"Centennial Puzzle":40,"Sundial":47,"MealTicket":6,"Philosopher\u0027s Stone":17,"InkBottle":28,"Pear":45,"Happy Flower":29,"Dead Branch":44,"Oddly Smooth Stone":26,"Omamori":0,"Odd Mushroom":13,"Medical Kit":0,"Akabeko":9,"WarpedTongs":5,"SlaversCollar":34,"MutagenicStrength":27,"Turnip":9,"Bag of Marbles":12,"Art of War":24,"Membership Card":29,"Toy Ornithopter":30,"FossilizedHelix":0},{"Bag of Preparation":12,"Bottled Tornado":24,"Boot":35,"Burning Blood":0,"ClockworkSouvenir":7,"Blood Vial":31,"Centennial Puzzle":22,"Sundial":28,"MealTicket":4,"Philosopher\u0027s Stone":9,"InkBottle":14,"Pear":26,"Happy Flower":14,"Dead Branch":25,"Oddly Smooth Stone":14,"Omamori":29,"Odd Mushroom":36,"Medical Kit":29,"Akabeko":5,"WarpedTongs":3,"SlaversCollar":17,"MutagenicStrength":14,"Turnip":32,"Bag of Marbles":7,"Art of War":13,"Membership Card":14,"Toy Ornithopter":15,"FossilizedHelix":29},{"Bag of Preparation":32,"Bottled Tornado":61,"Boot":108,"Burning Blood":0,"ClockworkSouvenir":20,"Blood Vial":89,"Centennial Puzzle":58,"Sundial":72,"MealTicket":11,"Philosopher\u0027s Stone":26,"InkBottle":36,"Pear":68,"Happy Flower":36,"Dead Branch":63,"Oddly Smooth Stone":36,"Omamori":81,"Odd Mushroom":112,"Medical Kit":81,"Akabeko":13,"WarpedTongs":7,"SlaversCollar":48,"MutagenicStrength":36,"Turnip":91,"Bag of Marbles":20,"Art of War":35,"Membership Card":36,"Toy Ornithopter":38,"FossilizedHelix":81}],"Burning Blood":182},"card_choices":[{"not_picked":["Flex","Havoc"],"picked":"Headbutt","floor":1.0},{"not_picked":["Searing Blow","Anger","Sentinel"],"picked":"SKIP","floor":2.0},{"not_picked":["Searing Blow","Sentinel"],"picked":"Anger","floor":2.0},{"not_picked":["Clothesline","Pommel Strike"],"picked":"Shrug It Off","floor":8.0},{"not_picked":["Clash","Body Slam"],"picked":"Armaments","floor":10.0},{"not_picked":["Shrug It Off","Clash"],"picked":"Flame Barrier","floor":11.0},{"not_picked":["Sentinel","Armaments","Twin Strike"],"picked":"SKIP","floor":12.0},{"not_picked":["Sentinel","Armaments"],"picked":"Twin Strike","floor":12.0}],"player_experience":929912,"relics_obtained":[{"floor":9.0,"key":"Turnip"},{"floor":12.0,"key":"Boot"},{"floor":13,"key":"Odd Mushroom"}],"event_choices":[{"damage_healed":0.0,"max_hp_gain":0.0,"max_hp_loss":0.0,"gold_gain":0.0,"event_name":"Living Wall","player_choice":"Grow","floor":3.0,"gold_loss":0.0,"damage_taken":0.0,"cards_upgraded":["HandOfGreed"]},{"damage_healed":0.0,"max_hp_gain":0.0,"max_hp_loss":0.0,"gold_gain":0.0,"event_name":"Scrap Ooze","player_choice":"Success","floor":4.0,"gold_loss":0.0,"damage_taken":5.0,"relics_obtained":["Blood Vial"]},{"damage_healed":0.0,"max_hp_gain":5.0,"max_hp_loss":0.0,"gold_gain":0.0,"event_name":"Big Fish","player_choice":"Donut","floor":5.0,"gold_loss":0.0,"damage_taken":0.0},{"damage_healed":0.0,"max_hp_gain":0.0,"max_hp_loss":0.0,"gold_gain":0.0,"event_name":"Match and Keep!","player_choice":"0 cards matched","floor":7.0,"gold_loss":0.0,"damage_taken":0.0,"cards_obtained":[]},{"damage_healed":0,"gold_gain":0,"player_choice":"Fought Mushrooms","damage_taken":0,"max_hp_gain":0,"max_hp_loss":0,"event_name":"Mushrooms","floor":13,"gold_loss":0}],"is_beta":false,"boss_relics":[],"items_purged_floors":[],"is_endless":false,"potions_floor_spawned":[2,10,11],"killed_by":"3 Sentries","ascension_level":20}}