{"host":"52jmisti11ysmja4","time":1611611612,"event":{"mods":["Aspiration","BaseMod","Better Third Choice","Minty Spire (QoL Compilation)","Remove Card Discount Mod","StSLib","The Bug Knight"],"gold_per_floor":[111,131,146,83,8,37,37,50,50,50,85,85,111,139,139,241,241,261,261,257,280,240,273,273,284,338,349,383,403,423,423,423,519,519,530,544,494,508,508,508,540,540,540,574,574,597,607,616,616,616],"floor_reached":51,"language":"ENG","playtime":2591,"items_purged":["HollowMod:NailStrikeStart","HollowMod:NailStrikeStart","HollowMod:NailStrikeStart","HollowMod:NailStrikeStart","HollowMod:QuickDashStart","HollowMod:QuickDashStart","HollowMod:QuickDashStart","HollowMod:QuickDashStart","HollowMod:FocusHealStart","HollowMod:DoubleDash","HollowMod:CycloneSlash"],"score":1304,"play_id":"26fb0361-66e7-43a2-a724-65fa26d3d1db","local_time":"20210125135332","is_ascension_mode":true,"campfire_choices":[{"data":"HollowMod:VoidDash","floor":7,"key":"SMITH"},{"data":"HollowMod:WraithStrike","floor":10,"key":"SMITH"},{"data":"HollowMod:SharpenedShadows","floor":12,"key":"SMITH"},{"data":"HollowMod:MantisMark","floor":15,"key":"SMITH"},{"data":"HollowMod:VengefulVoid","floor":24,"key":"SMITH"},{"data":"HollowMod:DashSlash","floor":32,"key":"SMITH"},{"data":"HollowMod:ShadowDash","floor":40,"key":"SMITH"},{"data":"HollowMod:SiblingsShadow","floor":42,"key":"SMITH"},{"data":"Panache","floor":49,"key":"SMITH"}],"circlet_count":0,"master_deck":["HollowMod:PogoStrike","HollowMod:VoidDash+1","HollowMod:CycloneSlash+1","HollowMod:WraithStrike+1","HollowMod:MantisMark+1","HollowMod:SiblingsSouls+1","HollowMod:VengefulVoid+1","HollowMod:DashSlash+1","HollowMod:AbyssShriek+1","HollowMod:SiblingsShadow+1","HollowMod:ShadowDash+1","Panache+1"],"relics":["HollowMod:VesselMask","Regal Pillow","Akabeko","Blood Vial","Odd Mushroom","Happy Flower","aspiration:RitualDagger","Pen Nib","Orichalcum","Bronze Scales","Busted Crown","Mango","CeramicFish","Pantograph","Omamori"],"acts_visited":["Exordium","TheCity","TheBeyond"],"potions_floor_usage":[13,14,14,18,23,38,44,47,50,50],"damage_taken":[{"damage":0,"enemies":"Cultist","floor":1,"turns":3},{"damage":0,"enemies":"2 Louse","floor":2,"turns":2},{"damage":0,"enemies":"Jaw Worm","floor":3,"turns":2},{"damage":15,"enemies":"HollowMod:MossKnight","floor":6,"turns":8},{"damage":0,"enemies":"2 Fungi Beasts","floor":8,"turns":2},{"damage":0,"enemies":"Gremlin Nob","floor":11,"turns":3},{"damage":0,"enemies":"The Mushroom Lair","floor":13,"turns":1},{"damage":0,"enemies":"HollowMod:MossKnight","floor":14,"turns":5},{"damage":3,"enemies":"The Guardian","floor":16,"turns":7},{"damage":18,"enemies":"Spheric Guardian","floor":18,"turns":4},{"damage":30,"enemies":"Book of Stabbing","floor":23,"turns":4},{"damage":17,"enemies":"2 Thieves","floor":25,"turns":3},{"damage":9,"enemies":"Chosen and Byrds","floor":27,"turns":3},{"damage":32,"enemies":"Slavers","floor":28,"turns":3},{"damage":11,"enemies":"Shelled Parasite and Fungi","floor":29,"turns":3},{"damage":20,"enemies":"Snecko","floor":30,"turns":3},{"damage":80,"enemies":"Automaton","floor":33,"turns":7},{"damage":19,"enemies":"3 Shapes","floor":35,"turns":3},{"damage":6,"enemies":"Orb Walker","floor":36,"turns":2},{"damage":3,"enemies":"4 Shapes","floor":38,"turns":1},{"damage":38,"enemies":"Reptomancer","floor":41,"turns":4},{"damage":47,"enemies":"Nemesis","floor":44,"turns":5},{"damage":26,"enemies":"Writhing Mass","floor":47,"turns":4},{"damage":36,"enemies":"Awakened One","floor":50,"turns":9}],"seed_played":"-7286330652735481849","potions_obtained":[{"floor":6,"key":"LiquidMemories"},{"floor":11,"key":"Explosive Potion"},{"floor":13,"key":"AttackPotion"},{"floor":14,"key":"SkillPotion"},{"floor":18,"key":"LiquidBronze"},{"floor":27,"key":"Strength Potion"},{"floor":29,"key":"Swift Potion"},{"floor":33,"key":"Ancient Potion"},{"floor":35,"key":"Explosive Potion"},{"floor":41,"key":"FearPotion"},{"floor":47,"key":"Block Potion"}],"is_trial":false,"path_per_floor":["M","M","M","$","?","E","R","M","T","R","E","R","?","E","R","B",null,"M","?","$","T","?","E","R","M","T","M","E","M","M","$","R","B",null,"M","M","$","M","$","R","E","R","T","E","?","T","M","?","R","B",null],"character_chosen":"THE_BUGKNIGHT","items_purchased":["HollowMod:WraithStrike","HollowMod:ShadowDash"],"campfire_rested":0,"item_purchase_floors":[4,37],"current_hp_per_floor":[68,68,68,68,73,58,58,58,58,58,58,58,60,62,62,61,75,59,59,59,59,59,31,31,16,16,9,79,76,71,71,71,37,69,66,69,69,80,80,80,81,81,81,55,55,55,52,52,52,94],"gold":616,"neow_bonus":"ONE_RANDOM_RARE_CARD","is_daily":false,"chose_seed":false,"campfire_upgraded":9,"win_rate":0.0,"timestamp":1611611612,"path_taken":["M","M","?","$","?","E","R","M","T","R","E","R","?","E","R","BOSS","M","?","$","?","?","E","R","M","T","M","E","M","?","$","R","BOSS","M","M","$","M","$","R","E","R","T","E","?","?","M","?","R","BOSS"],"items_purchased_type":["Card","Card"],"build_version":"2020-12-22","purchased_purges":11,"victory":true,"max_hp_per_floor":[75,75,75,75,80,80,80,80,80,80,80,80,80,80,80,80,80,80,80,80,80,80,80,80,80,80,80,80,80,80,80,80,80,80,80,80,80,80,80,80,94,94,94,94,94,94,94,94,94,94],"card_choices":[{"not_picked":["HollowMod:ChannelNail","HollowMod:NewJinnsSoul"],"picked":"HollowMod:CycloneSlash","floor":1},{"not_picked":["HollowMod:PureNailStrike","HollowMod:GoodIntentions"],"picked":"HollowMod:DoubleDash","floor":2},{"not_picked":["HollowMod:GoodIntentions","HollowMod:NewJinnsSoul"],"picked":"HollowMod:CycloneSlash","floor":3},{"not_picked":["HollowMod:SharpenedNail","HollowMod:HeavyBlow","HollowMod:RecoilStrike"],"picked":"SKIP","floor":6},{"not_picked":["HollowMod:DoubleDash","HollowMod:HowlingWraiths","HollowMod:SharpenedNail"],"picked":"SKIP","floor":8},{"not_picked":["HollowMod:DreamGate","HollowMod:SharpenedNail"],"picked":"HollowMod:SharpenedShadows","floor":11},{"not_picked":["HollowMod:CloakDash","HollowMod:ZotesMagnificence"],"picked":"HollowMod:MantisMark","floor":13},{"not_picked":["HollowMod:SoulShaman","HollowMod:HowlingWraiths","HollowMod:SharpenedNail"],"picked":"SKIP","floor":14},{"not_picked":["HollowMod:BrokenVessel","HollowMod:NewJinnsSoul+1"],"picked":"HollowMod:SiblingsSouls","floor":18},{"not_picked":["HollowMod:NewGlowingWomb","HollowMod:AwokenDreamNail"],"picked":"HollowMod:VengefulVoid","floor":23},{"not_picked":["HollowMod:SiblingsSouls","HollowMod:SoulStrike"],"picked":"HollowMod:DashSlash","floor":25},{"not_picked":["HollowMod:FastStrike","HollowMod:VengefulSpirit","HollowMod:WraithStrike"],"picked":"SKIP","floor":27},{"not_picked":["HollowMod:RecoilStrike","HollowMod:PerfectDash+1","HollowMod:InfectedAttack"],"picked":"SKIP","floor":28},{"not_picked":["HollowMod:SoulSplash+1","HollowMod:CornifersMapStart"],"picked":"HollowMod:AbyssShriek+1","floor":29},{"not_picked":["HollowMod:HeavyBlow","HollowMod:PureNailStrike+1","HollowMod:SoulStrike+1"],"picked":"SKIP","floor":30},{"not_picked":["HollowMod:FastStrike"],"picked":"SKIP","floor":35},{"not_picked":[],"picked":"HollowMod:SiblingsShadow","floor":36},{"not_picked":["HollowMod:MonomonsArchive+1"],"picked":"SKIP","floor":38},{"not_picked":["HollowMod:FallenFury"],"picked":"SKIP","floor":41},{"not_picked":["HollowMod:AbyssShriek"],"picked":"SKIP","floor":44},{"not_picked":["HollowMod:MonomonsArchive+1"],"picked":"SKIP","floor":47},{"not_picked":[],"picked":"Panache","floor":48}],"player_experience":579531,"relics_obtained":[{"floor":6,"key":"Regal Pillow"},{"floor":9,"key":"Akabeko"},{"floor":11,"key":"Blood Vial"},{"floor":13,"key":"Odd Mushroom"},{"floor":14,"key":"Happy Flower"},{"floor":23,"key":"Pen Nib"},{"floor":26,"key":"Orichalcum"},{"floor":28,"key":"Bronze Scales"},{"floor":41,"key":"Mango"},{"floor":43,"key":"CeramicFish"},{"floor":44,"key":"Pantograph"},{"floor":46,"key":"Omamori"}],"event_choices":[{"damage_healed":0,"gold_gain":0,"player_choice":"Fought Mushrooms","damage_taken":0,"max_hp_gain":0,"max_hp_loss":0,"event_name":"Mushrooms","floor":13,"gold_loss":0},{"damage_healed":0,"gold_gain":0,"player_choice":"Upgraded","damage_taken":0,"max_hp_gain":0,"max_hp_loss":0,"event_name":"Upgrade Shrine","floor":19,"gold_loss":0,"cards_upgraded":["HollowMod:SiblingsSouls"]},{"damage_healed":0,"gold_gain":0,"player_choice":"Upgrade","damage_taken":0,"max_hp_gain":0,"max_hp_loss":0,"event_name":"Designer","floor":22,"gold_loss":40,"cards_upgraded":["HollowMod:CycloneSlash"]},{"cards_removed":["HollowMod:SharpenedShadows"],"damage_healed":0,"gold_gain":0,"player_choice":"Removed Power","damage_taken":0,"max_hp_gain":0,"max_hp_loss":0,"event_name":"Falling","floor":45,"gold_loss":0},{"damage_healed":0,"gold_gain":0,"player_choice":"Memory 1","damage_taken":0,"max_hp_gain":0,"max_hp_loss":0,"event_name":"SensoryStone","floor":48,"gold_loss":0}],"is_beta":false,"boss_relics":[{"not_picked":["aspiration:FutureDiary","Calling Bell"],"picked":"aspiration:RitualDagger"},{"not_picked":["Pandora\u0027s Box","aspiration:PoetsPen_weak"],"picked":"Busted Crown"}],"items_purged_floors":[4,4,4,4,4,4,4,4,4,20,20],"is_endless":false,"potions_floor_spawned":[6,11,13,14,18,27,29,33,35,36,41,47],"ascension_level":7}}