{"host":"ooe12lh8pgcirntb","time":1611543188,"event":{"mods":["AchievementEnabler","Act Like it!","BaseMod","Beaked The Cultist","ChefMod","Colored Map","Colored Powertips","Downfall","Minty Spire (QoL Compilation)","StSLib","The Animator","The Bug Knight","The Disciple","The Hierophant","The Problem Sleuth"],"gold_per_floor":[122,297,356,18,50,95,110,110,110,110,137,27,46,61,61,164,164,190,204,204,114,131,131,210,232,311,327,21,37,78,78,78],"floor_reached":31,"language":"ENG","playtime":4635,"items_purged":[],"score":309,"play_id":"a3f48a23-9986-4255-80da-271321a749ef","local_time":"20210124215308","is_ascension_mode":false,"campfire_choices":[{"data":"animator:IchigoKurosaki","floor":8,"key":"SMITH"},{"floor":10,"key":"REST"},{"data":"animator:CowGirl","floor":15,"key":"SMITH"},{"data":"animator:Alexander","floor":23,"key":"SMITH"}],"circlet_count":0,"master_deck":["animator:Strike_GoblinSlayer","animator:Defend_GoblinSlayer","animator:Strike","animator:Strike","animator:Strike","animator:Defend","animator:Defend","animator:Defend","animator:LizardPriest","animator:DwarfShaman","animator:Sloth","Doubt","animator:Entoma+7","animator:Darkness","animator:IchigoKurosaki+1","animator:KyokoSakura","animator:GuildGirl","animator:CowGirl+1","animator:PandorasActor","animator:MaesHughes","animator:IrohaTamaki","animator:Saber","animator:Priestess","animator:Spearman","animator:Cocytus","animator:WinryRockbell","animator:Alexander+1"],"relics":["animator:LivingPicture","animator:TheMissingPiece","Du-Vu Doll","Chemical X","Champion Belt","Eternal Feather","Bag of Preparation","bronze:MakeshiftBattery","Sundial","Singing Bowl","Charon\u0027s Ashes","Nunchaku"],"acts_visited":["Exordium","TheCity"],"potions_floor_usage":[11,16,27,31,31],"damage_taken":[{"damage":0,"enemies":"Small Slimes","floor":1,"turns":3},{"damage":6,"enemies":"Jaw Worm","floor":5,"turns":6},{"damage":15,"enemies":"3 Sentries","floor":6,"turns":9},{"damage":7,"enemies":"Cultist","floor":7,"turns":4},{"damage":0,"enemies":"3 Louse","floor":11,"turns":4},{"damage":6,"enemies":"Exordium Wildlife","floor":13,"turns":5},{"damage":0,"enemies":"Red Slaver","floor":14,"turns":4},{"damage":28,"enemies":"The Guardian","floor":16,"turns":12},{"damage":1,"enemies":"Shell Parasite","floor":18,"turns":4},{"damage":4,"enemies":"Spheric Guardian","floor":19,"turns":4},{"damage":3,"enemies":"Snecko","floor":22,"turns":3},{"damage":12,"enemies":"3 Cultists","floor":25,"turns":4},{"damage":2,"enemies":"Sentry and Sphere","floor":27,"turns":3},{"damage":8,"enemies":"Snecko","floor":29,"turns":3},{"damage":56,"enemies":"Slavers","floor":30,"turns":6},{"damage":15,"enemies":"Centurion and Healer","floor":31,"turns":3}],"seed_played":"5149722983793042983","potions_obtained":[{"floor":6,"key":"SkillPotion"},{"floor":13,"key":"Guardian:BlockOnCardUsePotion"},{"floor":14,"key":"ColorlessPotion"},{"floor":16,"key":"Guardian:BlockOnCardUsePotion"},{"floor":22,"key":"Energy Potion"}],"is_trial":false,"path_per_floor":["M","?","?","$","M","E","M","R","T","R","M","?","M","M","R","B",null,"M","M","?","$","M","R","T","M","T","M","$","M","E","M"],"character_chosen":"THE_ANIMATOR","items_purchased":["Chemical X","animator:Entoma","animator:Darkness","animator:IchigoKurosaki","animator:Cocytus","animator:WinryRockbell","Charon\u0027s Ashes"],"campfire_rested":1,"item_purchase_floors":[4,4,4,4,21,21,28],"current_hp_per_floor":[48,48,48,48,44,29,23,23,23,52,54,54,51,54,66,38,77,76,73,73,73,70,78,78,68,68,70,70,64,12,0,0],"gold":78,"neow_bonus":"ONE_RARE_RELIC","is_daily":false,"chose_seed":false,"campfire_upgraded":3,"win_rate":0.0,"timestamp":1611543188,"path_taken":["M","?","?","$","M","E","M","R","T","R","M","?","?","M","R","BOSS","M","M","?","$","M","R","?","M","T","M","$","M","E","?"],"items_purchased_type":["Relic","Card","Card","Card","Card","Card","Relic"],"build_version":"2020-12-22","purchased_purges":0,"victory":false,"max_hp_per_floor":[66,66,66,66,68,68,69,69,69,69,71,71,74,77,77,77,77,77,78,78,78,78,78,78,80,80,84,84,86,90,90,90],"card_choices":[{"not_picked":["animator:Benimaru","animator:Kazuma"],"picked":"animator:Sloth","floor":1},{"not_picked":["animator:Witch","animator:Shion"],"picked":"animator:KyokoSakura","floor":5},{"not_picked":["animator:IrohaTamaki","animator:Shion"],"picked":"animator:GuildGirl","floor":6},{"not_picked":["animator:Witch","animator:LizardPriest"],"picked":"animator:CowGirl","floor":7},{"not_picked":["animator:Scar","animator:ShinjiMatou"],"picked":"animator:PandorasActor","floor":11},{"not_picked":["animator:Assassin","animator:YachiyoNanami"],"picked":"animator:MaesHughes","floor":13},{"not_picked":["animator:Assassin","animator:Souei"],"picked":"animator:IrohaTamaki","floor":14},{"not_picked":["animator:HomuraAkemi","animator:Ainz"],"picked":"animator:Saber","floor":16},{"not_picked":["animator:LizardPriest","animator:GuildGirl"],"picked":"animator:Priestess","floor":18},{"not_picked":["animator:Shion","animator:Illya"],"picked":"animator:Spearman","floor":19},{"not_picked":["animator:Aqua","animator:OrikoMikuni"],"picked":"animator:Alexander","floor":22},{"not_picked":["animator:YachiyoNanami","animator:GuildGirl","animator:Assassin"],"picked":"SKIP","floor":25},{"not_picked":["animator:Demiurge","animator:Entoma","animator:Shalltear"],"picked":"Singing Bowl","floor":27},{"not_picked":["animator:Kazuma+1","animator:Benimaru","animator:YachiyoNanami"],"picked":"Singing Bowl","floor":29},{"not_picked":["animator:RinTohsaka","animator:Cocytus+1","animator:Shuna"],"picked":"Singing Bowl","floor":30}],"player_experience":709267,"relics_obtained":[{"floor":6,"key":"Champion Belt"},{"floor":9,"key":"Eternal Feather"},{"floor":24,"key":"Sundial"},{"floor":26,"key":"Singing Bowl"},{"floor":30,"key":"Nunchaku"}],"event_choices":[{"damage_healed":0,"gold_gain":175,"player_choice":"AGREE","damage_taken":0,"max_hp_gain":0,"max_hp_loss":0,"event_name":"Liars Game","floor":2,"gold_loss":0,"cards_obtained":["Doubt"]},{"damage_healed":0,"gold_gain":59,"player_choice":"Gained Gold","damage_taken":0,"max_hp_gain":0,"max_hp_loss":0,"event_name":"Golden Wing","floor":3,"gold_loss":0},{"damage_healed":0,"gold_gain":0,"player_choice":"Paid Gold","damage_taken":0,"relics_obtained":["Bag of Preparation"],"max_hp_gain":0,"max_hp_loss":0,"event_name":"WeMeetAgain","floor":12,"gold_loss":110},{"damage_healed":0,"gold_gain":0,"player_choice":"Ignored","damage_taken":0,"max_hp_gain":0,"max_hp_loss":0,"event_name":"Vampires","floor":20,"gold_loss":0}],"is_beta":false,"boss_relics":[{"not_picked":["Fusion Hammer","Coffee Dripper"],"picked":"bronze:MakeshiftBattery"}],"items_purged_floors":[],"is_endless":false,"potions_floor_spawned":[6,13,14,16,22,25],"killed_by":"Centurion and Healer","ascension_level":0}}