{"host":"uxq2rly8rxtwffuf","time":1611564005,"event":{"mods":["BaseMod","Koishi","Minty Spire (QoL Compilation)","StSLib","The Servant 0.9.4"],"gold_per_floor":[109,24,38,49,49,49,79,79,102,133,144,158,186,200,200,273,273,288,338,338,5,5,5,5],"floor_reached":23,"language":"ENG","playtime":1209,"items_purged":[],"score":376,"play_id":"58033770-15c0-4633-b2ad-784375a0021e","local_time":"20210125114005","is_ascension_mode":true,"campfire_choices":[{"data":"Defragment","floor":6,"key":"SMITH"},{"floor":15,"key":"REST"}],"circlet_count":0,"master_deck":["AscendersBane","Zap","Dualcast","Blizzard+1","Cold Snap","Defragment+1","Electrodynamics","Cold Snap","Redo","Conserve Battery","Conserve Battery","Recycle","Double Energy","Echo Form","Aggregate","Chaos","Glacier","Sunder","Ball Lightning","Fusion","Buffer","Leap","Self Repair","Shame"],"relics":["Cracked Core","Happy Flower","Orichalcum","Toy Ornithopter","Pocketwatch","Pandora\u0027s Box","Blood Vial","Chemical X","The Courier"],"acts_visited":["Exordium","TheCity"],"potions_floor_usage":[11,11,18],"damage_taken":[{"damage":7,"enemies":"Jaw Worm","floor":1,"turns":2},{"damage":6,"enemies":"2 Louse","floor":3,"turns":3},{"damage":0,"enemies":"Small Slimes","floor":4,"turns":2},{"damage":15,"enemies":"Lagavulin","floor":7,"turns":5},{"damage":15,"enemies":"Gremlin Nob","floor":10,"turns":4},{"damage":14,"enemies":"Gremlin Gang","floor":11,"turns":3},{"damage":0,"enemies":"Exordium Thugs","floor":12,"turns":3},{"damage":6,"enemies":"3 Sentries","floor":13,"turns":5},{"damage":1,"enemies":"3 Louse","floor":14,"turns":2},{"damage":22,"enemies":"Hexaghost","floor":16,"turns":11},{"damage":11,"enemies":"2 Thieves","floor":18,"turns":4},{"damage":57,"enemies":"Book of Stabbing","floor":23,"turns":5}],"seed_played":"3824083770923823745","potions_obtained":[{"floor":7,"key":"Energy Potion"},{"floor":10,"key":"PowerPotion"},{"floor":13,"key":"FearPotion"},{"floor":14,"key":"Dexterity Potion"},{"floor":18,"key":"FocusPotion"}],"is_trial":false,"path_per_floor":["M","$","M","M","?","R","E","?","T","E","M","M","E","M","R","B",null,"M","?","?","$","?","E"],"character_chosen":"DEFECT","items_purchased":["Defragment","Blood Vial","Chemical X"],"campfire_rested":1,"item_purchase_floors":[2,21,21],"current_hp_per_floor":[57,57,51,51,56,56,41,41,41,26,22,22,16,15,37,15,61,55,55,55,55,55,0,0],"gold":5,"neow_bonus":"TRANSFORM_CARD","is_daily":false,"chose_seed":false,"campfire_upgraded":1,"win_rate":0.0,"timestamp":1611564005,"path_taken":["M","$","M","M","?","R","E","?","T","E","M","M","E","M","R","BOSS","M","?","?","$","?","E"],"items_purchased_type":["Card","Relic","Relic"],"build_version":"2020-12-22","purchased_purges":0,"victory":false,"max_hp_per_floor":[71,71,71,71,76,76,76,76,76,76,76,76,76,76,76,76,76,76,76,76,76,76,76,76],"card_choices":[{"not_picked":["Redo","Conserve Battery"],"picked":"Cold Snap","floor":1},{"not_picked":["Ball Lightning","Consume"],"picked":"Electrodynamics","floor":3},{"not_picked":["Sweeping Beam","Redo"],"picked":"Cold Snap","floor":4},{"not_picked":["Scrape","Go for the Eyes","Meteor Strike"],"picked":"SKIP","floor":7},{"not_picked":["Stack","Beam Cell"],"picked":"Redo","floor":10},{"not_picked":["Reinforced Body","Go for the Eyes"],"picked":"Conserve Battery","floor":11},{"not_picked":["Redo","Consume"],"picked":"Conserve Battery","floor":12},{"not_picked":["Steam","Barrage"],"picked":"Recycle","floor":13},{"not_picked":["Gash","Force Field"],"picked":"Double Energy","floor":14},{"not_picked":["All For One","Electrodynamics"],"picked":"Echo Form","floor":16},{"not_picked":["Compile Driver","Fusion"],"picked":"Leap","floor":18}],"player_experience":1418678,"relics_obtained":[{"floor":7,"key":"Happy Flower"},{"floor":9,"key":"Orichalcum"},{"floor":10,"key":"Toy Ornithopter"},{"floor":13,"key":"Pocketwatch"}],"event_choices":[{"damage_healed":0,"gold_gain":0,"player_choice":"Donut","damage_taken":0,"max_hp_gain":5,"max_hp_loss":0,"event_name":"Big Fish","floor":5,"gold_loss":0},{"damage_healed":0,"gold_gain":0,"player_choice":"Grow","damage_taken":0,"max_hp_gain":0,"max_hp_loss":0,"event_name":"Living Wall","floor":8,"gold_loss":0,"cards_upgraded":["Blizzard"]},{"damage_healed":0,"gold_gain":50,"player_choice":"Stole From Cult","damage_taken":0,"max_hp_gain":0,"max_hp_loss":0,"event_name":"Nest","floor":19,"gold_loss":0},{"damage_healed":0,"gold_gain":0,"player_choice":"Read","damage_taken":0,"max_hp_gain":0,"max_hp_loss":0,"event_name":"The Library","floor":20,"gold_loss":0,"cards_obtained":["Self Repair"]},{"damage_healed":0,"gold_gain":0,"player_choice":"Stole Relic","damage_taken":0,"relics_obtained":["The Courier"],"max_hp_gain":0,"max_hp_loss":0,"event_name":"Addict","floor":22,"gold_loss":0,"cards_obtained":["Shame"]}],"is_beta":false,"boss_relics":[{"not_picked":["Fusion Hammer","Calling Bell"],"picked":"Pandora\u0027s Box"}],"items_purged_floors":[],"is_endless":false,"potions_floor_spawned":[7,10,13,14,18],"killed_by":"Book of Stabbing","ascension_level":16}}