{"host":"xmrw7jl1ir2912vf","time":1611600780,"event":{"mods":["BaseMod","Minty Spire (QoL Compilation)","Relic Stats"],"gold_per_floor":[113,38,51,51,51,85,85,116,116,116,145,195,195,207,207,285,285,304,318,333,333,333,333],"floor_reached":22,"language":"ENG","playtime":1130,"items_purged":["Defend_R"],"score":409,"play_id":"e9bfa3b5-6a67-42c2-afb4-eca58383500d","local_time":"20210125135300","is_ascension_mode":true,"campfire_choices":[{"floor":10.0,"key":"REST"},{"data":"Flame Barrier","floor":13,"key":"SMITH"},{"data":"Entrench","floor":15,"key":"SMITH"}],"circlet_count":0,"master_deck":["AscendersBane","Defend_R","Defend_R","Bash","Double Tap","Cleave+1","Anger","Shrug It Off","Shrug It Off","Flame Barrier+1","Entrench+1","Corruption","Armaments+1","Sentinel","Bite","Bite","Bite","Bite","Bite"],"relics":["Burning Blood","Pen Nib","Gremlin Horn","Bottled Flame","Singing Bowl","Anchor","Black Star"],"acts_visited":["Exordium","TheCity"],"potions_floor_usage":[16,19,22],"damage_taken":[{"damage":4.0,"enemies":"Small Slimes","floor":1.0,"turns":3.0},{"damage":10.0,"enemies":"2 Louse","floor":3.0,"turns":2.0},{"damage":35.0,"enemies":"Lagavulin","floor":6.0,"turns":5.0},{"damage":19.0,"enemies":"3 Sentries","floor":8.0,"turns":5.0},{"damage":23.0,"enemies":"Lagavulin","floor":11.0,"turns":4.0},{"damage":0,"enemies":"Jaw Worm","floor":14,"turns":3},{"damage":24,"enemies":"Hexaghost","floor":16,"turns":9},{"damage":27,"enemies":"Shell Parasite","floor":18,"turns":6},{"damage":25,"enemies":"3 Byrds","floor":19,"turns":3},{"damage":0,"enemies":"Snake Plant","floor":20,"turns":5},{"damage":43,"enemies":"Sentry and Sphere","floor":22,"turns":5}],"seed_played":"4421126015966082384","potions_obtained":[{"floor":1.0,"key":"DuplicationPotion"},{"floor":8.0,"key":"Block Potion"},{"floor":11.0,"key":"BlessingOfTheForge"},{"floor":16,"key":"BlessingOfTheForge"},{"floor":20,"key":"ColorlessPotion"}],"is_trial":false,"path_per_floor":["M","$","M","?","?","E","T","E","T","R","E","?","R","M","R","B",null,"M","M","M","?","M"],"character_chosen":"IRONCLAD","items_purchased":[],"campfire_rested":1,"item_purchase_floors":[],"current_hp_per_floor":[68,68,64,64,64,35,35,22,22,42,25,19,19,25,25,7,53,32,15,21,21,0,0],"gold":333,"neow_bonus":"TRANSFORM_TWO_CARDS","is_daily":false,"chose_seed":false,"campfire_upgraded":2,"win_rate":0.0,"timestamp":1611600780,"path_taken":["M","$","M","?","?","E","?","E","T","R","E","?","R","?","R","BOSS","M","?","M","?","M"],"items_purchased_type":[],"build_version":"2020-12-22","purchased_purges":1,"victory":false,"max_hp_per_floor":[68,68,68,68,68,68,68,68,68,68,68,68,68,68,68,68,68,68,70,70,49,49,49],"relic_stats":{"Gremlin Horn":[5,5],"Singing Bowl":2,"counters":[11,50],"Pen Nib":[8],"Black Star":0,"obtain_stats":[{"Bottled Flame":8,"Anchor":11,"Gremlin Horn":7,"Singing Bowl":9,"Pen Nib":6,"Black Star":17,"Burning Blood":0},{"Bottled Flame":4,"Anchor":5,"Gremlin Horn":3,"Singing Bowl":4,"Pen Nib":3,"Black Star":7,"Burning Blood":0},{"Bottled Flame":15,"Anchor":19,"Gremlin Horn":10,"Singing Bowl":15,"Pen Nib":10,"Black Star":31,"Burning Blood":0}],"Burning Blood":58},"card_choices":[{"not_picked":["Hemokinesis","Heavy Blade"],"picked":"Anger","floor":1.0},{"not_picked":["Clash","Pommel Strike"],"picked":"Shrug It Off","floor":3.0},{"not_picked":["Clothesline","Wild Strike"],"picked":"Shrug It Off","floor":6.0},{"not_picked":["Barricade","Power Through","Clash"],"picked":"SKIP","floor":8.0},{"not_picked":["Thunderclap","Whirlwind"],"picked":"Flame Barrier","floor":11.0},{"not_picked":["Warcry","Anger"],"picked":"Entrench","floor":14},{"not_picked":["Exhume","Feed"],"picked":"Corruption","floor":16},{"not_picked":["Clash","Heavy Blade"],"picked":"Armaments+1","floor":18},{"not_picked":["Wild Strike","Spot Weakness","Combust"],"picked":"Singing Bowl","floor":19},{"not_picked":["True Grit","Pommel Strike"],"picked":"Sentinel","floor":20}],"player_experience":456402,"relics_obtained":[{"floor":6.0,"key":"Pen Nib"},{"floor":7.0,"key":"Gremlin Horn"},{"floor":8.0,"key":"Bottled Flame"},{"floor":9.0,"key":"Singing Bowl"},{"floor":11.0,"key":"Anchor"}],"event_choices":[{"damage_healed":0.0,"max_hp_gain":0.0,"max_hp_loss":0.0,"gold_gain":0.0,"event_name":"The Cleric","player_choice":"Leave","floor":4.0,"gold_loss":0.0,"damage_taken":0.0},{"damage_healed":0.0,"max_hp_gain":0.0,"max_hp_loss":0.0,"gold_gain":0.0,"event_name":"Living Wall","player_choice":"Grow","floor":5.0,"gold_loss":0.0,"damage_taken":0.0,"cards_upgraded":["Cleave"]},{"damage_healed":0,"gold_gain":50,"player_choice":"Touch","damage_taken":6,"max_hp_gain":0,"max_hp_loss":0,"event_name":"FaceTrader","floor":12,"gold_loss":0},{"damage_healed":0,"gold_gain":0,"player_choice":"Became a vampire","damage_taken":0,"max_hp_gain":0,"max_hp_loss":21,"event_name":"Vampires","floor":21,"gold_loss":0,"cards_obtained":["Bite","Bite","Bite","Bite","Bite"]}],"is_beta":false,"boss_relics":[{"not_picked":["Empty Cage","Black Blood"],"picked":"Black Star"}],"items_purged_floors":[2],"is_endless":false,"potions_floor_spawned":[1,8,11,16,20],"killed_by":"Sentry and Sphere","ascension_level":18}}