{"host":"edc6wmn2qug8wnvl","time":1611554157,"event":{"mods":["AchievementEnabler","BaseMod","Colored Map","Colored Powertips","Minty Spire (QoL Compilation)","StSLib"],"gold_per_floor":[115,190,190,190,205,205,216,231,277,277,8,21,21,21,21,140,140,154,3,0,0,47,47,82,82,82,82,82,34,34,55,55,55,55],"floor_reached":33,"language":"ENG","playtime":1997,"items_purged":[],"score":249,"play_id":"bc358336-b958-430b-ba87-8edf253c43c5","local_time":"20210124215557","is_ascension_mode":false,"campfire_choices":[{"floor":6,"key":"REST"},{"floor":10,"key":"REST"},{"floor":15,"key":"REST"},{"data":"Transmutation","floor":23,"key":"SMITH"},{"floor":25,"key":"REST"},{"floor":28,"key":"REST"},{"floor":30,"key":"REST"},{"floor":32,"key":"REST"}],"circlet_count":0,"master_deck":["Strike_B","Strike_B","Strike_B","Strike_B","Defend_B","Defend_B","Defend_B","Defend_B+1","Zap","Dualcast","Undo","Reinforced Body","Hologram","Hologram","Transmutation+1","Steam Power","Auto Shields","Reboot+1","Skim","Turbo"],"relics":["Philosopher\u0027s Stone","Centennial Puzzle","Dream Catcher","Golden Idol","Busted Crown","Chemical X","MutagenicStrength","Happy Flower","Pen Nib","Orichalcum"],"acts_visited":["Exordium","TheCity"],"potions_floor_usage":[5,11,12,16,33,33],"damage_taken":[{"damage":2,"enemies":"Jaw Worm","floor":1,"turns":3},{"damage":0,"enemies":"2 Louse","floor":5,"turns":3},{"damage":4,"enemies":"Small Slimes","floor":7,"turns":4},{"damage":11,"enemies":"Looter","floor":8,"turns":3},{"damage":4,"enemies":"3 Louse","floor":12,"turns":5},{"damage":49,"enemies":"Slime Boss","floor":16,"turns":9},{"damage":2,"enemies":"Chosen","floor":18,"turns":6},{"damage":66,"enemies":"Slavers","floor":24,"turns":5},{"damage":11,"enemies":"Shell Parasite","floor":31,"turns":7},{"damage":123,"enemies":"Automaton","floor":33,"turns":12}],"seed_played":"-7855332737406601051","potions_obtained":[{"floor":1,"key":"SkillPotion"},{"floor":5,"key":"SpeedPotion"},{"floor":12,"key":"EssenceOfDarkness"},{"floor":31,"key":"Swift Potion"}],"is_trial":false,"path_per_floor":["M","?","?","?","M","R","M","M","T","R","$","M","?","?","R","B",null,"M","$","?","?","T","R","E","R","T","?","R","$","R","M","R","B"],"character_chosen":"DEFECT","items_purchased":["Transmutation","Fruit Juice","Chemical X","SkillPotion"],"campfire_rested":7,"item_purchase_floors":[11,11,19,29],"current_hp_per_floor":[73,62,55,55,55,75,71,60,60,75,80,76,56,56,80,31,80,78,78,78,78,78,78,12,36,36,36,60,60,80,69,80,0,0],"gold":55,"neow_bonus":"BOSS_RELIC","is_daily":false,"chose_seed":false,"campfire_upgraded":1,"win_rate":0.0,"timestamp":1611554157,"path_taken":["M","?","?","?","?","R","M","M","T","R","$","M","?","?","R","BOSS","M","?","?","?","?","R","E","R","T","?","R","$","R","M","R","BOSS"],"items_purchased_type":["Card","Potion","Relic","Potion"],"build_version":"2020-12-22","purchased_purges":0,"victory":false,"max_hp_per_floor":[75,75,75,75,75,75,75,75,75,75,80,80,80,80,80,80,80,80,80,80,80,80,80,80,80,80,80,80,80,80,80,80,80,80],"card_choices":[{"not_picked":["Conserve Battery","Streamline"],"picked":"Undo","floor":1},{"not_picked":["Sweeping Beam","Compile Driver"],"picked":"Reinforced Body","floor":5},{"not_picked":["BootSequence","White Noise"],"picked":"Consume","floor":7},{"not_picked":["Loop","Aggregate"],"picked":"Hologram","floor":8},{"not_picked":["Go for the Eyes","Barrage"],"picked":"Hologram","floor":10},{"not_picked":["Glacier","Sweeping Beam"],"picked":"Steam Power","floor":12},{"not_picked":["Go for the Eyes","Stack"],"picked":"Auto Shields","floor":15},{"not_picked":["Amplify","Rainbow"],"picked":"Reboot","floor":16},{"not_picked":["Consume"],"picked":"SKIP","floor":18},{"not_picked":[],"picked":"Skim","floor":24},{"not_picked":[],"picked":"Turbo","floor":31}],"player_experience":22013,"relics_obtained":[{"floor":9,"key":"Dream Catcher"},{"floor":22,"key":"Happy Flower"},{"floor":24,"key":"Pen Nib"},{"floor":26,"key":"Orichalcum"}],"event_choices":[{"damage_healed":0,"gold_gain":75,"player_choice":"Gather Gold","damage_taken":11,"max_hp_gain":0,"max_hp_loss":0,"event_name":"World of Goop","floor":2,"gold_loss":0},{"damage_healed":0,"gold_gain":0,"player_choice":"Success","damage_taken":7,"relics_obtained":["Centennial Puzzle"],"max_hp_gain":0,"max_hp_loss":0,"event_name":"Scrap Ooze","floor":3,"gold_loss":0},{"damage_healed":0,"gold_gain":0,"player_choice":"Upgraded","damage_taken":0,"max_hp_gain":0,"max_hp_loss":0,"event_name":"Upgrade Shrine","floor":4,"gold_loss":0,"cards_upgraded":["Defend_B"]},{"damage_healed":0,"gold_gain":0,"player_choice":"Take Damage","damage_taken":20,"relics_obtained":["Golden Idol"],"max_hp_gain":0,"max_hp_loss":0,"event_name":"Golden Idol","floor":13,"gold_loss":0},{"cards_removed":["Consume"],"damage_healed":0,"gold_gain":0,"player_choice":"Purged","damage_taken":0,"max_hp_gain":0,"max_hp_loss":0,"event_name":"Purifier","floor":14,"gold_loss":0},{"damage_healed":0,"gold_gain":0,"player_choice":"Paid Fearfully","damage_taken":0,"max_hp_gain":0,"max_hp_loss":0,"event_name":"Masked Bandits","floor":20,"gold_loss":3},{"damage_healed":0,"gold_gain":0,"player_choice":"Inject Mutagens","damage_taken":0,"relics_obtained":["MutagenicStrength"],"max_hp_gain":0,"max_hp_loss":0,"event_name":"Drug Dealer","floor":21,"gold_loss":0},{"damage_healed":0,"gold_gain":0,"player_choice":"Upgraded","damage_taken":0,"max_hp_gain":0,"max_hp_loss":0,"event_name":"Upgrade Shrine","floor":27,"gold_loss":0,"cards_upgraded":["Reboot"]}],"is_beta":false,"boss_relics":[{"not_picked":["Empty Cage","Cursed Key"],"picked":"Busted Crown"}],"items_purged_floors":[],"is_endless":false,"potions_floor_spawned":[1,5,12,31],"killed_by":"Automaton","ascension_level":0}}