{"host":"on8rz1ayhhz269sg","time":1611570667,"event":{"mods":["BaseMod","Downfall","Minty Spire (QoL Compilation)","Remilia（蕾米莉亚）","StSLib","[GremlinLeader]The Maniac","残留之物"],"gold_per_floor":[213,231,406,20,39,65,81,100,100,129,140,170,183,199,199,316,316,335,348,348,2,36,36,66,103,103,152,152,164,192,226,226,327,327,339,378,378,378,411,411,465,465,465,531,560,642,654,666,678,690],"floor_reached":51,"language":"ZHS","playtime":5472,"items_purged":["Doubt"],"score":853,"play_id":"68d997db-59c2-4700-9b29-93f56f0dcac8","local_time":"20210125183107","is_ascension_mode":true,"campfire_choices":[{"data":"BloodRain","floor":15.0,"key":"SMITH"},{"data":"HellCatastrophe","floor":23.0,"key":"SMITH"},{"floor":28.0,"key":"REST"},{"data":"FitfulNightmare","floor":32.0,"key":"SMITH"},{"data":"ForecastOfChange","floor":40.0,"key":"SMITH"},{"data":"ChaoticDestiny","floor":49,"key":"SMITH"}],"circlet_count":0,"master_deck":["Strike_RM","Strike_RM","Strike_RM","Strike_RM","Defend_RM","Defend_RM","Defend_RM","Defend_RM","RedMoon","ScarletShoot","Maim","ScarletDevilSign","BloodRain+1","DevilSight","NightDance","UnstableMagic","FitfulNightmare+1","RedMagic","NightDance","AfternoonTea","HellCatastrophe+1","BombardNight+1","Stigmanizer+1","ReincarnationDial","FavorOfDestiny","RedRainbow+1","MiserableFate+1","GlobalNightmare+1","EternalNight","EndlessAdversity","EquivalentExchange","ChainGang","ForecastOfChange+1","ScarletDevil+1","RedMagic+1","UnderTheZenith+1","ChaoticDestiny+1","downfall:Haunted","downfall:Haunted","Pain","TricksterDevil","VampireFantasy","BlasphemousPunishment+1","Stigmanizer+1"],"relics":["ScarletHat","Calipers","WingedGreaves","White Beast Statue","Tiny Chest","Gungnir","Philosopher\u0027s Stone","Matryoshka","Ice Cream","Bottled Lightning","The Courier","Ornamental Fan","Art of War","ScarletEmblem","Potion Belt","Bag of Preparation","TungstenRod","Darkstone Periapt","MawBank","Mercury Hourglass","Turnip","Du-Vu Doll","Regal Pillow"],"acts_visited":["TheCity","TheBeyond"],"potions_floor_usage":[46,46,50],"damage_taken":[{"damage":0.0,"enemies":"Jaw Worm","floor":1.0,"turns":3.0},{"damage":0.0,"enemies":"Small Slimes","floor":2.0,"turns":2.0},{"damage":1.0,"enemies":"Cultist","floor":5.0,"turns":4.0},{"damage":7.0,"enemies":"Gremlin Nob","floor":6.0,"turns":5.0},{"damage":3.0,"enemies":"Blue Slaver","floor":7.0,"turns":4.0},{"damage":0.0,"enemies":"2 Fungi Beasts","floor":8.0,"turns":3.0},{"damage":2.0,"enemies":"3 Sentries","floor":10.0,"turns":3.0},{"damage":0.0,"enemies":"Large Slime","floor":11.0,"turns":7.0},{"damage":1.0,"enemies":"Lagavulin","floor":12.0,"turns":9.0},{"damage":0.0,"enemies":"3 Louse","floor":13.0,"turns":1.0},{"damage":0.0,"enemies":"Exordium Wildlife","floor":14.0,"turns":1.0},{"damage":4.0,"enemies":"The Guardian","floor":16.0,"turns":7.0},{"damage":6.0,"enemies":"3 Byrds","floor":18.0,"turns":8.0},{"damage":0.0,"enemies":"Chosen","floor":19.0,"turns":2.0},{"damage":4.0,"enemies":"Snecko","floor":22.0,"turns":5.0},{"damage":17.0,"enemies":"Book of Stabbing","floor":24.0,"turns":4.0},{"damage":2.0,"enemies":"Centurion and Healer","floor":25.0,"turns":5.0},{"damage":29.0,"enemies":"Gremlin Leader","floor":27.0,"turns":7.0},{"damage":9.0,"enemies":"Snake Plant","floor":29.0,"turns":2.0},{"damage":3.0,"enemies":"Book of Stabbing","floor":30.0,"turns":4.0},{"damage":9.0,"enemies":"Snecko","floor":31.0,"turns":5.0},{"damage":28.0,"enemies":"Collector","floor":33.0,"turns":7.0},{"damage":11.0,"enemies":"3 Shapes","floor":35.0,"turns":3.0},{"damage":0.0,"enemies":"3 Darklings","floor":36.0,"turns":2.0},{"damage":0.0,"enemies":"Sphere and 2 Shapes","floor":39.0,"turns":3.0},{"damage":8.0,"enemies":"Reptomancer","floor":41.0,"turns":5.0},{"damage":6.0,"enemies":"Nemesis","floor":44.0,"turns":7.0},{"damage":5.0,"enemies":"Maw","floor":45.0,"turns":9.0},{"damage":6,"enemies":"2 Orb Walkers","floor":46,"turns":4},{"damage":57,"enemies":"Donu and Deca","floor":50,"turns":6}],"seed_played":"6704285115890536426","potions_obtained":[{"floor":1.0,"key":"BlessingOfTheForge"},{"floor":5.0,"key":"Guardian:BlockOnCardUsePotion"},{"floor":6.0,"key":"Ancient Potion"},{"floor":10.0,"key":"Block Potion"},{"floor":11.0,"key":"EssenceOfSteel"},{"floor":12.0,"key":"Guardian:BlockOnCardUsePotion"},{"floor":13.0,"key":"Swift Potion"},{"floor":14.0,"key":"SpeedPotion"},{"floor":16.0,"key":"BlessingOfTheForge"},{"floor":18.0,"key":"Dexterity Potion"},{"floor":19.0,"key":"SteroidPotion"},{"floor":24.0,"key":"Energy Potion"},{"floor":27.0,"key":"Dexterity Potion"},{"floor":29.0,"key":"AttackPotion"},{"floor":29.0,"key":"FairyPotion"},{"floor":30.0,"key":"BlessingOfTheForge"},{"floor":31.0,"key":"AttackPotion"},{"floor":33.0,"key":"Explosive Potion"},{"floor":35.0,"key":"DistilledChaos"},{"floor":35.0,"key":"PowerPotion"},{"floor":36.0,"key":"AttackPotion"},{"floor":39.0,"key":"PowerPotion"},{"floor":41.0,"key":"Fire Potion"},{"floor":44.0,"key":"SneckoOil"},{"floor":45.0,"key":"BlessingOfTheForge"},{"floor":45.0,"key":"Regen Potion"},{"floor":46,"key":"BlessingOfTheForge"}],"is_trial":false,"path_per_floor":["M","M","?","$","M","E","M","M","T","E","M","E","M","M","R","B",null,"M","M","?","$","M","R","E","M","T","E","R","M","E","M","R","B",null,"M","M","?","T","M","R","E","?","T","E","M","?","T","T","R","B",null],"character_chosen":"REMILIA","items_purchased":["Calipers","Matryoshka","ReincarnationDial","FavorOfDestiny"],"campfire_rested":1,"item_purchase_floors":[4,21,21,21],"current_hp_per_floor":[75,75,75,75,75,69,68,70,70,72,75,75,75,75,75,73,75,69,74,74,74,72,72,58,60,60,46,68,60,69,65,65,58,75,66,66,66,66,66,66,66,84,84,93,93,93,93,93,93,75],"gold":702,"neow_bonus":"HUNDRED_GOLD","is_daily":false,"chose_seed":false,"campfire_upgraded":5,"win_rate":0.0,"timestamp":1611570667,"path_taken":["M","M","?","$","M","E","M","M","T","E","M","E","M","M","R","BOSS","M","M","?","$","M","R","E","?","T","E","R","M","E","M","R","BOSS","M","M","?","?","M","R","E","?","T","E","M","?","?","?","R","BOSS"],"items_purchased_type":["Relic","Relic","Card","Card"],"build_version":"2020-12-22","purchased_purges":1,"victory":true,"max_hp_per_floor":[75,75,75,75,75,75,75,75,75,75,75,75,75,75,75,75,75,75,75,75,75,75,75,75,75,75,75,75,75,75,75,75,75,75,75,75,75,75,75,75,75,93,93,93,93,93,93,93,93,93],"card_choices":[{"not_picked":["DiffusionOfMisfortune","RedRainbow"],"picked":"Maim","floor":1.0},{"not_picked":["BloodyTrap","BlasphemousPunishment"],"picked":"ScarletDevilSign","floor":2.0},{"not_picked":["Septette","CharismaGuard"],"picked":"Stigmanizer","floor":5.0},{"not_picked":["ReincarnationDial","RedMagic"],"picked":"BloodRain","floor":6.0},{"not_picked":["VampireClaw","VampireKiss"],"picked":"DevilSight","floor":7.0},{"not_picked":["FavorOfDestiny","LeisurelyOfLord"],"picked":"NightDance","floor":8.0},{"not_picked":["RedRainbow","MiserableFate"],"picked":"UnstableMagic","floor":10.0},{"not_picked":["ChainGang","Stigmanizer"],"picked":"FitfulNightmare","floor":11.0},{"not_picked":["TwelveNightmare","ScarletDevil"],"picked":"RedMagic","floor":12.0},{"not_picked":["VampireKiss","DiffusionOfMisfortune"],"picked":"NightDance","floor":13.0},{"not_picked":["BloodyMagicSquare","SuperhumanBloodyKnife"],"picked":"AfternoonTea","floor":14.0},{"not_picked":["DemonKingCradle","ScarletCoffin"],"picked":"HellCatastrophe","floor":16.0},{"not_picked":["MiserableFate","SuperhumanBloodyKnife+1"],"picked":"BombardNight+1","floor":18.0},{"not_picked":["AfternoonTea","BlasphemousPunishment"],"picked":"Stigmanizer+1","floor":19.0},{"not_picked":["BloodHunter","VampireKiss+1"],"picked":"RedRainbow+1","floor":22.0},{"not_picked":["Stigmanizer","ScarletGensokyo"],"picked":"MiserableFate+1","floor":24.0},{"not_picked":["VampireKiss","MastersStateliness"],"picked":"GlobalNightmare+1","floor":25.0},{"not_picked":["ScarletSymphony","RedRainbow"],"picked":"EternalNight","floor":27.0},{"not_picked":["UnstableMagic+1","NightLord"],"picked":"EndlessAdversity","floor":29.0},{"not_picked":["Ultimatum","MastersStateliness+1"],"picked":"EquivalentExchange","floor":30.0},{"not_picked":["BloodyMagicSquare","UltimateOffering"],"picked":"ChainGang","floor":31.0},{"not_picked":["BatForm","BloodySeventeenLaser"],"picked":"ForecastOfChange","floor":33.0},{"not_picked":["UnstableMagic+1","ForbiddenFruit+1"],"picked":"ScarletDevil+1","floor":35.0},{"not_picked":["ScarletDevil","BadLadyScramble"],"picked":"RedMagic+1","floor":36.0},{"not_picked":["EndlessAdversity","CharismaGuard+1"],"picked":"UnderTheZenith+1","floor":39.0},{"not_picked":["DiffusionOfMisfortune+1","ScarletDevil+1"],"picked":"ChaoticDestiny","floor":41.0},{"not_picked":["CharismaGuard+1","VampireKiss+1"],"picked":"VampireFantasy","floor":44.0},{"not_picked":["ScarletDevil","Septette"],"picked":"BlasphemousPunishment+1","floor":45.0},{"not_picked":["MiserableFate+1","ReincarnationDial+1"],"picked":"Stigmanizer+1","floor":46}],"player_experience":226411,"relics_obtained":[{"floor":6.0,"key":"WingedGreaves"},{"floor":9.0,"key":"White Beast Statue"},{"floor":10.0,"key":"Tiny Chest"},{"floor":12.0,"key":"Gungnir"},{"floor":24.0,"key":"Ice Cream"},{"floor":26.0,"key":"Bottled Lightning"},{"floor":26.0,"key":"The Courier"},{"floor":27.0,"key":"Ornamental Fan"},{"floor":30.0,"key":"Art of War"},{"floor":38.0,"key":"Potion Belt"},{"floor":38.0,"key":"Bag of Preparation"},{"floor":41.0,"key":"TungstenRod"},{"floor":43.0,"key":"MawBank"},{"floor":44.0,"key":"Mercury Hourglass"},{"floor":46,"key":"Turnip"},{"floor":47,"key":"Du-Vu Doll"},{"floor":48,"key":"Regal Pillow"}],"event_choices":[{"damage_healed":0.0,"max_hp_gain":0.0,"max_hp_loss":0.0,"gold_gain":175.0,"event_name":"Liars Game","player_choice":"AGREE","floor":3.0,"gold_loss":0.0,"damage_taken":0.0,"cards_obtained":["Doubt"]},{"damage_healed":0.0,"max_hp_gain":0.0,"max_hp_loss":0.0,"gold_gain":0.0,"event_name":"N\u0027loth","player_choice":"Ignored","floor":20.0,"gold_loss":0.0,"damage_taken":0.0},{"cards_removed":["Stigmanizer"],"damage_healed":0.0,"max_hp_gain":0.0,"max_hp_loss":0.0,"gold_gain":0.0,"event_name":"Falling","player_choice":"Removed Attack","floor":37.0,"gold_loss":0.0,"damage_taken":0.0},{"damage_healed":0,"gold_gain":0,"player_choice":"Fight","damage_taken":0,"max_hp_gain":0,"max_hp_loss":0,"event_name":"Mysterious Sphere","floor":46,"gold_loss":0}],"is_beta":false,"boss_relics":[{"not_picked":["Runic Dome","Sozu"],"picked":"Philosopher\u0027s Stone"},{"not_picked":["PlaceholderMod:LiveLive","Runic Pyramid"],"picked":"ScarletEmblem"}],"items_purged_floors":[4],"is_endless":false,"potions_floor_spawned":[1,5,6,10,11,12,13,14,16,18,19,22,24,25,27,29,30,31,33,35,36,39,41,44,45,46],"ascension_level":1}}