{"host":"1mdoazogr9tl4b3g","time":1611544356,"event":{"mods":["Act Like it!","Aspiration","Bard","BaseMod","Beaked The Cultist","BetterRewards","Block Reminder","Conspire","Glutton Mod","Hermit","Hubris","Infinite Spire","Marisa????????","Mimic Mod","Minty Spire (QoL Compilation)","Rare Cards Sparkle","Relic Sorter","Replay The Spire","Shop Mod","StSLib","The Animator","The Blackbeard","The Bladedancer","The Bug Knight","The Construct","The Cursed","The Disciple","The Hierophant","The Mystic","The Necromancer","The Runesmith","The Servant 0.9.4","The Spell Scribe","Uncapped","Wandering Minibosses"],"gold_per_floor":[109,0,0,0,0,34,34,65,105,105,125,158,158,23,23,23,23],"floor_reached":16,"language":"ENG","playtime":676,"items_purged":["Defend_B","Decay"],"score":172,"play_id":"95685931-5f22-4902-a32f-a16a1a69f819","local_time":"20210124211236","is_ascension_mode":true,"campfire_choices":[{"data":"Redo","floor":7.0,"key":"SMITH"},{"data":"Darkness","floor":13,"key":"SMITH"},{"data":"conspire:SharedLibrary","floor":15,"key":"SMITH"}],"circlet_count":0,"master_deck":["Strike_B","Strike_B","Strike_B","Strike_B","Defend_B","Defend_B","Defend_B","Zap","Dualcast","Time Bomb","Conserve Battery+1","Redo+1","Capacitor","Multi-Cast","conspire:SharedLibrary+1","Darkness+1","Loop"],"relics":["Cracked Core","NeowsBlessing","Runesmith:Nanobots","aspiration:Lifesprig","infinitespire:BottledMercury","infinitespire:Freezer"],"acts_visited":["Exordium"],"potions_floor_usage":[12,12,12,16],"damage_taken":[{"damage":0.0,"enemies":"Jaw Worm","floor":1.0,"turns":1.0},{"damage":0.0,"enemies":"3 Sentries","floor":6.0,"turns":1.0},{"damage":0.0,"enemies":"Gremlin Nob","floor":8.0,"turns":1.0},{"damage":0.0,"enemies":"2 Louse","floor":9.0,"turns":5.0},{"damage":0,"enemies":"2 Louse","floor":11,"turns":2},{"damage":41,"enemies":"3 Sentries","floor":12,"turns":8},{"damage":32,"enemies":"Fading Forest","floor":16,"turns":6}],"seed_played":"5394217747575994220","potions_obtained":[{"floor":1.0,"key":"Elixir"},{"floor":8.0,"key":"EntropicBrew"},{"floor":11,"key":"Adrenaline Potion"}],"is_trial":false,"path_per_floor":["M","$","?","?","?","E","R","E","MIM","?","M","E","R","$","R","B"],"character_chosen":"DEFECT","items_purchased":["Conserve Battery+1","Loop"],"campfire_rested":0,"item_purchase_floors":[2,14],"current_hp_per_floor":[75,75,63,63,63,63,63,63,63,63,63,22,22,22,22,0,0],"gold":23,"neow_bonus":"THREE_ENEMY_KILL","is_daily":false,"chose_seed":false,"campfire_upgraded":3,"win_rate":0.0,"timestamp":1611544356,"path_taken":["M","$","?","?","?","E","R","E","MIM","?","?","E","R","?","R","BOSS"],"items_purchased_type":["Card","Card"],"build_version":"2020-12-22","purchased_purges":2,"victory":false,"max_hp_per_floor":[75,75,75,75,75,75,75,75,75,75,75,75,75,75,75,75,75],"card_choices":[{"not_picked":["Hologram","Lockon"],"picked":"Time Bomb","floor":1.0},{"not_picked":["Hello World","Steam Power"],"picked":"Capacitor","floor":6.0},{"not_picked":["Reprogram","Panic Button"],"picked":"Multi-Cast","floor":8.0},{"not_picked":["Hologram","Ball Lightning"],"picked":"conspire:SharedLibrary","floor":11},{"not_picked":["Blizzard","Beam Cell"],"picked":"Darkness","floor":12}],"player_experience":390803,"relics_obtained":[{"floor":6.0,"key":"aspiration:Lifesprig"},{"floor":8.0,"key":"infinitespire:BottledMercury"},{"floor":12,"key":"infinitespire:Freezer"}],"event_choices":[{"damage_healed":0.0,"max_hp_gain":0.0,"max_hp_loss":0.0,"gold_gain":0.0,"event_name":"Scrap Ooze","player_choice":"Success","floor":3.0,"gold_loss":0.0,"damage_taken":12.0,"relics_obtained":["Runesmith:Nanobots"]},{"damage_healed":0,"gold_gain":0,"player_choice":"Cursed","damage_taken":0,"max_hp_gain":0,"max_hp_loss":0,"event_name":"Wheel of Change","floor":10,"gold_loss":0,"cards_obtained":["Decay"]}],"is_beta":false,"boss_relics":[],"items_purged_floors":[2,14],"is_endless":false,"potions_floor_spawned":[1,8,11,12],"killed_by":"Fading Forest","ascension_level":1}}