{"host":"63yhhrjweyj22b0v","time":1611544248,"event":{"mods":["BaseMod","Minty Spire (QoL Compilation)","Quick Restart"],"gold_per_floor":[119,38,38,38,50,50,63,80,80,95,124,134,19,45,45,149,149,162,162,162,172,182,182,182],"floor_reached":23,"language":"ENG","playtime":524,"items_purged":[],"score":278,"play_id":"ddc8ea53-7339-4bc0-bf07-8fefbb5d6bbe","local_time":"20210124211048","is_ascension_mode":false,"campfire_choices":[{"floor":6,"key":"REST"},{"floor":15,"key":"REST"}],"circlet_count":0,"master_deck":["Strike_B","Strike_B","Strike_B","Strike_B+1","Defend_B","Defend_B","Defend_B+1","Defend_B","Zap","Dualcast","Chaos+1","Static Discharge","Barrage+1","Beam Cell","Buffer","Seek","Loop"],"relics":["Cracked Core","NeowsBlessing","The Courier","Singing Bowl","Whetstone","Vajra","Du-Vu Doll","Black Star"],"acts_visited":["Exordium","TheCity"],"potions_floor_usage":[14,14,16,16],"damage_taken":[{"damage":0,"enemies":"Cultist","floor":1,"turns":1},{"damage":0,"enemies":"Jaw Worm","floor":5,"turns":1},{"damage":0,"enemies":"Small Slimes","floor":7,"turns":1},{"damage":3,"enemies":"2 Fungi Beasts","floor":8,"turns":4},{"damage":17,"enemies":"3 Louse","floor":10,"turns":2},{"damage":25,"enemies":"Gremlin Nob","floor":11,"turns":5},{"damage":2,"enemies":"Blue Slaver","floor":12,"turns":3},{"damage":15,"enemies":"3 Sentries","floor":14,"turns":4},{"damage":0,"enemies":"Slime Boss","floor":16,"turns":5},{"damage":19,"enemies":"Shell Parasite","floor":18,"turns":4},{"damage":10,"enemies":"Spheric Guardian","floor":21,"turns":4},{"damage":35,"enemies":"Cultist and Chosen","floor":22,"turns":8},{"damage":0,"enemies":"Gremlin Leader","floor":23,"turns":1}],"seed_played":"8809193514050542895","potions_obtained":[{"floor":1,"key":"PowerPotion"},{"floor":5,"key":"CultistPotion"},{"floor":12,"key":"DistilledChaos"},{"floor":14,"key":"Strength Potion"},{"floor":21,"key":"Swift Potion"}],"is_trial":false,"path_per_floor":["M","$","?","?","M","R","M","M","T","M","E","M","$","E","R","B",null,"M","?","?","M","M","E"],"character_chosen":"DEFECT","items_purchased":["Static Discharge","Vajra"],"campfire_rested":2,"item_purchase_floors":[2,13],"current_hp_per_floor":[75,75,60,48,48,70,70,67,67,52,29,29,29,14,38,38,81,62,47,47,39,6,6,6],"gold":182,"neow_bonus":"THREE_ENEMY_KILL","is_daily":false,"chose_seed":false,"campfire_upgraded":0,"win_rate":0.0,"timestamp":1611544248,"path_taken":["M","$","?","?","M","R","M","M","T","M","E","M","?","E","R","BOSS","M","?","?","M","M","E"],"items_purchased_type":["Card","Relic"],"build_version":"2020-12-22","purchased_purges":0,"victory":false,"max_hp_per_floor":[75,75,75,75,75,75,75,75,75,77,79,81,81,81,81,81,81,81,86,86,88,90,90,90],"card_choices":[{"not_picked":["Steam","Glacier"],"picked":"Chaos","floor":1},{"not_picked":["Streamline","Sunder"],"picked":"Barrage","floor":5},{"not_picked":["Hologram","Sunder","Stack"],"picked":"SKIP","floor":7},{"not_picked":["Compile Driver","Hologram"],"picked":"Beam Cell","floor":8},{"not_picked":["Steam","Glacier","Leap"],"picked":"Singing Bowl","floor":10},{"not_picked":["Fusion","Scrape","Chaos"],"picked":"Singing Bowl","floor":11},{"not_picked":["Leap","Sweeping Beam","Conserve Battery"],"picked":"Singing Bowl","floor":12},{"not_picked":["Redo","Hologram"],"picked":"Buffer","floor":14},{"not_picked":["Thunder Strike","Amplify"],"picked":"Seek","floor":16},{"not_picked":["Sweeping Beam","Turbo"],"picked":"Loop","floor":18},{"not_picked":["Leap","Undo+1","Go for the Eyes"],"picked":"Singing Bowl","floor":21},{"not_picked":["Thunder Strike","Hologram","Go for the Eyes"],"picked":"Singing Bowl","floor":22}],"player_experience":589485,"relics_obtained":[{"floor":9,"key":"Singing Bowl"},{"floor":11,"key":"Whetstone"},{"floor":14,"key":"Du-Vu Doll"}],"event_choices":[{"damage_healed":0,"gold_gain":0,"player_choice":"Entered Light","damage_taken":15,"max_hp_gain":0,"max_hp_loss":0,"event_name":"Shining Light","floor":3,"gold_loss":0,"cards_upgraded":["Chaos","Defend_B"]},{"damage_healed":0,"gold_gain":0,"player_choice":"Success","damage_taken":12,"relics_obtained":["The Courier"],"max_hp_gain":0,"max_hp_loss":0,"event_name":"Scrap Ooze","floor":4,"gold_loss":0},{"damage_healed":0,"gold_gain":0,"player_choice":"Shed Blood","damage_taken":20,"max_hp_gain":5,"max_hp_loss":0,"event_name":"Forgotten Altar","floor":19,"gold_loss":0},{"damage_healed":0,"gold_gain":0,"player_choice":"Ignored","damage_taken":0,"max_hp_gain":0,"max_hp_loss":0,"event_name":"Ghosts","floor":20,"gold_loss":0}],"is_beta":false,"boss_relics":[{"not_picked":["Fusion Hammer","Cursed Key"],"picked":"Black Star"}],"items_purged_floors":[],"is_endless":false,"potions_floor_spawned":[1,5,12,14,21],"killed_by":"Gremlin Leader","ascension_level":0}}