{"host":"kpyf5rnb72uwap8k","time":1611612170,"event":{"mods":["AchievementEnabler","BaseMod","Colored Map","Colored Powertips","DeckTracker","Minty Spire (QoL Compilation)","Permanent Neow","Quick Restart","StSLib","SuperFastMode"],"gold_per_floor":[116,41,58,25,50,50,85,95,163,181,199,199,217,234,234,338,338,352,371,296,145,157,157,157],"floor_reached":23,"language":"KOR","playtime":1153,"items_purged":["Defend_R"],"score":195,"play_id":"6ec97266-5e98-4e3f-b863-a8d1baeadecc","local_time":"20210126070250","is_ascension_mode":false,"campfire_choices":[{"data":"Whirlwind","floor":6.0,"key":"SMITH"},{"data":"Whirlwind","floor":12.0,"key":"SMITH"},{"data":"Entrench","floor":15.0,"key":"SMITH"}],"circlet_count":0,"master_deck":["Strike_R","Strike_R","Strike_R","Defend_R","Defend_R","Defend_R","Bash","Whirlwind+1","Thunderclap","Whirlwind+1","Spot Weakness","Entrench+1","Shrug It Off","Limit Break","True Grit","Limit Break"],"relics":["Burning Blood","Strawberry","Oddly Smooth Stone","Bottled Flame","Mark of Pain","DollysMirror"],"acts_visited":["Exordium","TheCity"],"potions_floor_usage":[23,23],"damage_taken":[{"damage":6.0,"enemies":"Cultist","floor":1.0,"turns":4.0},{"damage":0.0,"enemies":"Small Slimes","floor":3.0,"turns":2.0},{"damage":18.0,"enemies":"3 Sentries","floor":7.0,"turns":3.0},{"damage":5.0,"enemies":"Jaw Worm","floor":8.0,"turns":3.0},{"damage":25.0,"enemies":"Blue Slaver","floor":10.0,"turns":4.0},{"damage":0.0,"enemies":"Gremlin Gang","floor":11.0,"turns":1.0},{"damage":0.0,"enemies":"3 Louse","floor":13.0,"turns":1.0},{"damage":12.0,"enemies":"Blue Slaver","floor":14.0,"turns":3.0},{"damage":50.0,"enemies":"Hexaghost","floor":16.0,"turns":12.0},{"damage":30.0,"enemies":"Shell Parasite","floor":18.0,"turns":5.0},{"damage":24.0,"enemies":"Spheric Guardian","floor":19.0,"turns":6.0},{"damage":24.0,"enemies":"Shelled Parasite and Fungi","floor":22.0,"turns":3.0},{"damage":22,"enemies":"Book of Stabbing","floor":23,"turns":4}],"seed_played":"-8730345302906882039","potions_obtained":[{"floor":7.0,"key":"Block Potion"},{"floor":8.0,"key":"BlessingOfTheForge"},{"floor":11.0,"key":"SteroidPotion"},{"floor":16.0,"key":"DistilledChaos"},{"floor":22.0,"key":"Dexterity Potion"}],"is_trial":false,"path_per_floor":["M","$","M","$","T","R","E","M","T","M","M","R","M","M","R","B",null,"M","M","?","$","M","E"],"character_chosen":"IRONCLAD","items_purchased":["Whirlwind","DollysMirror"],"campfire_rested":0,"item_purchase_floors":[4,21],"current_hp_per_floor":[80,80,80,80,87,87,75,76,76,57,63,63,69,63,63,19,87,63,45,45,45,27,5,5],"gold":157,"neow_bonus":"REMOVE_CARD","is_daily":false,"chose_seed":false,"campfire_upgraded":3,"win_rate":0.0,"timestamp":1611612170,"path_taken":["M","$","?","$","?","R","E","M","T","M","M","R","M","M","R","BOSS","M","M","?","$","M","E"],"items_purchased_type":["Card","Relic"],"build_version":"2020-12-22","purchased_purges":1,"victory":false,"max_hp_per_floor":[80,80,80,80,87,87,87,87,87,87,87,87,87,87,87,87,87,87,87,87,87,87,87,87],"card_choices":[{"not_picked":["True Grit","Twin Strike"],"picked":"Whirlwind","floor":1.0},{"not_picked":["Dual Wield","Body Slam"],"picked":"Thunderclap","floor":3.0},{"not_picked":["Cleave","Metallicize","Blood for Blood"],"picked":"SKIP","floor":7.0},{"not_picked":["Heavy Blade","Thunderclap","Cleave"],"picked":"SKIP","floor":8.0},{"not_picked":["Thunderclap","Intimidate","Evolve"],"picked":"SKIP","floor":10.0},{"not_picked":["Disarm","Battle Trance"],"picked":"Spot Weakness","floor":11.0},{"not_picked":["Clash","Warcry"],"picked":"Entrench","floor":13.0},{"not_picked":["Clothesline","Inflame"],"picked":"Shrug It Off","floor":14.0},{"not_picked":["Reaper","Fiend Fire"],"picked":"Limit Break","floor":16.0},{"not_picked":["Dropkick","Clothesline","Rampage"],"picked":"SKIP","floor":18.0},{"not_picked":["Metallicize","Ghostly Armor"],"picked":"True Grit","floor":19.0},{"not_picked":["Burning Pact","Combust","Cleave+1"],"picked":"SKIP","floor":22.0}],"player_experience":165574,"relics_obtained":[{"floor":5.0,"key":"Strawberry"},{"floor":7.0,"key":"Oddly Smooth Stone"},{"floor":9.0,"key":"Bottled Flame"}],"event_choices":[{"cards_removed":["Strike_R"],"damage_healed":0.0,"max_hp_gain":0.0,"max_hp_loss":0.0,"gold_gain":0.0,"event_name":"Beggar","player_choice":"Gave Gold","floor":20.0,"gold_loss":75.0,"damage_taken":0.0}],"is_beta":false,"boss_relics":[{"not_picked":["Fusion Hammer","Cursed Key"],"picked":"Mark of Pain"}],"items_purged_floors":[2],"is_endless":false,"potions_floor_spawned":[7,8,11,13,16,22],"killed_by":"Book of Stabbing","ascension_level":0}}