{"host":"z2o61o1qvcmvhuul","time":1611585504,"event":{"mods":["BaseMod","Minty Spire (QoL Compilation)","Quick Restart","StSLib","SuperFastMode"],"gold_per_floor":[359,377,377,105,171,211,224,224,224,224,267,310,310,353,353,496,496,509,201,201,39,89,148,148,168,243,282,282,306,327,396,396,517,517,541,586,523,523,541,541,562,606,606,606,622,622,955,712,712,712,712],"floor_reached":50,"language":"ZHS","playtime":1143,"items_purged":["Defend_P","Defend_P","Defend_P","Strike_P"],"score":1067,"play_id":"a6e29be4-75b1-412f-bc39-8653433f38ae","local_time":"20210125223824","is_ascension_mode":true,"campfire_choices":[{"floor":8.0,"key":"REST"},{"data":"HandOfGreed","floor":13.0,"key":"SMITH"},{"data":"Adaptation","floor":15.0,"key":"SMITH"},{"floor":24.0,"key":"REST"},{"floor":28.0,"key":"RECALL"},{"floor":32.0,"key":"REST"},{"floor":40.0,"key":"REST"},{"floor":44.0,"key":"REST"},{"floor":49.0,"key":"REST"}],"circlet_count":0,"master_deck":["AscendersBane","Strike_P+1","Strike_P+1","Strike_P+1","Defend_P+1","Eruption+1","Vigilance","DeceiveReality+1","ClearTheMind","HandOfGreed+1","LessonLearned","WheelKick","Adaptation+1","Crescendo+1","Adaptation","Tantrum","WheelKick+1","Halt+1","Enlightenment","FearNoEvil","Adaptation+1","Purity+1"],"relics":["PureWater","Mummified Hand","Lantern","Fusion Hammer","Medical Kit","Membership Card","Vajra","StrikeDummy","Sozu","Bag of Preparation","DollysMirror"],"acts_visited":["Exordium","TheCity","TheBeyond"],"potions_floor_usage":[],"damage_taken":[{"damage":6.0,"enemies":"Small Slimes","floor":1.0,"turns":5.0},{"damage":2.0,"enemies":"Jaw Worm","floor":2.0,"turns":3.0},{"damage":16.0,"enemies":"Gremlin Nob","floor":6.0,"turns":3.0},{"damage":12.0,"enemies":"2 Louse","floor":7.0,"turns":2.0},{"damage":4.0,"enemies":"Large Slime","floor":11.0,"turns":7.0},{"damage":2.0,"enemies":"Red Slaver","floor":12.0,"turns":3.0},{"damage":1.0,"enemies":"2 Fungi Beasts","floor":14.0,"turns":3.0},{"damage":29.0,"enemies":"Slime Boss","floor":16.0,"turns":8.0},{"damage":0.0,"enemies":"Chosen","floor":18.0,"turns":2.0},{"damage":2.0,"enemies":"Shell Parasite","floor":22.0,"turns":2.0},{"damage":0.0,"enemies":"Book of Stabbing","floor":23.0,"turns":1.0},{"damage":4.0,"enemies":"Snake Plant","floor":25.0,"turns":3.0},{"damage":0.0,"enemies":"Centurion and Healer","floor":27.0,"turns":2.0},{"damage":0.0,"enemies":"Snecko","floor":29.0,"turns":2.0},{"damage":0.0,"enemies":"Snake Plant","floor":30.0,"turns":1.0},{"damage":7.0,"enemies":"Centurion and Healer","floor":31.0,"turns":3.0},{"damage":5.0,"enemies":"Collector","floor":33.0,"turns":6.0},{"damage":0.0,"enemies":"Orb Walker","floor":35.0,"turns":1.0},{"damage":9.0,"enemies":"3 Darklings","floor":36.0,"turns":4.0},{"damage":17.0,"enemies":"Spire Growth","floor":39.0,"turns":3.0},{"damage":7.0,"enemies":"Transient","floor":41.0,"turns":6.0},{"damage":21.0,"enemies":"Nemesis","floor":42.0,"turns":3.0},{"damage":0.0,"enemies":"3 Darklings","floor":45.0,"turns":2.0},{"damage":64,"enemies":"Awakened One","floor":50,"turns":3}],"seed_played":"1742852647929667687","potions_obtained":[{"floor":2.0,"key":"LiquidBronze"},{"floor":12.0,"key":"PowerPotion"},{"floor":16.0,"key":"SteroidPotion"},{"floor":22.0,"key":"DistilledChaos"},{"floor":23.0,"key":"LiquidBronze"},{"floor":29.0,"key":"Explosive Potion"},{"floor":31.0,"key":"BlessingOfTheForge"},{"floor":33.0,"key":"ColorlessPotion"}],"is_trial":false,"path_per_floor":["M","M","?","$","?","E","M","R","T","?","M","M","R","M","R","B",null,"M","$","?","$","M","E","R","M","T","M","R","M","M","M","R","B",null,"M","M","$","?","M","R","M","E","T","R","M","?","?","$","R","B"],"character_chosen":"WATCHER","items_purchased":["HandOfGreed","Medical Kit","Adaptation","Membership Card","FearNoEvil","DollysMirror","Purity"],"campfire_rested":6,"item_purchase_floors":[4,19,19,21,48,48,48],"current_hp_per_floor":[37,35,35,35,35,19,7,25,25,45,41,39,39,38,38,9,49,49,49,49,49,47,47,62,58,58,58,58,58,58,51,62,57,61,61,52,52,52,35,53,46,25,25,43,43,33,33,33,51,0,0],"gold":712,"neow_bonus":"TWO_FIFTY_GOLD","is_daily":false,"chose_seed":true,"campfire_upgraded":2,"win_rate":0.0,"timestamp":1611585504,"path_taken":["M","M","?","$","?","E","M","R","T","?","M","M","R","M","R","BOSS","M","$","?","$","M","E","R","M","T","M","R","M","M","M","R","BOSS","M","M","$","?","M","R","M","E","T","R","M","?","?","$","R","BOSS"],"items_purchased_type":["Card","Relic","Card","Relic","Card","Relic","Card"],"build_version":"2020-12-22","purchased_purges":4,"victory":false,"max_hp_per_floor":[68,68,62,62,62,62,62,62,62,62,62,62,62,62,62,62,62,62,62,62,62,62,62,62,62,62,62,62,62,62,62,62,62,62,62,62,62,62,62,62,62,62,62,62,62,62,62,62,62,62,62],"card_choices":[{"not_picked":["EmptyBody","SashWhip"],"picked":"DeceiveReality","floor":1.0},{"not_picked":["Swivel","Evaluate"],"picked":"ClearTheMind","floor":2.0},{"not_picked":["Nirvana","FlyingSleeves"],"picked":"LessonLearned","floor":6.0},{"not_picked":["SandsOfTime","Indignation"],"picked":"WheelKick","floor":7.0},{"not_picked":["ForeignInfluence","CarveReality","FollowUp"],"picked":"SKIP","floor":11.0},{"not_picked":["ClearTheMind","Study","JustLucky"],"picked":"SKIP","floor":12.0},{"not_picked":["ClearTheMind","Study","JustLucky"],"picked":"SKIP","floor":12.0},{"not_picked":["EmptyBody","Swivel"],"picked":"Adaptation","floor":14.0},{"not_picked":["Scrawl","Brilliance"],"picked":"MasterReality","floor":16.0},{"not_picked":["CrushJoints","Prostrate"],"picked":"Crescendo","floor":18.0},{"not_picked":["CrushJoints","Tantrum","Protect"],"picked":"SKIP","floor":22.0},{"not_picked":["ReachHeaven+1","SashWhip"],"picked":"WheelKick","floor":23.0},{"not_picked":["EmptyBody","LikeWater","Wallop"],"picked":"SKIP","floor":25.0},{"not_picked":["ForeignInfluence","Crescendo"],"picked":"Meditate","floor":27.0},{"not_picked":["ConjureBlade","CutThroughFate","CrushJoints+1"],"picked":"SKIP","floor":29.0},{"not_picked":["ClearTheMind","EmptyFist+1","Consecrate"],"picked":"SKIP","floor":30.0},{"not_picked":["Consecrate","Tantrum","WaveOfTheHand"],"picked":"SKIP","floor":31.0},{"not_picked":["Consecrate","Wallop+1","FollowUp+1"],"picked":"SKIP","floor":35.0},{"not_picked":["Crescendo","Protect+1","WaveOfTheHand"],"picked":"SKIP","floor":36.0},{"not_picked":["CutThroughFate","Prostrate","ThirdEye"],"picked":"SKIP","floor":39.0},{"not_picked":["BowlingBash+1","Evaluate","CutThroughFate"],"picked":"SKIP","floor":41.0},{"not_picked":["SashWhip+1","CrushJoints"],"picked":"Halt","floor":42.0},{"not_picked":["CarveReality","CrushJoints","PathToVictory"],"picked":"SKIP","floor":45.0},{"not_picked":["Jack Of All Trades","Swift Strike"],"picked":"Enlightenment","floor":46.0}],"player_experience":314363,"relics_obtained":[{"floor":6.0,"key":"Mummified Hand"},{"floor":9.0,"key":"Lantern"},{"floor":23.0,"key":"Vajra"},{"floor":26.0,"key":"StrikeDummy"},{"floor":42.0,"key":"Bag of Preparation"}],"event_choices":[{"damage_healed":0.0,"max_hp_gain":0.0,"max_hp_loss":6.0,"gold_gain":0.0,"event_name":"Golden Idol","player_choice":"Lose Max HP","floor":3.0,"gold_loss":0.0,"damage_taken":0.0,"relics_obtained":["Golden Idol"]},{"damage_healed":0.0,"max_hp_gain":0.0,"max_hp_loss":0.0,"gold_gain":66.0,"event_name":"Golden Wing","player_choice":"Gained Gold","floor":5.0,"gold_loss":0.0,"damage_taken":0.0},{"damage_healed":20.0,"max_hp_gain":0.0,"max_hp_loss":0.0,"gold_gain":0.0,"event_name":"Big Fish","player_choice":"Banana","floor":10.0,"gold_loss":0.0,"damage_taken":0.0},{"damage_healed":0.0,"max_hp_gain":0.0,"max_hp_loss":0.0,"gold_gain":0.0,"cards_transformed":["MasterReality"],"event_name":"Transmorgrifier","player_choice":"Transformed","floor":20.0,"gold_loss":0.0,"damage_taken":0.0,"cards_obtained":["Tantrum"]},{"cards_removed":["Meditate"],"damage_healed":0.0,"max_hp_gain":0.0,"max_hp_loss":0.0,"gold_gain":0.0,"event_name":"Falling","player_choice":"Removed Skill","floor":38.0,"gold_loss":0.0,"damage_taken":0.0},{"damage_healed":0.0,"max_hp_gain":0.0,"max_hp_loss":0.0,"gold_gain":0.0,"event_name":"SensoryStone","player_choice":"Memory 3","floor":46.0,"gold_loss":0.0,"damage_taken":10.0},{"damage_healed":0.0,"max_hp_gain":0.0,"max_hp_loss":0.0,"gold_gain":333.0,"event_name":"The Moai Head","player_choice":"Gave Idol","floor":47.0,"relics_lost":["Golden Idol"],"gold_loss":0.0,"damage_taken":0.0}],"is_beta":false,"boss_relics":[{"not_picked":["Snecko Eye","SacredBark"],"picked":"Fusion Hammer"},{"not_picked":["Runic Dome","Velvet Choker"],"picked":"Sozu"}],"items_purged_floors":[4,19,37,48],"is_endless":false,"potions_floor_spawned":[2,12,14,16,22,23,29,31,33,35,36,45],"killed_by":"Awakened One","ascension_level":20}}