{"host":"4drr8xlp2cyffoza","time":1611583189,"event":{"mods":["Bard","BaseMod","Better Third Choice","Colored Powertips","Downfall","Hermit","KomeijiMod","Luminous","Marisa£¨ìFÓê¡¡Ä§ÀíÉ³£©","Minty Spire (QoL Compilation)","Quick Restart","Replay The Spire","Shop Mod","Spicy Shops","StSLib","The Administrix","The Animator","The Cursed","The Servant 0.9.4","óô»ðÖ¸ÄÏ"],"gold_per_floor":[119,394,406,54,67,67,83,83,83,9,9,29,41,51,51,149,149,169,181,18,28,28,57,32,32,80,99,99,112,131,142,142,244,244,262,273,273,65,13,47,63,63,63],"floor_reached":42,"language":"ZHS","playtime":3851,"items_purged":[],"score":568,"play_id":"99fcc60d-0bb2-4df3-9f73-a28200f460c4","local_time":"20210125215949","is_ascension_mode":false,"campfire_choices":[{"floor":6.0,"key":"REST"},{"floor":8.0,"key":"REST"},{"data":"NingyouSousou+1","floor":15.0,"key":"SWEEP"},{"floor":25.0,"key":"REST"},{"floor":28,"key":"REST"},{"floor":32,"key":"REST"}],"circlet_count":0,"master_deck":["Strike_Komeiji","Strike_Komeiji","Strike_Komeiji","Strike_Komeiji","Defend_Komeiji","Defend_Komeiji","Defend_Komeiji","Defend_Komeiji","Dash_Komeiji","InscribeRedSoul","DemonLordCradle","NingyouKisou+1","SenyouGoraku+1","NingyouFukuhei+1","Mishyaguji+1","GasuOrimono","NingyouKisou+1","Agarareta+1","JyouchiJin+1","NingyouSousou+1","EverywhereHibernate","downfall:Haunted","ReplayTheSpireMod:Faulty Equipment","Spreading Infection","KoKei+1","GroundStardust+1","ShyakuBuku","ShyakuBuku","Poisoned Strike","Bandage Up","Midas Touch","Sabishigari+1","PerfectMaid+1","FreezeTouchMe","ShyakuBuku","KinbakuJin+1","MakuraSeki+1","SeishiRoten+1","Sabishigari+1","HelanNingyou","CS_Komachi","RikonNoKama+1","NingyouSP+1","CS_Meirin","KouPou+1","OoedoNingyou+1","EnMu+1","FreezeTouchMe+1","YoukiSo+1","CS_Suwako","DochyakuKami+1"],"relics":["KomeijisEye","SpellCardsRule","MusicBox","Lantern","Onion Ring","Spirit Poop","Replay:Ancient Bell","Replay:Baseball","Darkstone Periapt","Bird Faced Urn","ReplayTheSpireMod:ShopPack","CrystalOfMemory","Pet Ghost","Painkiller Herb","Potion Belt","Iron Hammer"],"acts_visited":["Exordium","TheCity","TheBeyond"],"potions_floor_usage":[33,33,42,42],"damage_taken":[{"damage":10.0,"enemies":"Small Slimes","floor":1.0,"turns":4.0},{"damage":15.0,"enemies":"Cultist","floor":3.0,"turns":5.0},{"damage":9.0,"enemies":"Jaw Worm","floor":5.0,"turns":4.0},{"damage":25.0,"enemies":"Exordium Thugs","floor":7.0,"turns":5.0},{"damage":0.0,"enemies":"Large Slime","floor":12.0,"turns":4.0},{"damage":1.0,"enemies":"2 Fungi Beasts","floor":13.0,"turns":2.0},{"damage":0.0,"enemies":"Lots of Slimes","floor":14.0,"turns":1.0},{"damage":0.0,"enemies":"Slime Boss","floor":16.0,"turns":8.0},{"damage":4.0,"enemies":"3 Byrds","floor":18.0,"turns":3.0},{"damage":20.0,"enemies":"Spheric Guardian","floor":19.0,"turns":7.0},{"damage":14.0,"enemies":"Centurion and Healer","floor":21.0,"turns":2.0},{"damage":46.0,"enemies":"Gremlin Leader","floor":23.0,"turns":9.0},{"damage":12.0,"enemies":"3 Cultists","floor":27.0,"turns":3.0},{"damage":25,"enemies":"Snake Plant","floor":29,"turns":5},{"damage":35,"enemies":"Snecko","floor":30,"turns":8},{"damage":5,"enemies":"Cultist and Chosen","floor":31,"turns":3},{"damage":53,"enemies":"Collector","floor":33,"turns":8},{"damage":33,"enemies":"3 Darklings","floor":35,"turns":4},{"damage":14,"enemies":"3 Shapes","floor":36,"turns":6},{"damage":26,"enemies":"Giant Head","floor":40,"turns":11},{"damage":14,"enemies":"Jaw Worm Horde","floor":41,"turns":3},{"damage":35,"enemies":"Reptomancer","floor":42,"turns":3}],"seed_played":"5206297576754776770","potions_obtained":[{"floor":1.0,"key":"Energy Potion"},{"floor":5.0,"key":"Guardian:BlockOnCardUsePotion"},{"floor":13.0,"key":"Dexterity Potion"},{"floor":29,"key":"Strength Potion"},{"floor":33,"key":"Fire Potion"},{"floor":35,"key":"AttackPotion"},{"floor":36,"key":"Elixir"}],"is_trial":false,"path_per_floor":["M","?","M","$","M","R","M","R","T","$","?","M","M","M","R","B",null,"M","M","$","M","?","E","$","R","T","M","R","M","M","M","R","B",null,"?","?","?","T","T","E","?","E"],"character_chosen":"KomeijiSatori","items_purchased":["NingyouKisou+1","SenyouGoraku+1","NingyouFukuhei+1","Lantern","NingyouKisou+1","ReplayTheSpireMod:ShopPack","ShyakuBuku","ShyakuBuku","OoedoNingyou+1","EnMu+1","Potion Belt","FreezeTouchMe+1"],"campfire_rested":5,"item_purchase_floors":[4,4,4,4,10,20,20,24,38,38,38,39],"current_hp_per_floor":[45,45,30,30,21,37,12,28,28,28,28,34,33,33,38,46,73,71,67,67,53,53,29,29,50,50,40,61,42,35,30,51,8,73,42,44,44,44,44,40,28,0,0],"gold":63,"neow_bonus":"TEN_PERCENT_HP_BONUS","is_daily":false,"chose_seed":false,"campfire_upgraded":0,"win_rate":0.0,"timestamp":1611583189,"path_taken":["M","?","?","$","M","R","M","R","T","?","?","M","?","M","R","BOSS","M","M","$","M","?","E","$","R","T","M","R","M","M","M","R","BOSS","?","?","?","?","T","E","?","E"],"items_purchased_type":["Card","Card","Card","Relic","Card","Relic","Card","Card","Card","Card","Relic","Card"],"build_version":"2020-12-22","purchased_purges":0,"victory":false,"max_hp_per_floor":[55,55,55,55,55,55,55,55,55,55,55,55,55,55,55,55,73,73,73,73,73,73,73,73,73,73,73,73,73,73,73,73,73,73,73,73,73,73,73,73,73,73,73],"card_choices":[{"not_picked":["HisouNoKen","NingyouSP+1"],"picked":"InscribeRedSoul","floor":1.0},{"not_picked":["Agarareta+1","ShyakuBuku"],"picked":"DemonLordCradle","floor":3.0},{"not_picked":["ShyakuBuku","MusuNoYume"],"picked":"Mishyaguji+1","floor":5.0},{"not_picked":["FreezeTouchMe","MusuNoYume"],"picked":"GasuOrimono","floor":7.0},{"not_picked":["Melting","ShyakuBuku"],"picked":"Agarareta+1","floor":12.0},{"not_picked":["NingyouFukuhei+1","HagoromoMizu"],"picked":"JyouchiJin+1","floor":13.0},{"not_picked":["Melting","KinbakuJin+1"],"picked":"NingyouKisou+1","floor":14.0},{"not_picked":["TerribleSouvenir","WumiGaWareru"],"picked":"EverywhereHibernate","floor":16.0},{"not_picked":["Normality","ReplayTheSpireMod:Doomed"],"picked":"downfall:Haunted","floor":17.0},{"not_picked":["CommonCold","animator:Curse_Nutcracker"],"picked":"ReplayTheSpireMod:Faulty Equipment","floor":17.0},{"not_picked":["ReplayTheSpireMod:Doomed","ReplayTheSpireMod:Restless Dread"],"picked":"Spreading Infection","floor":17.0},{"not_picked":["NingyouSousou+1","DochyakuKami+1"],"picked":"KoKei+1","floor":18.0},{"not_picked":["MusuNoYume","SemiAutomaton"],"picked":"GroundStardust+1","floor":19.0},{"not_picked":["Mayhem","Magnetism"],"picked":"Poisoned Strike","floor":20.0},{"not_picked":["Survey Options","ThoughtExtend"],"picked":"Bandage Up","floor":20.0},{"not_picked":["Flash of Steel","Secret Technique"],"picked":"Midas Touch","floor":20.0},{"not_picked":["JyouchiJin+1","SeekerWire+1"],"picked":"Sabishigari+1","floor":21.0},{"not_picked":["NingyouFukuhei+1","SenseofElegance"],"picked":"FreezeTouchMe","floor":23.0},{"not_picked":["NingyouSP+1","NingyouKisou+1"],"picked":"KinbakuJin+1","floor":27.0},{"not_picked":["RikonNoKama+1","NingyouKisou+1"],"picked":"MakuraSeki+1","floor":29},{"not_picked":["NingyouSousou+1","EverywhereHibernate"],"picked":"SeishiRoten+1","floor":30},{"not_picked":["NingyouSousou+1","NingyouKisou+1"],"picked":"Sabishigari+1","floor":31},{"not_picked":["EverywhereHibernate","TerribleSouvenir"],"picked":"HelanNingyou","floor":33},{"not_picked":["SelfTokamak","SeekerDolls"],"picked":"RikonNoKama+1","floor":35},{"not_picked":["HagoromoMizu+1","Agarareta+1"],"picked":"NingyouSP+1","floor":36},{"not_picked":["AbyssNova","KeiseiJin+1"],"picked":"YoukiSo+1","floor":40},{"not_picked":["KimairaNoYoku+1","NingyouSousou+1"],"picked":"DochyakuKami+1","floor":41}],"player_experience":59341,"relics_obtained":[{"floor":9.0,"key":"Onion Ring"},{"floor":23.0,"key":"CrystalOfMemory"},{"floor":26.0,"key":"Pet Ghost"},{"floor":40,"key":"Iron Hammer"}],"event_choices":[{"damage_healed":0.0,"max_hp_gain":0.0,"max_hp_loss":0.0,"gold_gain":275.0,"event_name":"Golden Shrine","player_choice":"Desecrate","floor":2.0,"gold_loss":0.0,"damage_taken":0.0,"cards_obtained":["Regret"]},{"cards_removed":["Regret"],"damage_healed":0.0,"max_hp_gain":0.0,"max_hp_loss":0.0,"gold_gain":0.0,"event_name":"Bonfire Elementals","player_choice":"Offered Curse","floor":11.0,"gold_loss":0.0,"damage_taken":0.0,"relics_obtained":["Spirit Poop"]},{"damage_healed":0,"gold_gain":0,"player_choice":"1 cards matched","damage_taken":0,"max_hp_gain":0,"max_hp_loss":0,"event_name":"Match and Keep!","floor":37,"gold_loss":0,"cards_obtained":["KouPou"]}],"is_beta":false,"boss_relics":[{"not_picked":["Ectoplasm","Sozu"],"picked":"Replay:Ancient Bell"},{"not_picked":["Oddly Smooth Stone","Vajra"],"picked":"Replay:Baseball"},{"not_picked":["InkBottle","Matryoshka"],"picked":"Darkstone Periapt"},{"not_picked":["Torii","Calipers"],"picked":"Bird Faced Urn"},{"not_picked":["Fusion Hammer","Empty Cage"],"picked":"Painkiller Herb"}],"items_purged_floors":[],"is_endless":false,"potions_floor_spawned":[1,5,13,23,29,30,33,35,36],"killed_by":"Reptomancer","ascension_level":0}}