{"host":"kh6fvhxn285ncg0o","time":1611618764,"event":{"mods":["Act Like it!","BaseMod","Colored Map","Friendly Minions","Keyboard Shortcuts","Minty Spire (QoL Compilation)","Quick Restart","Relic Stats","StSLib","SuperFastMode","UnlockEverythingMod"],"gold_per_floor":[113,113,127,140,140,140,150,180,234,234,248,98,118,150,150,224,224,239,251,270,270,283,283,313,313,337,365,385,385,415,433,433,510,510,520,304,304,352,364,391,391,424,506,519,533,493,504,515,515,515,515,515,515,14,44,44],"floor_reached":57,"language":"KOR","playtime":1910,"items_purged":["Pain","Strike_R","Bash"],"score":3422,"play_id":"8fa07545-e3ad-4053-8d29-193a812d346e","local_time":"20210126085244","is_ascension_mode":true,"campfire_choices":[{"data":"Body Slam","floor":6.0,"key":"SMITH"},{"data":"Barricade","floor":10.0,"key":"SMITH"},{"data":"Entrench","floor":15.0,"key":"SMITH"},{"data":"Fiend Fire","floor":23.0,"key":"SMITH"},{"data":"Shrug It Off","floor":32.0,"key":"SMITH"},{"floor":49,"key":"RECALL"},{"floor":53,"key":"REST"}],"circlet_count":0,"master_deck":["AscendersBane","Defend_R","Defend_R","Defend_R","Defend_R","Reckless Charge","Barricade+1","Body Slam+1","Shrug It Off+1","Shockwave","Flame Barrier","Entrench+1","Fiend Fire+1","Rage","Intimidate+1","Exhume","Second Wind","Battle Trance","Evolve","Burning Pact+1","Disarm","Bloodletting+1"],"relics":["Burning Blood","WarpedTongs","Pear","Bag of Preparation","Akabeko","Runic Pyramid","Torii","Oddly Smooth Stone","Meat on the Bone","Dream Catcher","Fusion Hammer","Turnip","Darkstone Periapt","Regal Pillow","Centennial Puzzle","OrangePellets","Bird Faced Urn"],"acts_visited":["Exordium","TheCity","TheBeyond","TheEnding"],"potions_floor_usage":[48,51,55,56,56],"damage_taken":[{"damage":7.0,"enemies":"2 Louse","floor":1.0,"turns":3.0},{"damage":7.0,"enemies":"Cultist","floor":3.0,"turns":4.0},{"damage":0.0,"enemies":"Small Slimes","floor":4.0,"turns":5.0},{"damage":19.0,"enemies":"Gremlin Gang","floor":7.0,"turns":6.0},{"damage":37.0,"enemies":"Gremlin Nob","floor":8.0,"turns":5.0},{"damage":4.0,"enemies":"3 Louse","floor":11.0,"turns":3.0},{"damage":4.0,"enemies":"Large Slime","floor":13.0,"turns":6.0},{"damage":24.0,"enemies":"3 Sentries","floor":14.0,"turns":8.0},{"damage":4.0,"enemies":"Hexaghost","floor":16.0,"turns":9.0},{"damage":0.0,"enemies":"Spheric Guardian","floor":18.0,"turns":4.0},{"damage":0.0,"enemies":"Chosen","floor":19.0,"turns":3.0},{"damage":9.0,"enemies":"Snake Plant","floor":20.0,"turns":4.0},{"damage":0.0,"enemies":"Cultist and Chosen","floor":22.0,"turns":3.0},{"damage":32.0,"enemies":"Slavers","floor":24.0,"turns":5.0},{"damage":0.0,"enemies":"Gremlin Leader","floor":27.0,"turns":6.0},{"damage":0.0,"enemies":"Shelled Parasite and Fungi","floor":28.0,"turns":4.0},{"damage":2.0,"enemies":"Book of Stabbing","floor":30.0,"turns":5.0},{"damage":0.0,"enemies":"Snecko","floor":31.0,"turns":3.0},{"damage":0.0,"enemies":"Collector","floor":33.0,"turns":6.0},{"damage":2.0,"enemies":"3 Shapes","floor":35.0,"turns":4.0},{"damage":18.0,"enemies":"2 Orb Walkers","floor":38.0,"turns":6.0},{"damage":3.0,"enemies":"3 Darklings","floor":39.0,"turns":6.0},{"damage":0.0,"enemies":"Reptomancer","floor":40.0,"turns":5.0},{"damage":0,"enemies":"Nemesis","floor":42,"turns":5},{"damage":0,"enemies":"Spire Growth","floor":44,"turns":5},{"damage":0,"enemies":"Maw","floor":45,"turns":4},{"damage":4,"enemies":"Writhing Mass","floor":47,"turns":4},{"damage":0,"enemies":"3 Darklings","floor":48,"turns":5},{"damage":3,"enemies":"Awakened One","floor":50,"turns":7},{"damage":3,"enemies":"Donu and Deca","floor":51,"turns":7},{"damage":31,"enemies":"Shield and Spear","floor":55,"turns":6},{"damage":28,"enemies":"The Heart","floor":56,"turns":10}],"seed_played":"3608524809916380065","potions_obtained":[{"floor":3.0,"key":"LiquidBronze"},{"floor":7.0,"key":"Ancient Potion"},{"floor":8.0,"key":"Dexterity Potion"},{"floor":13.0,"key":"AttackPotion"},{"floor":16.0,"key":"Strength Potion"},{"floor":18.0,"key":"Strength Potion"},{"floor":24.0,"key":"Weak Potion"},{"floor":31.0,"key":"Strength Potion"},{"floor":33.0,"key":"SteroidPotion"},{"floor":35.0,"key":"Block Potion"},{"floor":39.0,"key":"Block Potion"},{"floor":45,"key":"Explosive Potion"},{"floor":46,"key":"Block Potion"},{"floor":46,"key":"Energy Potion"},{"floor":48,"key":"Strength Potion"},{"floor":55,"key":"Regen Potion"}],"is_trial":false,"path_per_floor":["M","?","M","M","?","R","M","E","T","R","M","$","M","E","R","B",null,"M","M","M","?","M","R","E","?","T","E","M","?","E","M","R","B",null,"M","$","?","?","M","E","?","E","T","M","M","?","M","M","R","B","B",null,"R","$","E","B",null],"character_chosen":"IRONCLAD","items_purchased":["Entrench","Battle Trance","Evolve","Centennial Puzzle","OrangePellets","SkillPotion"],"campfire_rested":1,"item_purchase_floors":[12,36,36,54,54,54],"current_hp_per_floor":[67,67,66,68,68,68,55,34,34,34,36,36,38,20,20,22,64,70,76,73,73,78,78,52,52,52,58,64,64,68,74,74,78,78,78,78,74,62,65,71,71,74,74,74,74,74,74,74,74,74,74,74,74,74,49,46],"gold":44,"neow_bonus":"TRANSFORM_TWO_CARDS","is_daily":false,"chose_seed":false,"campfire_upgraded":5,"win_rate":0.0,"timestamp":1611618764,"path_taken":["M","?","?","M","?","R","M","E","T","R","?","$","?","E","R","BOSS","M","M","M","?","M","R","E","?","T","E","M","?","E","M","R","BOSS","M","$","?","?","M","E","?","E","T","M","?","?","?","M","R","BOSS","BOSS","R","$","E","BOSS"],"items_purchased_type":["Card","Card","Card","Relic","Relic","Potion"],"build_version":"2020-12-22","purchased_purges":3,"victory":true,"max_hp_per_floor":[68,68,68,68,68,68,68,78,78,78,78,78,78,78,78,78,78,78,78,78,78,78,78,78,78,78,78,78,78,78,78,78,78,78,78,78,74,74,74,74,74,74,74,74,74,74,74,74,74,74,74,74,74,74,74,74],"relic_stats":{"Darkstone Periapt":0,"Regal Pillow":0,"Torii":12,"counters":[32,166],"Bag of Preparation":[54],"Burning Blood":152,"WarpedTongs":[148],"OrangePellets":[4],"Dream Catcher":1,"Centennial Puzzle":[6],"Bird Faced Urn":[4],"Turnip":[7],"obtain_stats":[{"Darkstone Periapt":40,"Regal Pillow":42,"Pear":8,"Torii":24,"Oddly Smooth Stone":26,"Bag of Preparation":9,"Burning Blood":0,"Akabeko":14,"WarpedTongs":5,"OrangePellets":54,"Dream Catcher":30,"Centennial Puzzle":54,"Bird Faced Urn":55,"Fusion Hammer":34,"Turnip":38,"Runic Pyramid":17,"Meat on the Bone":27},{"Darkstone Periapt":23,"Regal Pillow":24,"Pear":5,"Torii":14,"Oddly Smooth Stone":14,"Bag of Preparation":5,"Burning Blood":0,"Akabeko":8,"WarpedTongs":3,"OrangePellets":30,"Dream Catcher":17,"Centennial Puzzle":30,"Bird Faced Urn":31,"Fusion Hammer":19,"Turnip":21,"Runic Pyramid":9,"Meat on the Bone":15},{"Darkstone Periapt":113,"Regal Pillow":118,"Pear":23,"Torii":68,"Oddly Smooth Stone":68,"Bag of Preparation":23,"Burning Blood":0,"Akabeko":40,"WarpedTongs":12,"OrangePellets":150,"Dream Catcher":83,"Centennial Puzzle":150,"Bird Faced Urn":156,"Fusion Hammer":92,"Turnip":102,"Runic Pyramid":49,"Meat on the Bone":74}],"Meat on the Bone":0},"card_choices":[{"not_picked":["Armaments","Warcry"],"picked":"Body Slam","floor":1.0},{"not_picked":["Anger","Shrug It Off"],"picked":"Shockwave","floor":3.0},{"not_picked":["Spot Weakness","Anger","Havoc"],"picked":"SKIP","floor":7.0},{"not_picked":["Pommel Strike","Shrug It Off"],"picked":"Flame Barrier","floor":8.0},{"not_picked":["Flex","True Grit","Thunderclap"],"picked":"SKIP","floor":11.0},{"not_picked":["Spot Weakness","Flex","Heavy Blade"],"picked":"SKIP","floor":13.0},{"not_picked":["Clash","Rupture","Sword Boomerang"],"picked":"SKIP","floor":14.0},{"not_picked":["Barricade","Reaper"],"picked":"Fiend Fire","floor":16.0},{"not_picked":["Anger","Uppercut","Clash"],"picked":"SKIP","floor":18.0},{"not_picked":["Anger","Perfected Strike","Cleave"],"picked":"SKIP","floor":19.0},{"not_picked":["Anger","Cleave","Sever Soul"],"picked":"SKIP","floor":20.0},{"not_picked":["Cleave","Headbutt"],"picked":"Rage","floor":22.0},{"not_picked":["Shrug It Off","Wild Strike"],"picked":"Intimidate+1","floor":24.0},{"not_picked":["Inflame","Heavy Blade"],"picked":"Second Wind","floor":27.0},{"not_picked":["Thunderclap","Heavy Blade","Combust"],"picked":"SKIP","floor":28.0},{"not_picked":["Clash","Fire Breathing","Combust"],"picked":"SKIP","floor":30.0},{"not_picked":["Twin Strike","Iron Wave","Entrench"],"picked":"SKIP","floor":31.0},{"not_picked":["Armaments","Flex","Iron Wave+1"],"picked":"SKIP","floor":35.0},{"not_picked":["Heavy Blade","Ghostly Armor"],"picked":"Burning Pact+1","floor":39.0},{"not_picked":["Reckless Charge+1","Dual Wield"],"picked":"Disarm","floor":40.0},{"not_picked":["Shrug It Off","Twin Strike+1","Shockwave+1"],"picked":"SKIP","floor":42},{"not_picked":["Clash","Intimidate","Cleave+1"],"picked":"SKIP","floor":44},{"not_picked":["Hemokinesis","Searing Blow"],"picked":"Bloodletting+1","floor":45},{"not_picked":["Pommel Strike","Reaper","Shrug It Off"],"picked":"SKIP","floor":47},{"not_picked":["Clash","Cleave","Anger"],"picked":"SKIP","floor":48},{"not_picked":["Hemokinesis","Body Slam","Dual Wield+1"],"picked":"SKIP","floor":55}],"player_experience":1272381,"relics_obtained":[{"floor":8.0,"key":"Pear"},{"floor":9.0,"key":"Bag of Preparation"},{"floor":14.0,"key":"Akabeko"},{"floor":24.0,"key":"Torii"},{"floor":26.0,"key":"Oddly Smooth Stone"},{"floor":27.0,"key":"Meat on the Bone"},{"floor":30.0,"key":"Dream Catcher"},{"floor":38.0,"key":"Turnip"},{"floor":40.0,"key":"Darkstone Periapt"},{"floor":42,"key":"Regal Pillow"},{"floor":55,"key":"Bird Faced Urn"}],"event_choices":[{"damage_healed":0.0,"max_hp_gain":0.0,"max_hp_loss":0.0,"gold_gain":0.0,"event_name":"Match and Keep!","player_choice":"1 cards matched","floor":2.0,"gold_loss":0.0,"damage_taken":0.0,"cards_obtained":["Shrug It Off"]},{"damage_healed":0.0,"max_hp_gain":0.0,"max_hp_loss":0.0,"gold_gain":0.0,"event_name":"Accursed Blacksmith","player_choice":"Rummage","floor":5.0,"gold_loss":0.0,"damage_taken":0.0,"relics_obtained":["WarpedTongs"],"cards_obtained":["Pain"]},{"damage_healed":0.0,"max_hp_gain":0.0,"max_hp_loss":0.0,"gold_gain":0.0,"event_name":"Vampires","player_choice":"Ignored","floor":21.0,"gold_loss":0.0,"damage_taken":0.0},{"damage_healed":0.0,"max_hp_gain":0.0,"max_hp_loss":0.0,"gold_gain":0.0,"cards_transformed":["Strike_R","Strike_R"],"event_name":"Drug Dealer","player_choice":"Became Test Subject","floor":25.0,"gold_loss":0.0,"damage_taken":0.0,"cards_obtained":["Exhume","Hemokinesis"]},{"damage_healed":0.0,"max_hp_gain":0.0,"max_hp_loss":0.0,"gold_gain":0.0,"event_name":"The Mausoleum","player_choice":"Ignored","floor":29.0,"gold_loss":0.0,"damage_taken":0.0},{"damage_healed":0.0,"max_hp_gain":0.0,"max_hp_loss":4.0,"gold_gain":0.0,"event_name":"Winding Halls","player_choice":"Max HP","floor":37.0,"gold_loss":0.0,"damage_taken":0.0},{"damage_healed":0.0,"max_hp_gain":0.0,"max_hp_loss":0.0,"gold_gain":0.0,"event_name":"Mysterious Sphere","player_choice":"Fight","floor":38.0,"gold_loss":0.0,"damage_taken":0.0},{"cards_removed":["Hemokinesis"],"damage_healed":0.0,"max_hp_gain":0.0,"max_hp_loss":0.0,"gold_gain":0.0,"event_name":"Purifier","player_choice":"Purged","floor":41.0,"gold_loss":0.0,"damage_taken":0.0},{"damage_healed":0,"gold_gain":0,"player_choice":"Bought 3 Potions","damage_taken":0,"max_hp_gain":0,"max_hp_loss":0,"event_name":"The Woman in Blue","floor":46,"gold_loss":0}],"is_beta":false,"boss_relics":[{"not_picked":["Busted Crown","SacredBark"],"picked":"Runic Pyramid"},{"not_picked":["Black Star","Runic Cube"],"picked":"Fusion Hammer"}],"items_purged_floors":[12,36,54],"is_endless":false,"potions_floor_spawned":[3,7,8,13,16,18,19,24,31,33,35,39,45,48,55],"ascension_level":20}}