{"host":"jegehu1t82aiec5j","time":1611589815,"event":{"mods":["BaseMod","Colored Map","Minty Spire (QoL Compilation)","Relic Stats","StSLib"],"gold_per_floor":[118,134,59,70,70,101,101,128,154,154,154],"floor_reached":10,"language":"ENG","playtime":287,"items_purged":[],"score":144,"play_id":"b316f356-51a0-4eed-81bf-6e121b5a9544","local_time":"20210125105015","is_ascension_mode":true,"campfire_choices":[{"data":"Go for the Eyes","floor":7,"key":"SMITH"}],"circlet_count":0,"master_deck":["AscendersBane","Strike_B","Strike_B","Strike_B","Defend_B","Defend_B","Defend_B","Defend_B","Zap","Dualcast","Go for the Eyes+1","Darkness","Rebound","Capacitor","Ball Lightning"],"relics":["Cracked Core","Orichalcum","WarpedTongs","Art of War","Smiling Mask","Blood Vial"],"acts_visited":["Exordium"],"potions_floor_usage":[4,6],"damage_taken":[{"damage":0,"enemies":"Small Slimes","floor":1,"turns":2},{"damage":5,"enemies":"2 Louse","floor":2,"turns":3},{"damage":0,"enemies":"Jaw Worm","floor":4,"turns":3},{"damage":17,"enemies":"3 Sentries","floor":6,"turns":6},{"damage":25,"enemies":"Lagavulin","floor":8,"turns":6},{"damage":24,"enemies":"3 Sentries","floor":10,"turns":6}],"seed_played":"-4519665344873822519","potions_obtained":[{"floor":2,"key":"DuplicationPotion"},{"floor":4,"key":"FocusPotion"}],"is_trial":false,"path_per_floor":["M","M","?","M","?","E","R","E","T","E"],"character_chosen":"DEFECT","items_purchased":[],"campfire_rested":0,"item_purchase_floors":[],"current_hp_per_floor":[64,59,59,59,64,47,47,22,22,0,0],"gold":154,"neow_bonus":"RANDOM_COMMON_RELIC","is_daily":false,"chose_seed":false,"campfire_upgraded":1,"win_rate":0.0,"timestamp":1611589815,"path_taken":["M","M","?","M","?","E","R","E","T","E"],"items_purchased_type":[],"build_version":"2020-12-22","purchased_purges":0,"victory":false,"max_hp_per_floor":[71,71,71,71,76,76,76,76,76,76,76],"relic_stats":{"Blood Vial":2,"counters":[6,26],"Art of War":[0],"Orichalcum":[60],"Smiling Mask":0,"obtain_stats":[{"Blood Vial":9,"Art of War":6,"Orichalcum":0,"Cracked Core":0,"Smiling Mask":8,"WarpedTongs":0},{"Blood Vial":5,"Art of War":4,"Orichalcum":0,"Cracked Core":0,"Smiling Mask":5,"WarpedTongs":0},{"Blood Vial":20,"Art of War":14,"Orichalcum":0,"Cracked Core":0,"Smiling Mask":20,"WarpedTongs":0}],"WarpedTongs":[25]},"card_choices":[{"not_picked":["Leap","Hologram"],"picked":"Go for the Eyes","floor":1},{"not_picked":["Redo","Conserve Battery"],"picked":"Darkness","floor":2},{"not_picked":["Hello World","Gash"],"picked":"Rebound","floor":4},{"not_picked":["Darkness","Auto Shields"],"picked":"Capacitor","floor":6},{"not_picked":["Rip and Tear","Meteor Strike"],"picked":"Ball Lightning","floor":8}],"player_experience":2545974,"relics_obtained":[{"floor":6,"key":"Art of War"},{"floor":8,"key":"Smiling Mask"},{"floor":9,"key":"Blood Vial"}],"event_choices":[{"cards_removed":["Strike_B"],"damage_healed":0,"gold_gain":0,"player_choice":"Card Removal","damage_taken":0,"max_hp_gain":0,"max_hp_loss":0,"event_name":"The Cleric","floor":3,"gold_loss":75},{"damage_healed":0,"gold_gain":0,"player_choice":"Donut","damage_taken":0,"max_hp_gain":5,"max_hp_loss":0,"event_name":"Big Fish","floor":5,"gold_loss":0}],"is_beta":false,"boss_relics":[],"items_purged_floors":[],"is_endless":false,"potions_floor_spawned":[2,4],"killed_by":"3 Sentries","ascension_level":18}}