{"host":"fmb9x04chdot191d","time":1611541340,"event":{"mods":["2.2 Compatiblity","AchievementEnabler","BaseMod","BetterRewards","Colored Map","Downfall","Hermit","Highlight Path","Marisa（霧雨　魔理沙）","Minty Spire (QoL Compilation)","Permanent Neow","Quick Restart","StSLib","The Servant 0.9.4","[IsaacMod]以撒尖塔"],"gold_per_floor":[122,134,146,170,193,205,247,272,331,343,371,458,486,518,530,640,652,674,703,715,572,587,618,618,652,677,696,696,696],"floor_reached":28,"language":"ENG","playtime":1451,"items_purged":[],"score":287,"play_id":"012b6afd-f44f-4cfb-850d-3c842bdc4d53","local_time":"20210125152220","is_ascension_mode":false,"campfire_choices":[{"data":"hermit:Showdown","floor":6.0,"key":"SMITH"},{"data":"hermit:EyeOfTheStorm","floor":10,"key":"SMITH"},{"data":"hermit:Maintenance","floor":15,"key":"SMITH"},{"floor":24,"key":"REST"}],"circlet_count":0,"master_deck":["hermit:Strike_Hermit","hermit:Strike_Hermit","hermit:Strike_Hermit","hermit:Strike_Hermit","hermit:Defend_Hermit","hermit:Defend_Hermit","hermit:Defend_Hermit","hermit:Defend_Hermit","hermit:Snapshot","hermit:Covet","hermit:Showdown+1","hermit:Horror","hermit:EyeOfTheStorm+1","hermit:Glare","hermit:Horror","hermit:Maintenance+1","hermit:Reprieve","hermit:HighNoon","hermit:Maintenance+1","hermit:LoneWolf","hermit:HeroicBravado"],"relics":["hermit:Momento","HushsDoor","YumHeart","MawBank","Darkstone Periapt","SlaversCollar","CultistMask","Anchor","Regal Pillow","ForgetMeNow","Oddly Smooth Stone"],"acts_visited":["Exordium","TheCity"],"potions_floor_usage":[13,18,22,23],"damage_taken":[{"damage":4.0,"enemies":"Cultist","floor":1.0,"turns":4.0},{"damage":2.0,"enemies":"Small Slimes","floor":4.0,"turns":3.0},{"damage":2.0,"enemies":"2 Louse","floor":5.0,"turns":3.0},{"damage":27,"enemies":"Gremlin Nob","floor":7,"turns":4},{"damage":8,"enemies":"Gremlin Gang","floor":8,"turns":4},{"damage":0,"enemies":"Exordium Wildlife","floor":11,"turns":2},{"damage":25,"enemies":"Exordium Thugs","floor":13,"turns":4},{"damage":4,"enemies":"Red Slaver","floor":14,"turns":2},{"damage":5,"enemies":"The Guardian","floor":16,"turns":11},{"damage":2,"enemies":"Chosen","floor":18,"turns":4},{"damage":43,"enemies":"2 Thieves","floor":19,"turns":4},{"damage":6,"enemies":"3 Cultists","floor":22,"turns":3},{"damage":43,"enemies":"Gremlin Leader","floor":23,"turns":5},{"damage":18,"enemies":"Book of Stabbing","floor":25,"turns":5},{"damage":26,"enemies":"Cultist and Chosen","floor":27,"turns":8},{"damage":21,"enemies":"Snake Plant","floor":28,"turns":2}],"seed_played":"-8142332087249758832","potions_obtained":[{"floor":5.0,"key":"sneckomod:MuddlingPotion"},{"floor":11,"key":"Fire Potion"},{"floor":13,"key":"FearPotion"},{"floor":16,"key":"EssenceOfSteel"},{"floor":18,"key":"LiquidMemories"},{"floor":23,"key":"SteroidPotion"}],"is_trial":false,"path_per_floor":["M","$","?","M","M","R","E","M","T","R","M","?","M","M","R","B",null,"M","M","?","$","M","E","R","E","T","M","M"],"character_chosen":"HERMIT","items_purchased":["Anchor"],"campfire_rested":1,"item_purchase_floors":[21],"current_hp_per_floor":[71,71,71,69,67,67,65,57,57,57,57,46,46,46,46,41,75,73,34,34,59,57,14,51,37,37,15,0,0],"gold":696,"neow_bonus":"RANDOM_COMMON_RELIC","is_daily":false,"chose_seed":false,"campfire_upgraded":3,"win_rate":0.0,"timestamp":1611541340,"path_taken":["M","?","?","M","M","R","E","M","T","R","M","?","?","M","R","BOSS","M","M","?","$","?","E","R","E","T","M","M"],"items_purchased_type":["Relic"],"build_version":"2020-12-22","purchased_purges":0,"victory":false,"max_hp_per_floor":[75,75,75,75,75,75,75,75,75,75,75,75,75,75,75,75,75,75,75,75,75,75,75,75,75,75,75,75,75],"card_choices":[{"not_picked":["hermit:SprayPray","hermit:Vantage"],"picked":"hermit:Showdown","floor":1.0},{"not_picked":["hermit:Roulette","hermit:BigShot"],"picked":"hermit:Horror","floor":4.0},{"not_picked":["hermit:Desperado","hermit:Feint"],"picked":"hermit:EyeOfTheStorm","floor":5.0},{"not_picked":["hermit:LoneWolf","hermit:Vantage"],"picked":"hermit:Glare","floor":7},{"not_picked":["hermit:Desperado","hermit:Headshot"],"picked":"hermit:Horror","floor":8},{"not_picked":["hermit:Spite","hermit:Manifest"],"picked":"hermit:Maintenance","floor":11},{"not_picked":["hermit:HighCaliber","hermit:Coalescence"],"picked":"hermit:Reprieve","floor":13},{"not_picked":["hermit:WideOpen","hermit:Grudge","hermit:TrackingShot"],"picked":"SKIP","floor":14},{"not_picked":["hermit:FromBeyond","hermit:Roughhouse"],"picked":"hermit:HighNoon","floor":16},{"not_picked":["hermit:Misfire","hermit:Quickdraw","hermit:SprayPray"],"picked":"SKIP","floor":18},{"not_picked":["hermit:Midnight","hermit:Virtue"],"picked":"hermit:Maintenance+1","floor":19},{"not_picked":["hermit:Dive","hermit:Malice","hermit:NoHoldsBarred"],"picked":"SKIP","floor":22},{"not_picked":["hermit:Roulette+1","hermit:GoldenBullet"],"picked":"hermit:LoneWolf","floor":23},{"not_picked":["hermit:Manifest","hermit:Magnum"],"picked":"hermit:HeroicBravado","floor":25},{"not_picked":["hermit:HoleUp+1","hermit:Spite","hermit:Coalescence"],"picked":"SKIP","floor":27}],"player_experience":69344,"relics_obtained":[{"floor":7,"key":"Darkstone Periapt"},{"floor":23,"key":"Regal Pillow"},{"floor":25,"key":"ForgetMeNow"},{"floor":26,"key":"Oddly Smooth Stone"}],"event_choices":[{"damage_healed":0.0,"max_hp_gain":0.0,"max_hp_loss":0.0,"gold_gain":0.0,"event_name":"Golden Idol","player_choice":"Ignored","floor":3.0,"gold_loss":0.0,"damage_taken":0.0},{"damage_healed":0,"gold_gain":75,"player_choice":"Gather Gold","damage_taken":11,"max_hp_gain":0,"max_hp_loss":0,"event_name":"World of Goop","floor":12,"gold_loss":0},{"damage_healed":0,"gold_gain":0,"player_choice":"Trade","damage_taken":0,"relics_obtained":["CultistMask"],"max_hp_gain":0,"max_hp_loss":0,"event_name":"FaceTrader","floor":20,"gold_loss":0}],"is_beta":false,"boss_relics":[{"not_picked":["Ectoplasm","Runic Pyramid"],"picked":"SlaversCollar"},{"not_picked":[]}],"items_purged_floors":[],"is_endless":false,"potions_floor_spawned":[5,11,13,16,18,23],"killed_by":"Snake Plant","ascension_level":0}}