{"host":"g2yp6paluzgljz05","time":1611565639,"event":{"mods":["BaseMod","Bestiary","Colored Powertips","DeckTracker","Highlight Path","Minty Spire (QoL Compilation)","Quick Restart"],"gold_per_floor":[116,68,68,68,84,110,110,35,58,58,58,71,84,99,99,194,194,205,130,130,141,158,158,158,158],"floor_reached":24,"language":"ENG","playtime":1152,"items_purged":["Strike_G"],"score":243,"play_id":"17f38710-0745-4a44-90a9-316a44d6c972","local_time":"20210125200719","is_ascension_mode":true,"campfire_choices":[{"data":"Neutralize","floor":7,"key":"SMITH"},{"data":"Footwork","floor":10,"key":"SMITH"},{"data":"A Thousand Cuts","floor":15,"key":"SMITH"},{"floor":23,"key":"REST"}],"circlet_count":0,"master_deck":["Strike_G","Strike_G","Strike_G","Defend_G","Defend_G","Defend_G","Defend_G","Defend_G","Survivor","Neutralize+1","Blade Dance","Footwork+1","Prepared","A Thousand Cuts+1","After Image","Prepared"],"relics":["Ring of the Snake","NeowsBlessing","Boot","MealTicket","Gambling Chip","WristBlade"],"acts_visited":["Exordium","TheCity"],"potions_floor_usage":[],"damage_taken":[{"damage":0,"enemies":"2 Louse","floor":1,"turns":1},{"damage":0,"enemies":"Cultist","floor":5,"turns":1},{"damage":0,"enemies":"Lagavulin","floor":6,"turns":1},{"damage":9,"enemies":"Jaw Worm","floor":12,"turns":2},{"damage":2,"enemies":"Exordium Thugs","floor":13,"turns":5},{"damage":0,"enemies":"Red Slaver","floor":14,"turns":3},{"damage":54,"enemies":"Slime Boss","floor":16,"turns":11},{"damage":33,"enemies":"3 Byrds","floor":18,"turns":4},{"damage":2,"enemies":"Spheric Guardian","floor":21,"turns":5},{"damage":11,"enemies":"Cultist and Chosen","floor":22,"turns":6},{"damage":65,"enemies":"Slavers","floor":24,"turns":4}],"seed_played":"-5123408410296643175","potions_obtained":[{"floor":12,"key":"BlessingOfTheForge"},{"floor":16,"key":"SkillPotion"},{"floor":21,"key":"EssenceOfSteel"},{"floor":22,"key":"Strength Potion"}],"is_trial":false,"path_per_floor":["M","$","?","$","M","E","R","$","T","R","?","M","M","M","R","B",null,"M","$","?","M","M","R","E"],"character_chosen":"THE_SILENT","items_purchased":["Blade Dance","Footwork"],"campfire_rested":1,"item_purchase_floors":[2,8],"current_hp_per_floor":[70,70,70,70,70,70,70,70,70,70,70,61,59,59,59,5,70,37,52,52,50,39,60,0,0],"gold":158,"neow_bonus":"THREE_ENEMY_KILL","is_daily":false,"chose_seed":false,"campfire_upgraded":3,"win_rate":0.0,"timestamp":1611565639,"path_taken":["M","$","?","$","M","E","R","?","T","R","?","M","?","M","R","BOSS","M","$","?","M","?","R","E"],"items_purchased_type":["Card","Card"],"build_version":"2020-12-22","purchased_purges":1,"victory":false,"max_hp_per_floor":[70,70,70,70,70,70,70,70,70,70,70,70,70,70,70,70,70,70,70,70,70,70,70,70,70],"card_choices":[{"not_picked":["Deadly Poison","Dagger Spray","Predator"],"picked":"SKIP","floor":1},{"not_picked":["Sucker Punch","Well Laid Plans","Poisoned Stab"],"picked":"SKIP","floor":5},{"not_picked":["Quick Slash","Well Laid Plans","PiercingWail"],"picked":"SKIP","floor":6},{"not_picked":["Heel Hook","Tactician","Deadly Poison"],"picked":"SKIP","floor":12},{"not_picked":["Well Laid Plans","Eviscerate"],"picked":"Prepared","floor":13},{"not_picked":["Slice","Choke"],"picked":"A Thousand Cuts","floor":14},{"not_picked":["Burst","Grand Finale"],"picked":"After Image","floor":16},{"not_picked":["Slice","Sucker Punch"],"picked":"Prepared","floor":18},{"not_picked":["Skewer","PiercingWail","Flying Knee+1"],"picked":"SKIP","floor":21},{"not_picked":["Outmaneuver","Bane+1","Sucker Punch"],"picked":"SKIP","floor":22}],"player_experience":265114,"relics_obtained":[{"floor":6,"key":"Boot"},{"floor":9,"key":"MealTicket"}],"event_choices":[{"cards_removed":["Strike_G"],"damage_healed":0,"gold_gain":0,"player_choice":"Purged","damage_taken":0,"max_hp_gain":0,"max_hp_loss":0,"event_name":"Purifier","floor":3,"gold_loss":0},{"damage_healed":0,"gold_gain":0,"player_choice":"Searched \u00271\u0027 times","damage_taken":0,"relics_obtained":["Gambling Chip"],"max_hp_gain":0,"max_hp_loss":0,"event_name":"Dead Adventurer","floor":11,"gold_loss":0},{"damage_healed":0,"gold_gain":0,"player_choice":"0 cards matched","damage_taken":0,"max_hp_gain":0,"max_hp_loss":0,"event_name":"Match and Keep!","floor":20,"gold_loss":0,"cards_obtained":[]}],"is_beta":false,"boss_relics":[{"not_picked":["SlaversCollar","SacredBark"],"picked":"WristBlade"}],"items_purged_floors":[19],"is_endless":false,"potions_floor_spawned":[12,16,21,22],"killed_by":"Slavers","ascension_level":2}}