{"host":"gg","time":1611557093,"event":{"mods":["BaseMod","Colored Map","Googly Eyes","Minty Spire (QoL Compilation)","Permanent Neow","Relic Stats","The IronCluck"],"gold_per_floor":[110,121,136,152,152,187,199,211,246,286,316,355,367,396,408,499,511,533,745,171,185,26,53,53,53,53,78,78,78,88,88,88],"floor_reached":31,"language":"ENG","playtime":1760,"items_purged":["Defend_P"],"score":611,"play_id":"e759c4e0-ba2a-44d3-bbea-f6ba5b2b3f42","local_time":"20210124224453","is_ascension_mode":true,"campfire_choices":[{"data":"Eruption","floor":8.0,"key":"SMITH"},{"floor":13.0,"key":"REST"},{"data":"TalkToTheHand","floor":15.0,"key":"SMITH"},{"data":"TalkToTheHand","floor":24.0,"key":"SMITH"},{"data":"TalkToTheHand","floor":29.0,"key":"SMITH"}],"circlet_count":0,"master_deck":["AscendersBane","Strike_P","Strike_P","Strike_P","Strike_P","Defend_P+1","Defend_P","Defend_P","Eruption+1","Vigilance","EmptyFist","Wallop","FlurryOfBlows","FearNoEvil","Halt+1","TalkToTheHand+1","CutThroughFate","Conclude","Ragnarok","Indignation","TalkToTheHand+1","SashWhip","TalkToTheHand+1","TalkToTheHand","Eruption","Scrawl","CrushJoints"],"relics":["Runic Pyramid","MawBank","Happy Flower","War Paint","Singing Bowl","Coffee Dripper","Medical Kit","CaptainsWheel","Omamori","Nilry\u0027s Codex","StrikeDummy","White Beast Statue"],"acts_visited":["Exordium","TheCity"],"potions_floor_usage":[31,31],"damage_taken":[{"damage":0.0,"enemies":"Cultist","floor":1.0,"turns":3.0},{"damage":0.0,"enemies":"2 Louse","floor":2.0,"turns":2.0},{"damage":0.0,"enemies":"Small Slimes","floor":3.0,"turns":3.0},{"damage":8.0,"enemies":"3 Louse","floor":4.0,"turns":3.0},{"damage":46.0,"enemies":"Lagavulin","floor":6.0,"turns":6.0},{"damage":6.0,"enemies":"3 Sentries","floor":10.0,"turns":6.0},{"damage":0.0,"enemies":"Lots of Slimes","floor":11.0,"turns":2.0},{"damage":15.0,"enemies":"Gremlin Nob","floor":12.0,"turns":4.0},{"damage":6.0,"enemies":"Gremlin Gang","floor":14.0,"turns":3.0},{"damage":14.0,"enemies":"Hexaghost","floor":16.0,"turns":9.0},{"damage":0.0,"enemies":"Chosen","floor":18.0,"turns":3.0},{"damage":11.0,"enemies":"Shell Parasite","floor":21.0,"turns":4.0},{"damage":7.0,"enemies":"Gremlin Leader","floor":23.0,"turns":4.0},{"damage":2.0,"enemies":"Book of Stabbing","floor":27.0,"turns":3.0},{"damage":6.0,"enemies":"Sentry and Sphere","floor":30.0,"turns":3.0},{"damage":16,"enemies":"Slavers","floor":31,"turns":1}],"seed_played":"2714820800894281168","potions_obtained":[{"floor":3.0,"key":"Dexterity Potion"},{"floor":6.0,"key":"DuplicationPotion"},{"floor":10.0,"key":"Explosive Potion"},{"floor":12.0,"key":"Regen Potion"},{"floor":14.0,"key":"Swift Potion"},{"floor":23.0,"key":"SkillPotion"},{"floor":27.0,"key":"PowerPotion"},{"floor":30.0,"key":"AttackPotion"}],"is_trial":false,"path_per_floor":["M","M","M","M","?","E","$","R","T","E","M","E","R","M","R","B",null,"M","?","$","M","$","E","R","?","T","E","?","R","M","E"],"character_chosen":"WATCHER","items_purchased":["Medical Kit","TalkToTheHand","CaptainsWheel","TalkToTheHand"],"campfire_rested":1,"item_purchase_floors":[20,20,20,22],"current_hp_per_floor":[61,61,61,53,68,22,22,22,22,16,16,3,24,18,18,19,57,57,57,57,46,46,39,39,18,18,18,18,18,12,0,0],"gold":88,"neow_bonus":"BOSS_RELIC","is_daily":false,"chose_seed":false,"campfire_upgraded":4,"win_rate":0.0,"timestamp":1611557093,"path_taken":["M","?","M","M","?","E","$","R","T","E","M","E","R","?","R","BOSS","M","?","$","?","$","E","R","?","T","E","?","R","?","E"],"items_purchased_type":["Relic","Card","Relic","Card"],"build_version":"2020-12-18","purchased_purges":1,"victory":false,"max_hp_per_floor":[68,68,68,68,68,68,68,68,68,68,68,70,70,70,70,70,70,70,70,70,70,70,70,70,70,70,72,72,72,72,72,72],"relic_stats":{"Happy Flower":[14],"Singing Bowl":4,"counters":[16,59],"War Paint":["Halt","Defend_P"],"MawBank":168,"Medical Kit":[0],"obtain_stats":[{"Happy Flower":9,"Singing Bowl":12,"Nilry\u0027s Codex":25,"Omamori":23,"War Paint":10,"MawBank":6,"Medical Kit":20,"White Beast Statue":27,"CaptainsWheel":20,"Coffee Dripper":17,"PureWater":0,"StrikeDummy":26,"Runic Pyramid":0},{"Happy Flower":5,"Singing Bowl":8,"Nilry\u0027s Codex":13,"Omamori":13,"War Paint":6,"MawBank":5,"Medical Kit":11,"White Beast Statue":14,"CaptainsWheel":11,"Coffee Dripper":10,"PureWater":0,"StrikeDummy":13,"Runic Pyramid":0},{"Happy Flower":17,"Singing Bowl":29,"Nilry\u0027s Codex":52,"Omamori":52,"War Paint":23,"MawBank":17,"Medical Kit":44,"White Beast Statue":55,"CaptainsWheel":44,"Coffee Dripper":41,"PureWater":0,"StrikeDummy":52,"Runic Pyramid":0}]},"card_choices":[{"not_picked":["Prostrate","JustLucky"],"picked":"EmptyFist","floor":1.0},{"not_picked":["PathToVictory","Evaluate"],"picked":"Wallop","floor":2.0},{"not_picked":["Vault","CutThroughFate"],"picked":"FlurryOfBlows","floor":3.0},{"not_picked":["EmptyFist","Consecrate"],"picked":"FearNoEvil","floor":4.0},{"not_picked":["EmptyBody","ClearTheMind"],"picked":"Halt","floor":6.0},{"not_picked":["SignatureMove","FollowUp"],"picked":"TalkToTheHand","floor":10.0},{"not_picked":["Protect","FollowUp"],"picked":"CutThroughFate","floor":11.0},{"not_picked":["Collect","ConjureBlade","DeceiveReality"],"picked":"Singing Bowl","floor":12.0},{"not_picked":["Protect","FlurryOfBlows"],"picked":"Conclude","floor":14.0},{"not_picked":["ConjureBlade","MasterReality"],"picked":"Ragnarok","floor":16.0},{"not_picked":["Swivel","Perseverance"],"picked":"Indignation","floor":18.0},{"not_picked":["FollowUp","Evaluate"],"picked":"SashWhip","floor":21.0},{"not_picked":["Evaluate","CutThroughFate"],"picked":"TalkToTheHand","floor":23.0},{"not_picked":["Weave","Meditate","LikeWater+1"],"picked":"Singing Bowl","floor":27.0},{"not_picked":["Evaluate","JustLucky"],"picked":"CrushJoints","floor":30.0}],"player_experience":1275360,"relics_obtained":[{"floor":6.0,"key":"MawBank"},{"floor":9.0,"key":"Happy Flower"},{"floor":10.0,"key":"War Paint"},{"floor":12.0,"key":"Singing Bowl"},{"floor":23.0,"key":"Omamori"},{"floor":25.0,"key":"Nilry\u0027s Codex"},{"floor":26.0,"key":"StrikeDummy"},{"floor":27.0,"key":"White Beast Statue"}],"event_choices":[{"damage_healed":15.0,"max_hp_gain":0.0,"max_hp_loss":0.0,"gold_gain":0.0,"event_name":"Wheel of Change","player_choice":"Full Heal","floor":5.0,"gold_loss":0.0,"damage_taken":0.0},{"damage_healed":0.0,"max_hp_gain":0.0,"max_hp_loss":0.0,"gold_gain":200.0,"event_name":"Wheel of Change","player_choice":"Gold","floor":19.0,"gold_loss":0.0,"damage_taken":0.0},{"damage_healed":0.0,"max_hp_gain":0.0,"max_hp_loss":0.0,"gold_gain":0.0,"event_name":"Cursed Tome","player_choice":"Obtained Book","floor":25.0,"gold_loss":0.0,"damage_taken":21.0},{"damage_healed":0.0,"max_hp_gain":0.0,"max_hp_loss":0.0,"gold_gain":0.0,"event_name":"Match and Keep!","player_choice":"2 cards matched","floor":28.0,"gold_loss":0.0,"damage_taken":0.0,"cards_obtained":["Eruption","Scrawl"]}],"is_beta":true,"boss_relics":[{"not_picked":["Snecko Eye","SacredBark"],"picked":"Coffee Dripper"}],"items_purged_floors":[22],"is_endless":false,"potions_floor_spawned":[3,6,10,12,14,23,27,30],"killed_by":"Slavers","ascension_level":20}}