{"host":"qeogwbudlaqzb6hy","time":1611542369,"event":{"mods":["BaseMod","Downfall","Minty Spire (QoL Compilation)","StSLib"],"gold_per_floor":[99,119,138,154,154,167,193,193,212,222,57,69,69,69,69],"floor_reached":13,"language":"ENG","playtime":791,"items_purged":[],"score":79,"play_id":"382b9765-6072-46cc-96b9-188d2342d981","local_time":"20210125123929","is_ascension_mode":false,"campfire_choices":[{"data":"sneckomod:SnekBite","floor":1,"key":"SMITH"},{"data":"sneckomod:QuickBite","floor":8,"key":"SMITH"}],"circlet_count":0,"master_deck":["sneckomod:Strike","sneckomod:Strike","sneckomod:Strike","sneckomod:Defend","sneckomod:Defend","sneckomod:Defend","sneckomod:TailWhip","sneckomod:SnekBite+1","sneckomod:Unknown","sneckomod:Unknown","sneckomod:WideSting","sneckomod:SoulDraw","sneckomod:UnknownVulnerable","Impatience","PathToVictory","sneckomod:QuickBite+1","sneckomod:SerpentIdol","sneckomod:QuickBite","sneckomod:SerpentIdol","sneckomod:UnknownRareSkill","sneckomod:SerpentMind"],"relics":["sneckomod:SneckoSoul","MealTicket"],"acts_visited":["Exordium"],"potions_floor_usage":[9],"damage_taken":[{"damage":4,"enemies":"Cultist","floor":2,"turns":3},{"damage":11,"enemies":"Jaw Worm","floor":3,"turns":2},{"damage":2,"enemies":"Small Slimes","floor":4,"turns":5},{"damage":27,"enemies":"Exordium Thugs","floor":6,"turns":5},{"damage":11,"enemies":"Large Slime","floor":9,"turns":3},{"damage":12,"enemies":"2 Fungi Beasts","floor":10,"turns":3},{"damage":10,"enemies":"downfall:FleeingMerchant","floor":11,"turns":4},{"damage":20,"enemies":"Exordium Thugs","floor":12,"turns":4},{"damage":18,"enemies":"Lagavulin","floor":13,"turns":4}],"seed_played":"-8238975644947127103","potions_obtained":[{"floor":3,"key":"PowerPotion"},{"floor":4,"key":"Energy Potion"},{"floor":9,"key":"DistilledChaos"}],"is_trial":false,"path_per_floor":["R","M","M","M","?","M","T","R","M","M","$","M","E"],"character_chosen":"THE_SNECKO","items_purchased":["sneckomod:UnknownRareSkill"],"campfire_rested":0,"item_purchase_floors":[11],"current_hp_per_floor":[99,95,84,82,82,55,55,55,44,32,37,17,0,0,0],"gold":69,"neow_bonus":"TEN_PERCENT_HP_BONUS","is_daily":false,"chose_seed":false,"campfire_upgraded":2,"win_rate":0.0,"timestamp":1611542369,"path_taken":["R","M","M","M","?","M","T","R","M","M","$","M","E"],"items_purchased_type":["Card"],"build_version":"2020-12-22","purchased_purges":0,"victory":false,"max_hp_per_floor":[99,99,99,99,99,99,99,99,99,99,99,99,99,99,99],"card_choices":[{"not_picked":["sneckomod:SoulRoll","sneckomod:UnendingSupply"],"picked":"sneckomod:WideSting","floor":2},{"not_picked":["sneckomod:UnknownDraw","sneckomod:UnknownBlock"],"picked":"sneckomod:SoulDraw","floor":3},{"not_picked":["sneckomod:UnknownWeak","sneckomod:Unknown0Cost"],"picked":"sneckomod:UnknownVulnerable","floor":4},{"not_picked":["sneckomod:WideSting","sneckomod:DiceBlock"],"picked":"sneckomod:QuickBite","floor":6},{"not_picked":["sneckomod:UnknownWeak","sneckomod:UnknownCommonSkill"],"picked":"sneckomod:SerpentIdol","floor":9},{"not_picked":["sneckomod:UnknownBlock","sneckomod:UnknownWeak"],"picked":"sneckomod:QuickBite","floor":10},{"not_picked":["sneckomod:Unknown1Cost","sneckomod:MasterEye"],"picked":"sneckomod:SerpentIdol","floor":11},{"not_picked":["sneckomod:UnknownX","sneckomod:DiceBlock"],"picked":"sneckomod:SerpentMind","floor":12}],"player_experience":313716,"relics_obtained":[{"floor":7,"key":"MealTicket"}],"event_choices":[],"is_beta":false,"boss_relics":[],"items_purged_floors":[],"is_endless":false,"potions_floor_spawned":[3,4,9],"killed_by":"Lagavulin","ascension_level":0}}