{"host":"syozzdlzcqop4jia","time":1611547563,"event":{"mods":["BaseMod","Colored Powertips","Minty Spire (QoL Compilation)","Quick Restart"],"gold_per_floor":[217,168,183,203,1,34,52,52,52,52,62,62,81,107,107,207,207,224,81,81,81,94,127,141,170,170,85,100,114,114,130,130,130,130],"floor_reached":33,"language":"ENG","playtime":2195,"items_purged":[],"score":384,"play_id":"f06cb231-2d71-4da7-9693-c0534ca4eacc","local_time":"20210125050603","is_ascension_mode":true,"campfire_choices":[{"data":"Bludgeon","floor":12,"key":"SMITH"},{"floor":15,"key":"REST"},{"data":"Perfected Strike","floor":30,"key":"SMITH"},{"floor":32,"key":"REST"}],"circlet_count":0,"master_deck":["Strike_R+1","Strike_R+1","Strike_R+1","Strike_R+1","Strike_R+1","Defend_R+1","Defend_R+1","Defend_R+1","Defend_R+1","Infernal Blade+1","Iron Wave","Wild Strike+1","Heavy Blade","Bludgeon+1","Perfected Strike","Wild Strike","Pommel Strike","Sword Boomerang","Perfected Strike+1","Double Tap","Bloodletting+1","Combust+1","Clothesline","Heavy Blade","Combust+1","Twin Strike+1","Dropkick","Pommel Strike+1"],"relics":["Burning Blood","Frozen Egg 2","Mango","Charon\u0027s Ashes","Busted Crown","Blood Vial","MutagenicStrength","StoneCalendar","Matryoshka","War Paint","Art of War","Question Card"],"acts_visited":["Exordium","TheCity"],"potions_floor_usage":[14,14,25,33,33,33],"damage_taken":[{"damage":5,"enemies":"2 Louse","floor":1,"turns":4},{"damage":6,"enemies":"Jaw Worm","floor":3,"turns":3},{"damage":1,"enemies":"Cultist","floor":4,"turns":3},{"damage":26,"enemies":"3 Sentries","floor":6,"turns":8},{"damage":7,"enemies":"Looter","floor":7,"turns":3},{"damage":8,"enemies":"Blue Slaver","floor":11,"turns":3},{"damage":2,"enemies":"3 Louse","floor":13,"turns":2},{"damage":21,"enemies":"Lagavulin","floor":14,"turns":5},{"damage":0,"enemies":"Slime Boss","floor":16,"turns":5},{"damage":28,"enemies":"3 Byrds","floor":18,"turns":6},{"damage":0,"enemies":"Spheric Guardian","floor":22,"turns":1},{"damage":24,"enemies":"Book of Stabbing","floor":23,"turns":4},{"damage":23,"enemies":"Centurion and Healer","floor":24,"turns":4},{"damage":28,"enemies":"Slavers","floor":25,"turns":4},{"damage":19,"enemies":"3 Cultists","floor":28,"turns":4},{"damage":16,"enemies":"Snake Plant","floor":29,"turns":2},{"damage":14,"enemies":"Centurion and Healer","floor":31,"turns":3},{"damage":29,"enemies":"Champ","floor":33,"turns":6}],"seed_played":"7206041066949249539","potions_obtained":[{"floor":1,"key":"Strength Potion"},{"floor":4,"key":"LiquidBronze"},{"floor":13,"key":"Fire Potion"},{"floor":14,"key":"Swift Potion"},{"floor":16,"key":"PowerPotion"},{"floor":25,"key":"BloodPotion"},{"floor":28,"key":"HeartOfIron"}],"is_trial":false,"path_per_floor":["M","$","M","M","$","E","M","?","T","?","M","R","M","E","R","B",null,"M","$","?","?","M","E","M","E","T","?","M","M","R","M","R","B"],"character_chosen":"IRONCLAD","items_purchased":["Iron Wave","Bludgeon","Perfected Strike","Blood Vial"],"campfire_rested":2,"item_purchase_floors":[2,5,5,19],"current_hp_per_floor":[80,80,80,80,80,60,59,43,57,57,55,55,59,44,72,78,94,72,72,72,72,80,64,49,47,47,47,36,28,28,22,50,23,23],"gold":130,"neow_bonus":"HUNDRED_GOLD","is_daily":false,"chose_seed":false,"campfire_upgraded":2,"win_rate":0.0,"timestamp":1611547563,"path_taken":["M","$","M","M","$","E","M","?","T","?","M","R","M","E","R","BOSS","M","?","?","?","M","E","M","E","T","?","?","M","R","M","R","BOSS"],"items_purchased_type":["Card","Card","Card","Relic"],"build_version":"2020-12-22","purchased_purges":0,"victory":false,"max_hp_per_floor":[80,80,80,80,80,80,80,80,94,94,94,94,94,94,94,94,94,94,94,94,94,94,94,94,94,94,94,94,94,94,94,94,94,94],"card_choices":[{"not_picked":["Sever Soul","Clash"],"picked":"Infernal Blade","floor":1},{"not_picked":["Clash","Headbutt"],"picked":"Wild Strike","floor":3},{"not_picked":["Combust","Pommel Strike"],"picked":"Heavy Blade","floor":4},{"not_picked":["Flame Barrier","Brutality+1"],"picked":"Wild Strike","floor":6},{"not_picked":["Metallicize+1","Clothesline"],"picked":"Pommel Strike","floor":7},{"not_picked":["Pommel Strike","Metallicize+1"],"picked":"Sword Boomerang","floor":11},{"not_picked":["Thunderclap","Rupture+1","Power Through"],"picked":"SKIP","floor":13},{"not_picked":["Heavy Blade","Pommel Strike"],"picked":"Perfected Strike","floor":14},{"not_picked":["Impervious","Offering"],"picked":"Double Tap","floor":16},{"not_picked":[],"picked":"Bloodletting","floor":18},{"not_picked":[],"picked":"Combust+1","floor":22},{"not_picked":[],"picked":"Clothesline","floor":23},{"not_picked":[],"picked":"Heavy Blade","floor":24},{"not_picked":[],"picked":"Combust+1","floor":25},{"not_picked":["Shrug It Off"],"picked":"Twin Strike+1","floor":28},{"not_picked":["Shockwave"],"picked":"Dropkick","floor":29},{"not_picked":["Metallicize+1"],"picked":"Pommel Strike+1","floor":31}],"player_experience":374410,"relics_obtained":[{"floor":6,"key":"Frozen Egg 2"},{"floor":9,"key":"Mango"},{"floor":14,"key":"Charon\u0027s Ashes"},{"floor":23,"key":"StoneCalendar"},{"floor":25,"key":"Matryoshka"},{"floor":26,"key":"War Paint"},{"floor":26,"key":"Art of War"}],"event_choices":[{"damage_healed":0,"gold_gain":0,"player_choice":"Entered Light","damage_taken":16,"max_hp_gain":0,"max_hp_loss":0,"event_name":"Shining Light","floor":8,"gold_loss":0,"cards_upgraded":["Strike_R","Wild Strike"]},{"cards_removed":["Bash"],"damage_healed":0,"gold_gain":0,"player_choice":"Purged","damage_taken":0,"max_hp_gain":0,"max_hp_loss":0,"event_name":"Purifier","floor":10,"gold_loss":0},{"damage_healed":0,"gold_gain":0,"player_choice":"Inject Mutagens","damage_taken":0,"relics_obtained":["MutagenicStrength"],"max_hp_gain":0,"max_hp_loss":0,"event_name":"Drug Dealer","floor":20,"gold_loss":0},{"damage_healed":0,"gold_gain":0,"player_choice":"Simplicity","damage_taken":0,"max_hp_gain":0,"max_hp_loss":0,"event_name":"Back to Basics","floor":21,"gold_loss":0,"cards_upgraded":["Strike_R","Strike_R","Strike_R","Strike_R","Defend_R","Defend_R","Defend_R","Defend_R"]},{"damage_healed":0,"gold_gain":0,"player_choice":"Obtained Relic","damage_taken":0,"relics_obtained":["Question Card"],"max_hp_gain":0,"max_hp_loss":0,"event_name":"Addict","floor":27,"gold_loss":85}],"is_beta":false,"boss_relics":[{"not_picked":["Black Star","Sozu"],"picked":"Busted Crown"}],"items_purged_floors":[],"is_endless":false,"potions_floor_spawned":[1,4,13,14,16,22,25,28,29],"killed_by":"Champ","ascension_level":2}}