{"host":"t7rtdu4954o308h4","time":1611549576,"event":{"mods":["ATMod(°¢èªMod)","BaseMod","Conspire","Hermit","Highlight Path","Hubris","Infinite Spire","Minty Spire (QoL Compilation)","MostiFishMod","Replay The Spire","Shop Mod","StSLib","TestMod","Waifu the Spire","¡¾ÒÅÎï¿¨ÅÆ¡¿REMEMod"],"gold_per_floor":[111,54,4,4,19,19,38,38,83,119,119,119,119,144,144,876,876,897,228,252,294,323,363,382,420,420,440,440,440,499,545,545,723,723,744,785,813,813,848,848,931,951,975,1022,1046,1071,270,304,304,320],"floor_reached":51,"language":"ZHS","playtime":3375,"items_purged":["hermit:Defend_Hermit","hermit:Defend_Hermit","hermit:Strike_Hermit"],"score":960,"play_id":"e51c742c-b337-45c1-b227-b4a53b773189","local_time":"20210125123936","is_ascension_mode":true,"campfire_choices":[{"data":"hermit:CursedWeapon","floor":6.0,"key":"SMITH"},{"floor":11.0,"key":"REST"},{"data":"hermit:Scavenge","floor":13.0,"key":"SMITH"},{"floor":15.0,"key":"REST"},{"floor":29.0,"key":"REST"},{"data":"hermit:EyeOfTheStorm","floor":32.0,"key":"SMITH"},{"floor":40.0,"key":"REST"},{"floor":49,"key":"REST"}],"circlet_count":0,"master_deck":["hubris:Hubris","hermit:Snapshot","hermit:Covet","DevaForm+1","AT_FamilyPortrait+1","hermit:CursedWeapon+1","hermit:Combo+1","hermit:Ricochet","hermit:Dive","hermit:Scavenge+1","hermit:PistolWhip","hermit:DeadOrAlive","hermit:Quickdraw+1","hermit:ItchyTrigger+1","hermit:LuckOfTheDraw+1","hermit:GoldenBullet","hermit:Brawl","hermit:LoneWolf","hermit:BigShot","hermit:DeadMansHand+1","hermit:TakeAim+1","hermit:EyeOfTheStorm+1","hermit:ShadowCloak","hermit:FinalCanter","hermit:Deadeye+1","hermit:EternalForm","hermit:RoundhouseKick","hermit:Vantage+1","Judgement","REME_EmptyShield","hermit:TakeCover"],"relics":["hermit:ClaspedLocket","AT_ATBox","DaveBox","testmod-TestBox","REME_ComplimentaryCards","testmod-Muramasa","RhineCircuit","SynthV:TestCard","Golden Idol","hubris:DisguiseKit","AT_RedTearstoneRing","HornCleat","Spirit Poop","Kunai","MerchantsRug","Prayer Wheel","infinitespire:CheckeredPen","testmod-Acrobat","hubris:FunFungus","AT_TrinityForce","testmod-Antiphasic","Dream Catcher","War Paint","Orichalcum","hermit:PetGhost","Iron Hammer"],"acts_visited":["Exordium","TheCity","TheBeyond"],"potions_floor_usage":[41,44,50,50,50,50],"damage_taken":[{"damage":5.0,"enemies":"conspire:RoseBush","floor":1.0,"turns":3.0},{"damage":6.0,"enemies":"2 Louse","floor":5.0,"turns":3.0},{"damage":2.0,"enemies":"Jaw Worm","floor":7.0,"turns":2.0},{"damage":38.0,"enemies":"Lagavulin","floor":10.0,"turns":4.0},{"damage":15.0,"enemies":"3 Louse","floor":14.0,"turns":3.0},{"damage":25.0,"enemies":"Fading Forest","floor":16.0,"turns":11.0},{"damage":2.0,"enemies":"Spheric Guardian","floor":18.0,"turns":1.0},{"damage":9.0,"enemies":"2 Thieves","floor":20.0,"turns":2.0},{"damage":39.0,"enemies":"Chosen and Byrds","floor":21.0,"turns":7.0},{"damage":2.0,"enemies":"3 Cultists","floor":22.0,"turns":4.0},{"damage":4.0,"enemies":"conspire:Head Lice","floor":23.0,"turns":4.0},{"damage":8.0,"enemies":"Cultist and Chosen","floor":24.0,"turns":2.0},{"damage":0.0,"enemies":"REME_1_Revenger","floor":25.0,"turns":3.0},{"damage":0.0,"enemies":"Snake Plant","floor":27.0,"turns":2.0},{"damage":8.0,"enemies":"conspire:MimicChest","floor":30.0,"turns":3.0},{"damage":2.0,"enemies":"conspire:HollyBat","floor":31.0,"turns":4.0},{"damage":11.0,"enemies":"Collector","floor":33.0,"turns":6.0},{"damage":11.0,"enemies":"Orb Walker","floor":35.0,"turns":3.0},{"damage":34.0,"enemies":"3 Shapes","floor":36.0,"turns":3.0},{"damage":19.0,"enemies":"Writhing Mass","floor":37.0,"turns":2.0},{"damage":2.0,"enemies":"Transient","floor":39.0,"turns":5.0},{"damage":24,"enemies":"Reptomancer","floor":41,"turns":4},{"damage":2,"enemies":"Maw","floor":42,"turns":3},{"damage":6,"enemies":"Writhing Mass","floor":44,"turns":2},{"damage":0,"enemies":"Jaw Worm Horde","floor":45,"turns":2},{"damage":2,"enemies":"Transient","floor":46,"turns":5},{"damage":0,"enemies":"3 Darklings","floor":48,"turns":3},{"damage":15,"enemies":"Donu and Deca","floor":50,"turns":5}],"seed_played":"9220871808232883405","potions_obtained":[{"floor":10.0,"key":"hermit:BlackBile"},{"floor":14.0,"key":"Elixir"},{"floor":16.0,"key":"LiquidBronze"},{"floor":21.0,"key":"testmod-SpacePotion"},{"floor":23.0,"key":"Fire Potion"},{"floor":25.0,"key":"Explosive Potion"},{"floor":31.0,"key":"REME_GoldPotion"},{"floor":33.0,"key":"DuplicationPotion"},{"floor":35.0,"key":"Energy Potion"},{"floor":39.0,"key":"REME_GoldPotion"},{"floor":41,"key":"Dexterity Potion"},{"floor":42,"key":"Energy Potion"},{"floor":48,"key":"SkillPotion"}],"is_trial":false,"path_per_floor":["M","$","?","?","M","R","M","?","T","E","R","?","R","M","R","B",null,"M","$","M","M","M","E","M","E","T","M","AVR","R","?","M","R","B",null,"M","M","M","?","M","R","E","M","T","M","M","M","$","M","R","B",null],"character_chosen":"HERMIT","items_purchased":["hermit:Combo+1","hermit:GoldenBullet","hermit:Brawl","hermit:LoneWolf","Kunai","MerchantsRug","Orichalcum","hermit:PetGhost","Iron Hammer","infinitespire:BlackPotion"],"campfire_rested":5,"item_purchase_floors":[2,19,19,19,19,19,47,47,47,47],"current_hp_per_floor":[70,70,70,52,46,46,44,44,44,6,28,28,28,13,35,28,75,73,73,64,25,23,20,12,12,12,12,12,34,27,29,29,18,75,64,30,16,16,14,38,14,12,12,6,6,4,4,4,28,13],"gold":320,"neow_bonus":"UPGRADE_CARD","is_daily":false,"chose_seed":false,"campfire_upgraded":3,"win_rate":0.0,"timestamp":1611549576,"path_taken":["M","$","?","?","M","R","?","?","T","E","R","?","R","?","R","BOSS","M","$","M","M","?","E","M","E","T","M","AVR","R","?","M","R","BOSS","M","M","M","?","M","R","E","M","T","M","M","M","$","?","R","BOSS"],"items_purchased_type":["Card","Card","Card","Card","Relic","Relic","Relic","Relic","Relic","Potion"],"build_version":"2020-12-22","purchased_purges":3,"victory":true,"max_hp_per_floor":[75,75,75,75,75,75,75,75,75,75,75,75,75,75,75,75,75,75,75,75,75,75,75,75,75,75,75,75,75,75,75,75,75,75,75,75,80,80,80,80,80,80,80,80,80,80,80,80,80,80],"card_choices":[{"not_picked":["hermit:HighCaliber","hermit:Quickdraw"],"picked":"hermit:CursedWeapon","floor":1.0},{"not_picked":["hermit:LowProfile","hermit:BodyArmor","hermit:FullyLoaded","hermit:HighCaliber"],"picked":"hermit:Ricochet","floor":5.0},{"not_picked":["hermit:BodyArmor","hermit:Maintenance","hermit:Ricochet","hermit:NoHoldsBarred"],"picked":"hermit:Dive","floor":7.0},{"not_picked":["hermit:Combo","hermit:ItchyTrigger","hermit:Dive","hermit:Showdown","PathToVictory"],"picked":"hermit:Scavenge","floor":10.0},{"not_picked":["hermit:BodyArmor","hermit:Maintenance","hermit:Snipe","hermit:GoldenBullet","Halt"],"picked":"hermit:PistolWhip","floor":14.0},{"not_picked":["hermit:FinalCanter","hermit:HeroicBravado","hermit:BlackWind","hermit:FatalDesire","MostiFishMod:StarWish"],"picked":"hermit:DeadOrAlive","floor":16.0},{"not_picked":["hermit:GhostlyPresence","hermit:FullyLoaded+1","hermit:Feint","hermit:Coalescence","hermit:Shortfuse+1","Perseverance"],"picked":"SKIP","floor":18.0},{"not_picked":["hermit:LowProfile","hermit:Snipe+1","hermit:Headshot","hermit:Dive","hermit:Glare","Protect"],"picked":"SKIP","floor":20.0},{"not_picked":["hermit:Misfire","hermit:Vantage+1","hermit:PistolWhip","hermit:Feint","hermit:HoleUp+1","Replay:BluntJabs"],"picked":"SKIP","floor":21.0},{"not_picked":["hermit:SprayPray+1","hermit:Virtue","hermit:Desperado+1","hermit:Dive","FollowUp"],"picked":"hermit:BigShot","floor":22.0},{"not_picked":["hermit:HighCaliber","hermit:PistolWhip","hermit:BodyArmor","hermit:Dive","hermit:Midnight","Pray"],"picked":"SKIP","floor":22.0},{"not_picked":["hermit:CalledShot","hermit:Glare","hermit:Desperado+1","hermit:HighCaliber","SashWhip"],"picked":"hermit:DeadMansHand","floor":23.0},{"not_picked":["hermit:Glare+1","hermit:Vantage","hermit:Deadeye","hermit:OverwhelmingPower","Weave"],"picked":"hermit:TakeAim+1","floor":24.0},{"not_picked":["hermit:TakeCover","hermit:CalledShot","hermit:CursedWeapon","hermit:Glare","EmptyFist"],"picked":"hermit:EyeOfTheStorm","floor":24.0},{"not_picked":["hermit:Combo","hermit:BodyArmor","hermit:LowProfile","hermit:Manifest","hermit:Roulette","Worship"],"picked":"SKIP","floor":25.0},{"not_picked":["hermit:Dive","hermit:Maintenance","hermit:Misfire","hermit:BodyArmor+1","Pray"],"picked":"hermit:ShadowCloak","floor":27.0},{"not_picked":["hermit:Snipe","hermit:Scavenge","hermit:Feint","hermit:Brawl","Replay:BluntJabs"],"picked":"hermit:FinalCanter","floor":27.0},{"not_picked":["hermit:Dive+1","hermit:Brawl","hermit:Spite","hermit:Showdown","EmptyFist"],"picked":"hermit:Deadeye+1","floor":31.0},{"not_picked":["hermit:Dive","hermit:NoHoldsBarred+1","hermit:Cheat","hermit:Feint","hermit:BodyArmor","Adaptation"],"picked":"SKIP","floor":31.0},{"not_picked":["hermit:Reprieve","hermit:Dissolve","hermit:DeadOrAlive","hermit:Purgatory","Devotion"],"picked":"hermit:EternalForm","floor":33.0},{"not_picked":["hermit:Desperado+1","hermit:HoleUp+1","hermit:Glare","hermit:Virtue","hermit:NoHoldsBarred+1","FlyingSleeves"],"picked":"SKIP","floor":35.0},{"not_picked":["hermit:Ricochet","hermit:Desperado","hermit:Headshot","hermit:Virtue+1","hermit:WideOpen+1","AT_OneInchPunch"],"picked":"SKIP","floor":35.0},{"not_picked":["hermit:Snipe+1","hermit:Purgatory","hermit:Desperado","hermit:TrackingShot+1","hermit:BodyArmor+1","CrushJoints"],"picked":"SKIP","floor":36.0},{"not_picked":["hermit:Coalescence+1","hermit:Vantage+1","hermit:HighNoon","hermit:HoleUp+1","hermit:SprayPray","AT_RealFormLess"],"picked":"SKIP","floor":36.0},{"not_picked":["hermit:Ricochet","hermit:Combo+1","hermit:Showdown","hermit:HighCaliber+1","hermit:Coalescence","Meditate"],"picked":"SKIP","floor":37.0},{"not_picked":["hermit:LowProfile+1","hermit:Desperado+1","hermit:NoHoldsBarred+1","hermit:BigShot+1","hermit:WideOpen","REME_MusicOfDeath"],"picked":"SKIP","floor":37.0},{"not_picked":["hermit:Headshot+1","hermit:HoleUp+1","hermit:Gambit","hermit:Spite","ClearTheMind"],"picked":"hermit:Vantage+1","floor":39.0},{"not_picked":["hermit:CalledShot+1","hermit:Feint+1","hermit:Brawl+1","hermit:TrackingShot+1","hermit:LowProfile"],"picked":"Judgement","floor":39.0},{"not_picked":["hermit:Quickdraw+1","hermit:CursedWeapon","hermit:Coalescence+1","hermit:Dive+1","hermit:Cheat+1"],"picked":"REME_EmptyShield","floor":41},{"not_picked":["hermit:Feint+1","hermit:Midnight+1","hermit:Manifest","hermit:HighCaliber","hermit:Desperado","EmptyBody"],"picked":"SKIP","floor":42},{"not_picked":["hermit:Desperado+1","hermit:TrackingShot","hermit:LowProfile+1","hermit:LoneWolf+1","hermit:Vantage","Collect"],"picked":"SKIP","floor":42},{"not_picked":["hermit:Shortfuse","hermit:ItchyTrigger","hermit:Scavenge","hermit:Manifest+1","hermit:DeadOrAlive","WaveOfTheHand"],"picked":"SKIP","floor":44},{"not_picked":["hermit:Headshot+1","hermit:Coalescence","hermit:BigShot+1","hermit:Manifest","hermit:FullyLoaded","CutThroughFate"],"picked":"SKIP","floor":44},{"not_picked":["hermit:Snipe+1","hermit:Headshot+1","hermit:BodyArmor","hermit:Horror+1","Consecrate"],"picked":"hermit:TakeCover","floor":45},{"not_picked":["hermit:TakeAim","hermit:Desperado+1","hermit:CursedWeapon+1","hermit:TrackingShot","hermit:NoHoldsBarred","PathToVictory"],"picked":"SKIP","floor":45},{"not_picked":["hermit:HighCaliber","hermit:Feint","hermit:Ricochet","hermit:Coalescence+1","hermit:NoHoldsBarred+1","BowlingBash"],"picked":"SKIP","floor":46},{"not_picked":["hermit:HighCaliber+1","hermit:GhostlyPresence","hermit:CalledShot+1","hermit:Roulette+1","hermit:BlackWind","PathToVictory"],"picked":"SKIP","floor":46},{"not_picked":["hermit:CursedWeapon","hermit:Virtue","hermit:Dive+1","hermit:ItchyTrigger","hermit:GoldenBullet+1","Halt"],"picked":"SKIP","floor":48},{"not_picked":["hermit:EyeOfTheStorm","hermit:SprayPray","hermit:WideOpen+1","hermit:Coalescence","hermit:Gestalt+1","CrushJoints"],"picked":"SKIP","floor":48}],"player_experience":60459,"relics_obtained":[{"floor":1.0,"key":"SynthV:TestCard"},{"floor":9.0,"key":"AT_RedTearstoneRing"},{"floor":10.0,"key":"HornCleat"},{"floor":23.0,"key":"infinitespire:CheckeredPen"},{"floor":25.0,"key":"testmod-Acrobat"},{"floor":30.0,"key":"testmod-Antiphasic"},{"floor":41,"key":"Dream Catcher"},{"floor":43,"key":"War Paint"}],"event_choices":[{"cards_removed":["hermit:Strike_Hermit"],"damage_healed":0.0,"max_hp_gain":0.0,"max_hp_loss":0.0,"gold_gain":0.0,"event_name":"The Cleric","player_choice":"Card Removal","floor":3.0,"gold_loss":50.0,"damage_taken":0.0},{"damage_healed":0.0,"max_hp_gain":0.0,"max_hp_loss":0.0,"gold_gain":0.0,"event_name":"Golden Idol","player_choice":"Take Damage","floor":4.0,"gold_loss":0.0,"damage_taken":18.0,"relics_obtained":["Golden Idol"]},{"cards_removed":["Amnesia"],"damage_healed":0.0,"max_hp_gain":0.0,"max_hp_loss":0.0,"gold_gain":0.0,"event_name":"Bonfire Elementals","player_choice":"Offered Curse","floor":12.0,"gold_loss":0.0,"damage_taken":0.0,"relics_obtained":["Spirit Poop"]},{"damage_healed":0.0,"max_hp_gain":0.0,"max_hp_loss":0.0,"gold_gain":0.0,"cards_transformed":["hermit:Strike_Hermit"],"event_name":"Transmorgrifier","player_choice":"Transformed","floor":38.0,"gold_loss":0.0,"damage_taken":0.0,"cards_obtained":["hermit:RoundhouseKick"]}],"is_beta":false,"boss_relics":[{"not_picked":["Velvet Choker","Empty Cage"],"picked":"Astrolabe"},{"not_picked":["TimeKeys","Runic Dome"],"picked":"hermit:ClaspedLocket"}],"items_purged_floors":[19,28,47],"is_endless":false,"potions_floor_spawned":[10,14,16,21,23,25,27,31,33,35,39,41,42,48],"ascension_level":1}}