{"host":"1qhzi8r9ejho5yph","time":1611571968,"event":{"mods":["AchievementEnabler","BaseMod","Colored Map","Colored Powertips","Highlight Path","Minty Spire (QoL Compilation)","Permanent Neow","Quick Restart","Random Character Button","StSLib","SuperFastMode"],"gold_per_floor":[115,134,149,224,179,179,198,198,222,9,24,38,8,18,18,116,116,133,59,59,71,86,86,105,120,120,120,120,138,138,148,148,244,244,258,275,39,39,39],"floor_reached":38,"language":"ENG","playtime":1397,"items_purged":[],"score":422,"play_id":"18bf91c1-c30f-4f10-aec0-dc91961feb9e","local_time":"20210125185248","is_ascension_mode":false,"campfire_choices":[{"data":"Uppercut","floor":6,"key":"SMITH"},{"data":"Havoc","floor":8,"key":"SMITH"},{"data":"Apotheosis","floor":15,"key":"SMITH"},{"data":"Evolve","floor":23,"key":"SMITH"},{"floor":28,"key":"REST"},{"floor":30,"key":"REST"},{"data":"Dark Embrace","floor":32,"key":"SMITH"}],"circlet_count":0,"master_deck":["Strike_R","Strike_R","Strike_R","Defend_R","Defend_R","Defend_R","Defend_R","Bash","Uppercut+1","Power Through","Havoc+1","Flex","Evolve+1","Apotheosis+1","Havoc","Dark Embrace+1","Intimidate","Shrug It Off","Feed","Anger+1","Spot Weakness","Second Wind","Disarm","Whirlwind","Shrug It Off","Infernal Blade","Immolate","Rage","Dropkick+1","Warcry","Double Tap","Battle Trance","Sword Boomerang","Flash of Steel","Fiend Fire"],"relics":["Burning Blood"],"acts_visited":["Exordium","TheCity","TheBeyond"],"potions_floor_usage":[16,21,24,33,33,38],"damage_taken":[{"damage":7,"enemies":"Small Slimes","floor":1,"turns":3},{"damage":1,"enemies":"Cultist","floor":2,"turns":3},{"damage":5,"enemies":"Jaw Worm","floor":3,"turns":4},{"damage":2,"enemies":"Looter","floor":5,"turns":5},{"damage":9,"enemies":"Lots of Slimes","floor":7,"turns":6},{"damage":14,"enemies":"Blue Slaver","floor":11,"turns":4},{"damage":12,"enemies":"Large Slime","floor":12,"turns":4},{"damage":10,"enemies":"Looter","floor":13,"turns":4},{"damage":6,"enemies":"2 Fungi Beasts","floor":14,"turns":4},{"damage":14,"enemies":"Slime Boss","floor":16,"turns":10},{"damage":6,"enemies":"Chosen","floor":18,"turns":4},{"damage":18,"enemies":"Spheric Guardian","floor":21,"turns":5},{"damage":15,"enemies":"Shelled Parasite and Fungi","floor":22,"turns":5},{"damage":32,"enemies":"Centurion and Healer","floor":24,"turns":10},{"damage":32,"enemies":"Chosen and Byrds","floor":25,"turns":6},{"damage":29,"enemies":"Shelled Parasite and Fungi","floor":29,"turns":7},{"damage":6,"enemies":"Centurion and Healer","floor":31,"turns":9},{"damage":46,"enemies":"Automaton","floor":33,"turns":9},{"damage":31,"enemies":"3 Darklings","floor":35,"turns":5},{"damage":39,"enemies":"3 Shapes","floor":36,"turns":8},{"damage":77,"enemies":"Sphere and 2 Shapes","floor":38,"turns":4}],"seed_played":"-8405452013254682630","potions_obtained":[{"floor":3,"key":"Strength Potion"},{"floor":11,"key":"SteroidPotion"},{"floor":12,"key":"Energy Potion"},{"floor":16,"key":"Regen Potion"},{"floor":21,"key":"Weak Potion"},{"floor":25,"key":"DistilledChaos"},{"floor":29,"key":"BloodPotion"},{"floor":35,"key":"DuplicationPotion"}],"is_trial":false,"path_per_floor":["M","M","M","?","M","R","M","R","T","$","M","M","M","M","R","B",null,"M","$","?","M","M","R","M","M","T","?","R","M","R","M","R","B",null,"M","M","$","M"],"character_chosen":"IRONCLAD","items_purchased":["Evolve","Apotheosis","Spot Weakness","Flash of Steel","Fiend Fire"],"campfire_rested":2,"item_purchase_floors":[10,10,19,37,37],"current_hp_per_floor":[87,88,88,80,84,84,81,81,81,81,73,67,63,63,63,55,88,92,92,92,80,71,71,64,42,42,42,72,53,84,84,84,48,108,83,50,50,0,0],"gold":39,"neow_bonus":"TEN_PERCENT_HP_BONUS","is_daily":false,"chose_seed":false,"campfire_upgraded":5,"win_rate":0.0,"timestamp":1611571968,"path_taken":["M","M","M","?","M","R","M","R","T","$","M","M","M","?","R","BOSS","M","$","?","M","M","R","M","M","T","?","R","M","R","M","R","BOSS","M","M","$","M"],"items_purchased_type":["Card","Card","Card","Card","Card"],"build_version":"2020-12-22","purchased_purges":0,"victory":false,"max_hp_per_floor":[88,88,88,88,88,88,88,88,88,88,88,88,88,88,88,88,88,92,92,92,92,92,92,96,100,100,100,100,104,104,104,104,108,108,108,108,108,108,108],"card_choices":[{"not_picked":["Clothesline","Thunderclap"],"picked":"Uppercut","floor":1},{"not_picked":["Headbutt","Body Slam"],"picked":"Power Through","floor":2},{"not_picked":["Iron Wave","Brutality"],"picked":"Havoc","floor":3},{"not_picked":["Body Slam","Warcry"],"picked":"Flex","floor":5},{"not_picked":["Ghostly Armor","Anger","Iron Wave"],"picked":"SKIP","floor":7},{"not_picked":["Clash","Perfected Strike"],"picked":"Havoc","floor":11},{"not_picked":["Wild Strike","Clothesline"],"picked":"Dark Embrace","floor":12},{"not_picked":["Evolve","Anger"],"picked":"Intimidate","floor":13},{"not_picked":["Flex","Evolve"],"picked":"Shrug It Off","floor":14},{"not_picked":["Corruption","Offering"],"picked":"Feed","floor":16},{"not_picked":["Thunderclap","Clash"],"picked":"Anger+1","floor":18},{"not_picked":["Exhume","Perfected Strike"],"picked":"Disarm","floor":21},{"not_picked":["Perfected Strike","Armaments"],"picked":"Whirlwind","floor":22},{"not_picked":["Rage","Heavy Blade+1"],"picked":"Shrug It Off","floor":24},{"not_picked":["Flex+1","Iron Wave"],"picked":"Infernal Blade","floor":25},{"not_picked":["Twin Strike","Clash"],"picked":"Dropkick+1","floor":29},{"not_picked":["Wild Strike","Flame Barrier"],"picked":"Warcry","floor":31},{"not_picked":["Reaper","Offering"],"picked":"Double Tap","floor":33},{"not_picked":["Wild Strike+1","Rage+1"],"picked":"Battle Trance","floor":35},{"not_picked":["Bloodletting+1","Searing Blow"],"picked":"Sword Boomerang","floor":36}],"player_experience":329653,"relics_obtained":[],"event_choices":[{"damage_healed":0,"gold_gain":75,"player_choice":"Touch","damage_taken":8,"max_hp_gain":0,"max_hp_loss":0,"event_name":"FaceTrader","floor":4,"gold_loss":0},{"damage_healed":0,"gold_gain":0,"player_choice":"Read","damage_taken":0,"max_hp_gain":0,"max_hp_loss":0,"event_name":"The Library","floor":20,"gold_loss":0,"cards_obtained":["Second Wind"]},{"damage_healed":0,"gold_gain":0,"cards_transformed":["Strike_R","Strike_R"],"player_choice":"Became Test Subject","damage_taken":0,"max_hp_gain":0,"max_hp_loss":0,"event_name":"Drug Dealer","floor":27,"gold_loss":0,"cards_obtained":["Immolate","Rage"]}],"is_beta":false,"boss_relics":[{"not_picked":["Philosopher\u0027s Stone","Runic Cube","Astrolabe"]},{"not_picked":["Philosopher\u0027s Stone","Runic Cube","Astrolabe"]}],"items_purged_floors":[],"is_endless":false,"potions_floor_spawned":[3,11,12,14,16,21,25,29,35],"killed_by":"Sphere and 2 Shapes","ascension_level":0}}