{"host":"xp5rvh2jwe2ejyfm","time":1611582929,"event":{"mods":["BaseMod","Downfall","Duelist Mod","GifTheSpireLib","Gremlin Mod","Hermit","Hubris","Minty Spire (QoL Compilation)","Robot Space Explorer","StSLib","The Blackbeard","The Clintock","The Construct","The Cursed","The Disciple","The Forsaken","The Hierophant","The Necromancer","The Runesmith","The Servant 0.9.4"],"gold_per_floor":[114,114,124,124,124,159,169,196,272,272,286,327,355,377,377,482,482,508,508,47,74,74,74],"floor_reached":22,"language":"ENG","playtime":869,"items_purged":[],"score":206,"play_id":"ab1a6f1b-4552-4685-b832-f39043fc2094","local_time":"20210125085529","is_ascension_mode":false,"campfire_choices":[{"data":"theForsaken:Prudence","floor":15,"key":"SMITH"}],"circlet_count":0,"master_deck":["theForsaken:TheForsaken_Strike","theForsaken:TheForsaken_Strike","theForsaken:TheForsaken_Strike+1","theForsaken:TheForsaken_Strike","theForsaken:TheForsaken_Defend","theForsaken:TheForsaken_Defend","theForsaken:TheForsaken_Defend","theForsaken:TheForsaken_Defend","theForsaken:Smite+1","theForsaken:Penitence","theForsaken:FuryStrikes+1","theForsaken:CleansingLight","theForsaken:WordOfPower","theForsaken:QuickAttack","theForsaken:Prudence+1","theForsaken:WordsOfMight","theForsaken:BlessedWeapon","theForsaken:WordOfPower","theForsaken:FatRoll","theForsaken:Retribution","theForsaken:ScorchingSunlight","theForsaken:MagicWeapon","theForsaken:CleansingLight"],"relics":["theForsaken:ScalesOfTruth","Bag of Marbles","Anchor","Nunchaku","Pantograph","hubris:Metronome","CeramicFish","Boot","Bottled Lightning","OrangePellets"],"acts_visited":["Exordium","TheCity"],"potions_floor_usage":[8,16],"damage_taken":[{"damage":7,"enemies":"2 Louse","floor":1,"turns":2},{"damage":7,"enemies":"Small Slimes","floor":3,"turns":2},{"damage":18,"enemies":"3 Sentries","floor":6,"turns":9},{"damage":0,"enemies":"Cultist","floor":7,"turns":2},{"damage":14,"enemies":"Gremlin Nob","floor":8,"turns":3},{"damage":0,"enemies":"Large Slime","floor":11,"turns":4},{"damage":17,"enemies":"3 Sentries","floor":12,"turns":8},{"damage":0,"enemies":"Red Slaver","floor":13,"turns":3},{"damage":0,"enemies":"2 Fungi Beasts","floor":14,"turns":2},{"damage":46,"enemies":"The Guardian","floor":16,"turns":11},{"damage":45,"enemies":"3 Byrds","floor":18,"turns":8},{"damage":10,"enemies":"Chosen","floor":21,"turns":4},{"damage":22,"enemies":"3 Cultists","floor":22,"turns":3}],"seed_played":"-4865253905007557118","potions_obtained":[{"floor":1,"key":"Dexterity Potion"},{"floor":3,"key":"AttackPotion"},{"floor":7,"key":"SkillPotion"},{"floor":13,"key":"Slimebound:ThreeZeroPotion"},{"floor":16,"key":"BlessingOfTheForge"}],"is_trial":false,"path_per_floor":["M","?","M","?","?","E","M","E","T","?","M","E","M","M","R","B",null,"M","T","$","M","M"],"character_chosen":"THE_FORSAKEN","items_purchased":["Bottled Lightning","theForsaken:MagicWeapon","OrangePellets"],"campfire_rested":0,"item_purchase_floors":[20,20,20],"current_hp_per_floor":[58,58,53,40,40,34,34,23,23,65,65,54,57,57,57,37,65,29,29,29,19,0,0],"gold":74,"neow_bonus":"RANDOM_COMMON_RELIC","is_daily":false,"chose_seed":false,"campfire_upgraded":1,"win_rate":0.0,"timestamp":1611582929,"path_taken":["M","?","M","?","?","E","?","E","T","?","M","E","M","M","R","BOSS","M","?","$","M","M"],"items_purchased_type":["Relic","Card","Relic"],"build_version":"2020-12-22","purchased_purges":0,"victory":false,"max_hp_per_floor":[65,65,65,65,65,65,65,65,65,65,65,65,65,65,65,65,65,65,65,65,65,65,65],"card_choices":[{"not_picked":["theForsaken:Eulogy","theForsaken:WrathOfGod"],"picked":"theForsaken:FuryStrikes","floor":1},{"not_picked":["theForsaken:DarkBargain","theForsaken:PanicDive"],"picked":"theForsaken:CleansingLight","floor":3},{"not_picked":["theForsaken:ScorchingSunlight","theForsaken:Preservation"],"picked":"theForsaken:WordOfPower","floor":6},{"not_picked":["theForsaken:HorrifyingStrike","theForsaken:PreciseStrike"],"picked":"theForsaken:QuickAttack","floor":7},{"not_picked":["theForsaken:FatRoll","theForsaken:ShieldCharge"],"picked":"theForsaken:Prudence","floor":8},{"not_picked":["theForsaken:AncientWords","theForsaken:Bolster"],"picked":"theForsaken:WordsOfMight","floor":11},{"not_picked":["theForsaken:BindingThorns","theForsaken:ShieldCharge"],"picked":"theForsaken:BlessedWeapon","floor":12},{"not_picked":["theForsaken:CreepingInfection","theForsaken:PowerUp"],"picked":"theForsaken:WordOfPower","floor":13},{"not_picked":["theForsaken:WordsOfPestilence","theForsaken:WardingHymn"],"picked":"theForsaken:FatRoll","floor":14},{"not_picked":["theForsaken:DarkRift","theForsaken:Horror"],"picked":"theForsaken:Retribution","floor":16},{"not_picked":["theForsaken:Thunderbolt","theForsaken:BlightOfFamine"],"picked":"theForsaken:ScorchingSunlight","floor":18},{"not_picked":["theForsaken:Parry","theForsaken:HymnOfPatience"],"picked":"theForsaken:CleansingLight","floor":21}],"player_experience":326337,"relics_obtained":[{"floor":6,"key":"Nunchaku"},{"floor":8,"key":"Pantograph"},{"floor":9,"key":"hubris:Metronome"},{"floor":12,"key":"CeramicFish"},{"floor":19,"key":"Boot"}],"event_choices":[{"damage_healed":0,"gold_gain":0,"player_choice":"Entered Light","damage_taken":13,"max_hp_gain":0,"max_hp_loss":0,"event_name":"Shining Light","floor":4,"gold_loss":0,"cards_upgraded":["theForsaken:TheForsaken_Strike","theForsaken:Smite"]},{"damage_healed":0,"gold_gain":0,"player_choice":"Gave Potion","damage_taken":0,"relics_obtained":["Anchor"],"max_hp_gain":0,"max_hp_loss":0,"event_name":"WeMeetAgain","floor":5,"gold_loss":0},{"damage_healed":42,"gold_gain":0,"player_choice":"Full Heal","damage_taken":0,"max_hp_gain":0,"max_hp_loss":0,"event_name":"Wheel of Change","floor":10,"gold_loss":0}],"is_beta":false,"boss_relics":[{"not_picked":["Runesmith:UraniumAnvil","theForsaken:PaleLantern"],"picked":"theForsaken:ScalesOfTruth"}],"items_purged_floors":[],"is_endless":false,"potions_floor_spawned":[1,3,7,13,16],"killed_by":"3 Cultists","ascension_level":0}}