{"host":"rpg32ugylimeqbxt","time":1611598670,"event":{"mods":["AchievementEnabler","BaseMod","BetterRewards","Colored Powertips","Hermit","Highlight Path","Minty Spire (QoL Compilation)","Replay The Spire","StSLib","The Animator","The Bug Knight","The Cursed","The Disciple","The Hierophant","The Runesmith","The Servant 0.9.4"],"gold_per_floor":[115,115,35,54,54,54,84,84,84,84,104,104,104,32,32,32,32],"floor_reached":16,"language":"ENG","playtime":758,"items_purged":[],"score":120,"play_id":"d3ebfc25-607d-4849-a177-29b6d8083839","local_time":"20210125101750","is_ascension_mode":true,"campfire_choices":[{"data":"Zap","floor":6,"key":"SMITH"},{"data":"ReplayTheSpireMod:Calculation Training","floor":10,"key":"SMITH"},{"floor":12,"key":"REST"},{"data":"Defragment","floor":15,"key":"SMITH"}],"circlet_count":0,"master_deck":["Strike_B","Strike_B","Strike_B","Defend_B","Defend_B","Defend_B","Defend_B","Zap+1","Dualcast","Impatience+1","Scrape+1","ReplayTheSpireMod:Calculation Training+1","Reprogram+1","Loop","Defragment+1"],"relics":["Cracked Core","Centennial Puzzle","Chameleon Ring"],"acts_visited":["Exordium"],"potions_floor_usage":[],"damage_taken":[{"damage":2,"enemies":"Jaw Worm","floor":1,"turns":3},{"damage":7,"enemies":"Small Slimes","floor":4,"turns":3},{"damage":60,"enemies":"3 Sentries","floor":7,"turns":8},{"damage":6,"enemies":"Cultist","floor":11,"turns":3},{"damage":16,"enemies":"The Guardian","floor":16,"turns":4}],"seed_played":"6547289117004254338","potions_obtained":[{"floor":7,"key":"Ancient Potion"}],"is_trial":false,"path_per_floor":["M","?","$","M","?","R","E","?","T","R","M","R","?","$","R","B"],"character_chosen":"DEFECT","items_purchased":["Scrape","Defragment"],"campfire_rested":1,"item_purchase_floors":[3,14],"current_hp_per_floor":[73,78,78,71,71,71,11,11,11,11,5,29,13,13,13,0,0],"gold":32,"neow_bonus":"RANDOM_COLORLESS","is_daily":false,"chose_seed":false,"campfire_upgraded":3,"win_rate":0.0,"timestamp":1611598670,"path_taken":["M","?","$","M","?","R","E","?","T","R","?","R","?","$","R","BOSS"],"items_purchased_type":["Card","Card"],"build_version":"2020-12-22","purchased_purges":0,"victory":false,"max_hp_per_floor":[75,80,80,80,80,80,80,80,80,80,80,80,80,80,80,80,80],"card_choices":[{"not_picked":["Purity","Forethought"],"picked":"Impatience","floor":0},{"not_picked":["Streamline","Rebound","Stack"],"picked":"SKIP","floor":1},{"not_picked":["Fusion","Heatsinks"],"picked":"ReplayTheSpireMod:Calculation Training","floor":4},{"not_picked":["ReplaySolidLightProjector","Undo"],"picked":"Loop","floor":7},{"not_picked":["Go for the Eyes","Hologram","FTL"],"picked":"SKIP","floor":11}],"player_experience":463718,"relics_obtained":[{"floor":7,"key":"Centennial Puzzle"},{"floor":9,"key":"Chameleon Ring"}],"event_choices":[{"damage_healed":0,"gold_gain":0,"player_choice":"Donut","damage_taken":0,"max_hp_gain":5,"max_hp_loss":0,"event_name":"Big Fish","floor":2,"gold_loss":0},{"damage_healed":0,"gold_gain":0,"player_choice":"Ignored","damage_taken":0,"max_hp_gain":0,"max_hp_loss":0,"event_name":"Liars Game","floor":8,"gold_loss":0},{"damage_healed":0,"gold_gain":0,"player_choice":"Entered Light","damage_taken":16,"max_hp_gain":0,"max_hp_loss":0,"event_name":"Shining Light","floor":13,"gold_loss":0,"cards_upgraded":["Impatience","Scrape"]}],"is_beta":false,"boss_relics":[],"items_purged_floors":[],"is_endless":false,"potions_floor_spawned":[7],"killed_by":"The Guardian","ascension_level":5}}