{"host":"rl55h36hts1vjtzv","time":1611563450,"event":{"mods":["BaseMod","Colored Powertips","Minty Spire (QoL Compilation)","Relic Stats"],"gold_per_floor":[116,133,151,171,184,209,209,226,249,249,249,249,265,284,284,407,407,422,437,437,437,460,460,460,460],"floor_reached":24,"language":"ZHS","playtime":1420,"items_purged":[],"score":267,"play_id":"27f152aa-6b75-4e0f-9561-816009633860","local_time":"20210125163050","is_ascension_mode":true,"campfire_choices":[{"floor":7.0,"key":"REST"},{"floor":15.0,"key":"REST"},{"floor":23,"key":"REST"}],"circlet_count":0,"master_deck":["Defend_R","Defend_R","Defend_R","Defend_R","Bash","Rage","Cleave","Anger+1","Shrug It Off","Clothesline","Bite","Bite","Bite","Bite","Bite","Twin Strike","Spot Weakness"],"relics":["Black Blood","Bottled Flame","Red Skull","Golden Idol","GremlinMask"],"acts_visited":["Exordium","TheCity"],"potions_floor_usage":[],"damage_taken":[{"damage":1.0,"enemies":"Cultist","floor":1.0,"turns":3.0},{"damage":2.0,"enemies":"2 Louse","floor":2.0,"turns":3.0},{"damage":3.0,"enemies":"Jaw Worm","floor":3.0,"turns":3.0},{"damage":28.0,"enemies":"Large Slime","floor":4.0,"turns":5.0},{"damage":8.0,"enemies":"Gremlin Gang","floor":5.0,"turns":5.0},{"damage":33.0,"enemies":"Gremlin Nob","floor":6.0,"turns":5.0},{"damage":6.0,"enemies":"Blue Slaver","floor":8.0,"turns":4.0},{"damage":0.0,"enemies":"2 Fungi Beasts","floor":13.0,"turns":2.0},{"damage":0.0,"enemies":"Exordium Thugs","floor":14.0,"turns":3.0},{"damage":35.0,"enemies":"The Guardian","floor":16.0,"turns":9.0},{"damage":15.0,"enemies":"3 Byrds","floor":18.0,"turns":6.0},{"damage":28,"enemies":"Shell Parasite","floor":19,"turns":8},{"damage":59,"enemies":"Cultist and Chosen","floor":22,"turns":7},{"damage":78,"enemies":"Slavers","floor":24,"turns":5}],"seed_played":"-6581129986235875885","potions_obtained":[{"floor":5.0,"key":"DistilledChaos"},{"floor":6.0,"key":"FairyPotion"},{"floor":8.0,"key":"EntropicBrew"}],"is_trial":false,"path_per_floor":["M","M","M","M","M","E","R","M","T","?","?","?","M","M","R","B",null,"M","M","?","?","M","R","E"],"character_chosen":"IRONCLAD","items_purchased":[],"campfire_rested":3,"item_purchase_floors":[],"current_hp_per_floor":[88,88,88,66,64,37,63,63,63,41,23,23,29,35,61,32,88,85,69,61,61,28,46,0,0],"gold":460,"neow_bonus":"TEN_PERCENT_HP_BONUS","is_daily":false,"chose_seed":false,"campfire_upgraded":0,"win_rate":0.0,"timestamp":1611563450,"path_taken":["M","?","?","M","M","E","R","M","T","?","?","?","M","M","R","BOSS","M","?","?","?","M","R","E"],"items_purchased_type":[],"build_version":"2020-12-22","purchased_purges":0,"victory":false,"max_hp_per_floor":[88,88,88,88,88,88,88,88,88,88,88,88,88,88,88,88,88,88,88,61,61,61,61,61,61],"relic_stats":{"counters":[14,68],"Golden Idol":43,"Black Blood":84,"obtain_stats":[{"Bottled Flame":6,"Golden Idol":10,"Black Blood":17,"GremlinMask":12,"Burning Blood":0,"Red Skull":9},{"Bottled Flame":6,"Golden Idol":7,"Black Blood":10,"GremlinMask":7,"Burning Blood":0,"Red Skull":7},{"Bottled Flame":24,"Golden Idol":28,"Black Blood":42,"GremlinMask":28,"Burning Blood":0,"Red Skull":28}]},"card_choices":[{"not_picked":["Warcry","Havoc","Second Wind"],"picked":"SKIP","floor":1.0},{"not_picked":["Second Wind","Anger"],"picked":"Rage","floor":2.0},{"not_picked":["Iron Wave","Anger"],"picked":"Cleave","floor":3.0},{"not_picked":["Havoc","Perfected Strike","Heavy Blade"],"picked":"SKIP","floor":4.0},{"not_picked":["Battle Trance","Wild Strike"],"picked":"Anger","floor":5.0},{"not_picked":["Power Through","Bloodletting","Body Slam"],"picked":"SKIP","floor":6.0},{"not_picked":["Hemokinesis","Perfected Strike"],"picked":"Shrug It Off","floor":8.0},{"not_picked":["Dual Wield","Body Slam"],"picked":"Clothesline","floor":13.0},{"not_picked":["Armaments","Sword Boomerang","Infernal Blade"],"picked":"SKIP","floor":14.0},{"not_picked":["Sword Boomerang+1","Clothesline","Searing Blow+1"],"picked":"SKIP","floor":18.0},{"not_picked":["Combust+1","Shockwave","Body Slam"],"picked":"SKIP","floor":19},{"not_picked":["Power Through","Infernal Blade"],"picked":"Spot Weakness","floor":22}],"player_experience":97047,"relics_obtained":[{"floor":6.0,"key":"Bottled Flame"},{"floor":9.0,"key":"Red Skull"}],"event_choices":[{"damage_healed":0.0,"max_hp_gain":0.0,"max_hp_loss":0.0,"gold_gain":0.0,"event_name":"Golden Idol","player_choice":"Take Damage","floor":10.0,"gold_loss":0.0,"damage_taken":22.0,"relics_obtained":["Golden Idol"]},{"damage_healed":0.0,"max_hp_gain":0.0,"max_hp_loss":0.0,"gold_gain":0.0,"event_name":"Shining Light","player_choice":"Entered Light","floor":11.0,"gold_loss":0.0,"damage_taken":18.0,"cards_upgraded":["Anger","Strike_R"]},{"damage_healed":0.0,"max_hp_gain":0.0,"max_hp_loss":0.0,"gold_gain":0.0,"event_name":"FaceTrader","player_choice":"Trade","floor":12.0,"gold_loss":0.0,"damage_taken":0.0,"relics_obtained":["GremlinMask"]},{"damage_healed":0,"gold_gain":0,"player_choice":"Became a vampire","damage_taken":0,"max_hp_gain":0,"max_hp_loss":27,"event_name":"Vampires","floor":20,"gold_loss":0,"cards_obtained":["Bite","Bite","Bite","Bite","Bite"]},{"damage_healed":0,"gold_gain":0,"player_choice":"Read","damage_taken":0,"max_hp_gain":0,"max_hp_loss":0,"event_name":"The Library","floor":21,"gold_loss":0,"cards_obtained":["Twin Strike"]}],"is_beta":false,"boss_relics":[{"not_picked":["Snecko Eye","Black Star"],"picked":"Black Blood"}],"items_purged_floors":[],"is_endless":false,"potions_floor_spawned":[5,6,8],"killed_by":"Slavers","ascension_level":4}}