{"host":"ecaj4hn004xnnrw9","time":1611531978,"event":{"mods":["AchievementEnabler","BaseMod","Better Third Choice","Card Forge","Hermit","Hubris","Infinite Spire","Jorbs\u0027s Wanderer Trilogy","Minty Spire (QoL Compilation)","Quick Restart","Relic Stats","Shop Mod","StSLib","The Construct","The Jungle","The Runesmith"],"gold_per_floor":[365,37,37,112,12,12,12,25,80,80,109,109,143,143,143,215,215,232,232,232,251,251,283,283,317,362,362,382,88,88,101,101,178,178,178,178],"floor_reached":35,"language":"ENG","playtime":977,"items_purged":["Strike_R","Strike_R","Strike_R"],"score":944,"play_id":"2cc953ab-3be5-4b4a-9ce9-782a56f20557","local_time":"20210124234618","is_ascension_mode":true,"campfire_choices":[{"data":"infinitespire:OneForAll","floor":6,"key":"SMITH"},{"floor":10,"key":"REST"},{"data":"Demon Form","floor":12,"key":"SMITH"},{"data":"Disarm","floor":15,"key":"SMITH"},{"data":"Ghostly","floor":24,"key":"SMITH"},{"floor":27,"key":"REST"},{"data":"Corruption","floor":32,"key":"SMITH"}],"circlet_count":0,"master_deck":["AscendersBane","Defend_R","Defend_R","Defend_R","Defend_R","Bash","Anger","infinitespire:OneForAll+1","Heavy Blade+1","Demon Form+1","Iron Wave","Disarm+1","Corruption+1","Ghostly","Ghostly","Ghostly+1","Pommel Strike","Feed","Second Wind","Heavy Blade+1","Reaper","Seeing Red","Shrug It Off"],"relics":["Burning Blood","Hammer of Thor","Seething Fire","Anvil of the Gods","Red Skull","hubris:Icosahedron","Dream Catcher","Regal Pillow","Bronze Scales","Torii","infinitespire:Cupcake","hubris:Towel","hubris:Potato","Runesmith:Nanobots","Bag of Marbles","PreservedInsect","Empty Cage"],"acts_visited":["Exordium","TheCity","TheBeyond"],"potions_floor_usage":[13,21,23],"damage_taken":[{"damage":7,"enemies":"Small Slimes","floor":1,"turns":5},{"damage":7,"enemies":"Jaw Worm","floor":8,"turns":2},{"damage":31,"enemies":"Gremlin Nob","floor":11,"turns":4},{"damage":8,"enemies":"3 Sentries","floor":13,"turns":6},{"damage":0,"enemies":"Hexaghost","floor":16,"turns":6},{"damage":23,"enemies":"Spheric Guardian","floor":18,"turns":4},{"damage":1,"enemies":"Chosen","floor":21,"turns":5},{"damage":19,"enemies":"Book of Stabbing","floor":23,"turns":6},{"damage":11,"enemies":"Gremlin Leader","floor":25,"turns":6},{"damage":2,"enemies":"Centurion and Healer","floor":28,"turns":4},{"damage":3,"enemies":"Snake Plant","floor":31,"turns":3},{"damage":48,"enemies":"hubris:MusketHawk","floor":33,"turns":8},{"damage":38,"enemies":"Orb Walker","floor":35,"turns":5}],"seed_played":"4499172018191013278","potions_obtained":[{"floor":11,"key":"HeartOfIron"},{"floor":13,"key":"BloodPotion"},{"floor":18,"key":"PowerPotion"},{"floor":21,"key":"Ancient Potion"},{"floor":25,"key":"FairyPotion"}],"is_trial":false,"path_per_floor":["M","$","?","?","$","R","?","M","T","R","E","R","E","?","R","B",null,"M","?","?","M","T","E","R","E","T","R","M","$","?","M","R","B",null,"M"],"character_chosen":"IRONCLAD","items_purchased":["Red Skull","infinitespire:OneForAll","Reaper"],"campfire_rested":2,"item_purchase_floors":[2,2,29],"current_hp_per_floor":[49,49,49,38,38,38,33,32,32,69,44,44,42,42,42,48,68,51,37,37,37,37,31,31,26,26,37,37,37,37,37,37,28,35,0,0],"gold":178,"neow_bonus":"TWO_FIFTY_GOLD","is_daily":false,"chose_seed":false,"campfire_upgraded":5,"win_rate":0.0,"timestamp":1611531978,"path_taken":["M","$","?","?","$","R","?","M","T","R","E","R","E","?","R","BOSS","M","?","?","M","?","E","R","E","T","R","M","$","?","M","R","BOSS","M"],"items_purchased_type":["Relic","Card","Card"],"build_version":"2020-12-22","purchased_purges":3,"victory":false,"max_hp_per_floor":[75,75,75,75,75,75,75,75,75,75,75,75,75,75,75,75,75,75,37,37,37,37,37,37,37,37,37,37,37,37,37,37,37,37,37,37],"relic_stats":{"Dream Catcher":2,"Regal Pillow":15,"Torii":29,"counters":[13,64],"Bronze Scales":[166],"PreservedInsect":0,"obtain_stats":[{"Regal Pillow":9,"Runesmith:Nanobots":23,"Torii":13,"Hammer of Thor":0,"PreservedInsect":26,"Seething Fire":0,"hubris:Towel":20,"Empty Cage":34,"Burning Blood":0,"Dream Catcher":7,"hubris:Icosahedron":3,"Anvil of the Gods":0,"Bronze Scales":11,"Bag of Marbles":25,"Red Skull":2,"hubris:Potato":22,"infinitespire:Cupcake":17},{"Regal Pillow":2,"Runesmith:Nanobots":8,"Torii":4,"Hammer of Thor":0,"PreservedInsect":9,"Seething Fire":0,"hubris:Towel":6,"Empty Cage":12,"Burning Blood":0,"Dream Catcher":1,"hubris:Icosahedron":1,"Anvil of the Gods":0,"Bronze Scales":3,"Bag of Marbles":9,"Red Skull":1,"hubris:Potato":7,"infinitespire:Cupcake":5},{"Regal Pillow":7,"Runesmith:Nanobots":38,"Torii":17,"Hammer of Thor":0,"PreservedInsect":44,"Seething Fire":0,"hubris:Towel":27,"Empty Cage":59,"Burning Blood":0,"Dream Catcher":5,"hubris:Icosahedron":5,"Anvil of the Gods":0,"Bronze Scales":11,"Bag of Marbles":44,"Red Skull":5,"hubris:Potato":32,"infinitespire:Cupcake":23}],"Burning Blood":60},"card_choices":[{"not_picked":["Carnage","Fire Breathing"],"picked":"Anger","floor":1},{"not_picked":["Burning Pact","True Grit"],"picked":"Heavy Blade","floor":8},{"not_picked":["hubris:ReadiedAction","Wild Strike"],"picked":"Demon Form","floor":10},{"not_picked":["Power Through","Spot Weakness"],"picked":"Iron Wave","floor":11},{"not_picked":["True Grit","hubris:ReadiedAction"],"picked":"Disarm","floor":13},{"not_picked":["Bludgeon","Fiend Fire"],"picked":"Corruption","floor":16},{"not_picked":["Rampage","hubris:SharpeningStone","Headbutt"],"picked":"SKIP","floor":18},{"not_picked":["Havoc","Anger"],"picked":"Pommel Strike","floor":21},{"not_picked":["Anger","Corruption","Power Through"],"picked":"SKIP","floor":23},{"not_picked":["Headbutt+1","Anger"],"picked":"Feed","floor":25},{"not_picked":["Flex","Bloodletting"],"picked":"Second Wind","floor":27},{"not_picked":["Corruption","Clothesline"],"picked":"Heavy Blade+1","floor":28},{"not_picked":["Clash","Iron Wave"],"picked":"Shrug It Off","floor":31}],"player_experience":408413,"relics_obtained":[{"floor":9,"key":"Regal Pillow"},{"floor":11,"key":"Bronze Scales"},{"floor":13,"key":"Torii"},{"floor":22,"key":"hubris:Potato"},{"floor":23,"key":"Runesmith:Nanobots"},{"floor":25,"key":"Bag of Marbles"},{"floor":26,"key":"PreservedInsect"}],"event_choices":[{"damage_healed":0,"gold_gain":75,"player_choice":"Gold","damage_taken":11,"max_hp_gain":0,"max_hp_loss":0,"event_name":"betterThird:BetterGoop","floor":4,"gold_loss":0},{"damage_healed":0,"gold_gain":0,"player_choice":"Relic ","damage_taken":5,"max_hp_gain":0,"max_hp_loss":0,"event_name":"betterThird:BetterScrap","floor":7,"gold_loss":0,"cards_obtained":["Well Laid Plans"]},{"damage_healed":0,"gold_gain":0,"player_choice":"Grow","damage_taken":0,"max_hp_gain":0,"max_hp_loss":0,"event_name":"Living Wall","floor":14,"gold_loss":0,"cards_upgraded":["Heavy Blade"]},{"damage_healed":0,"gold_gain":0,"player_choice":"Became a Ghost","damage_taken":0,"max_hp_gain":0,"max_hp_loss":38,"event_name":"Ghosts","floor":19,"gold_loss":0,"cards_obtained":["Ghostly","Ghostly","Ghostly"]}],"is_beta":false,"boss_relics":[{"not_picked":["Coffee Dripper","Black Blood"],"picked":"infinitespire:Cupcake"},{"not_picked":["hubris:RunicObelisk","Calling Bell"],"picked":"Empty Cage"}],"items_purged_floors":[2,5,29],"is_endless":false,"potions_floor_spawned":[11,13,18,21,25],"killed_by":"Orb Walker","ascension_level":20}}