{"host":"qgrlfjrqk9z96gfi","time":1611539468,"event":{"mods":["BaseMod","Block Reminder","Colored Map","Custom Start","DeckTracker","Minty Spire (QoL Compilation)"],"gold_per_floor":[361,376,526,451,237,269,269,284,356,387,387,417,417,437,437,511,511,526,58,58,58,58],"floor_reached":21,"language":"ENG","playtime":797,"items_purged":["Doubt","Strike_G"],"score":390,"play_id":"b3fbcf83-ef8c-49ed-b36c-569594d17a3f","local_time":"20210124155108","is_ascension_mode":true,"campfire_choices":[{"floor":7,"key":"REST"},{"data":"Terror","floor":13,"key":"SMITH"},{"floor":15,"key":"REST"}],"circlet_count":0,"master_deck":["AscendersBane","Strike_G","Strike_G","Strike_G","Strike_G","Defend_G","Defend_G","Defend_G","Defend_G","Defend_G","Survivor","Neutralize","Blade Dance","Blade Dance","Terror+1","Dagger Spray","Backflip","Dash","Escape Plan","Tools of the Trade","Riddle With Holes","Wraith Form v2","Riddle With Holes+1","Accuracy"],"relics":["Ring of the Snake","Toy Ornithopter","Bottled Flame","Art of War","FossilizedHelix","Runic Pyramid","Regal Pillow","TwistedFunnel","Letter Opener"],"acts_visited":["Exordium","TheCity"],"potions_floor_usage":[6,10,21],"damage_taken":[{"damage":0,"enemies":"2 Louse","floor":1,"turns":3},{"damage":3,"enemies":"Cultist","floor":2,"turns":4},{"damage":40,"enemies":"Lagavulin","floor":6,"turns":7},{"damage":1,"enemies":"Small Slimes","floor":8,"turns":3},{"damage":3,"enemies":"Gremlin Nob","floor":10,"turns":3},{"damage":9,"enemies":"3 Sentries","floor":12,"turns":8},{"damage":15,"enemies":"Exordium Wildlife","floor":14,"turns":4},{"damage":11,"enemies":"The Guardian","floor":16,"turns":15},{"damage":51,"enemies":"Spheric Guardian","floor":18,"turns":10},{"damage":9,"enemies":"3 Byrds","floor":21,"turns":2}],"seed_played":"8522421116631301158","potions_obtained":[{"floor":2,"key":"Weak Potion"},{"floor":6,"key":"SpeedPotion"},{"floor":8,"key":"CunningPotion"},{"floor":14,"key":"Explosive Potion"}],"is_trial":false,"path_per_floor":["M","M","?","?","$","E","R","M","T","E","?","E","R","M","R","B",null,"M","$","T","M"],"character_chosen":"THE_SILENT","items_purchased":["Terror","Strength Potion","Accuracy","Regal Pillow","TwistedFunnel"],"campfire_rested":2,"item_purchase_floors":[5,5,19,19,19],"current_hp_per_floor":[59,56,56,56,56,16,35,34,34,36,36,27,27,12,31,20,55,4,4,4,0,0],"gold":58,"neow_bonus":"TWO_FIFTY_GOLD","is_daily":false,"chose_seed":false,"campfire_upgraded":1,"win_rate":0.0,"timestamp":1611539468,"path_taken":["M","M","?","?","$","E","R","M","T","E","?","E","R","?","R","BOSS","M","$","?","M"],"items_purchased_type":["Card","Potion","Card","Relic","Relic"],"build_version":"2020-12-22","purchased_purges":2,"victory":false,"max_hp_per_floor":[66,66,66,66,66,66,66,66,66,66,66,66,66,66,66,66,66,66,66,66,66,66],"card_choices":[{"not_picked":["Footwork","Dash"],"picked":"Blade Dance","floor":1},{"not_picked":["Dagger Throw","Acrobatics"],"picked":"Blade Dance","floor":2},{"not_picked":["Dagger Throw","Sucker Punch"],"picked":"Dagger Spray","floor":6},{"not_picked":["Acrobatics","Night Terror"],"picked":"Backflip","floor":8},{"not_picked":["Sucker Punch","Quick Slash"],"picked":"Dash","floor":10},{"not_picked":["Outmaneuver","Acrobatics"],"picked":"Riddle With Holes","floor":12},{"not_picked":["Slice","Predator","Deflect"],"picked":"SKIP","floor":14},{"not_picked":["Glass Knife","Unload"],"picked":"Wraith Form v2","floor":16},{"not_picked":["Tactician","Eviscerate"],"picked":"Riddle With Holes+1","floor":18}],"player_experience":1058137,"relics_obtained":[{"floor":6,"key":"Toy Ornithopter"},{"floor":9,"key":"Bottled Flame"},{"floor":10,"key":"Art of War"},{"floor":12,"key":"FossilizedHelix"},{"floor":20,"key":"Letter Opener"}],"event_choices":[{"damage_healed":0,"gold_gain":150,"player_choice":"AGREE","damage_taken":0,"max_hp_gain":0,"max_hp_loss":0,"event_name":"Liars Game","floor":3,"gold_loss":0,"cards_obtained":["Doubt"]},{"cards_removed":["Decay"],"damage_healed":0,"gold_gain":0,"player_choice":"Card Removal","damage_taken":0,"max_hp_gain":0,"max_hp_loss":0,"event_name":"The Cleric","floor":4,"gold_loss":75},{"damage_healed":0,"gold_gain":0,"player_choice":"2 cards matched","damage_taken":0,"max_hp_gain":0,"max_hp_loss":0,"event_name":"Match and Keep!","floor":11,"gold_loss":0,"cards_obtained":["Escape Plan","Tools of the Trade"]}],"is_beta":false,"boss_relics":[{"not_picked":["SacredBark","Busted Crown"],"picked":"Runic Pyramid"}],"items_purged_floors":[5,19],"is_endless":false,"potions_floor_spawned":[2,6,8,14],"killed_by":"3 Byrds","ascension_level":20}}