{"host":"s35zr3gblm7slh1q","time":1611534727,"event":{"mods":["BaseMod","Colored Powertips","Downfall","Hermit","Highlight Path","Marisa????????","Minty Spire (QoL Compilation)","Permanent Neow","StSLib","The Disciple","The Jungle"],"gold_per_floor":[114,114,126,145,30,30,30,30,53,17,75,75,95,106,106,206,206,219,53,53,63,81,81,81,81,81,81,96,111,124,140,140,245,245,261,311,311,325,124,124,124,124],"floor_reached":41,"language":"ENG","playtime":2475,"items_purged":[],"score":383,"play_id":"c33877ce-88b4-46f8-a5f9-0b8892c21851","local_time":"20210124193207","is_ascension_mode":false,"campfire_choices":[{"floor":6,"key":"REST"},{"data":"Study","floor":8,"key":"SMITH"},{"floor":15,"key":"REST"},{"floor":23,"key":"REST"},{"floor":25,"key":"REST"},{"data":"TalkToTheHand","floor":27,"key":"SMITH"},{"floor":32,"key":"REST"},{"floor":40,"key":"REST"}],"circlet_count":0,"master_deck":["Strike_P","Strike_P","Strike_P","Defend_P","Defend_P","Defend_P","Vigilance","ThirdEye","PathToVictory","CarveReality","ReachHeaven","Study+1","TalkToTheHand+1","CutThroughFate","FollowUp","Judgement","CarveReality","JustLucky","Nirvana","FollowUp","BattleHymn","WaveOfTheHand","FearNoEvil+1","ThirdEye+1","DevaForm+1","Protect","PathToVictory"],"relics":["PureWater","Ancient Tea Set","CaptainsWheel","Philosopher\u0027s Stone","Membership Card","theJungle:PaperFaux","Gremlin Horn","Empty Cage","Bird Faced Urn","Regal Pillow","Nunchaku"],"acts_visited":["Exordium","Exordium","TheBeyond"],"potions_floor_usage":[16,16,29,33,33,35,41],"damage_taken":[{"damage":1,"enemies":"Jaw Worm","floor":1,"turns":3},{"damage":12,"enemies":"Small Slimes","floor":3,"turns":6},{"damage":1,"enemies":"Cultist","floor":4,"turns":4},{"damage":8,"enemies":"Gremlin Nob","floor":11,"turns":4},{"damage":7,"enemies":"Red Slaver","floor":13,"turns":3},{"damage":16,"enemies":"Large Slime","floor":14,"turns":4},{"damage":16,"enemies":"Slime Boss","floor":16,"turns":8},{"damage":17,"enemies":"theJungle:MUSHROOMGANG","floor":18,"turns":4},{"damage":1,"enemies":"Shell Parasite","floor":21,"turns":4},{"damage":20,"enemies":"theJungle:JungleHuntersEncounter","floor":22,"turns":6},{"damage":22,"enemies":"Snake Plant","floor":28,"turns":4},{"damage":28,"enemies":"theJungle:2_Flameangoes","floor":29,"turns":8},{"damage":9,"enemies":"theJungle:SlimyTreeVines","floor":30,"turns":6},{"damage":13,"enemies":"theJungle:JungleHuntersEncounter","floor":31,"turns":6},{"damage":5,"enemies":"theJungle:QueenSpyder","floor":33,"turns":9},{"damage":11,"enemies":"3 Shapes","floor":35,"turns":4},{"damage":18,"enemies":"Mind Bloom Boss Battle","floor":36,"turns":9},{"damage":34,"enemies":"Orb Walker","floor":38,"turns":6},{"damage":52,"enemies":"Jaw Worm Horde","floor":41,"turns":4}],"seed_played":"4777795646724783675","potions_obtained":[{"floor":1,"key":"FearPotion"},{"floor":11,"key":"BottledMiracle"},{"floor":14,"key":"SpeedPotion"},{"floor":16,"key":"SpeedPotion"},{"floor":18,"key":"SpeedPotion"},{"floor":29,"key":"Dexterity Potion"},{"floor":31,"key":"Dexterity Potion"},{"floor":35,"key":"FearPotion"},{"floor":38,"key":"Block Potion"}],"is_trial":false,"path_per_floor":["M","?","M","M","$","R","?","R","T","$","?","?","M","M","R","B",null,"M","$","?","M","M","R","?","R","T","R","M","M","M","M","R","B",null,"M","?","?","M","$","R","M"],"character_chosen":"WATCHER","items_purchased":["ReachHeaven","Study","TalkToTheHand","Membership Card","JustLucky","Regal Pillow","Nunchaku","CultistPotion"],"campfire_rested":6,"item_purchase_floors":[5,5,10,19,19,39,39,39],"current_hp_per_floor":[64,69,57,56,56,70,70,70,70,70,62,62,55,39,60,44,70,53,53,55,54,34,55,55,70,70,70,48,20,17,4,25,20,70,59,41,41,13,13,49,0,0],"gold":124,"neow_bonus":"REMOVE_TWO","is_daily":false,"chose_seed":false,"campfire_upgraded":2,"win_rate":0.0,"timestamp":1611534727,"path_taken":["M","?","M","M","$","R","?","R","T","$","?","?","?","M","R","BOSS","M","$","?","M","M","R","?","R","T","R","M","M","M","M","R","BOSS","M","?","?","M","$","R","?"],"items_purchased_type":["Card","Card","Card","Relic","Card","Relic","Relic","Potion"],"build_version":"2020-12-22","purchased_purges":0,"victory":false,"max_hp_per_floor":[65,70,70,70,70,70,70,70,70,70,70,70,70,70,70,70,70,70,70,70,70,70,70,70,70,70,70,70,70,70,70,70,70,70,70,70,70,70,70,70,70,70],"card_choices":[{"not_picked":["SignatureMove","Wireheading"],"picked":"ThirdEye","floor":1},{"not_picked":["Consecrate","Evaluate"],"picked":"PathToVictory","floor":3},{"not_picked":["BowlingBash","Blasphemy"],"picked":"CarveReality","floor":4},{"not_picked":["ClearTheMind","InnerPeace"],"picked":"CutThroughFate","floor":11},{"not_picked":["WreathOfFlame","Vengeance","SignatureMove"],"picked":"SKIP","floor":13},{"not_picked":["FlyingSleeves","Prostrate"],"picked":"FollowUp","floor":14},{"not_picked":["Wish","Omniscience"],"picked":"Judgement","floor":16},{"not_picked":["Consecrate+1","Halt"],"picked":"CarveReality","floor":18},{"not_picked":["Halt","Wireheading+1"],"picked":"Nirvana","floor":21},{"not_picked":["Wallop","Worship"],"picked":"FollowUp","floor":22},{"not_picked":["Halt","Sanctity"],"picked":"BattleHymn","floor":28},{"not_picked":["WheelKick","Meditate+1"],"picked":"WaveOfTheHand","floor":29},{"not_picked":["Crescendo","CrushJoints"],"picked":"FearNoEvil+1","floor":30},{"not_picked":["Collect+1","Fasting2+1"],"picked":"ThirdEye+1","floor":31},{"not_picked":["Judgement","Devotion"],"picked":"DevaForm","floor":33},{"not_picked":["WreathOfFlame","Protect","Meditate+1"],"picked":"SKIP","floor":35},{"not_picked":["SignatureMove+1","BowlingBash+1"],"picked":"Protect","floor":36},{"not_picked":["Crescendo+1","Meditate+1"],"picked":"PathToVictory","floor":38}],"player_experience":378366,"relics_obtained":[{"floor":9,"key":"Ancient Tea Set"},{"floor":26,"key":"Gremlin Horn"},{"floor":36,"key":"Bird Faced Urn"}],"event_choices":[{"damage_healed":0,"gold_gain":0,"player_choice":"Donut","damage_taken":0,"max_hp_gain":5,"max_hp_loss":0,"event_name":"Big Fish","floor":2,"gold_loss":0},{"damage_healed":0,"gold_gain":0,"player_choice":"Ignored","damage_taken":0,"max_hp_gain":0,"max_hp_loss":0,"event_name":"Golden Idol","floor":7,"gold_loss":0},{"damage_healed":0,"gold_gain":0,"player_choice":"Searched \u00272\u0027 times","damage_taken":0,"relics_obtained":["CaptainsWheel"],"max_hp_gain":0,"max_hp_loss":0,"event_name":"Dead Adventurer","floor":11,"gold_loss":0},{"damage_healed":0,"gold_gain":0,"player_choice":"Ignored","damage_taken":0,"max_hp_gain":0,"max_hp_loss":0,"event_name":"NoteForYourself","floor":12,"gold_loss":0},{"damage_healed":0,"gold_gain":0,"player_choice":"Fight","damage_taken":0,"max_hp_gain":0,"max_hp_loss":0,"event_name":"MindBloom","floor":36,"gold_loss":0},{"damage_healed":0,"gold_gain":0,"player_choice":"Forge","damage_taken":0,"max_hp_gain":0,"max_hp_loss":0,"event_name":"Accursed Blacksmith","floor":37,"gold_loss":0,"cards_upgraded":["DevaForm"]}],"is_beta":false,"boss_relics":[{"not_picked":["Runic Pyramid","Coffee Dripper"],"picked":"Philosopher\u0027s Stone"},{"not_picked":["SacredBark","Cursed Key"],"picked":"Empty Cage"}],"items_purged_floors":[],"is_endless":false,"potions_floor_spawned":[1,11,14,16,18,29,31,35,38],"killed_by":"Jaw Worm Horde","ascension_level":0}}