{"host":"szp1d6dso4pv7ddl","time":1611538201,"event":{"mods":["AchievementEnabler","Alarm Clock","BaseMod","Bestiary","Block Reminder","Colored Map","Colored Powertips","Curses Come First","Dark Map","Displayed Cursed Tome","Highlight Path","Minty Spire (QoL Compilation)","Permanent Neow","Quick Restart","Relic Sorter","Relic Stats","StSLib","Synergy Search"],"gold_per_floor":[118,118,43,67,22,22,22,39,88,88,117,117,150,161,161,256,256,276,293,193,213,223,223,237,262,262,262,262,289,214,226,226,329,329,349,349,360,370,386,386,415,415,441,66,66,66,81,93,93,93,93,93,93,126,126,126],"floor_reached":55,"language":"ENG","playtime":2025,"items_purged":["Strike_B","Strike_B"],"score":1163,"play_id":"63373ff1-ada0-482d-9a35-2b497d170120","local_time":"20210124173001","is_ascension_mode":true,"campfire_choices":[{"data":"Skim","floor":6,"key":"SMITH"},{"floor":10,"key":"REST"},{"data":"Defend_B","floor":12,"key":"SMITH"},{"floor":15,"key":"REST"},{"data":"Reboot","floor":23,"key":"SMITH"},{"floor":27,"key":"REST"},{"data":"Gash","floor":32,"key":"SMITH"},{"floor":40,"key":"RECALL"},{"data":"Gash","floor":42,"key":"SMITH"},{"data":"Scrape","floor":46,"key":"SMITH"},{"data":"Gash","floor":49,"key":"SMITH"},{"floor":52,"key":"REST"}],"circlet_count":0,"master_deck":["AscendersBane","Defend_B+1","Defend_B+1","Defend_B+1","Skim+1","Gash+1","Gash+1","Gash+1","Reboot+1","Scrape+1"],"relics":["Cracked Core","Pen Nib","Letter Opener","Anchor","Akabeko","Oddly Smooth Stone","Empty Cage","Incense Burner","MutagenicStrength","Bag of Marbles","Philosopher\u0027s Stone","Bird Faced Urn","Ice Cream","Whetstone"],"acts_visited":["Exordium","TheCity","TheBeyond","TheEnding"],"potions_floor_usage":[11,16,25,55,55],"damage_taken":[{"damage":12,"enemies":"Small Slimes","floor":1,"turns":3},{"damage":0,"enemies":"Cultist","floor":8,"turns":3},{"damage":11,"enemies":"3 Sentries","floor":11,"turns":6},{"damage":26,"enemies":"Gremlin Nob","floor":13,"turns":4},{"damage":2,"enemies":"Jaw Worm","floor":14,"turns":2},{"damage":10,"enemies":"The Guardian","floor":16,"turns":10},{"damage":12,"enemies":"Shell Parasite","floor":18,"turns":3},{"damage":0,"enemies":"3 Byrds","floor":19,"turns":4},{"damage":0,"enemies":"Shelled Parasite and Fungi","floor":21,"turns":3},{"damage":6,"enemies":"Snake Plant","floor":22,"turns":3},{"damage":0,"enemies":"Cultist and Chosen","floor":24,"turns":3},{"damage":3,"enemies":"Slavers","floor":25,"turns":4},{"damage":0,"enemies":"3 Cultists","floor":31,"turns":1},{"damage":0,"enemies":"Automaton","floor":33,"turns":3},{"damage":0,"enemies":"3 Shapes","floor":35,"turns":1},{"damage":0,"enemies":"Orb Walker","floor":37,"turns":1},{"damage":0,"enemies":"Transient","floor":38,"turns":5},{"damage":0,"enemies":"Sphere and 2 Shapes","floor":39,"turns":3},{"damage":8,"enemies":"Reptomancer","floor":41,"turns":4},{"damage":0,"enemies":"Jaw Worm Horde","floor":47,"turns":1},{"damage":0,"enemies":"3 Darklings","floor":48,"turns":1},{"damage":5,"enemies":"Awakened One","floor":50,"turns":4},{"damage":0,"enemies":"Shield and Spear","floor":54,"turns":2},{"damage":94,"enemies":"The Heart","floor":55,"turns":3}],"seed_played":"783284264332865071","potions_obtained":[{"floor":8,"key":"Strength Potion"},{"floor":13,"key":"DuplicationPotion"},{"floor":14,"key":"BlessingOfTheForge"},{"floor":21,"key":"DistilledChaos"},{"floor":25,"key":"BlessingOfTheForge"},{"floor":33,"key":"Weak Potion"},{"floor":38,"key":"CultistPotion"}],"is_trial":false,"path_per_floor":["M","?","$","T","$","R","?","M","T","R","E","R","E","M","R","B",null,"M","M","$","M","M","R","M","E","T","R","?","T","?","M","R","B",null,"M","?","M","M","M","R","E","R","T","$","?","R","M","M","R","B",null,"R","$","E","B"],"character_chosen":"DEFECT","items_purchased":["Gash","Scrape","Ice Cream"],"campfire_rested":4,"item_purchase_floors":[5,44,44],"current_hp_per_floor":[38,38,38,38,38,38,23,23,23,45,34,34,8,6,28,18,61,49,49,49,49,43,43,43,40,40,62,62,62,62,62,62,62,72,72,71,71,71,71,71,63,63,63,63,63,63,63,63,63,58,68,71,71,71,0,0],"gold":126,"neow_bonus":"TRANSFORM_TWO_CARDS","is_daily":false,"chose_seed":false,"campfire_upgraded":7,"win_rate":0.0,"timestamp":1611538201,"path_taken":["M","?","$","?","$","R","?","M","T","R","E","R","E","M","R","BOSS","M","M","$","M","M","R","M","E","T","R","?","?","?","M","R","BOSS","M","?","M","M","M","R","E","R","T","$","?","R","?","M","R","BOSS","R","$","E","BOSS"],"items_purchased_type":["Card","Card","Relic"],"build_version":"2020-12-22","purchased_purges":2,"victory":false,"max_hp_per_floor":[75,75,75,75,75,75,75,75,75,75,75,75,75,75,75,75,75,75,75,75,75,75,75,75,75,75,75,75,75,75,75,75,75,75,75,71,71,71,71,71,71,71,71,71,71,71,71,71,71,71,71,71,71,71,71,71],"relic_stats":{"counters":[24,77],"Bird Faced Urn":[0],"Pen Nib":[15],"Letter Opener":[200],"Whetstone":[],"obtain_stats":[{"Ice Cream":44,"Oddly Smooth Stone":13,"Pen Nib":25,"Incense Burner":26,"Letter Opener":11,"Whetstone":54,"Empty Cage":17,"Akabeko":9,"Anchor":4,"MutagenicStrength":28,"Bird Faced Urn":41,"Philosopher\u0027s Stone":34,"Bag of Marbles":29,"Cracked Core":0},{"Ice Cream":19,"Oddly Smooth Stone":4,"Pen Nib":12,"Incense Burner":12,"Letter Opener":3,"Whetstone":23,"Empty Cage":6,"Akabeko":2,"Anchor":1,"MutagenicStrength":12,"Bird Faced Urn":19,"Philosopher\u0027s Stone":14,"Bag of Marbles":12,"Cracked Core":0},{"Ice Cream":66,"Oddly Smooth Stone":16,"Pen Nib":48,"Incense Burner":48,"Letter Opener":12,"Whetstone":74,"Empty Cage":28,"Akabeko":6,"Anchor":3,"MutagenicStrength":48,"Bird Faced Urn":66,"Philosopher\u0027s Stone":52,"Bag of Marbles":48,"Cracked Core":0}]},"card_choices":[{"not_picked":["Coolheaded","Defragment"],"picked":"Gash","floor":1},{"not_picked":["Turbo","Beam Cell","Leap"],"picked":"SKIP","floor":8},{"not_picked":["Electrodynamics","Consume"],"picked":"Gash","floor":11},{"not_picked":["Turbo","Recycle","Compile Driver"],"picked":"SKIP","floor":13},{"not_picked":["Ball Lightning","Barrage","Streamline"],"picked":"SKIP","floor":14},{"not_picked":["Seek","Biased Cognition"],"picked":"Reboot","floor":16},{"not_picked":["Go for the Eyes+1","Skim","Rip and Tear+1"],"picked":"SKIP","floor":18},{"not_picked":["Streamline+1","Hologram+1","Leap"],"picked":"SKIP","floor":19},{"not_picked":["Sweeping Beam","Leap","Streamline+1"],"picked":"SKIP","floor":21},{"not_picked":["Sweeping Beam","Leap","Streamline+1"],"picked":"SKIP","floor":21},{"not_picked":["Conserve Battery","Skim","Sunder"],"picked":"SKIP","floor":22},{"not_picked":["Cold Snap+1","Stack","Consume"],"picked":"SKIP","floor":24},{"not_picked":["Rebound","Loop","FTL"],"picked":"SKIP","floor":25},{"not_picked":["Hologram","Thunder Strike","Turbo"],"picked":"SKIP","floor":31},{"not_picked":["Go for the Eyes","Sweeping Beam","Steam"],"picked":"SKIP","floor":35},{"not_picked":["Reprogram+1","Stack+1","Capacitor+1"],"picked":"SKIP","floor":37},{"not_picked":["Go for the Eyes","Creative AI","Barrage+1"],"picked":"SKIP","floor":38},{"not_picked":["Go for the Eyes","Steam Power+1","Coolheaded"],"picked":"SKIP","floor":39},{"not_picked":["Beam Cell","Conserve Battery+1","Chaos+1"],"picked":"SKIP","floor":41},{"not_picked":["Ball Lightning+1","Chaos","Coolheaded+1"],"picked":"SKIP","floor":47},{"not_picked":["Undo","Auto Shields+1","Ball Lightning"],"picked":"SKIP","floor":48},{"not_picked":["Hologram","Ball Lightning+1","Darkness"],"picked":"SKIP","floor":54},{"not_picked":["Hologram","Ball Lightning+1","Darkness"],"picked":"SKIP","floor":54}],"player_experience":1269110,"relics_obtained":[{"floor":4,"key":"Anchor"},{"floor":9,"key":"Akabeko"},{"floor":11,"key":"Letter Opener"},{"floor":13,"key":"Oddly Smooth Stone"},{"floor":25,"key":"Pen Nib"},{"floor":26,"key":"Incense Burner"},{"floor":29,"key":"Bag of Marbles"},{"floor":41,"key":"Bird Faced Urn"},{"floor":54,"key":"Whetstone"}],"event_choices":[{"cards_removed":["Dualcast"],"damage_healed":0,"gold_gain":0,"player_choice":"Purged","damage_taken":0,"max_hp_gain":0,"max_hp_loss":0,"event_name":"Purifier","floor":2,"gold_loss":0},{"damage_healed":0,"gold_gain":0,"player_choice":"Entered Light","damage_taken":15,"max_hp_gain":0,"max_hp_loss":0,"event_name":"Shining Light","floor":7,"gold_loss":0,"cards_upgraded":["Defend_B","Defend_B"]},{"damage_healed":0,"gold_gain":0,"player_choice":"Inject Mutagens","damage_taken":0,"relics_obtained":["MutagenicStrength"],"max_hp_gain":0,"max_hp_loss":0,"event_name":"Drug Dealer","floor":28,"gold_loss":0},{"cards_removed":["Strike_B"],"damage_healed":0,"gold_gain":0,"player_choice":"Gave Gold","damage_taken":0,"max_hp_gain":0,"max_hp_loss":0,"event_name":"Beggar","floor":30,"gold_loss":75},{"damage_healed":0,"gold_gain":0,"player_choice":"Max HP","damage_taken":0,"max_hp_gain":0,"max_hp_loss":4,"event_name":"Winding Halls","floor":36,"gold_loss":0},{"damage_healed":0,"gold_gain":0,"player_choice":"0 cards matched","damage_taken":0,"max_hp_gain":0,"max_hp_loss":0,"event_name":"Match and Keep!","floor":45,"gold_loss":0,"cards_obtained":[]}],"is_beta":false,"boss_relics":[{"not_picked":["Black Star","Cursed Key"],"picked":"Empty Cage"},{"not_picked":["Runic Dome","FrozenCore"],"picked":"Philosopher\u0027s Stone"}],"items_purged_floors":[3,20],"is_endless":false,"potions_floor_spawned":[8,13,14,21,24,25,33,38,54],"killed_by":"The Heart","ascension_level":11}}