{"host":"veymnbzwgp1k9ont","time":1611544069,"event":{"mods":["BaseMod","Defuse TimeMaze Blight","Minty Spire (QoL Compilation)","Rare Cards Sparkle","Shop Mod","StSLib"],"gold_per_floor":[412,154,168,243,254,282,282,282,282,282,292,311,155,155,155,257,257,273,287,212,127,140,140,165,178,205,222,222,222,222,249,249,350,350,365,377,377,377,393,393,421,421,446,465,478,506,102,120,120,225,225,240,253,97,114,124,155,155,155,200,200,66,122,122,141,141,266,266,281,304,313,313,291,329,329,342,380,380,95,20,20,34,34,158,158,178,100,115,130,130,130,130,153,192,192,323,323,342,363,180,195,270,270,270,288,326,326,370,384,384,384,384,509,572,597,610,629,557,580,580],"floor_reached":119,"language":"ENG","playtime":3855,"items_purged":["Deflect+1","Writhe","PiercingWail+1"],"score":3256,"play_id":"6986c522-3d3b-4417-a7cf-e9b94f182113","local_time":"20210124210749","daily_mods":["SealedDeck","Heirloom"],"is_ascension_mode":false,"campfire_choices":[{"data":"Terror","floor":8.0,"key":"SMITH"},{"data":"Cloak And Dagger","floor":10.0,"key":"SMITH"},{"data":"Cloak And Dagger","floor":15.0,"key":"SMITH"},{"data":"Phantasmal Killer","floor":28.0,"key":"SMITH"},{"data":"Adrenaline","floor":30.0,"key":"SMITH"},{"data":"Blade Dance","floor":32.0,"key":"SMITH"},{"data":"Blade Dance","floor":40.0,"key":"SMITH"},{"data":"PiercingWail","floor":42.0,"key":"SMITH"},{"floor":49.0,"key":"REST"},{"floor":61.0,"key":"REST"},{"floor":66.0,"key":"REST"},{"floor":78.0,"key":"REST"},{"floor":83.0,"key":"REST"}],"circlet_count":1,"master_deck":["Terror+1","PiercingWail+1","Cloak And Dagger+1","Cloak And Dagger+1","Blade Dance+1","Adrenaline+1","Blade Dance+1","Phantasmal Killer+1","Cloak And Dagger+1","Accuracy+1"],"relics":["Ring of the Snake","Old Coin","Shuriken","Pantograph","Lantern","Matryoshka","Bag of Marbles","Blood Vial","Letter Opener","TungstenRod","Art of War","PreservedInsect","Bottled Flame","Toy Ornithopter","WristBlade","Oddly Smooth Stone","Vajra","Gremlin Horn","War Paint","Ninja Scroll","White Beast Statue","Frozen Egg 2","Empty Cage","Circlet","CeramicFish","Bottled Tornado","Potion Belt","Golden Idol","Busted Crown","Membership Card","Kunai","Coffee Dripper","Sling","Fusion Hammer","Mummified Hand","Tiny House","ClockworkSouvenir"],"acts_visited":["TheCity"],"potions_floor_usage":[],"damage_taken":[{"damage":0.0,"enemies":"Jaw Worm","floor":1.0,"turns":2.0},{"damage":0.0,"enemies":"Small Slimes","floor":3.0,"turns":3.0},{"damage":0.0,"enemies":"2 Louse","floor":5.0,"turns":2.0},{"damage":3.0,"enemies":"3 Sentries","floor":6.0,"turns":5.0},{"damage":0.0,"enemies":"Looter","floor":11.0,"turns":2.0},{"damage":0.0,"enemies":"3 Louse","floor":12.0,"turns":2.0},{"damage":18.0,"enemies":"Hexaghost","floor":16.0,"turns":4.0},{"damage":0.0,"enemies":"Shell Parasite","floor":18.0,"turns":2.0},{"damage":0.0,"enemies":"Spheric Guardian","floor":19.0,"turns":3.0},{"damage":0.0,"enemies":"Snake Plant","floor":22.0,"turns":2.0},{"damage":5.0,"enemies":"Slavers","floor":24.0,"turns":4.0},{"damage":0.0,"enemies":"3 Cultists","floor":25.0,"turns":3.0},{"damage":0.0,"enemies":"Snecko","floor":27.0,"turns":3.0},{"damage":0.0,"enemies":"Gremlin Leader","floor":31.0,"turns":2.0},{"damage":15.0,"enemies":"Collector","floor":33.0,"turns":4.0},{"damage":0.0,"enemies":"Orb Walker","floor":35.0,"turns":1.0},{"damage":0.0,"enemies":"3 Darklings","floor":36.0,"turns":2.0},{"damage":8.0,"enemies":"4 Shapes","floor":39.0,"turns":2.0},{"damage":0.0,"enemies":"Giant Head","floor":41.0,"turns":2.0},{"damage":0.0,"enemies":"Writhing Mass","floor":44.0,"turns":2.0},{"damage":0.0,"enemies":"Jaw Worm Horde","floor":45.0,"turns":2.0},{"damage":0.0,"enemies":"Reptomancer","floor":46.0,"turns":2.0},{"damage":0.0,"enemies":"3 Darklings","floor":48.0,"turns":1.0},{"damage":11.0,"enemies":"Time Eater","floor":50.0,"turns":2.0},{"damage":0.0,"enemies":"Cultist","floor":52.0,"turns":1.0},{"damage":0.0,"enemies":"Jaw Worm","floor":53.0,"turns":1.0},{"damage":0.0,"enemies":"2 Louse","floor":55.0,"turns":1.0},{"damage":0.0,"enemies":"Exordium Wildlife","floor":56.0,"turns":1.0},{"damage":0.0,"enemies":"Lagavulin","floor":57.0,"turns":1.0},{"damage":0.0,"enemies":"Gremlin Nob","floor":63.0,"turns":1.0},{"damage":0.0,"enemies":"Lots of Slimes","floor":65.0,"turns":1.0},{"damage":0.0,"enemies":"Slime Boss","floor":67.0,"turns":1.0},{"damage":0.0,"enemies":"2 Thieves","floor":69.0,"turns":1.0},{"damage":0.0,"enemies":"Spheric Guardian","floor":70.0,"turns":1.0},{"damage":0.0,"enemies":"Gremlin Leader","floor":74.0,"turns":1.0},{"damage":0.0,"enemies":"Cultist and Chosen","floor":76.0,"turns":1.0},{"damage":0.0,"enemies":"Slavers","floor":77.0,"turns":1.0},{"damage":0.0,"enemies":"Snecko","floor":82.0,"turns":1.0},{"damage":0.0,"enemies":"Champ","floor":84.0,"turns":2.0},{"damage":0.0,"enemies":"Orb Walker","floor":86.0,"turns":1.0},{"damage":0.0,"enemies":"3 Shapes","floor":88.0,"turns":1.0},{"damage":0.0,"enemies":"Spire Growth","floor":89.0,"turns":1.0},{"damage":0.0,"enemies":"3 Darklings","floor":93.0,"turns":1.0},{"damage":0.0,"enemies":"Nemesis","floor":94.0,"turns":1.0},{"damage":0.0,"enemies":"Time Eater","floor":96.0,"turns":3.0},{"damage":0.0,"enemies":"Small Slimes","floor":98.0,"turns":1.0},{"damage":0.0,"enemies":"Jaw Worm","floor":99.0,"turns":1.0},{"damage":0.0,"enemies":"2 Louse","floor":101.0,"turns":1.0},{"damage":0.0,"enemies":"Large Slime","floor":105.0,"turns":1.0},{"damage":0.0,"enemies":"3 Sentries","floor":106.0,"turns":1.0},{"damage":0.0,"enemies":"Gremlin Nob","floor":108.0,"turns":1.0},{"damage":0.0,"enemies":"Blue Slaver","floor":109.0,"turns":1.0},{"damage":0,"enemies":"The Guardian","floor":113,"turns":2},{"damage":0,"enemies":"Shell Parasite","floor":115,"turns":1},{"damage":0,"enemies":"2 Thieves","floor":116,"turns":1},{"damage":0,"enemies":"Snake Plant","floor":117,"turns":1},{"damage":0,"enemies":"Chosen and Byrds","floor":119,"turns":1}],"seed_played":"7302269992451854413","potions_obtained":[{"floor":3.0,"key":"SteroidPotion"},{"floor":5.0,"key":"Energy Potion"},{"floor":6.0,"key":"SneckoOil"},{"floor":11.0,"key":"AttackPotion"},{"floor":18.0,"key":"EntropicBrew"},{"floor":19.0,"key":"Weak Potion"},{"floor":24.0,"key":"EntropicBrew"},{"floor":39.0,"key":"FairyPotion"},{"floor":46.0,"key":"SkillPotion"},{"floor":63.0,"key":"FairyPotion"},{"floor":67.0,"key":"DuplicationPotion"},{"floor":70.0,"key":"SkillPotion"},{"floor":74.0,"key":"Poison Potion"},{"floor":77.0,"key":"SteroidPotion"},{"floor":86.0,"key":"AttackPotion"},{"floor":88.0,"key":"PowerPotion"},{"floor":96.0,"key":"DuplicationPotion"},{"floor":98.0,"key":"FairyPotion"},{"floor":101.0,"key":"Strength Potion"}],"is_trial":true,"path_per_floor":["M","$","M","?","M","E","?","R","T","R","M","M","$","?","R","B",null,"M","M","?","?","M","?","E","M","T","M","R","$","R","E","R","B",null,"M","M","?","$","M","R","E","R","T","M","M","E","$","M","R","B",null,"M","M","$","M","M","E","$","?","T","R","$","?","?","M","R","B",null,"M","M","?","?","$","E","$","M","E","R","$","?","$","M","R","B",null,"M","$","M","M","?","R","?","M","E","?","B",null,"M","M","$","M","?","R","$","M","E","?","E","M","$","?","R","B",null,"M","M","M","$","M"],"character_chosen":"THE_SILENT","items_purchased":["Shuriken","Bag of Marbles","Frozen Egg 2","Accuracy+1","MerchantsRug","Bottled Tornado","Membership Card","Kunai","Sling","Mummified Hand","ClockworkSouvenir"],"campfire_rested":5,"item_purchase_floors":[2,13,47,47,54,62,79,79,87,100,118],"current_hp_per_floor":[70,70,70,59,59,56,53,53,53,53,53,53,53,39,39,46,70,70,70,70,70,70,70,65,67,67,69,69,69,69,70,70,55,70,70,70,70,70,62,62,64,64,64,66,68,70,70,70,70,59,70,70,70,70,70,70,70,70,75,75,75,75,75,58,60,75,75,75,75,75,75,75,75,75,75,75,75,75,75,75,75,75,75,75,75,75,75,75,75,71,71,71,71,71,71,71,71,71,71,71,71,61,61,61,63,65,65,67,69,69,69,69,71,76,76,76,76,76,76,76],"gold":580,"neow_bonus":"","is_daily":false,"chose_seed":false,"campfire_upgraded":8,"win_rate":0.0,"timestamp":1611544069,"path_taken":["M","$","M","?","M","E","?","R","T","R","M","M","$","?","R","BOSS","M","M","?","?","M","?","E","M","T","?","R","$","R","E","R","BOSS","M","M","?","$","M","R","E","R","T","M","M","E","$","M","R","BOSS","M","?","$","M","M","E","$","?","T","R","$","?","?","M","R","BOSS","M","M","?","?","$","E","$","M","E","R","?","?","$","M","R","BOSS","M","$","M","M","?","R","?","?","E","?","BOSS","M","M","$","?","?","R","$","M","E","?","E","M","?","?","R","BOSS","M","M","M","$","M"],"items_purchased_type":["Relic","Relic","Relic","Card","Relic","Relic","Relic","Relic","Relic","Relic","Relic"],"build_version":"2020-12-22","purchased_purges":3,"victory":false,"max_hp_per_floor":[70,70,70,70,70,70,70,70,70,70,70,70,70,70,70,70,70,70,70,70,70,70,70,70,70,70,70,70,70,70,70,70,70,70,70,70,70,70,70,70,70,70,70,70,70,70,70,70,70,70,70,70,70,70,70,70,70,70,75,75,75,75,75,75,75,75,75,75,75,75,75,75,75,75,75,75,75,75,75,75,75,75,75,75,75,75,75,75,75,71,71,71,71,71,71,71,71,71,71,71,71,71,71,71,71,71,71,71,71,71,71,71,71,76,76,76,76,76,76,76],"card_choices":[{"not_picked":["Outmaneuver","Deflect","Dagger Throw"],"picked":"SKIP","floor":1.0},{"not_picked":["Catalyst","Blur","Noxious Fumes"],"picked":"SKIP","floor":3.0},{"not_picked":["Predator","Tactician","Bane"],"picked":"SKIP","floor":5.0},{"not_picked":["Blur","Deflect","Distraction"],"picked":"SKIP","floor":6.0},{"not_picked":["Poisoned Stab","Dagger Spray","Backflip"],"picked":"SKIP","floor":11.0},{"not_picked":["PiercingWail","Poisoned Stab","Endless Agony"],"picked":"SKIP","floor":12.0},{"not_picked":["Corpse Explosion","Doppelganger"],"picked":"Phantasmal Killer","floor":16.0},{"not_picked":["Sucker Punch","Outmaneuver","Dagger Spray+1"],"picked":"SKIP","floor":18.0},{"not_picked":["Dagger Spray","Deadly Poison","Slice"],"picked":"SKIP","floor":19.0},{"not_picked":["Underhanded Strike","Sucker Punch+1","Flying Knee"],"picked":"SKIP","floor":22.0},{"not_picked":["Poisoned Stab","Concentrate","PiercingWail"],"picked":"SKIP","floor":24.0},{"not_picked":["Footwork+1","Endless Agony+1","Terror+1"],"picked":"SKIP","floor":25.0},{"not_picked":["Dagger Spray","PiercingWail"],"picked":"Adrenaline","floor":27.0},{"not_picked":["Finisher","Calculated Gamble","Quick Slash"],"picked":"SKIP","floor":31.0},{"not_picked":["Deflect+1","Poisoned Stab"],"picked":"Blade Dance","floor":35.0},{"not_picked":["PiercingWail+1","Acrobatics+1","Flying Knee+1"],"picked":"SKIP","floor":36.0},{"not_picked":["Deadly Poison+1","Deflect","Acrobatics+1"],"picked":"SKIP","floor":39.0},{"not_picked":["Sucker Punch","Quick Slash+1"],"picked":"Cloak And Dagger+1","floor":41.0},{"not_picked":["Distraction+1","Infinite Blades","Prepared"],"picked":"SKIP","floor":44.0},{"not_picked":["Backflip+1","Well Laid Plans","Reflex"],"picked":"SKIP","floor":45.0},{"not_picked":["Envenom","Underhanded Strike","Caltrops"],"picked":"SKIP","floor":46.0},{"not_picked":["Dagger Spray","Blade Dance","Heel Hook"],"picked":"SKIP","floor":48.0},{"not_picked":["Distraction","Escape Plan","Prepared"],"picked":"SKIP","floor":52.0},{"not_picked":["Underhanded Strike","Expertise","Catalyst"],"picked":"SKIP","floor":53.0},{"not_picked":["Dagger Spray","Flechettes","All Out Attack"],"picked":"SKIP","floor":55.0},{"not_picked":["Dagger Throw","Slice","Dodge and Roll"],"picked":"SKIP","floor":56.0},{"not_picked":["Cloak And Dagger","A Thousand Cuts+1","Masterful Stab"],"picked":"SKIP","floor":57.0},{"not_picked":["Quick Slash","Backflip","Prepared"],"picked":"SKIP","floor":65.0},{"not_picked":["Quick Slash"],"picked":"SKIP","floor":69.0},{"not_picked":["Dagger Spray"],"picked":"SKIP","floor":70.0},{"not_picked":["Expertise"],"picked":"SKIP","floor":74.0},{"not_picked":["Well Laid Plans+1"],"picked":"SKIP","floor":76.0},{"not_picked":["Dash"],"picked":"SKIP","floor":77.0},{"not_picked":["Dagger Spray"],"picked":"SKIP","floor":82.0},{"not_picked":["Acrobatics"],"picked":"SKIP","floor":86.0},{"not_picked":["Sucker Punch+1"],"picked":"SKIP","floor":88.0},{"not_picked":["Dagger Throw"],"picked":"SKIP","floor":89.0},{"not_picked":["Quick Slash+1"],"picked":"SKIP","floor":93.0},{"not_picked":["Poisoned Stab"],"picked":"SKIP","floor":94.0},{"not_picked":["Dagger Spray"],"picked":"SKIP","floor":98.0},{"not_picked":["Sucker Punch"],"picked":"SKIP","floor":99.0},{"not_picked":["Skewer"],"picked":"SKIP","floor":101.0},{"not_picked":["Deflect"],"picked":"SKIP","floor":105.0},{"not_picked":["PiercingWail"],"picked":"SKIP","floor":106.0},{"not_picked":["Deadly Poison"],"picked":"SKIP","floor":108.0},{"not_picked":["Backflip"],"picked":"SKIP","floor":109.0},{"not_picked":["Dagger Throw+1"],"picked":"SKIP","floor":115},{"not_picked":["Backflip+1"],"picked":"SKIP","floor":116},{"not_picked":["Well Laid Plans+1"],"picked":"SKIP","floor":117},{"not_picked":["Caltrops+1"],"picked":"SKIP","floor":119}],"player_experience":409152,"relics_obtained":[{"floor":6.0,"key":"Pantograph"},{"floor":9.0,"key":"Matryoshka"},{"floor":24.0,"key":"Letter Opener"},{"floor":24.0,"key":"TungstenRod"},{"floor":26.0,"key":"Art of War"},{"floor":26.0,"key":"PreservedInsect"},{"floor":31.0,"key":"Bottled Flame"},{"floor":31.0,"key":"Toy Ornithopter"},{"floor":41.0,"key":"Oddly Smooth Stone"},{"floor":41.0,"key":"Vajra"},{"floor":43.0,"key":"Gremlin Horn"},{"floor":43.0,"key":"War Paint"},{"floor":46.0,"key":"Ninja Scroll"},{"floor":46.0,"key":"White Beast Statue"},{"floor":60.0,"key":"CeramicFish"},{"floor":63.0,"key":"Potion Belt"}],"event_choices":[{"damage_healed":0.0,"max_hp_gain":0.0,"max_hp_loss":0.0,"gold_gain":75.0,"event_name":"World of Goop","player_choice":"Gather Gold","floor":4.0,"gold_loss":0.0,"damage_taken":11.0},{"damage_healed":0.0,"max_hp_gain":0.0,"max_hp_loss":0.0,"gold_gain":0.0,"event_name":"Scrap Ooze","player_choice":"Success","floor":7.0,"gold_loss":0.0,"damage_taken":3.0,"relics_obtained":["Lantern"]},{"damage_healed":0.0,"max_hp_gain":0.0,"max_hp_loss":0.0,"gold_gain":0.0,"event_name":"Shining Light","player_choice":"Entered Light","floor":14.0,"gold_loss":0.0,"damage_taken":14.0,"cards_upgraded":["PiercingWail","Slice"]},{"cards_removed":["Quick Slash"],"damage_healed":0.0,"max_hp_gain":0.0,"max_hp_loss":0.0,"gold_gain":0.0,"event_name":"Beggar","player_choice":"Gave Gold","floor":20.0,"gold_loss":75.0,"damage_taken":0.0},{"damage_healed":0.0,"max_hp_gain":0.0,"max_hp_loss":0.0,"gold_gain":0.0,"event_name":"Addict","player_choice":"Obtained Relic","floor":21.0,"gold_loss":85.0,"damage_taken":0.0,"relics_obtained":["Blood Vial"]},{"damage_healed":0.0,"max_hp_gain":0.0,"max_hp_loss":0.0,"gold_gain":0.0,"event_name":"N\u0027loth","player_choice":"Ignored","floor":23.0,"gold_loss":0.0,"damage_taken":0.0},{"damage_healed":0.0,"max_hp_gain":0.0,"max_hp_loss":0.0,"gold_gain":0.0,"event_name":"Duplicator","player_choice":"Copied","floor":37.0,"gold_loss":0.0,"damage_taken":0.0,"cards_obtained":["Phantasmal Killer"]},{"damage_healed":0.0,"max_hp_gain":5.0,"max_hp_loss":0.0,"gold_gain":0.0,"event_name":"Big Fish","player_choice":"Donut","floor":59.0,"gold_loss":0.0,"damage_taken":0.0},{"damage_healed":0.0,"max_hp_gain":0.0,"max_hp_loss":0.0,"gold_gain":0.0,"event_name":"Dead Adventurer","player_choice":"Searched \u00271\u0027 times","floor":63.0,"gold_loss":0.0,"damage_taken":0.0},{"damage_healed":0.0,"max_hp_gain":0.0,"max_hp_loss":0.0,"gold_gain":0.0,"event_name":"Golden Idol","player_choice":"Take Damage","floor":64.0,"gold_loss":0.0,"damage_taken":18.0,"relics_obtained":["Golden Idol"]},{"damage_healed":0.0,"max_hp_gain":0.0,"max_hp_loss":0.0,"gold_gain":0.0,"event_name":"The Mausoleum","player_choice":"Opened","floor":71.0,"gold_loss":0.0,"damage_taken":0.0,"relics_obtained":["Gambling Chip"],"cards_obtained":["Writhe"]},{"damage_healed":0.0,"max_hp_gain":0.0,"max_hp_loss":0.0,"gold_gain":0.0,"event_name":"Ghosts","player_choice":"Ignored","floor":72.0,"gold_loss":0.0,"damage_taken":0.0},{"cards_removed":["Phantasmal Killer"],"damage_healed":0.0,"max_hp_gain":0.0,"max_hp_loss":0.0,"gold_gain":0.0,"event_name":"Beggar","player_choice":"Gave Gold","floor":80.0,"gold_loss":75.0,"damage_taken":0.0},{"damage_healed":0.0,"max_hp_gain":0.0,"max_hp_loss":4.0,"gold_gain":0.0,"event_name":"Winding Halls","player_choice":"Max HP","floor":90.0,"gold_loss":0.0,"damage_taken":0.0},{"damage_healed":0.0,"max_hp_gain":0.0,"max_hp_loss":0.0,"gold_gain":0.0,"event_name":"Upgrade Shrine","player_choice":"Ignored","floor":92.0,"gold_loss":0.0,"damage_taken":0.0},{"damage_healed":0.0,"max_hp_gain":0.0,"max_hp_loss":0.0,"gold_gain":0.0,"event_name":"SecretPortal","player_choice":"Took Portal","floor":95.0,"gold_loss":0.0,"damage_taken":0.0},{"damage_healed":0.0,"max_hp_gain":0.0,"max_hp_loss":0.0,"gold_gain":75.0,"event_name":"World of Goop","player_choice":"Gather Gold","floor":102.0,"gold_loss":0.0,"damage_taken":11.0},{"damage_healed":0.0,"max_hp_gain":0.0,"max_hp_loss":0.0,"gold_gain":0.0,"event_name":"Golden Wing","player_choice":"Ignored","floor":107.0,"gold_loss":0.0,"damage_taken":0.0},{"damage_healed":0.0,"max_hp_gain":0.0,"max_hp_loss":0.0,"gold_gain":0.0,"event_name":"The Cleric","player_choice":"Leave","floor":111.0,"gold_loss":0.0,"damage_taken":0.0}],"is_beta":false,"boss_relics":[{"not_picked":["SlaversCollar","HoveringKite"],"picked":"Black Star"},{"not_picked":["SacredBark","Sozu"],"picked":"WristBlade"},{"not_picked":["Fusion Hammer","Tiny House"],"picked":"Empty Cage"},{"not_picked":["Velvet Choker","Philosopher\u0027s Stone"],"picked":"Busted Crown"},{"not_picked":["Tiny House","Ring of the Serpent"],"picked":"Coffee Dripper"},{"not_picked":["Calling Bell","Runic Pyramid"],"picked":"Fusion Hammer"},{"not_picked":["Astrolabe","Snecko Eye"],"picked":"Tiny House"}],"items_purged_floors":[47,73,100],"is_endless":true,"potions_floor_spawned":[3,5,6,11,18,19,24,25,33,36,39,46,48,50,52,53,55,56,57,63,65,67,69,70,74,76,77,82,84,86,88,89,93,94,96,98,99,101,105,106,108,109,113,115,116,117,119],"killed_by":"Chosen and Byrds","ascension_level":0}}