{"host":"egwexuw5uvnxf11j","time":1611550890,"event":{"mods":["2.2 Compatiblity","Aspiration","BaseMod","Better Altar","Better Note","Better Sensory Stone","Better Third Choice","Displayed Cursed Tome","Downfall","Hermit","Key Reminder","Koishi","Marisa????????","Minty Spire (QoL Compilation)","Quick Restart","Shade Mod","Spicy Shops","StSLib","The Construct","The Cursed","The Hierophant","The Runesmith","The Senshi","The Servant 0.9.4","Transform Curses"],"gold_per_floor":[99,109,109,109,16,16,16,16],"floor_reached":6,"language":"ENG","playtime":294,"items_purged":[],"score":32,"play_id":"be27dd3a-c52e-414f-b131-cf6d7228288e","local_time":"20210125000130","is_ascension_mode":false,"campfire_choices":[{"data":"hexamod:HexaLevel","floor":1,"key":"SMITH"}],"circlet_count":0,"master_deck":["hexamod:Strike","hexamod:Strike","hexamod:Strike","hexamod:Strike","hexamod:Defend","hexamod:Defend","hexamod:Defend","hexamod:Defend","hexamod:Sear","hexamod:Float+1","Injury","hexamod:HexaLevel+1","hexamod:BurningTouch+1","Injury","Clumsy","hexamod:WildfireWeapon"],"relics":["hexamod:SpiritBrand","Toxic Egg 2","Orichalcum"],"acts_visited":["Exordium"],"potions_floor_usage":[],"damage_taken":[{"damage":3,"enemies":"Jaw Worm","floor":2,"turns":4},{"damage":0,"enemies":"downfall:FleeingMerchant","floor":5,"turns":4},{"damage":83,"enemies":"Gremlin Nob","floor":6,"turns":5}],"seed_played":"2478254075814160219","potions_obtained":[],"is_trial":false,"path_per_floor":["R","M","?","?","$","E"],"character_chosen":"THE_SPIRIT","items_purchased":["Orichalcum"],"campfire_rested":0,"item_purchase_floors":[5],"current_hp_per_floor":[70,67,67,67,67,0,0,0],"gold":16,"neow_bonus":"THREE_RARE_CARDS","is_daily":false,"chose_seed":false,"campfire_upgraded":1,"win_rate":0.0,"timestamp":1611550890,"path_taken":["R","M","?","?","$","E"],"items_purchased_type":["Relic"],"build_version":"2020-12-22","purchased_purges":0,"victory":false,"max_hp_per_floor":[70,70,70,70,70,70,70,70],"card_choices":[{"not_picked":["hexamod:FifthSeal","hexamod:SixthSeal"],"picked":"hexamod:HexaLevel","floor":0},{"not_picked":["hexamod:HauntingEcho","hexamod:RadiantFlame"],"picked":"hexamod:BurningTouch","floor":2},{"not_picked":["hexamod:GhostShield+1","hexamod:GhostOfSpirePast"],"picked":"hexamod:WildfireWeapon","floor":5}],"player_experience":2317821,"relics_obtained":[],"event_choices":[],"is_beta":false,"boss_relics":[],"items_purged_floors":[],"is_endless":false,"potions_floor_spawned":[],"killed_by":"Gremlin Nob","ascension_level":0}}