{"host":"0ukt4blzh5g8drbw","time":1611582643,"event":{"mods":["100% Spire Juice","ATMod(∞¢Ë™Mod)","AchievementEnabler","Act Like it!","Arknights The Spire","Aspiration","BaseMod","ChefMod","Dota2Spire","Downfall","Energized Spire","Gensokyo","GungeonMod","KinomotoSakuraMod(ƒæ÷Æ±æ”£)","Koishi","Luminous","Mari Mod (Legacy)","Mari\u0027s V1 Patch","Marisa£®ÏF”Í°°ƒß¿Ì…≥£©","Minty Spire (QoL Compilation)","Quick Restart","Reimu£®≤©¿ˆ¡È√Œ£©","Remilia£®¿Ÿ√◊¿Ú—«£©","Replay The Spire","Robot Space Explorer","StSLib","The Alterego","The Bug Knight","The Construct","The Marked","The Runesmith","The Servant 0.9.4","WarShipGirlsR/’ΩΩ¢…Ÿ≈ÆR mod","Yakumo Yukari mod","Youmu£®ªÍ∆«—˝√Œ£©","Yuyuko","[IsaacMod]“‘»ˆº‚À˛","°æ“≈ŒÔø®≈∆°øREMEMod"],"gold_per_floor":[110,110,110,129,148,238,256,283,283,283,295,295,313,341,341,442,442,455,455,472,489,489,522,522,522,522],"floor_reached":25,"language":"ZHS","playtime":1449,"items_purged":["theMarked:SoldierOfQuellstein"],"score":258,"play_id":"dc232570-3f69-4c36-be12-b526483a2c0e","local_time":"20210125215043","is_ascension_mode":false,"campfire_choices":[{"data":"theMarked:MysticalArsenal","floor":10.0,"key":"SMITH"},{"data":"theMarked:Generate","floor":15.0,"key":"SMITH"}],"circlet_count":0,"master_deck":["theMarked:Strike","theMarked:Strike","theMarked:Strike","theMarked:Strike","theMarked:Strike","theMarked:Defend","theMarked:Defend","theMarked:Defend","theMarked:Defend","theMarked:Overcharge","theMarked:Strike","theMarked:Toughness","theMarked:BanishingStrike+1","theMarked:RepellingDischarge","theMarked:MysticalArsenal+1","theMarked:BanishingStrike+1","theMarked:Frustration","theMarked:Generate+1","theMarked:UnarmedFury","theMarked:BanishingWave+1","theMarked:Aftermath+1","theMarked:Vacuum","Impatience","theMarked:Frustration","theMarked:BanishingStrike+1"],"relics":["theMarked:ArtifactOfAir","AT_ATBox","HushsDoor","REME_ComplimentaryCards","YumHeart","NeowsBlessing","aspiration:BabyByrd","DemoMod:Metronome","GuppysPaw","Replay:Bottled Eggs","DoctorsRemote","aspiration:FutureDiary","DemoMod:GlassGuonStoneRelic","Art of War"],"acts_visited":["Exordium","TheCity"],"potions_floor_usage":[23,23,23,25],"damage_taken":[{"damage":0.0,"enemies":"Cultist","floor":1.0,"turns":1.0},{"damage":0.0,"enemies":"Jaw Worm","floor":4.0,"turns":1.0},{"damage":0.0,"enemies":"2 Louse","floor":5.0,"turns":1.0},{"damage":0.0,"enemies":"Large Slime","floor":7.0,"turns":4.0},{"damage":1.0,"enemies":"HollowMod:MossKnight","floor":8.0,"turns":9.0},{"damage":9.0,"enemies":"Lots of Slimes","floor":11.0,"turns":4.0},{"damage":2.0,"enemies":"3 Louse","floor":13.0,"turns":3.0},{"damage":21.0,"enemies":"3 Sentries","floor":14.0,"turns":7.0},{"damage":35.0,"enemies":"Slime Boss","floor":16.0,"turns":12.0},{"damage":13.0,"enemies":"Spheric Guardian","floor":18.0,"turns":5.0},{"damage":4.0,"enemies":"3 Byrds","floor":20.0,"turns":4.0},{"damage":33.0,"enemies":"Shelled Parasite and Fungi","floor":21.0,"turns":3.0},{"damage":0,"enemies":"REME_1_Revenger","floor":23,"turns":2},{"damage":17,"enemies":"Book of Stabbing","floor":25,"turns":2}],"seed_played":"8340745906059820029","potions_obtained":[{"floor":1.0,"key":"REME_GoldPotion"},{"floor":4.0,"key":"Venom Potion"},{"floor":5.0,"key":"Venom Potion"},{"floor":14.0,"key":"Adrenaline Potion"},{"floor":16.0,"key":"Adrenaline Potion"},{"floor":20.0,"key":"GamblersBrew"},{"floor":23,"key":"REME_GoldPotion"}],"is_trial":false,"path_per_floor":["M","?","?","M","M","?","M","E","T","R","M","?","M","E","R","B",null,"M","?","M","M","?","E","R","E"],"character_chosen":"THE_DEFAULT","items_purchased":[],"campfire_rested":0,"item_purchase_floors":[],"current_hp_per_floor":[70,70,70,70,70,53,53,52,52,52,68,65,63,42,42,7,65,52,52,48,15,15,15,15,0,0],"gold":522,"neow_bonus":"THREE_ENEMY_KILL","is_daily":false,"chose_seed":false,"campfire_upgraded":2,"win_rate":0.0,"timestamp":1611582643,"path_taken":["M","?","?","M","?","?","?","E","T","R","M","?","M","E","R","BOSS","M","?","M","M","?","E","R","E"],"items_purchased_type":[],"build_version":"2020-12-22","purchased_purges":1,"victory":false,"max_hp_per_floor":[70,70,70,70,70,70,70,70,70,70,70,70,70,70,70,70,65,65,65,65,65,65,65,65,65,65],"card_choices":[{"not_picked":["theMarked:ChainLightning","theMarked:Electrify"],"picked":"theMarked:Overcharge","floor":1.0},{"not_picked":["theMarked:BanishingStrike","theMarked:ResourceFulStrike"],"picked":"theMarked:Toughness","floor":4.0},{"not_picked":["theMarked:Pokerface","theMarked:WardOff"],"picked":"theMarked:BanishingStrike","floor":5.0},{"not_picked":["theMarked:Aftermath","theMarked:SwordAndMagic"],"picked":"theMarked:RepellingDischarge","floor":6.0},{"not_picked":["theMarked:ChainLightning","theMarked:BanishingStrike"],"picked":"theMarked:MysticalArsenal","floor":6.0},{"not_picked":["theMarked:Memento","theMarked:MuscleMemory","theMarked:SwordAndMagic"],"picked":"SKIP","floor":7.0},{"not_picked":["theMarked:ShockingTouch","theMarked:Parkour","theMarked:Improvise"],"picked":"SKIP","floor":8.0},{"not_picked":["theMarked:SwordAndMagic","theMarked:Static"],"picked":"theMarked:BanishingStrike","floor":11.0},{"not_picked":["theMarked:Aftermath","theMarked:Pokerface"],"picked":"theMarked:Frustration","floor":13.0},{"not_picked":["theMarked:Aftermath","theMarked:Standoff"],"picked":"theMarked:Generate","floor":14.0},{"not_picked":["theMarked:Levitate","theMarked:TakeOffHeels"],"picked":"theMarked:UnarmedFury","floor":16.0},{"not_picked":["theMarked:BanishingStrike","theMarked:ShockingTouch+1"],"picked":"theMarked:BanishingWave+1","floor":18.0},{"not_picked":["theMarked:WastefulAttack","theMarked:ElectricStrings"],"picked":"theMarked:Aftermath+1","floor":20.0},{"not_picked":["theMarked:WastefulAttack","theMarked:TakeCover","theMarked:Vacuum"],"picked":"SKIP","floor":21.0},{"not_picked":["theMarked:WastefulAttack","theMarked:TakeCover"],"picked":"theMarked:Vacuum","floor":21.0},{"not_picked":["theMarked:Aftermath+1","theMarked:KeepCalmAndFight"],"picked":"theMarked:BanishingStrike+1","floor":23}],"player_experience":131316,"relics_obtained":[{"floor":8.0,"key":"DemoMod:Metronome"},{"floor":9.0,"key":"GuppysPaw"},{"floor":14.0,"key":"DoctorsRemote"},{"floor":23,"key":"Art of War"}],"event_choices":[{"damage_healed":0.0,"max_hp_gain":0.0,"max_hp_loss":0.0,"gold_gain":0.0,"event_name":"Scrap Ooze","player_choice":"Success","floor":12.0,"gold_loss":0.0,"damage_taken":3.0,"relics_obtained":["Replay:Bottled Eggs"]},{"damage_healed":0.0,"max_hp_gain":0.0,"max_hp_loss":0.0,"gold_gain":0.0,"event_name":"Match and Keep!","player_choice":"2 cards matched","floor":22.0,"gold_loss":0.0,"damage_taken":0.0,"cards_obtained":["Impatience","theMarked:Frustration"]}],"is_beta":false,"boss_relics":[{"not_picked":["DemoMod:WaxWing","aspiration:SecretTechniqueScroll"],"picked":"aspiration:FutureDiary"},{"not_picked":[]}],"items_purged_floors":[17],"is_endless":false,"potions_floor_spawned":[1,4,5,14,16,20,23],"killed_by":"Book of Stabbing","ascension_level":0}}