{"host":"p62uqwu04pp7leh9","time":1611576261,"event":{"mods":["BaseMod","Block Reminder","Colored Map","Colored Powertips","Minty Spire (QoL Compilation)","Relic Stats"],"gold_per_floor":[13,28,42,56,66,100,100,375,428,30,105,105,105,121,121,217,217,235,135,152,171,171,200,200,215,215,225,225,225,240,265,265,370,370,388,405,405,425,425,425,425],"floor_reached":40,"language":"ENG","playtime":2525,"items_purged":["Regret","Strike_R"],"score":476,"play_id":"9b714837-fe9c-4d23-8267-a6fcc0a91abc","local_time":"20210125060421","is_ascension_mode":true,"campfire_choices":[{"data":"Armaments","floor":7,"key":"SMITH"},{"floor":13,"key":"REST"},{"floor":15,"key":"REST"},{"data":"Juggernaut","floor":24,"key":"SMITH"},{"floor":32,"key":"REST"}],"circlet_count":0,"master_deck":["Defend_R+1","Bash","Juggernaut+1","Armaments+1","Body Slam","Barricade","Bludgeon","Chrysalis","Double Tap","Armaments+1","Bite","Bite","Bite","Bite","Bite","Demon Form","Fiend Fire+1","Infernal Blade+1","Disarm+1"],"relics":["Burning Blood","Anchor","Regal Pillow","Tiny Chest","Mercury Hourglass","Snecko Eye","Mummified Hand","Bag of Preparation","Singing Bowl","Bag of Marbles","Astrolabe"],"acts_visited":["Exordium","TheCity","TheBeyond"],"potions_floor_usage":[5,6,16,33,38,40,40],"damage_taken":[{"damage":1,"enemies":"Cultist","floor":1,"turns":4},{"damage":1,"enemies":"2 Louse","floor":2,"turns":3},{"damage":0,"enemies":"Small Slimes","floor":3,"turns":4},{"damage":26,"enemies":"3 Louse","floor":4,"turns":5},{"damage":29,"enemies":"Exordium Thugs","floor":5,"turns":6},{"damage":37,"enemies":"Gremlin Nob","floor":6,"turns":5},{"damage":10,"enemies":"2 Fungi Beasts","floor":14,"turns":4},{"damage":33,"enemies":"Hexaghost","floor":16,"turns":11},{"damage":25,"enemies":"Spheric Guardian","floor":18,"turns":4},{"damage":0,"enemies":"2 Thieves","floor":20,"turns":4},{"damage":0,"enemies":"Snecko","floor":21,"turns":3},{"damage":7,"enemies":"Gremlin Leader","floor":23,"turns":5},{"damage":0,"enemies":"Cultist and Chosen","floor":25,"turns":4},{"damage":0,"enemies":"Sentry and Sphere","floor":27,"turns":2},{"damage":20,"enemies":"Snecko","floor":30,"turns":4},{"damage":46,"enemies":"Champ","floor":33,"turns":8},{"damage":1,"enemies":"3 Shapes","floor":35,"turns":2},{"damage":0,"enemies":"3 Darklings","floor":36,"turns":3},{"damage":3,"enemies":"Sphere and 2 Shapes","floor":38,"turns":4},{"damage":97,"enemies":"Nemesis","floor":40,"turns":7}],"seed_played":"-893807729720533794","potions_obtained":[{"floor":3,"key":"GamblersBrew"},{"floor":4,"key":"Regen Potion"},{"floor":5,"key":"LiquidBronze"},{"floor":14,"key":"Weak Potion"},{"floor":16,"key":"FearPotion"},{"floor":21,"key":"EssenceOfSteel"},{"floor":25,"key":"ElixirPotion"},{"floor":36,"key":"Explosive Potion"}],"is_trial":false,"path_per_floor":["M","M","M","M","M","E","R","?","T","$","?","?","R","M","R","B",null,"M","$","M","M","T","E","R","M","T","M","?","?","M","T","R","B",null,"M","M","?","M","?","E"],"character_chosen":"IRONCLAD","items_purchased":["Tiny Chest","Chrysalis"],"campfire_rested":3,"item_purchase_floors":[10,10],"current_hp_per_floor":[80,80,80,60,51,20,20,20,20,20,9,9,48,44,80,53,80,61,61,67,73,73,72,72,78,78,82,57,57,49,49,59,31,59,61,63,59,70,70,0,0],"gold":425,"neow_bonus":"THREE_RARE_CARDS","is_daily":false,"chose_seed":false,"campfire_upgraded":2,"win_rate":0.0,"timestamp":1611576261,"path_taken":["M","M","M","M","M","E","R","?","T","?","?","?","R","?","R","BOSS","M","$","M","M","?","E","R","?","T","M","?","?","M","?","R","BOSS","M","M","?","M","?","E"],"items_purchased_type":["Relic","Card"],"build_version":"2020-12-22","purchased_purges":2,"victory":false,"max_hp_per_floor":[80,80,80,80,80,80,80,80,80,80,80,80,80,80,80,80,80,80,80,80,80,80,80,80,80,80,82,57,57,59,59,59,59,59,61,63,69,71,71,71,71],"relic_stats":{"Regal Pillow":27,"Singing Bowl":16,"counters":[20,91],"Mummified Hand":[32],"Astrolabe":["Fiend Fire","Infernal Blade","Disarm"],"Snecko Eye":[81,107,78,88],"Tiny Chest":2,"Bag of Preparation":[16],"obtain_stats":[{"Anchor":6,"Regal Pillow":9,"Singing Bowl":26,"Mummified Hand":22,"Astrolabe":34,"Snecko Eye":17,"Tiny Chest":10,"Bag of Preparation":23,"Bag of Marbles":31,"Burning Blood":0,"Mercury Hourglass":12},{"Anchor":6,"Regal Pillow":6,"Singing Bowl":13,"Mummified Hand":11,"Astrolabe":16,"Snecko Eye":8,"Tiny Chest":6,"Bag of Preparation":12,"Bag of Marbles":15,"Burning Blood":0,"Mercury Hourglass":6},{"Anchor":27,"Regal Pillow":27,"Singing Bowl":61,"Mummified Hand":52,"Astrolabe":75,"Snecko Eye":42,"Tiny Chest":27,"Bag of Preparation":57,"Bag of Marbles":67,"Burning Blood":0,"Mercury Hourglass":27}],"Burning Blood":82,"Mercury Hourglass":[211]},"card_choices":[{"not_picked":["Immolate","Bludgeon"],"picked":"Juggernaut","floor":0},{"not_picked":["Pommel Strike","Flame Barrier"],"picked":"Armaments","floor":1},{"not_picked":["Sever Soul","Rampage"],"picked":"Body Slam","floor":2},{"not_picked":["Perfected Strike","Intimidate"],"picked":"Barricade","floor":3},{"not_picked":["Warcry","Blood for Blood","Cleave"],"picked":"SKIP","floor":4},{"not_picked":["Flex","Clash","Anger"],"picked":"SKIP","floor":5},{"not_picked":["Havoc","Clash"],"picked":"Bludgeon","floor":6},{"not_picked":["Clash","Sword Boomerang","Anger"],"picked":"SKIP","floor":14},{"not_picked":["Corruption","Exhume"],"picked":"Double Tap","floor":16},{"not_picked":["Body Slam","Dark Embrace","Armaments"],"picked":"SKIP","floor":18},{"not_picked":["Blood for Blood","Armaments","Anger"],"picked":"SKIP","floor":20},{"not_picked":["Ghostly Armor+1","Whirlwind","Twin Strike"],"picked":"SKIP","floor":21},{"not_picked":["Clash","Battle Trance+1"],"picked":"Armaments+1","floor":23},{"not_picked":["Heavy Blade+1","Perfected Strike","Blood for Blood"],"picked":"SKIP","floor":25},{"not_picked":["Headbutt+1","Sentinel","Sever Soul"],"picked":"Singing Bowl","floor":27},{"not_picked":["Thunderclap","Dark Embrace","Rampage+1"],"picked":"Singing Bowl","floor":30},{"not_picked":["Bludgeon","Juggernaut"],"picked":"Demon Form","floor":33},{"not_picked":["Spot Weakness+1","Armaments+1","Warcry"],"picked":"Singing Bowl","floor":35},{"not_picked":["Hemokinesis+1","Clash","Pommel Strike"],"picked":"Singing Bowl","floor":36},{"not_picked":["Panacea","Trip","Good Instincts"],"picked":"Singing Bowl","floor":37},{"not_picked":["Trip","Madness","Bandage Up"],"picked":"Singing Bowl","floor":37},{"not_picked":["PanicButton","Secret Weapon","Impatience"],"picked":"Singing Bowl","floor":37},{"not_picked":["Burning Pact","Ghostly Armor","Iron Wave"],"picked":"Singing Bowl","floor":38}],"player_experience":333305,"relics_obtained":[{"floor":6,"key":"Anchor"},{"floor":9,"key":"Regal Pillow"},{"floor":22,"key":"Mummified Hand"},{"floor":23,"key":"Bag of Preparation"},{"floor":26,"key":"Singing Bowl"},{"floor":31,"key":"Bag of Marbles"}],"event_choices":[{"damage_healed":0,"gold_gain":275,"player_choice":"Desecrate","damage_taken":0,"max_hp_gain":0,"max_hp_loss":0,"event_name":"Golden Shrine","floor":8,"gold_loss":0,"cards_obtained":["Regret"]},{"damage_healed":0,"gold_gain":75,"player_choice":"Gather Gold","damage_taken":11,"max_hp_gain":0,"max_hp_loss":0,"event_name":"World of Goop","floor":11,"gold_loss":0},{"damage_healed":0,"gold_gain":0,"player_choice":"Gave Potion","damage_taken":0,"relics_obtained":["Mercury Hourglass"],"max_hp_gain":0,"max_hp_loss":0,"event_name":"WeMeetAgain","floor":12,"gold_loss":0},{"damage_healed":0,"gold_gain":0,"player_choice":"Became a vampire","damage_taken":0,"max_hp_gain":0,"max_hp_loss":25,"event_name":"Vampires","floor":28,"gold_loss":0,"cards_obtained":["Bite","Bite","Bite","Bite","Bite"]},{"damage_healed":0,"gold_gain":0,"player_choice":"Simplicity","damage_taken":0,"max_hp_gain":0,"max_hp_loss":0,"event_name":"Back to Basics","floor":29,"gold_loss":0,"cards_upgraded":["Defend_R","Defend_R","Defend_R","Defend_R"]},{"damage_healed":0,"gold_gain":0,"player_choice":"Memory 3","damage_taken":10,"max_hp_gain":0,"max_hp_loss":0,"event_name":"SensoryStone","floor":37,"gold_loss":0},{"damage_healed":0,"gold_gain":0,"player_choice":"0 cards matched","damage_taken":0,"max_hp_gain":0,"max_hp_loss":0,"event_name":"Match and Keep!","floor":39,"gold_loss":0,"cards_obtained":[]}],"is_beta":false,"boss_relics":[{"not_picked":["Runic Dome","Coffee Dripper"],"picked":"Snecko Eye"},{"not_picked":["Empty Cage","SacredBark"],"picked":"Astrolabe"}],"items_purged_floors":[10,19],"is_endless":false,"potions_floor_spawned":[3,4,5,14,16,21,25,30,36],"killed_by":"Nemesis","ascension_level":2}}