{"host":"ndqo0ze3xqwwg5zo","time":1611542742,"event":{"mods":["BaseMod","Colored Powertips","Downfall","Hermit","Minty Spire (QoL Compilation)","StSLib","The Cursed","The Disciple","The Hierophant","The Necromancer","The Servant 0.9.4"],"gold_per_floor":[110,110,110,153,188,188,202,242,315,315,337,147,147,213,213,199,199],"floor_reached":16,"language":"ENG","playtime":1481,"items_purged":[],"score":94,"play_id":"ddfec3e3-0ae0-42a0-b12a-01a50c9f7c6b","local_time":"20210124204542","is_ascension_mode":false,"campfire_choices":[{"data":"hierophant:Punish","floor":6,"key":"SMITH"},{"data":"hierophant:Encroach","floor":10,"key":"SMITH"},{"data":"HandOfGreed","floor":13,"key":"SMITH"},{"data":"hierophant:ChurchCoffers","floor":15,"key":"SMITH"}],"circlet_count":0,"master_deck":["hierophant:Strike_Hierophant","hierophant:Strike_Hierophant","hierophant:Strike_Hierophant","hierophant:Strike_Hierophant","hierophant:Punish+1","hierophant:Defend_Hierophant","hierophant:Defend_Hierophant","hierophant:Defend_Hierophant","hierophant:Defend_Hierophant","hierophant:ChurchCoffers+1","hierophant:RustyCrate","hierophant:Doubloon","hierophant:Doubloon","hierophant:Shelter","hierophant:PassingBell","hierophant:Encroach+1","hierophant:SealAway","HandOfGreed+1","hierophant:HolyVerse+1"],"relics":["hierophant:PropheticMaskRelic","Toxic Egg 2"],"acts_visited":["Exordium"],"potions_floor_usage":[],"damage_taken":[{"damage":0,"enemies":"Small Slimes","floor":1,"turns":4},{"damage":5,"enemies":"Cultist","floor":4,"turns":4},{"damage":0,"enemies":"2 Louse","floor":5,"turns":3},{"damage":13,"enemies":"Exordium Thugs","floor":7,"turns":6},{"damage":0,"enemies":"3 Louse","floor":8,"turns":2},{"damage":5,"enemies":"Exordium Wildlife","floor":11,"turns":8},{"damage":9,"enemies":"2 Fungi Beasts","floor":14,"turns":2},{"damage":19,"enemies":"Hexaghost","floor":16,"turns":7}],"seed_played":"562378811007756290","potions_obtained":[{"floor":4,"key":"hexamod:SoulburnPotion"},{"floor":5,"key":"Swift Potion"}],"is_trial":false,"path_per_floor":["M","$","?","M","M","R","M","M","T","R","M","$","R","M","R","B"],"character_chosen":"HIEROPHANT","items_purchased":["HandOfGreed"],"campfire_rested":0,"item_purchase_floors":[12],"current_hp_per_floor":[82,82,82,77,77,77,64,64,64,64,59,59,59,50,50,31,31],"gold":199,"neow_bonus":"TEN_PERCENT_HP_BONUS","is_daily":false,"chose_seed":false,"campfire_upgraded":4,"win_rate":0.0,"timestamp":1611542742,"path_taken":["M","$","?","M","?","R","M","M","T","R","M","?","R","M","R","BOSS"],"items_purchased_type":["Card"],"build_version":"2020-12-22","purchased_purges":0,"victory":false,"max_hp_per_floor":[82,82,82,82,82,82,82,82,82,82,82,82,82,82,82,82,82],"card_choices":[{"not_picked":["hierophant:FlamingChariot","hierophant:MorningPrayer"],"picked":"hierophant:RustyCrate","floor":1},{"not_picked":["hierophant:DisplayOfPower","hierophant:FlamingChariot"],"picked":"hierophant:Shelter","floor":4},{"not_picked":["hierophant:RepressedViolence","hierophant:Rebuild"],"picked":"hierophant:PassingBell","floor":5},{"not_picked":["hierophant:Dazzle","hierophant:Embezzle"],"picked":"hierophant:Encroach","floor":7},{"not_picked":["hierophant:DivineIntervention","hierophant:Patience","hierophant:SolarFlare"],"picked":"SKIP","floor":8},{"not_picked":["hierophant:Rebuild+1","hierophant:Sermon+1"],"picked":"hierophant:SealAway","floor":11},{"not_picked":["hierophant:Patience+1","hierophant:SealAway"],"picked":"hierophant:HolyVerse+1","floor":14}],"player_experience":7693,"relics_obtained":[{"floor":9,"key":"Toxic Egg 2"}],"event_choices":[{"damage_healed":0,"gold_gain":0,"player_choice":"Bought 0 Potions","damage_taken":0,"max_hp_gain":0,"max_hp_loss":0,"event_name":"The Woman in Blue","floor":3,"gold_loss":0}],"is_beta":false,"boss_relics":[],"items_purged_floors":[],"is_endless":false,"potions_floor_spawned":[4,5],"killed_by":"Hexaghost","ascension_level":0}}