{"host":"q1ejl7hv5l3527la","time":1611562999,"event":{"mods":["Aspiration","BaseMod","Better Altar","Better Third Choice","Colored Powertips","Downfall","Energized Spire","Evolution","Highlight Path","Infinite Spire","Jorbs\u0027s Wanderer Trilogy","Minty Spire (QoL Compilation)","Replay The Spire","Shop Mod","StSLib","The Hierophant","The Juggle"],"gold_per_floor":[117,133,144,144,244,244,264,264,289,301,301,330,330,330,330,429,429,440,355,366,366,380,380,410,410,436,463,179,35,35,50,50,153,153,164,164,89,139,164,208,208,255,307,337,369,305,305,362,362,394,394],"floor_reached":50,"language":"ENG","playtime":3789,"items_purged":["CommonCold"],"score":818,"play_id":"46a0109f-6d27-491e-a071-473ff2a657aa","local_time":"20210125022319","is_ascension_mode":true,"campfire_choices":[{"floor":6,"key":"DIG"},{"floor":8,"key":"DIG"},{"floor":13,"key":"DIG"},{"floor":15,"key":"REST"},{"floor":23,"key":"REST"},{"floor":25,"key":"REST"},{"floor":32,"key":"REST"},{"floor":41,"key":"REST"},{"floor":47,"key":"REST"},{"floor":49,"key":"REST"}],"circlet_count":0,"master_deck":["Rebound","Rebound","Rebound","Rebound","Leap+1","Leap","Leap","Leap","Zap","Dualcast","Conserve Battery","Gash","Gash","Beam Cell","Gash","Lockon","Conserve Battery+1","ReplayTheSpireMod:Omega Cannon","Conserve Battery","FTL+1","ReplayTheSpireMod:Reroute Power","Conserve Battery","ReplayGash+1","Mind Blast","Ball Lightning","Rebound","ReplayTheSpireMod:Calculation Training","Electrodynamics","Gash+1","Panic Button","Stack","Beam Cell+1","Streamline+1","Stack+1","Gash","Gash","Scrape","Bandage Up","ReplayTheSpireMod:Reroute Power+1","Electrodynamics","Coolheaded"],"relics":["Cracked Core","EVO:Axolotl","Shovel","infinitespire:EmpoweringShard","infinitespire:Bottled Soul","infinitespire:PuzzleCube","Vajra","WingedGreaves","HornCleat","Garlic","Black Star","Pen Nib","Replay:Antivirus Software","Lantern","aspiration:EnhancedActuators","Gremlin Food","Tiny Chest","Sundial","Anchor","Dream Catcher","Sozu","ReplayTheSpireMod:Ring of Collecting","Pondfish Scales","ReplayTheSpireMod:Ring of Exchange","Replay:Bandana","Omamori","Bronze Scales","infinitespire:Midas Blood","Replay:Baseball","ReplayTheSpireMod:Ring of Challenge","infinitespire:Lucky Rock","ReplayTheSpireMod:CursedCoin","Blood Vial","aspiration:Lifesprig"],"acts_visited":["Exordium","TheCity","TheBeyond"],"potions_floor_usage":[16,27,31,33,33],"damage_taken":[{"damage":0,"enemies":"2 Louse","floor":1,"turns":3},{"damage":0,"enemies":"Cultist","floor":2,"turns":3},{"damage":2,"enemies":"Jaw Worm","floor":3,"turns":2},{"damage":3,"enemies":"Blue Slaver","floor":7,"turns":3},{"damage":0,"enemies":"Looter","floor":10,"turns":2},{"damage":11,"enemies":"Lagavulin","floor":12,"turns":4},{"damage":9,"enemies":"Fading Forest","floor":16,"turns":11},{"damage":1,"enemies":"Shell Parasite","floor":18,"turns":4},{"damage":7,"enemies":"2 Thieves","floor":20,"turns":2},{"damage":12,"enemies":"Snake Plant","floor":22,"turns":3},{"damage":25,"enemies":"Gremlin Leader","floor":24,"turns":6},{"damage":14,"enemies":"Slavers","floor":27,"turns":2},{"damage":0,"enemies":"3 Cultists","floor":31,"turns":3},{"damage":4,"enemies":"Automaton","floor":33,"turns":6},{"damage":0,"enemies":"Orb Walker","floor":35,"turns":2},{"damage":14,"enemies":"Mind Bloom Boss Battle","floor":38,"turns":5},{"damage":5,"enemies":"R_Hoarder","floor":40,"turns":7},{"damage":12,"enemies":"Nemesis","floor":42,"turns":5},{"damage":0,"enemies":"3 Darklings","floor":44,"turns":2},{"damage":0,"enemies":"Sphere and 2 Shapes","floor":45,"turns":3},{"damage":19,"enemies":"Giant Head","floor":48,"turns":6},{"damage":89,"enemies":"Replay:Hell Engine","floor":50,"turns":9}],"seed_played":"6756920184028499529","potions_obtained":[{"floor":1,"key":"ColorlessPotion"},{"floor":2,"key":"ColorlessPotion"},{"floor":20,"key":"hexamod:SoulburnPotion"},{"floor":22,"key":"Ancient Potion"},{"floor":31,"key":"DistilledChaos"}],"is_trial":false,"path_per_floor":["M","M","M","?","?","R","M","R","T","M","?","E","R","T","R","B",null,"M","?","M","?","M","R","E","R","T","E","$","$","?","M","R","B",null,"M","?","$","?","T","E","R","E","T","M","M","$","R","E","R","B"],"character_chosen":"DEFECT","items_purchased":["Anchor","Mind Blast","Ball Lightning","Dream Catcher","ReplayTheSpireMod:CursedCoin","Gash","Scrape","Bandage Up"],"campfire_rested":7,"item_purchase_floors":[28,28,28,29,46,46,46,46],"current_hp_per_floor":[75,75,73,73,73,73,70,70,70,70,58,47,47,47,69,73,75,74,74,67,67,55,75,50,72,72,58,58,58,58,58,75,71,75,75,75,75,61,61,63,75,63,63,63,63,63,75,56,75,0,0],"gold":394,"neow_bonus":"THREE_CARDS","is_daily":false,"chose_seed":false,"campfire_upgraded":0,"win_rate":0.0,"timestamp":1611562999,"path_taken":["M","M","M","?","?","R","?","R","T","M","?","E","R","?","R","BOSS","M","?","M","?","?","R","E","R","T","E","$","$","?","M","R","BOSS","M","?","$","?","?","E","R","E","T","M","?","?","R","E","R","BOSS"],"items_purchased_type":["Relic","Card","Card","Relic","Relic","Card","Card","Card"],"build_version":"2020-12-22","purchased_purges":1,"victory":false,"max_hp_per_floor":[75,75,75,75,75,75,75,75,75,75,75,75,75,75,75,75,75,75,75,75,75,75,75,75,75,75,75,75,75,75,75,75,75,75,75,75,75,75,75,75,75,75,75,75,75,75,75,75,75,75,75],"card_choices":[{"not_picked":["Compile Driver","Cold Snap"],"picked":"Conserve Battery","floor":0},{"not_picked":["Beam Cell","Sunder"],"picked":"Gash","floor":1},{"not_picked":["Consume","Panic Button"],"picked":"Gash","floor":2},{"not_picked":["Barrage","ReplayTheSpireMod:GoodbyeWorld"],"picked":"Beam Cell","floor":3},{"not_picked":["Streamline","Leap"],"picked":"Gash","floor":7},{"not_picked":["Self Repair","Crystallizer"],"picked":"Lockon","floor":10},{"not_picked":["Darkness","Coolheaded"],"picked":"Conserve Battery","floor":12},{"not_picked":["Rainbow","Amplify"],"picked":"ReplayTheSpireMod:Omega Cannon","floor":16},{"not_picked":["BasicCrystalCard","Cold Snap+1"],"picked":"Conserve Battery","floor":18},{"not_picked":["Stack","Loop"],"picked":"FTL","floor":20},{"not_picked":["Hologram","Darkness"],"picked":"ReplayTheSpireMod:Reroute Power","floor":22},{"not_picked":["Chill","Rebound"],"picked":"Conserve Battery","floor":24},{"not_picked":["Fission","Beam Cell"],"picked":"ReplayGash","floor":27},{"not_picked":["Turbo","Heatsinks"],"picked":"Rebound","floor":31},{"not_picked":["ReplaySort","Steam"],"picked":"ReplayTheSpireMod:Calculation Training","floor":32},{"not_picked":["ReplayRNGCard","ReplayTheSpireMod:Omega Cannon"],"picked":"Electrodynamics","floor":33},{"not_picked":["Fusion+1","Panic Button"],"picked":"Gash+1","floor":35},{"not_picked":["Chaos","Storm+1"],"picked":"Panic Button","floor":38},{"not_picked":["ReplayTheSpireMod:Repulse+1","BasicCrystalCard"],"picked":"Stack","floor":40},{"not_picked":["Reprogram","Double Energy+1"],"picked":"Beam Cell+1","floor":41},{"not_picked":["Stack","Glacier+1"],"picked":"Streamline+1","floor":42},{"not_picked":["Reinforced Body","Steam Power+1"],"picked":"Stack+1","floor":44},{"not_picked":["Sweeping Beam+1","Rebound+1"],"picked":"Gash","floor":45},{"not_picked":["Leap+1","Doom and Gloom+1"],"picked":"ReplayTheSpireMod:Reroute Power+1","floor":47},{"not_picked":["ReplaySort+1","Sunder"],"picked":"Electrodynamics","floor":48},{"not_picked":["Time Bomb","Cold Snap"],"picked":"Coolheaded","floor":49}],"player_experience":122884,"relics_obtained":[{"floor":4,"key":"Shovel"},{"floor":6,"key":"infinitespire:EmpoweringShard"},{"floor":8,"key":"infinitespire:Bottled Soul"},{"floor":9,"key":"infinitespire:PuzzleCube"},{"floor":12,"key":"WingedGreaves"},{"floor":13,"key":"HornCleat"},{"floor":14,"key":"Garlic"},{"floor":24,"key":"Lantern"},{"floor":24,"key":"aspiration:EnhancedActuators"},{"floor":26,"key":"Gremlin Food"},{"floor":27,"key":"Tiny Chest"},{"floor":27,"key":"Sundial"},{"floor":36,"key":"ReplayTheSpireMod:Ring of Collecting"},{"floor":38,"key":"Pondfish Scales"},{"floor":39,"key":"ReplayTheSpireMod:Ring of Exchange"},{"floor":39,"key":"Replay:Bandana"},{"floor":40,"key":"Omamori"},{"floor":40,"key":"Bronze Scales"},{"floor":42,"key":"infinitespire:Midas Blood"},{"floor":42,"key":"Replay:Baseball"},{"floor":43,"key":"ReplayTheSpireMod:Ring of Challenge"},{"floor":43,"key":"infinitespire:Lucky Rock"},{"floor":48,"key":"Blood Vial"},{"floor":48,"key":"aspiration:Lifesprig"}],"event_choices":[{"damage_healed":0,"gold_gain":100,"player_choice":"Pray","damage_taken":0,"max_hp_gain":0,"max_hp_loss":0,"event_name":"Golden Shrine","floor":5,"gold_loss":0},{"damage_healed":0,"gold_gain":0,"player_choice":"Relic ","damage_taken":12,"max_hp_gain":0,"max_hp_loss":0,"event_name":"betterThird:BetterScrap","floor":11,"gold_loss":0,"cards_obtained":["Flame Barrier"]},{"damage_healed":0,"gold_gain":0,"player_choice":"Obtained Relic","damage_taken":0,"relics_obtained":["Pen Nib"],"max_hp_gain":0,"max_hp_loss":0,"event_name":"Addict","floor":19,"gold_loss":85},{"damage_healed":0,"gold_gain":0,"player_choice":"Opened","damage_taken":0,"relics_obtained":["Replay:Antivirus Software"],"max_hp_gain":0,"max_hp_loss":0,"event_name":"The Mausoleum","floor":21,"gold_loss":0},{"damage_healed":0,"gold_gain":0,"player_choice":"Fight","damage_taken":0,"max_hp_gain":0,"max_hp_loss":0,"event_name":"MindBloom","floor":38,"gold_loss":0}],"is_beta":false,"boss_relics":[{"not_picked":["Pandora\u0027s Box","energizedSpire:SpiderWeb"],"picked":"Black Star"},{"not_picked":["Replay:Drink Me","Replay:Bronze Core"],"picked":"Sozu"}],"items_purged_floors":[37],"is_endless":false,"potions_floor_spawned":[1,2,20,22,31,35,42,45,48],"killed_by":"Replay:Hell Engine","ascension_level":1}}