{"host":"fligtxqnrbjmaaid","time":1611583008,"event":{"mods":["ATMod(°¢èªMod)","AchievementEnabler","Act Like it!","BaseMod","Dota2Spire","Downfall","Hallownest","Infinite Spire","Lobotomy","Marisa£¨ìFÓê¡¡Ä§ÀíÉ³£©","Minty Spire (QoL Compilation)","Replay The Spire","StSLib","The Blackbeard","The Construct","The Cursed","The Gatherer","The Runesmith","The Senshi","[IsaacMod]ÒÔÈö¼âËþ"],"gold_per_floor":[109,123,123,143,162,195,195,149,197,197,207,207,226,284,284,381,381,399,399,324,336,336,349,430,430,430,430,447,479,479,479,479,575,575,592,592,156,172,182,200,220,220,271,305,305,320,320,320,320,320,320],"floor_reached":50,"language":"ZHS","playtime":3220,"items_purged":["Defend_R"],"score":517,"play_id":"c19ed04c-87c9-4d7f-b415-fdf4c491b30a","local_time":"20210125215648","is_ascension_mode":false,"campfire_choices":[{"floor":7,"key":"REST"},{"floor":10,"key":"RECALL"},{"data":"AT_OneInchPunch","floor":12,"key":"SMITH"},{"data":"Heavy Blade","floor":15,"key":"SMITH"},{"data":"EpicFetus","floor":25,"key":"SMITH"},{"data":"Clash","floor":27,"key":"SMITH"},{"data":"Anger","floor":30,"key":"SMITH"},{"data":"AT_LightSaberMaster","floor":42,"key":"SMITH"},{"data":"Metamorphosis","floor":45,"key":"SMITH"},{"data":"infinitespire:Starlight","floor":47,"key":"SMITH"},{"data":"infinitespire:FutureSight","floor":49,"key":"SMITH"}],"circlet_count":0,"master_deck":["Strike_R","Strike_R","Strike_R","Strike_R","Strike_R","Defend_R","AT_OneInchPunch+1","EpicFetus+1","Heavy Blade+1","Clash+1","Flex","Fire Breathing","Flex","Rampage+1","Twin Strike","Feed","Anger+1","infinitespire:FutureSight+1","infinitespire:Starlight+1","infinitespire:UltimateForm","infinitespire:Menacing","infinitespire:Fortify","AT_DrawKnifeCut+1","Clash+1","Feed","Demon Form","Infernal Blade","Flex+1","AT_LightSaberMaster+1","Metamorphosis+1","Mind Blast","Swift Strike","Anger","Seeing Red+1","Replay:Undeath\u0027s Touch","Clash+1","Twin Strike+1","Hemogenesis","infinitespire:Menacing","infinitespire:Execution"],"relics":["Burning Blood","HushsDoor","AT_ATBox","DeadEye","infinitespire:ShieldingShard","Black Star","Coffee Dripper","Dota2Spire:AghanimScepter","Ornamental Fan","Toy Ornithopter","Dream Catcher","ReplayTheSpireMod:Lightbulb","Honey Jar","AT_GuinsooRageblade","ReplayTheSpireMod:ShopPack","infinitespire:PuzzleCube","Mummified Hand","Pet Ghost"],"acts_visited":["Exordium","TheCity","TheBeyond"],"potions_floor_usage":[16,33,33,40,50,50,50,50],"damage_taken":[{"damage":0,"enemies":"infinitespire:Voidling","floor":1,"turns":2},{"damage":0,"enemies":"Small Slimes","floor":2,"turns":3},{"damage":0,"enemies":"Cultist","floor":4,"turns":2},{"damage":1,"enemies":"2 Fungi Beasts","floor":5,"turns":2},{"damage":26,"enemies":"Lagavulin","floor":6,"turns":4},{"damage":8,"enemies":"Red Slaver","floor":11,"turns":3},{"damage":0,"enemies":"Large Slime","floor":13,"turns":2},{"damage":77,"enemies":"Fading Forest","floor":16,"turns":11},{"damage":0,"enemies":"Spheric Guardian","floor":18,"turns":1},{"damage":0,"enemies":"3 Byrds","floor":21,"turns":3},{"damage":24,"enemies":"Sentry and Sphere","floor":23,"turns":4},{"damage":0,"enemies":"Centurion and Healer","floor":28,"turns":2},{"damage":1,"enemies":"Book of Stabbing","floor":29,"turns":3},{"damage":33,"enemies":"Automaton","floor":33,"turns":5},{"damage":0,"enemies":"Orb Walker","floor":35,"turns":3},{"damage":10,"enemies":"3 Darklings","floor":38,"turns":3},{"damage":0,"enemies":"Transient","floor":39,"turns":5},{"damage":11,"enemies":"Jaw Worm Horde","floor":40,"turns":3},{"damage":12,"enemies":"Sphere and 2 Shapes","floor":41,"turns":3},{"damage":71,"enemies":"Nightmare","floor":44,"turns":6},{"damage":2,"enemies":"Writhing Mass","floor":46,"turns":2},{"damage":90,"enemies":"infinitespire:MassOfShapes","floor":50,"turns":3}],"seed_played":"2086836969500474214","potions_obtained":[{"floor":2,"key":"SkillPotion"},{"floor":4,"key":"ColorlessPotion"},{"floor":11,"key":"Fire Potion"},{"floor":16,"key":"Explosive Potion"},{"floor":33,"key":"AttackPotion"},{"floor":35,"key":"SteroidPotion"},{"floor":38,"key":"LiquidBronze"},{"floor":40,"key":"Elixir"},{"floor":44,"key":"Explosive Potion"}],"is_trial":false,"path_per_floor":["M","M","?","M","M","E","R","$","T","R","M","R","M","?","R","B",null,"M","AVR","?","M","$","M","T","R","T","R","M","E","R","?","R","B",null,"M","?","$","M","M","M","M","R","T","NM","R","M","R","AVR","R","B"],"character_chosen":"IRONCLAD","items_purchased":["Flex","Infernal Blade","AT_GuinsooRageblade","ReplayTheSpireMod:ShopPack"],"campfire_rested":1,"item_purchase_floors":[8,34,37,37],"current_hp_per_floor":[80,80,80,80,80,60,80,80,80,80,78,78,80,80,80,19,80,80,80,80,80,80,62,62,62,62,62,78,80,80,80,80,56,81,81,81,81,77,81,76,70,70,70,15,15,19,19,19,19,0,0],"gold":320,"neow_bonus":"TRANSFORM_CARD","is_daily":false,"chose_seed":false,"campfire_upgraded":9,"win_rate":0.0,"timestamp":1611583008,"path_taken":["M","?","?","M","M","E","R","$","T","R","M","R","M","?","R","BOSS","M","AVR","?","M","$","M","?","R","T","R","M","E","R","?","R","BOSS","M","?","?","M","M","?","M","R","T","NM","R","M","R","AVR","R","BOSS"],"items_purchased_type":["Card","Card","Relic","Relic"],"build_version":"2020-12-22","purchased_purges":1,"victory":false,"max_hp_per_floor":[80,80,80,80,80,80,80,80,80,80,80,80,80,80,80,80,80,80,80,80,80,80,80,80,80,80,80,80,80,80,80,80,83,81,81,81,81,81,81,81,81,81,81,81,81,81,81,81,81,81,81],"card_choices":[{"not_picked":[],"picked":"EpicFetus","floor":0},{"not_picked":["Headbutt","Body Slam"],"picked":"Clash","floor":1},{"not_picked":["Armaments","Headbutt"],"picked":"Flex","floor":2},{"not_picked":["Cleave","Fiend Fire"],"picked":"Bomb","floor":4},{"not_picked":["ReplayTheSpireMod:Stacked","Havoc","Sever Soul"],"picked":"SKIP","floor":5},{"not_picked":["Replay:Undeath\u0027s Touch","Demonic Infusion"],"picked":"Fire Breathing","floor":6},{"not_picked":["Thunderclap","Life Link"],"picked":"Rampage","floor":11},{"not_picked":["Sword Boomerang","Iron Wave"],"picked":"Twin Strike","floor":13},{"not_picked":["Fiend Fire","Berserk"],"picked":"Feed","floor":16},{"not_picked":["Cleave","Spot Weakness"],"picked":"Anger","floor":18},{"not_picked":["Wild Strike","Clothesline","True Grit"],"picked":"SKIP","floor":21},{"not_picked":["True Grit","ReplayTheSpireMod:Muscle Training"],"picked":"AT_DrawKnifeCut+1","floor":23},{"not_picked":["ReplayReversal","AT_IchimonjiDouble","Shrug It Off"],"picked":"SKIP","floor":28},{"not_picked":["Replay:Undeath\u0027s Touch","Warcry"],"picked":"Clash+1","floor":29},{"not_picked":["Brutality","AT_Dispersion"],"picked":"Demon Form","floor":33},{"not_picked":["Iron Wave+1","Thunderclap","Feed"],"picked":"Flex+1","floor":35},{"not_picked":["ReplayTheSpireMod:Uncanny Aura","Dark Shackles","AT_Homeward"],"picked":"AT_LightSaberMaster","floor":36},{"not_picked":["ReplayTheSpireMod:Brewmster","Secret Weapon","Midas Touch"],"picked":"Metamorphosis","floor":37},{"not_picked":["Replay:BasicMightCard","Sadistic Nature","AT_LightSaberMaster"],"picked":"Mind Blast","floor":37},{"not_picked":["Finesse","Bomb","Discovery"],"picked":"Swift Strike","floor":37},{"not_picked":["Cleave","Thunderclap","AT_CaressingTears+1"],"picked":"Anger","floor":38},{"not_picked":["Flex+1","True Grit+1","Clothesline+1"],"picked":"Seeing Red+1","floor":39},{"not_picked":["AT_IchimonjiDouble","Clothesline+1","Havoc"],"picked":"Replay:Undeath\u0027s Touch","floor":40},{"not_picked":["Clothesline+1","AT_BodySlamDance+1","Shrug It Off"],"picked":"Clash+1","floor":41},{"not_picked":["Warcry+1","Thunderclap+1","Iron Wave+1"],"picked":"Twin Strike+1","floor":44},{"not_picked":["Intimidate+1","Warcry+1","ReplayTheSpireMod:Muscle Training+1"],"picked":"Hemogenesis","floor":46}],"player_experience":82841,"relics_obtained":[{"floor":6,"key":"infinitespire:ShieldingShard"},{"floor":24,"key":"Ornamental Fan"},{"floor":26,"key":"Toy Ornithopter"},{"floor":29,"key":"Dream Catcher"},{"floor":29,"key":"ReplayTheSpireMod:Lightbulb"},{"floor":43,"key":"infinitespire:PuzzleCube"},{"floor":44,"key":"Mummified Hand"},{"floor":44,"key":"Pet Ghost"}],"event_choices":[{"damage_healed":0,"gold_gain":58,"player_choice":"Gained Gold","damage_taken":0,"max_hp_gain":0,"max_hp_loss":0,"event_name":"Golden Wing","floor":14,"gold_loss":0},{"cards_removed":["Defend_R"],"damage_healed":0,"gold_gain":0,"player_choice":"Gave Gold","damage_taken":0,"max_hp_gain":0,"max_hp_loss":0,"event_name":"Beggar","floor":20,"gold_loss":75},{"damage_healed":0,"gold_gain":0,"player_choice":"Upgraded","damage_taken":0,"max_hp_gain":0,"max_hp_loss":0,"event_name":"Upgrade Shrine","floor":31,"gold_loss":0,"cards_upgraded":["Rampage"]},{"damage_healed":0,"gold_gain":0,"player_choice":"Memory 1","damage_taken":0,"max_hp_gain":0,"max_hp_loss":0,"event_name":"SensoryStone","floor":36,"gold_loss":0}],"is_beta":false,"boss_relics":[{"not_picked":["SacredBark","Cursed Key"],"picked":"Black Star"},{"not_picked":[]},{"not_picked":["ChampionBelt","Runesmith:UraniumAnvil"],"picked":"Honey Jar"},{"not_picked":[]}],"items_purged_floors":[37],"is_endless":true,"potions_floor_spawned":[2,4,11,16,33,35,38,40,44],"killed_by":"infinitespire:MassOfShapes","ascension_level":0}}