{"host":"94aus4jnk6thj94q","time":1611608190,"event":{"mods":["BaseMod","Minty Spire (QoL Compilation)","Quick Restart","StSLib"],"gold_per_floor":[119,119,136,149,166,195,205,205,228,228,243,124,136,155,155,254,254,271,3,23,23,42,77,77,77,77,104,24,37,110,110,110,110,110],"floor_reached":33,"language":"ENG","playtime":9953,"items_purged":[],"score":268,"play_id":"a19986d0-3346-4cd0-8908-1e2f4a8d88f1","local_time":"20210125225630","is_ascension_mode":false,"campfire_choices":[{"floor":8,"key":"REST"},{"floor":10,"key":"RECALL"},{"floor":15,"key":"REST"},{"floor":24,"key":"REST"},{"floor":32,"key":"REST"}],"circlet_count":0,"master_deck":["Strike_B","Strike_B","Strike_B","Strike_B","Defend_B","Defend_B","Defend_B","Defend_B","Zap","Dualcast","Consume+1","Conserve Battery","Loop","Coolheaded","Reboot","Darkness","Defragment","Static Discharge","Redo","Cold Snap","Core Surge","Chill","Self Repair","Melter","Fusion","BootSequence+1","Defragment","Redo+1","Chaos","Redo","Deep Breath"],"relics":["Cracked Core","FossilizedHelix","White Beast Statue","Sozu","HandDrill","Spirit Poop","Potion Belt","Bag of Marbles","Akabeko","Singing Bowl"],"acts_visited":["Exordium","TheCity"],"potions_floor_usage":[6,13,16,16,16,18],"damage_taken":[{"damage":0,"enemies":"Small Slimes","floor":1,"turns":3},{"damage":5,"enemies":"2 Louse","floor":3,"turns":2},{"damage":0,"enemies":"Cultist","floor":4,"turns":3},{"damage":0,"enemies":"Looter","floor":5,"turns":3},{"damage":19,"enemies":"Gremlin Nob","floor":6,"turns":5},{"damage":3,"enemies":"Exordium Wildlife","floor":7,"turns":4},{"damage":0,"enemies":"Blue Slaver","floor":11,"turns":4},{"damage":4,"enemies":"3 Louse","floor":13,"turns":3},{"damage":6,"enemies":"Exordium Thugs","floor":14,"turns":5},{"damage":10,"enemies":"The Guardian","floor":16,"turns":8},{"damage":10,"enemies":"Spheric Guardian","floor":18,"turns":4},{"damage":0,"enemies":"Chosen","floor":20,"turns":5},{"damage":10,"enemies":"Sentry and Sphere","floor":22,"turns":3},{"damage":41,"enemies":"Book of Stabbing","floor":23,"turns":6},{"damage":9,"enemies":"Centurion and Healer","floor":29,"turns":7},{"damage":69,"enemies":"Champ","floor":33,"turns":14}],"seed_played":"-7933359997187283319","potions_obtained":[{"floor":3,"key":"Fire Potion"},{"floor":6,"key":"SkillPotion"},{"floor":7,"key":"Fire Potion"},{"floor":11,"key":"ColorlessPotion"},{"floor":13,"key":"LiquidBronze"},{"floor":14,"key":"PotionOfCapacity"},{"floor":16,"key":"Fire Potion"}],"is_trial":false,"path_per_floor":["M","?","M","M","M","E","M","R","T","R","M","$","M","M","R","B",null,"M","$","M","?","M","E","R","?","T","T","$","M","T","?","R","B"],"character_chosen":"DEFECT","items_purchased":["Static Discharge","Redo","HandDrill","Self Repair","Melter","Defragment"],"campfire_rested":4,"item_purchase_floors":[12,12,19,19,19,28],"current_hp_per_floor":[75,75,70,70,70,51,48,70,70,70,70,70,66,60,75,65,75,65,65,72,72,69,28,49,49,49,49,49,47,47,47,68,0,0],"gold":110,"neow_bonus":"ONE_RARE_RELIC","is_daily":false,"chose_seed":false,"campfire_upgraded":0,"win_rate":0.0,"timestamp":1611608190,"path_taken":["M","?","M","M","M","E","M","R","T","R","M","$","M","M","R","BOSS","M","$","M","?","?","E","R","?","T","?","?","M","?","?","R","BOSS"],"items_purchased_type":["Card","Card","Relic","Card","Card","Card"],"build_version":"2020-12-22","purchased_purges":0,"victory":false,"max_hp_per_floor":[75,75,75,75,75,75,75,75,75,75,75,75,75,75,75,75,75,75,75,75,72,72,72,72,72,72,72,72,72,72,72,72,72,72],"card_choices":[{"not_picked":["Loop","Barrage"],"picked":"Consume","floor":1},{"not_picked":["Heatsinks","Double Energy"],"picked":"Conserve Battery","floor":3},{"not_picked":["White Noise","Tempest"],"picked":"Loop","floor":4},{"not_picked":["Streamline","Double Energy"],"picked":"Coolheaded","floor":5},{"not_picked":["Auto Shields","Rebound"],"picked":"Reboot","floor":6},{"not_picked":["Go for the Eyes","Undo"],"picked":"Darkness","floor":7},{"not_picked":["Turbo","Genetic Algorithm"],"picked":"Defragment","floor":11},{"not_picked":["FTL","Steam"],"picked":"Cold Snap","floor":13},{"not_picked":["Tempest","Force Field","Fusion"],"picked":"SKIP","floor":14},{"not_picked":["Creative AI","Reboot"],"picked":"Core Surge","floor":16},{"not_picked":["Streamline+1","Double Energy+1"],"picked":"Chill","floor":18},{"not_picked":["Sweeping Beam","Leap"],"picked":"Fusion","floor":20},{"not_picked":["Reboot","Rebound"],"picked":"BootSequence+1","floor":22},{"not_picked":["Steam Power+1","Force Field","Sweeping Beam"],"picked":"SKIP","floor":23},{"not_picked":["Sweeping Beam+1","Streamline+1"],"picked":"Redo+1","floor":29}],"player_experience":5946160,"relics_obtained":[{"floor":6,"key":"White Beast Statue"},{"floor":23,"key":"Potion Belt"},{"floor":26,"key":"Bag of Marbles"},{"floor":27,"key":"Akabeko"},{"floor":30,"key":"Singing Bowl"}],"event_choices":[{"damage_healed":0,"gold_gain":0,"player_choice":"Grow","damage_taken":0,"max_hp_gain":0,"max_hp_loss":0,"event_name":"Living Wall","floor":2,"gold_loss":0,"cards_upgraded":["Consume"]},{"cards_removed":["Parasite"],"damage_healed":0,"gold_gain":0,"player_choice":"Offered Curse","damage_taken":0,"relics_obtained":["Spirit Poop"],"max_hp_gain":0,"max_hp_loss":0,"event_name":"Bonfire Elementals","floor":21,"gold_loss":0},{"damage_healed":0,"gold_gain":0,"player_choice":"Ignored","damage_taken":0,"max_hp_gain":0,"max_hp_loss":0,"event_name":"The Mausoleum","floor":25,"gold_loss":0},{"damage_healed":0,"gold_gain":0,"player_choice":"3 cards matched","damage_taken":0,"max_hp_gain":0,"max_hp_loss":0,"event_name":"Match and Keep!","floor":31,"gold_loss":0,"cards_obtained":["Chaos","Redo","Deep Breath"]}],"is_beta":false,"boss_relics":[{"not_picked":["Tiny House","Philosopher\u0027s Stone"],"picked":"Sozu"}],"items_purged_floors":[],"is_endless":false,"potions_floor_spawned":[3,6,7,11,13,14,16,18,20,22,23,29],"killed_by":"Champ","ascension_level":0}}