{"host":"aqym1xxr3lb31d9m","time":1611575402,"event":{"mods":["BaseMod","Block Reminder","Colored Map","Colored Powertips","DeckTracker","Highlight Path","Minty Spire (QoL Compilation)","Quick Restart","Random Character Button","StSLib","SuperFastMode","UnlockEverythingMod"],"gold_per_floor":[115,75,94,113,188,219,219,246,246,264,264,278,68,101,101,179,179,199,218,218,236,236,236,236,264,319,331,331],"floor_reached":27,"language":"JPN","playtime":1257,"items_purged":[],"score":552,"play_id":"86506cde-de82-403c-9cf2-301bc77a8f12","local_time":"20210125205002","is_ascension_mode":true,"campfire_choices":[{"data":"Streamline","floor":7,"key":"SMITH"},{"floor":11,"key":"REST"},{"data":"Defragment","floor":15,"key":"SMITH"},{"floor":23,"key":"DIG"},{"floor":24,"key":"DIG"}],"circlet_count":0,"master_deck":["AscendersBane","Strike_B","Strike_B","Strike_B","Strike_B","Defend_B","Defend_B","Defend_B","Defend_B","Zap","Dualcast","Cold Snap","White Noise","Streamline+1","Rebound","Compile Driver","FTL","White Noise","Defragment+1","Aggregate","Seek+1","CurseOfTheBell","Steam","Turbo","Skim"],"relics":["Cracked Core","NeowsBlessing","Oddly Smooth Stone","Shovel","ClockworkSouvenir","Ice Cream","Calling Bell","Nunchaku","Kunai","WingedGreaves","Blue Candle","HornCleat","Bag of Preparation","MawBank"],"acts_visited":["Exordium","TheCity"],"potions_floor_usage":[6,8,25],"damage_taken":[{"damage":0,"enemies":"Cultist","floor":1,"turns":1},{"damage":0,"enemies":"2 Louse","floor":3,"turns":1},{"damage":0,"enemies":"Jaw Worm","floor":4,"turns":1},{"damage":8,"enemies":"Gremlin Nob","floor":6,"turns":3},{"damage":32,"enemies":"3 Sentries","floor":8,"turns":7},{"damage":6,"enemies":"Lots of Slimes","floor":10,"turns":3},{"damage":3,"enemies":"Looter","floor":12,"turns":4},{"damage":0,"enemies":"Lagavulin","floor":14,"turns":5},{"damage":17,"enemies":"The Guardian","floor":16,"turns":12},{"damage":8,"enemies":"Chosen","floor":18,"turns":4},{"damage":8,"enemies":"Shell Parasite","floor":19,"turns":5},{"damage":24,"enemies":"Centurion and Healer","floor":21,"turns":7},{"damage":45,"enemies":"Book of Stabbing","floor":25,"turns":7},{"damage":16,"enemies":"Snake Plant","floor":27,"turns":1}],"seed_played":"-3080745830497172010","potions_obtained":[{"floor":3,"key":"PowerPotion"},{"floor":6,"key":"ColorlessPotion"},{"floor":10,"key":"LiquidMemories"},{"floor":12,"key":"PotionOfCapacity"},{"floor":21,"key":"ColorlessPotion"},{"floor":25,"key":"PotionOfCapacity"}],"is_trial":false,"path_per_floor":["M","$","M","M","?","E","R","E","T","M","R","M","$","E","R","B",null,"M","M","?","M","?","R","R","E","T","M"],"character_chosen":"DEFECT","items_purchased":["White Noise","Defragment","ClockworkSouvenir"],"campfire_rested":1,"item_purchase_floors":[2,13,13],"current_hp_per_floor":[64,64,64,64,53,45,45,13,13,7,28,25,25,25,25,8,55,47,39,81,57,57,57,57,12,12,0,0],"gold":331,"neow_bonus":"THREE_ENEMY_KILL","is_daily":false,"chose_seed":false,"campfire_upgraded":2,"win_rate":0.0,"timestamp":1611575402,"path_taken":["M","$","M","?","?","E","R","E","T","M","R","M","$","E","R","BOSS","M","M","?","?","?","R","R","E","T","M"],"items_purchased_type":["Card","Card","Relic"],"build_version":"2020-12-22","purchased_purges":0,"victory":false,"max_hp_per_floor":[71,71,71,71,71,71,71,71,71,71,71,71,71,71,71,71,71,71,71,81,81,81,81,81,81,81,81,81],"card_choices":[{"not_picked":["Compile Driver","Sweeping Beam"],"picked":"Cold Snap","floor":1},{"not_picked":["Barrage","Fusion"],"picked":"Streamline","floor":3},{"not_picked":["Capacitor","Self Repair"],"picked":"Rebound","floor":4},{"not_picked":["Stack","Redo"],"picked":"Compile Driver","floor":6},{"not_picked":["Ball Lightning","Consume"],"picked":"FTL","floor":8},{"not_picked":["Stack","Force Field"],"picked":"White Noise","floor":10},{"not_picked":["Go for the Eyes","Cold Snap"],"picked":"Buffer","floor":12},{"not_picked":["Stack","Go for the Eyes"],"picked":"Aggregate","floor":14},{"not_picked":["Core Surge","Creative AI"],"picked":"Seek","floor":16},{"not_picked":["Gash","Sweeping Beam"],"picked":"Steam","floor":18},{"not_picked":["Tempest","Redo"],"picked":"Turbo","floor":19},{"not_picked":["Auto Shields","Leap+1"],"picked":"Skim","floor":21}],"player_experience":4051074,"relics_obtained":[{"floor":6,"key":"Oddly Smooth Stone"},{"floor":8,"key":"Shovel"},{"floor":14,"key":"Ice Cream"},{"floor":17,"key":"Nunchaku"},{"floor":17,"key":"Kunai"},{"floor":17,"key":"WingedGreaves"},{"floor":23,"key":"Blue Candle"},{"floor":24,"key":"HornCleat"},{"floor":25,"key":"Bag of Preparation"},{"floor":26,"key":"MawBank"}],"event_choices":[{"damage_healed":0,"gold_gain":75,"player_choice":"Gather Gold","damage_taken":11,"max_hp_gain":0,"max_hp_loss":0,"event_name":"World of Goop","floor":5,"gold_loss":0},{"cards_removed":["Buffer"],"damage_healed":32,"gold_gain":0,"player_choice":"Offered Rare","damage_taken":0,"max_hp_gain":10,"max_hp_loss":0,"event_name":"Bonfire Elementals","floor":20,"gold_loss":0},{"damage_healed":0,"gold_gain":0,"player_choice":"Upgraded","damage_taken":0,"max_hp_gain":0,"max_hp_loss":0,"event_name":"Upgrade Shrine","floor":22,"gold_loss":0,"cards_upgraded":["Seek"]}],"is_beta":false,"boss_relics":[{"not_picked":["Philosopher\u0027s Stone","Tiny House"],"picked":"Calling Bell"}],"items_purged_floors":[],"is_endless":false,"potions_floor_spawned":[3,6,10,12,21,25],"killed_by":"Snake Plant","ascension_level":20}}