{"host":"Oniwa","time":1611566705,"event":{"mods":["BaseMod","Colored Map","Colored Powertips","Minty Spire (QoL Compilation)","Relic Stats","Slay the Relics Exporter","SpireBot","StSLib","ojb\u0027s Better Paths Mod","ojb\u0027s Info Mod"],"gold_per_floor":[118,128,145,145,145,145,145],"floor_reached":6,"language":"JPN","playtime":312,"items_purged":[],"score":72,"play_id":"76e0ade3-afdc-46fa-9a82-92e8612e9115","local_time":"20210125182505","is_ascension_mode":true,"campfire_choices":[],"circlet_count":0,"master_deck":["AscendersBane","Strike_G","Strike_G","Strike_G","Strike_G","Defend_G","Defend_G","Defend_G","Defend_G","Defend_G","Survivor","Neutralize","Dagger Spray","Flying Knee","Acrobatics"],"relics":["Cursed Key","Frozen Egg 2"],"acts_visited":["Exordium"],"potions_floor_usage":[],"damage_taken":[{"damage":2,"enemies":"2 Louse","floor":1,"turns":3},{"damage":2,"enemies":"Jaw Worm","floor":2,"turns":4},{"damage":1,"enemies":"Cultist","floor":3,"turns":4},{"damage":60,"enemies":"Lagavulin","floor":6,"turns":9}],"seed_played":"2595265934999626335","potions_obtained":[],"is_trial":false,"path_per_floor":["M","M","M","?","?","E"],"character_chosen":"THE_SILENT","items_purchased":[],"campfire_rested":0,"item_purchase_floors":[],"current_hp_per_floor":[57,55,54,49,42,0,0],"gold":145,"neow_bonus":"BOSS_RELIC","is_daily":false,"chose_seed":false,"campfire_upgraded":0,"win_rate":0.0,"timestamp":1611566705,"path_taken":["M","M","M","?","?","E"],"items_purchased_type":[],"build_version":"2020-12-18","purchased_purges":0,"victory":false,"max_hp_per_floor":[66,66,66,66,66,66,66],"relic_stats":{"counters":[4,20],"Cursed Key":0,"obtain_stats":[{"Frozen Egg 2":4,"Cursed Key":0,"Ring of the Snake":0},{"Frozen Egg 2":3,"Cursed Key":0,"Ring of the Snake":0},{"Frozen Egg 2":11,"Cursed Key":0,"Ring of the Snake":0}]},"card_choices":[{"not_picked":["Cloak And Dagger","Endless Agony"],"picked":"Dagger Spray","floor":1},{"not_picked":["Prepared","Outmaneuver"],"picked":"Flying Knee","floor":2},{"not_picked":["Distraction","Heel Hook"],"picked":"Acrobatics","floor":3}],"player_experience":2585721,"relics_obtained":[],"event_choices":[{"damage_healed":0,"gold_gain":0,"player_choice":"Success","damage_taken":5,"relics_obtained":["Frozen Egg 2"],"max_hp_gain":0,"max_hp_loss":0,"event_name":"Scrap Ooze","floor":4,"gold_loss":0},{"cards_removed":["Strike_G"],"damage_healed":0,"gold_gain":0,"player_choice":"Card Removal","damage_taken":7,"max_hp_gain":0,"max_hp_loss":0,"event_name":"Golden Wing","floor":5,"gold_loss":0}],"is_beta":true,"boss_relics":[],"items_purged_floors":[],"is_endless":false,"potions_floor_spawned":[],"killed_by":"Lagavulin","ascension_level":20}}