{"host":"b995t17pt6d05w8c","time":1611600486,"event":{"mods":["AchievementEnabler","BaseMod","Colored Map","DeckTracker","Keyboard Shortcuts","Minty Spire (QoL Compilation)","Permanent Neow","SuperFastMode"],"gold_per_floor":[113,113,113,128,151,151,187,112,184,66,106,131,131,149,149,248,248,269,269,269],"floor_reached":19,"language":"KOR","playtime":457,"items_purged":["Strike_B"],"score":354,"play_id":"c3b94900-4d29-46da-a6da-c079583a3d61","local_time":"20210126034806","is_ascension_mode":true,"campfire_choices":[{"data":"Defragment","floor":6.0,"key":"SMITH"},{"floor":13.0,"key":"REST"},{"data":"Zap","floor":15.0,"key":"SMITH"}],"circlet_count":0,"master_deck":["AscendersBane","Strike_B","Strike_B","Defend_B","Defend_B","Defend_B","Defend_B","Zap+1","Dualcast","BootSequence","Defragment+1","Ball Lightning","Undo","Capacitor","Coolheaded","Cold Snap","Seek","Force Field"],"relics":["Cracked Core","DataDisk","Golden Idol","Regal Pillow","Bottled Tornado","White Beast Statue","Velvet Choker"],"acts_visited":["TheCity"],"potions_floor_usage":[18,19],"damage_taken":[{"damage":4.0,"enemies":"2 Louse","floor":1.0,"turns":2.0},{"damage":0.0,"enemies":"Small Slimes","floor":4.0,"turns":3.0},{"damage":4.0,"enemies":"Jaw Worm","floor":5.0,"turns":4.0},{"damage":20.0,"enemies":"Lagavulin","floor":7.0,"turns":6.0},{"damage":31.0,"enemies":"Gremlin Nob","floor":11.0,"turns":4.0},{"damage":0.0,"enemies":"3 Louse","floor":12.0,"turns":4.0},{"damage":0.0,"enemies":"Exordium Wildlife","floor":14.0,"turns":3.0},{"damage":6.0,"enemies":"The Guardian","floor":16.0,"turns":11.0},{"damage":14,"enemies":"2 Thieves","floor":18,"turns":5},{"damage":50,"enemies":"Masked Bandits","floor":19,"turns":3}],"seed_played":"-6734934398248543158","potions_obtained":[{"floor":1.0,"key":"ColorlessPotion"},{"floor":5.0,"key":"LiquidMemories"},{"floor":12.0,"key":"Swift Potion"},{"floor":14.0,"key":"Block Potion"},{"floor":16.0,"key":"Weak Potion"},{"floor":18,"key":"SpeedPotion"}],"is_trial":false,"path_per_floor":["M","?","?","M","M","R","E","?","T","$","E","M","R","M","R","B",null,"M","?"],"character_chosen":"DEFECT","items_purchased":["Capacitor"],"campfire_rested":1,"item_purchase_floors":[10],"current_hp_per_floor":[60,65,65,65,61,61,41,41,41,41,10,10,45,45,45,39,62,48,0,0],"gold":269,"neow_bonus":"RANDOM_COMMON_RELIC","is_daily":false,"chose_seed":false,"campfire_upgraded":2,"win_rate":0.0,"timestamp":1611600486,"path_taken":["M","?","?","M","M","R","E","?","T","$","E","M","R","M","R","BOSS","M","?"],"items_purchased_type":["Card"],"build_version":"2020-12-22","purchased_purges":1,"victory":false,"max_hp_per_floor":[71,76,69,69,69,69,69,69,69,69,69,69,69,69,69,69,69,69,69,69],"card_choices":[{"not_picked":["Blizzard","Rebound"],"picked":"BootSequence","floor":1.0},{"not_picked":["Barrage","Turbo"],"picked":"Defragment","floor":4.0},{"not_picked":["Hello World","Gash"],"picked":"Ball Lightning","floor":5.0},{"not_picked":["Melter","Cold Snap"],"picked":"Undo","floor":7.0},{"not_picked":["Aggregate","Doom and Gloom","Go for the Eyes"],"picked":"SKIP","floor":11.0},{"not_picked":["Ball Lightning","Fusion"],"picked":"Coolheaded","floor":12.0},{"not_picked":["Fusion","Gash"],"picked":"Cold Snap","floor":14.0},{"not_picked":["Multi-Cast","Machine Learning"],"picked":"Seek","floor":16.0},{"not_picked":["Cold Snap","Lockon"],"picked":"Force Field","floor":18}],"player_experience":172115,"relics_obtained":[{"floor":7.0,"key":"Regal Pillow"},{"floor":9.0,"key":"Bottled Tornado"},{"floor":11.0,"key":"White Beast Statue"}],"event_choices":[{"damage_healed":0.0,"max_hp_gain":5.0,"max_hp_loss":0.0,"gold_gain":0.0,"event_name":"Big Fish","player_choice":"Donut","floor":2.0,"gold_loss":0.0,"damage_taken":0.0},{"damage_healed":0.0,"max_hp_gain":0.0,"max_hp_loss":7.0,"gold_gain":0.0,"event_name":"Golden Idol","player_choice":"Lose Max HP","floor":3.0,"gold_loss":0.0,"damage_taken":0.0,"relics_obtained":["Golden Idol"]},{"cards_removed":["Strike_B"],"damage_healed":0.0,"max_hp_gain":0.0,"max_hp_loss":0.0,"gold_gain":0.0,"event_name":"The Cleric","player_choice":"Card Removal","floor":8.0,"gold_loss":75.0,"damage_taken":0.0},{"damage_healed":0,"gold_gain":0,"player_choice":"Fought Bandits","damage_taken":0,"max_hp_gain":0,"max_hp_loss":0,"event_name":"Masked Bandits","floor":19,"gold_loss":0}],"is_beta":false,"boss_relics":[{"not_picked":["Cursed Key","Pandora\u0027s Box"],"picked":"Velvet Choker"}],"items_purged_floors":[10],"is_endless":false,"potions_floor_spawned":[1,5,12,14,16,18],"killed_by":"Masked Bandits","ascension_level":20}}