{"host":"kh6fvhxn285ncg0o","time":1611574546,"event":{"mods":["Act Like it!","BaseMod","Colored Map","Friendly Minions","Keyboard Shortcuts","Minty Spire (QoL Compilation)","Quick Restart","Relic Stats","StSLib","SuperFastMode","UnlockEverythingMod"],"gold_per_floor":[11,61,61,76,76,109,127,127,127,127,152,152,152,152,152,226,226,236,236,252,252,271,299,299,331,356,356,367,386,419,334,334,413,413,428,479,479,167,182,211,226,255,278,278,293,324,224,234,234,234,234,234,234,73,99,99],"floor_reached":57,"language":"KOR","playtime":2308,"items_purged":["Strike_R","Strike_R"],"score":3212,"play_id":"90461dd9-b5b2-4f4a-833c-d50891afd39a","local_time":"20210125203546","is_ascension_mode":true,"campfire_choices":[{"data":"Juggernaut","floor":8.0,"key":"SMITH"},{"data":"Evolve","floor":10.0,"key":"SMITH"},{"data":"Shrug It Off","floor":13.0,"key":"SMITH"},{"floor":15.0,"key":"RECALL"},{"data":"Body Slam","floor":24.0,"key":"SMITH"},{"data":"Flame Barrier","floor":27.0,"key":"SMITH"},{"data":"Battle Trance","floor":32.0,"key":"SMITH"},{"data":"Dark Embrace","floor":44,"key":"SMITH"},{"data":"Barricade","floor":49,"key":"SMITH"},{"data":"Burning Pact","floor":53,"key":"SMITH"}],"circlet_count":0,"master_deck":["AscendersBane","Defend_R+1","Defend_R","Defend_R","Defend_R","Bash","Juggernaut+1","Ghostly Armor+1","Shrug It Off+1","Evolve+1","Disarm+1","Corruption+1","Power Through+1","Body Slam+1","Power Through+1","Seeing Red","Flame Barrier+1","Sentinel+1","Battle Trance+1","Fiend Fire","Pommel Strike+1","Dark Embrace+1","Burning Pact+1","Intimidate+1","Barricade+1"],"relics":["Burning Blood","Charon\u0027s Ashes","Lizard Tail","Centennial Puzzle","HornCleat","Astrolabe","Mummified Hand","Letter Opener","Akabeko","Bottled Tornado","Gremlin Horn","Mark of Pain","FossilizedHelix","Frozen Eye","Thread and Needle","Art of War","Self Forming Clay","Bag of Preparation","Orichalcum"],"acts_visited":["Exordium","TheCity","TheBeyond","TheEnding"],"potions_floor_usage":[56,56,56],"damage_taken":[{"damage":2.0,"enemies":"Cultist","floor":1.0,"turns":4.0},{"damage":4.0,"enemies":"2 Louse","floor":4.0,"turns":3.0},{"damage":13.0,"enemies":"Lagavulin","floor":6.0,"turns":9.0},{"damage":4.0,"enemies":"Jaw Worm","floor":7.0,"turns":4.0},{"damage":12.0,"enemies":"3 Sentries","floor":11.0,"turns":6.0},{"damage":30.0,"enemies":"The Guardian","floor":16.0,"turns":13.0},{"damage":13.0,"enemies":"Shell Parasite","floor":18.0,"turns":5.0},{"damage":0.0,"enemies":"Spheric Guardian","floor":20.0,"turns":4.0},{"damage":3.0,"enemies":"Snake Plant","floor":22.0,"turns":4.0},{"damage":12.0,"enemies":"Slavers","floor":23.0,"turns":5.0},{"damage":1.0,"enemies":"Book of Stabbing","floor":25.0,"turns":5.0},{"damage":1.0,"enemies":"Sentry and Sphere","floor":28.0,"turns":4.0},{"damage":0.0,"enemies":"Snecko","floor":29.0,"turns":3.0},{"damage":7.0,"enemies":"Gremlin Leader","floor":30.0,"turns":5.0},{"damage":3.0,"enemies":"Automaton","floor":33.0,"turns":6.0},{"damage":0,"enemies":"3 Shapes","floor":35,"turns":2},{"damage":0,"enemies":"2 Orb Walkers","floor":36,"turns":3},{"damage":0,"enemies":"3 Darklings","floor":39,"turns":4},{"damage":0,"enemies":"Nemesis","floor":40,"turns":3},{"damage":0,"enemies":"Maw","floor":41,"turns":3},{"damage":0,"enemies":"Reptomancer","floor":42,"turns":2},{"damage":0,"enemies":"4 Shapes","floor":45,"turns":2},{"damage":0,"enemies":"Giant Head","floor":46,"turns":3},{"damage":0,"enemies":"3 Darklings","floor":48,"turns":2},{"damage":0,"enemies":"Time Eater","floor":50,"turns":3},{"damage":0,"enemies":"Donu and Deca","floor":51,"turns":5},{"damage":0,"enemies":"Shield and Spear","floor":55,"turns":2},{"damage":70,"enemies":"The Heart","floor":56,"turns":9}],"seed_played":"-2162570378965302826","potions_obtained":[{"floor":1.0,"key":"Strength Potion"},{"floor":7.0,"key":"Energy Potion"},{"floor":11.0,"key":"AttackPotion"},{"floor":23.0,"key":"Weak Potion"},{"floor":25.0,"key":"LiquidMemories"},{"floor":29.0,"key":"CultistPotion"},{"floor":30.0,"key":"Explosive Potion"},{"floor":39,"key":"EntropicBrew"},{"floor":41,"key":"Swift Potion"}],"is_trial":false,"path_per_floor":["M","?","$","M","?","E","M","R","T","R","E","T","R","?","R","B",null,"M","?","M","?","M","E","R","E","T","R","M","M","E","?","R","B",null,"M","?","?","$","M","E","M","E","T","R","M","E","$","M","R","B","B",null,"R","$","E","B",null],"character_chosen":"IRONCLAD","items_purchased":["Dark Embrace","Frozen Eye","Bag of Preparation"],"campfire_rested":0,"item_purchase_floors":[38,38,54],"current_hp_per_floor":[72,65,65,67,44,37,39,39,39,39,33,33,33,38,38,14,64,57,57,63,63,66,60,60,65,65,65,70,76,75,75,75,78,80,80,80,80,80,80,80,80,80,80,80,80,80,80,80,80,80,80,80,80,80,80,16],"gold":99,"neow_bonus":"THREE_RARE_CARDS","is_daily":false,"chose_seed":false,"campfire_upgraded":9,"win_rate":0.0,"timestamp":1611574546,"path_taken":["M","?","?","?","?","E","M","R","T","R","E","?","R","?","R","BOSS","M","?","M","?","?","E","R","E","T","R","M","M","E","?","R","BOSS","M","?","?","$","M","E","M","E","T","R","M","E","$","M","R","BOSS","BOSS","R","$","E","BOSS"],"items_purchased_type":["Card","Relic","Relic"],"build_version":"2020-12-22","purchased_purges":2,"victory":true,"max_hp_per_floor":[75,75,75,75,75,75,75,75,75,75,75,75,75,80,80,80,80,80,80,80,80,80,80,80,80,80,80,80,80,80,80,80,80,80,80,80,80,80,80,80,80,80,80,80,80,80,80,80,80,80,80,80,80,80,80,80],"relic_stats":{"Gremlin Horn":[12,17],"counters":[28,123],"Self Forming Clay":[15],"Astrolabe":["Disarm","Corruption","Power Through"],"Charon\u0027s Ashes":[1220],"Bag of Preparation":[4],"Letter Opener":[372],"Orichalcum":[12],"Burning Blood":96,"Lizard Tail":0,"Centennial Puzzle":[27],"Mummified Hand":[75],"Art of War":[6],"obtain_stats":[{"Gremlin Horn":31,"Self Forming Clay":46,"Astrolabe":17,"Thread and Needle":40,"Charon\u0027s Ashes":6,"Bag of Preparation":54,"Letter Opener":25,"Bottled Tornado":30,"Orichalcum":55,"Burning Blood":0,"Akabeko":26,"Frozen Eye":38,"Lizard Tail":9,"Centennial Puzzle":11,"HornCleat":12,"Mummified Hand":23,"Mark of Pain":34,"Art of War":42,"FossilizedHelix":36},{"Gremlin Horn":14,"Self Forming Clay":23,"Astrolabe":6,"Thread and Needle":19,"Charon\u0027s Ashes":3,"Bag of Preparation":26,"Letter Opener":11,"Bottled Tornado":14,"Orichalcum":27,"Burning Blood":0,"Akabeko":11,"Frozen Eye":17,"Lizard Tail":4,"Centennial Puzzle":5,"HornCleat":5,"Mummified Hand":10,"Mark of Pain":15,"Art of War":21,"FossilizedHelix":17},{"Gremlin Horn":74,"Self Forming Clay":102,"Astrolabe":39,"Thread and Needle":92,"Charon\u0027s Ashes":16,"Bag of Preparation":112,"Letter Opener":62,"Bottled Tornado":74,"Orichalcum":114,"Burning Blood":0,"Akabeko":62,"Frozen Eye":85,"Lizard Tail":20,"Centennial Puzzle":26,"HornCleat":26,"Mummified Hand":57,"Mark of Pain":80,"Art of War":97,"FossilizedHelix":85}]},"card_choices":[{"not_picked":["Double Tap","Reaper"],"picked":"Juggernaut","floor":0.0},{"not_picked":["Dual Wield","Heavy Blade"],"picked":"Ghostly Armor","floor":1.0},{"not_picked":["Thunderclap","Perfected Strike"],"picked":"Shrug It Off","floor":4.0},{"not_picked":["Searing Blow","Thunderclap","Headbutt"],"picked":"SKIP","floor":6.0},{"not_picked":["Perfected Strike","Armaments"],"picked":"Evolve","floor":7.0},{"not_picked":["Thunderclap","True Grit","Hemokinesis"],"picked":"SKIP","floor":11.0},{"not_picked":["Wild Strike","Twin Strike","Perfected Strike"],"picked":"SKIP","floor":18.0},{"not_picked":["Armaments","Evolve+1","Inflame"],"picked":"SKIP","floor":20.0},{"not_picked":["Armaments","True Grit"],"picked":"Seeing Red","floor":22.0},{"not_picked":["Flex","Clash"],"picked":"Flame Barrier","floor":23.0},{"not_picked":["Wild Strike","Perfected Strike","Whirlwind"],"picked":"SKIP","floor":25.0},{"not_picked":["Rampage","Demon Form"],"picked":"Sentinel+1","floor":28.0},{"not_picked":["Twin Strike","Iron Wave"],"picked":"Battle Trance","floor":29.0},{"not_picked":["Clothesline","Demon Form","Twin Strike"],"picked":"SKIP","floor":30.0},{"not_picked":["Brutality","Immolate"],"picked":"Fiend Fire","floor":33.0},{"not_picked":["Spot Weakness","Headbutt"],"picked":"Pommel Strike+1","floor":35},{"not_picked":["True Grit","Blood for Blood+1"],"picked":"Burning Pact","floor":39},{"not_picked":["Disarm","Pommel Strike","Juggernaut"],"picked":"SKIP","floor":40},{"not_picked":["Cleave","Headbutt","Pommel Strike+1"],"picked":"SKIP","floor":41},{"not_picked":["Anger","Armaments","Sword Boomerang+1"],"picked":"SKIP","floor":42},{"not_picked":["Twin Strike","Bloodletting"],"picked":"Intimidate+1","floor":45},{"not_picked":["Flame Barrier+1","Evolve"],"picked":"Barricade","floor":46},{"not_picked":["Thunderclap","Warcry","Havoc"],"picked":"SKIP","floor":48},{"not_picked":["Perfected Strike","Sword Boomerang+1","Dual Wield"],"picked":"SKIP","floor":55}],"player_experience":1268351,"relics_obtained":[{"floor":6.0,"key":"Charon\u0027s Ashes"},{"floor":9.0,"key":"Lizard Tail"},{"floor":11.0,"key":"Centennial Puzzle"},{"floor":12.0,"key":"HornCleat"},{"floor":23.0,"key":"Mummified Hand"},{"floor":25.0,"key":"Letter Opener"},{"floor":26.0,"key":"Akabeko"},{"floor":30.0,"key":"Bottled Tornado"},{"floor":36,"key":"FossilizedHelix"},{"floor":40,"key":"Thread and Needle"},{"floor":42,"key":"Art of War"},{"floor":46,"key":"Self Forming Clay"},{"floor":55,"key":"Orichalcum"}],"event_choices":[{"damage_healed":0.0,"max_hp_gain":0.0,"max_hp_loss":0.0,"gold_gain":50.0,"event_name":"FaceTrader","player_choice":"Touch","floor":2.0,"gold_loss":0.0,"damage_taken":7.0},{"damage_healed":0.0,"max_hp_gain":0.0,"max_hp_loss":0.0,"gold_gain":0.0,"event_name":"Shining Light","player_choice":"Entered Light","floor":5.0,"gold_loss":0.0,"damage_taken":23.0,"cards_upgraded":["Ghostly Armor","Defend_R"]},{"damage_healed":0.0,"max_hp_gain":5.0,"max_hp_loss":0.0,"gold_gain":0.0,"event_name":"Big Fish","player_choice":"Donut","floor":14.0,"gold_loss":0.0,"damage_taken":0.0},{"damage_healed":0.0,"max_hp_gain":0.0,"max_hp_loss":0.0,"gold_gain":0.0,"event_name":"The Library","player_choice":"Read","floor":19.0,"gold_loss":0.0,"damage_taken":0.0,"cards_obtained":["Body Slam"]},{"damage_healed":0.0,"max_hp_gain":0.0,"max_hp_loss":0.0,"gold_gain":0.0,"event_name":"Duplicator","player_choice":"Copied","floor":21.0,"gold_loss":0.0,"damage_taken":0.0,"cards_obtained":["Power Through"]},{"damage_healed":0.0,"max_hp_gain":0.0,"max_hp_loss":0.0,"gold_gain":0.0,"event_name":"Addict","player_choice":"Obtained Relic","floor":31.0,"gold_loss":85.0,"damage_taken":0.0,"relics_obtained":["Gremlin Horn"]},{"damage_healed":0,"gold_gain":0,"player_choice":"Fight","damage_taken":0,"max_hp_gain":0,"max_hp_loss":0,"event_name":"Mysterious Sphere","floor":36,"gold_loss":0},{"damage_healed":0,"gold_gain":0,"player_choice":"0 cards matched","damage_taken":0,"max_hp_gain":0,"max_hp_loss":0,"event_name":"Match and Keep!","floor":37,"gold_loss":0,"cards_obtained":[]}],"is_beta":false,"boss_relics":[{"not_picked":["Velvet Choker","Tiny House"],"picked":"Astrolabe"},{"not_picked":["SacredBark","Runic Cube"],"picked":"Mark of Pain"}],"items_purged_floors":[38,47],"is_endless":false,"potions_floor_spawned":[1,7,11,23,25,29,30,39,41,42,45,46],"ascension_level":20}}