{"host":"v54ek091sdz7ha6h","time":1611616800,"event":{"mods":["BaseMod","Better Vampires","Colored Map","Colored Powertips","DeckTracker","Downfall","Friendly Minions","Highlight Path","KOR Keyword Fix","Minty Spire (QoL Compilation)","Rare Cards Sparkle","Relic Stats","StSLib","SuperFastMode"],"gold_per_floor":[99,110,166,182,30,40,40,40,140,150,175,175,195,205,224,324,324,324,340,340,340,340,355,381,581,51,51,69,100,100,127,137,236,236,136,152,1151,1226,1236,1262,1262,1062,1087,1105,1105,1123,1123,543,557,557,557,590,49,49,49,49],"floor_reached":57,"language":"ENG","playtime":3761,"items_purged":["downfall:Haunted","Normality"],"score":1352,"play_id":"12361e1b-68ab-40dc-ad9e-c61046762dea","local_time":"20210126082000","is_ascension_mode":false,"campfire_choices":[{"data":"champ:Taunt","floor":1,"key":"SMITH"},{"data":"champ:UltimateStance","floor":8,"key":"SMITH"},{"data":"champ:Backstep","floor":12,"key":"SMITH"},{"data":"champ:StrikeOfGenius","floor":18,"key":"SMITH"},{"data":"champ:FancyFootwork","floor":27,"key":"SMITH"},{"data":"champ:StanceDance","floor":30,"key":"SMITH"},{"floor":35,"key":"RECALL"},{"data":"champ:MurderStrike","floor":42,"key":"SMITH"},{"data":"champ:TripleStrike","floor":47,"key":"SMITH"},{"floor":54,"key":"REST"}],"circlet_count":0,"master_deck":["champ:Strike","champ:Strike","champ:Strike","champ:Defend+1","champ:Defend","champ:Defend","champ:Execute","champ:Taunt+1","champ:FlashCut","champ:BerserkersShout+1","champ:BladeFlurry","champ:UltimateStance+1","champ:Backstep+1","champ:GutPunch","champ:StanceDance+1","champ:RapidStrikes","champ:CrookedStrike","champ:StrikeOfGenius+1","champ:PerfectedStrike+1","champ:Parry","champ:TornadoPunch","Necronomicurse","champ:FancyFootwork+1","champ:FlashCut","champ:CrookedStrike+1","champ:MurderStrike+1","champ:Circumvent+1","champ:Endure","champ:PerfectedStrike+1","Normality","champ:PerfectedStrike","champ:CrookedStrike+1","champ:FlashCut","champ:AdrenalArmor+1","champ:TripleStrike+1","champ:DancingMaster","expansioncontent:InvincibleStrength","champ:HoldFirm"],"relics":["champ:ChampionCrown","Nunchaku","Potion Belt","Du-Vu Doll","Philosopher\u0027s Stone","Necronomicon","Lantern","Strawberry","Mango","Gremlin Horn","TungstenRod","bronze:MakeshiftBattery","downfall:HeartBlessingGreen","Bag of Marbles","downfall:HeartBlessingRed","downfall:HeartBlessingBlue","Letter Opener","Guardian:PocketSentry","FossilizedHelix","War Paint","TheAbacus","StrikeDummy"],"acts_visited":["Exordium","TheCity","TheBeyond","TheEnding"],"potions_floor_usage":[15,16,29,31,32,55,55,55,56,56],"damage_taken":[{"damage":21,"enemies":"Small Slimes","floor":2,"turns":3},{"damage":56,"enemies":"Lagavulin Event","floor":3,"turns":7},{"damage":26,"enemies":"Jaw Worm","floor":4,"turns":4},{"damage":30,"enemies":"downfall:FleeingMerchant","floor":5,"turns":4},{"damage":20,"enemies":"Cultist","floor":6,"turns":4},{"damage":13,"enemies":"Blue Slaver","floor":10,"turns":4},{"damage":45,"enemies":"3 Sentries","floor":11,"turns":9},{"damage":27,"enemies":"2 Fungi Beasts","floor":13,"turns":4},{"damage":21,"enemies":"Large Slime","floor":14,"turns":6},{"damage":10,"enemies":"Lots of Slimes","floor":15,"turns":3},{"damage":91,"enemies":"DF_ARCHETYPE_STREAMLINE","floor":16,"turns":11},{"damage":56,"enemies":"Shell Parasite","floor":19,"turns":4},{"damage":28,"enemies":"Centurion and Healer","floor":23,"turns":3},{"damage":25,"enemies":"downfall:FleeingMerchant","floor":26,"turns":4},{"damage":5,"enemies":"3 Cultists","floor":28,"turns":2},{"damage":50,"enemies":"Gremlin Leader","floor":29,"turns":4},{"damage":0,"enemies":"Slavers","floor":31,"turns":2},{"damage":30,"enemies":"Shelled Parasite and Fungi","floor":32,"turns":2},{"damage":36,"enemies":"WA_ARCHETYPE_CALM","floor":33,"turns":5},{"damage":0,"enemies":"3 Darklings","floor":36,"turns":3},{"damage":4,"enemies":"Orb Walker","floor":39,"turns":2},{"damage":73,"enemies":"Nemesis","floor":40,"turns":7},{"damage":23,"enemies":"Giant Head","floor":43,"turns":4},{"damage":0,"enemies":"Spire Growth","floor":44,"turns":1},{"damage":9,"enemies":"Sphere and 2 Shapes","floor":46,"turns":3},{"damage":0,"enemies":"downfall:FleeingMerchant","floor":48,"turns":1},{"damage":0,"enemies":"4 Shapes","floor":49,"turns":3},{"damage":21,"enemies":"SI_POISON_ARCHETYPE","floor":50,"turns":5},{"damage":121,"enemies":"downfall:CharBossMerchant","floor":52,"turns":7},{"damage":21,"enemies":"downfall:NeowBoss","floor":55,"turns":10},{"damage":77,"enemies":"downfall:NeowBossFinal","floor":56,"turns":6}],"seed_played":"8547821316250248593","potions_obtained":[{"floor":2,"key":"champ:UltimateStancePotion"},{"floor":3,"key":"FairyPotion"},{"floor":11,"key":"DistilledChaos"},{"floor":15,"key":"SpeedPotion"},{"floor":19,"key":"SkillPotion"},{"floor":23,"key":"SteroidPotion"},{"floor":29,"key":"AttackPotion"},{"floor":38,"key":"downfall:CursedFountainPotion"},{"floor":43,"key":"sneckomod:MuddlingPotion"},{"floor":44,"key":"Slimebound:ThreeZeroPotion"},{"floor":46,"key":"Ancient Potion"}],"is_trial":false,"path_per_floor":["R","M","?","M","$","M","T","R","?","M","E","R","M","M","M","B",null,"R","M","?","?","?","M","T","?","$","R","M","E","R","E","M","B",null,"R","M","?","?","M","E","T","R","E","M","?","M","R","?","M","B",null,"E","$","R","B","B",null],"character_chosen":"THE_CHAMP","items_purchased":["champ:UltimateStance","Strawberry","Mango","Guardian:PocketSentry","FossilizedHelix","champ:DancingMaster","expansioncontent:InvincibleStrength","CultistPotion","TheAbacus","StrikeDummy","champ:HoldFirm"],"campfire_rested":1,"item_purchase_floors":[5,26,26,48,48,48,48,48,53,53,53],"current_hp_per_floor":[99,93,57,56,56,56,56,56,56,53,38,38,36,30,30,14,99,99,78,78,62,62,49,49,49,70,70,70,35,35,35,25,24,120,120,120,120,120,120,69,69,79,81,81,81,82,82,82,82,86,130,14,14,53,67,35],"gold":49,"neow_bonus":"TEN_PERCENT_HP_BONUS","is_daily":false,"chose_seed":false,"campfire_upgraded":8,"win_rate":0.0,"timestamp":1611616800,"path_taken":["R","M","?","M","$","M","T","R","?","M","E","R","M","M","M","BOSS","R","M","?","?","?","M","T","?","$","R","M","E","R","E","M","BOSS","R","M","?","?","?","E","T","R","E","M","?","M","R","?","M","BOSS","E","$","R","BOSS","BOSS"],"items_purchased_type":["Card","Relic","Relic","Relic","Relic","Card","Card","Potion","Relic","Relic","Card"],"build_version":"2020-12-22","purchased_purges":2,"victory":true,"max_hp_per_floor":[99,99,99,99,99,99,99,99,99,99,99,99,99,99,99,99,99,99,99,99,99,99,99,99,99,120,120,120,120,120,120,120,120,120,120,120,120,120,120,120,120,130,130,130,130,130,130,130,130,130,130,130,130,130,130,130],"relic_stats":{"Nunchaku":[34],"TheAbacus":[6],"Gremlin Horn":[13,13],"counters":[31,137],"Necronomicon":[46],"Letter Opener":[47],"War Paint":["champ:Defend","champ:BerserkersShout"],"obtain_stats":[{"Potion Belt":7,"Lantern":24,"Gremlin Horn":29,"downfall:HeartBlessingRed":42,"champ:ChampionCrown":0,"Mango":26,"downfall:HeartBlessingGreen":35,"Guardian:PocketSentry":48,"Letter Opener":43,"War Paint":52,"Du-Vu Doll":11,"Nunchaku":3,"TheAbacus":53,"downfall:HeartBlessingBlue":42,"Strawberry":26,"Philosopher\u0027s Stone":17,"Necronomicon":21,"Bag of Marbles":40,"StrikeDummy":53,"TungstenRod":31,"bronze:MakeshiftBattery":34,"FossilizedHelix":48},{"Potion Belt":5,"Lantern":13,"Gremlin Horn":16,"downfall:HeartBlessingRed":22,"champ:ChampionCrown":0,"Mango":14,"downfall:HeartBlessingGreen":19,"Guardian:PocketSentry":26,"Letter Opener":23,"War Paint":29,"Du-Vu Doll":7,"Nunchaku":1,"TheAbacus":29,"downfall:HeartBlessingBlue":22,"Strawberry":14,"Philosopher\u0027s Stone":11,"Necronomicon":12,"Bag of Marbles":22,"StrikeDummy":29,"TungstenRod":17,"bronze:MakeshiftBattery":19,"FossilizedHelix":26},{"Potion Belt":22,"Lantern":66,"Gremlin Horn":76,"downfall:HeartBlessingRed":97,"champ:ChampionCrown":0,"Mango":70,"downfall:HeartBlessingGreen":85,"Guardian:PocketSentry":106,"Letter Opener":101,"War Paint":121,"Du-Vu Doll":35,"Nunchaku":3,"TheAbacus":121,"downfall:HeartBlessingBlue":97,"Strawberry":70,"Philosopher\u0027s Stone":59,"Necronomicon":63,"Bag of Marbles":97,"StrikeDummy":121,"TungstenRod":78,"bronze:MakeshiftBattery":85,"FossilizedHelix":106}],"TungstenRod":52},"card_choices":[{"not_picked":["champ:RisingSlash","champ:CalledShot"],"picked":"champ:FlashCut","floor":2},{"not_picked":["champ:FlashCut","champ:Circumvent"],"picked":"champ:BerserkersShout","floor":3},{"not_picked":["champ:PreciseThrust","champ:PerfectedStrike"],"picked":"champ:BladeFlurry","floor":4},{"not_picked":["champ:GutPunch","champ:DefensiveShout","champ:FaceSlap"],"picked":"SKIP","floor":5},{"not_picked":["champ:PreciseThrust","champ:SteelEdge","champ:FaceSlap"],"picked":"SKIP","floor":6},{"not_picked":["champ:AdrenalArmor","champ:TornadoPunch"],"picked":"champ:Backstep","floor":10},{"not_picked":["champ:EnragedBash","champ:FanOfKnives"],"picked":"champ:GutPunch","floor":11},{"not_picked":["champ:FalseCounter","champ:FlashCut"],"picked":"champ:StanceDance","floor":13},{"not_picked":["champ:IgnorePain","champ:AdrenalArmor"],"picked":"champ:RapidStrikes","floor":14},{"not_picked":["champ:DeathBlow","champ:CalledShot"],"picked":"champ:CrookedStrike","floor":15},{"not_picked":["champ:DancingMaster","champ:CheapShot"],"picked":"champ:StrikeOfGenius","floor":16},{"not_picked":["champ:FancyFootwork","champ:HeartStrike+1"],"picked":"champ:PerfectedStrike+1","floor":19},{"not_picked":["champ:FlashCut","champ:Parry"],"picked":"champ:FancyFootwork","floor":23},{"not_picked":["champ:StanceDance","champ:FocusedBerserking"],"picked":"champ:FlashCut","floor":26},{"not_picked":["champ:FanOfKnives","champ:Endure+1"],"picked":"champ:CrookedStrike+1","floor":28},{"not_picked":["champ:CrownThrow+1","champ:ShieldSlam+1"],"picked":"champ:MurderStrike","floor":29},{"not_picked":["champ:FlashCut","champ:CrownThrow"],"picked":"champ:Circumvent+1","floor":31},{"not_picked":["champ:Shatter","champ:TornadoPunch"],"picked":"champ:Endure","floor":32},{"not_picked":["champ:RecklessLeap","champ:CalledShot+1"],"picked":"champ:PerfectedStrike+1","floor":36},{"not_picked":["champ:FanOfKnives","champ:CrownThrow+1"],"picked":"champ:PerfectedStrike","floor":39},{"not_picked":["champ:FanOfKnives","champ:DeathBlow"],"picked":"champ:CrookedStrike+1","floor":40},{"not_picked":["champ:BladeFlurry","champ:Devastate"],"picked":"champ:FlashCut","floor":43},{"not_picked":["champ:BladeFlurry+1","champ:PreciseThrust+1"],"picked":"champ:AdrenalArmor+1","floor":44},{"not_picked":["champ:Haymaker","champ:FlashCut+1"],"picked":"champ:TripleStrike","floor":46},{"not_picked":["champ:GutPunch","champ:Circumvent+1","champ:Endure+1"],"picked":"SKIP","floor":48},{"not_picked":["champ:FanOfKnives","champ:StanceDance","champ:BladeFlurry+1"],"picked":"SKIP","floor":49},{"not_picked":["champ:StanceDance","champ:EndlessRage","champ:TornadoPunch+1"],"picked":"SKIP","floor":52}],"player_experience":1719778,"relics_obtained":[{"floor":7,"key":"Potion Belt"},{"floor":11,"key":"Du-Vu Doll"},{"floor":21,"key":"Necronomicon"},{"floor":24,"key":"Lantern"},{"floor":29,"key":"Gremlin Horn"},{"floor":31,"key":"TungstenRod"},{"floor":40,"key":"Bag of Marbles"},{"floor":43,"key":"Letter Opener"},{"floor":52,"key":"War Paint"}],"event_choices":[{"damage_healed":0,"gold_gain":0,"cards_transformed":["champ:Strike","champ:Defend"],"player_choice":"Became Test Subject","damage_taken":0,"max_hp_gain":0,"max_hp_loss":0,"event_name":"Drug Dealer","floor":20,"gold_loss":0,"cards_obtained":["champ:Parry","champ:TornadoPunch"]},{"damage_healed":0,"gold_gain":0,"player_choice":"Ignored","damage_taken":0,"max_hp_gain":0,"max_hp_loss":0,"event_name":"Vampires","floor":22,"gold_loss":0}],"is_beta":false,"boss_relics":[{"not_picked":["Sozu","Empty Cage"],"picked":"Philosopher\u0027s Stone"},{"not_picked":["Tiny House","champ:ChampionCrownUpgraded"],"picked":"bronze:MakeshiftBattery"}],"items_purged_floors":[26,48],"is_endless":false,"potions_floor_spawned":[2,3,11,15,19,23,29,43,44,46],"ascension_level":0}}