{"host":"d8d3jqle49sogkjv","time":1611579016,"event":{"mods":["BaseMod","Colored Map","Colored Powertips","Minty Spire (QoL Compilation)","StSLib"],"gold_per_floor":[112,62,237,280,55,55,82,82,107,7,7,32,54,98,98,200,200,220,220,239,94,94,128,128,128,198,1,42,61,89,101,101,200,200,245,245,245,43,73,73],"floor_reached":39,"language":"ENG","playtime":2831,"items_purged":["Doubt","Strike_P"],"score":529,"play_id":"4d807f42-3914-478d-a01f-8df3c454dcb2","local_time":"20210125135016","is_ascension_mode":true,"campfire_choices":[{"data":"Wish","floor":6,"key":"SMITH"},{"floor":8,"key":"REST"},{"floor":11,"key":"REST"},{"floor":15,"key":"REST"},{"data":"Adaptation","floor":25,"key":"SMITH"},{"floor":32,"key":"REST"}],"circlet_count":0,"master_deck":["Strike_P+1","Strike_P+1","Defend_P+1","Defend_P+1","Eruption","Vigilance","Wish+1","LessonLearned+1","FlurryOfBlows+1","FollowUp+1","FollowUp+1","CrushJoints+1","Halt","Adaptation+1","Scrawl","SandsOfTime","Wireheading","Vault","JustLucky","Evaluate+1","Omniscience+1","Prostrate+1"],"relics":["HolyWater","Orrery","Oddly Smooth Stone","Incense Burner","Odd Mushroom","Sozu","Lee\u0027s Waffle","Lantern","Toxic Egg 2","Medical Kit","Pen Nib","MealTicket"],"acts_visited":["Exordium","TheCity","TheBeyond"],"potions_floor_usage":[7,12,13,30],"damage_taken":[{"damage":11.0,"enemies":"Small Slimes","floor":1.0,"turns":10.0},{"damage":0,"enemies":"Jaw Worm","floor":4,"turns":5},{"damage":32,"enemies":"Lagavulin","floor":7,"turns":5},{"damage":25,"enemies":"Gremlin Nob","floor":12,"turns":4},{"damage":19,"enemies":"The Mushroom Lair","floor":13,"turns":4},{"damage":0,"enemies":"2 Louse","floor":14,"turns":4},{"damage":6,"enemies":"Hexaghost","floor":16,"turns":9},{"damage":10,"enemies":"2 Thieves","floor":18,"turns":4},{"damage":0,"enemies":"Spheric Guardian","floor":20,"turns":3},{"damage":19,"enemies":"Book of Stabbing","floor":23,"turns":5},{"damage":4,"enemies":"Snecko","floor":28,"turns":5},{"damage":0,"enemies":"Sentry and Sphere","floor":29,"turns":3},{"damage":8,"enemies":"Gremlin Leader","floor":30,"turns":5},{"damage":0,"enemies":"3 Cultists","floor":31,"turns":5},{"damage":30,"enemies":"Automaton","floor":33,"turns":6},{"damage":0,"enemies":"3 Shapes","floor":35,"turns":20},{"damage":35,"enemies":"3 Darklings","floor":39,"turns":4}],"seed_played":"274773955425206763","potions_obtained":[{"floor":4,"key":"ColorlessPotion"},{"floor":7,"key":"Ancient Potion"},{"floor":12,"key":"Weak Potion"},{"floor":16,"key":"LiquidBronze"}],"is_trial":false,"path_per_floor":["M","?","?","M","$","R","E","R","T","$","R","E","?","M","R","B",null,"M","?","M","$","?","E","?","R","T","$","M","M","E","M","R","B",null,"M","$","?","$","M"],"character_chosen":"WATCHER","items_purchased":["Orrery","Lee\u0027s Waffle","Medical Kit","JustLucky","Prostrate+1","MealTicket"],"campfire_rested":4,"item_purchase_floors":[5,21,27,27,38,38],"current_hp_per_floor":[40,40,40,40,40,40,8,29,29,29,50,25,6,6,27,21,59,49,49,49,79,79,60,60,60,60,60,56,56,48,48,71,41,70,70,70,70,70,35,35],"gold":73,"neow_bonus":"THREE_RARE_CARDS","is_daily":false,"chose_seed":false,"campfire_upgraded":2,"win_rate":0.0,"timestamp":1611579016,"path_taken":["M","?","?","M","?","R","E","R","T","$","R","E","?","M","R","BOSS","M","?","M","$","?","E","?","R","T","?","M","M","E","M","R","BOSS","M","$","?","$","M"],"items_purchased_type":["Relic","Relic","Relic","Card","Card","Relic"],"build_version":"2020-12-22","purchased_purges":2,"victory":false,"max_hp_per_floor":[72,72,72,72,72,72,72,72,72,72,72,72,72,72,72,72,72,72,72,72,79,79,79,79,79,79,79,79,79,79,79,79,79,79,79,79,79,79,79,79],"card_choices":[{"not_picked":["Judgement","Brilliance"],"picked":"Wish","floor":0.0},{"not_picked":["Evaluate","Fasting2","Indignation"],"picked":"SKIP","floor":1.0},{"not_picked":["ThirdEye","CutThroughFate","Evaluate"],"picked":"SKIP","floor":4},{"not_picked":["FearNoEvil","Consecrate"],"picked":"LessonLearned","floor":5},{"not_picked":["EmptyMind","Consecrate"],"picked":"FlurryOfBlows","floor":5},{"not_picked":["CutThroughFate","Tantrum"],"picked":"FollowUp","floor":5},{"not_picked":["WindmillStrike","SashWhip"],"picked":"FollowUp","floor":5},{"not_picked":["SashWhip","BowlingBash"],"picked":"CrushJoints","floor":5},{"not_picked":["Meditate","BattleHymn","Perseverance"],"picked":"SKIP","floor":7},{"not_picked":["CrushJoints","Vengeance"],"picked":"Halt","floor":12},{"not_picked":["DeceiveReality","Judgement"],"picked":"Adaptation","floor":13},{"not_picked":["ReachHeaven","Vengeance","ClearTheMind"],"picked":"SKIP","floor":14},{"not_picked":["LessonLearned","Ragnarok"],"picked":"Scrawl","floor":16},{"not_picked":["ThirdEye","Meditate","Adaptation"],"picked":"SKIP","floor":18},{"not_picked":["WindmillStrike","Collect"],"picked":"SandsOfTime","floor":20},{"not_picked":["Conclude+1","InnerPeace","Perseverance"],"picked":"SKIP","floor":23},{"not_picked":["InnerPeace+1","DeceiveReality+1"],"picked":"Evaluate+1","floor":28},{"not_picked":["Study","EmptyMind+1","Evaluate+1"],"picked":"SKIP","floor":29},{"not_picked":["ReachHeaven+1","FollowUp","ThirdEye+1"],"picked":"SKIP","floor":30},{"not_picked":["CrushJoints","WindmillStrike+1","SignatureMove"],"picked":"SKIP","floor":31},{"not_picked":["ConjureBlade+1","MasterReality"],"picked":"Omniscience+1","floor":33},{"not_picked":["PathToVictory+1","ClearTheMind+1","SashWhip"],"picked":"SKIP","floor":35}],"player_experience":435859,"relics_obtained":[{"floor":9,"key":"Oddly Smooth Stone"},{"floor":12,"key":"Incense Burner"},{"floor":13,"key":"Odd Mushroom"},{"floor":23,"key":"Lantern"},{"floor":26,"key":"Toxic Egg 2"},{"floor":30,"key":"Pen Nib"}],"event_choices":[{"cards_removed":["Strike_P"],"damage_healed":0.0,"max_hp_gain":0.0,"max_hp_loss":0.0,"gold_gain":0.0,"event_name":"The Cleric","player_choice":"Card Removal","floor":2.0,"gold_loss":50.0,"damage_taken":0.0},{"damage_healed":0.0,"max_hp_gain":0.0,"max_hp_loss":0.0,"gold_gain":175.0,"event_name":"Liars Game","player_choice":"AGREE","floor":3.0,"gold_loss":0.0,"damage_taken":0.0,"cards_obtained":["Doubt"]},{"damage_healed":0,"gold_gain":0,"player_choice":"Fought Mushrooms","damage_taken":0,"max_hp_gain":0,"max_hp_loss":0,"event_name":"Mushrooms","floor":13,"gold_loss":0},{"damage_healed":0,"gold_gain":0,"player_choice":"Ignored","damage_taken":0,"max_hp_gain":0,"max_hp_loss":0,"event_name":"Vampires","floor":19,"gold_loss":0},{"damage_healed":0,"gold_gain":0,"cards_transformed":["Defend_P","Defend_P"],"player_choice":"Became Test Subject","damage_taken":0,"max_hp_gain":0,"max_hp_loss":0,"event_name":"Drug Dealer","floor":22,"gold_loss":0,"cards_obtained":["Wireheading","Vault"]},{"damage_healed":0,"gold_gain":0,"player_choice":"Ignored","damage_taken":0,"max_hp_gain":0,"max_hp_loss":0,"event_name":"Ghosts","floor":24,"gold_loss":0},{"damage_healed":0,"gold_gain":0,"player_choice":"Bought 0 Potions","damage_taken":0,"max_hp_gain":0,"max_hp_loss":0,"event_name":"The Woman in Blue","floor":37,"gold_loss":0}],"is_beta":false,"boss_relics":[{"not_picked":["Cursed Key","SlaversCollar"],"picked":"Sozu"},{"not_picked":["Runic Dome","Tiny House"],"picked":"HolyWater"}],"items_purged_floors":[5,10],"is_endless":false,"potions_floor_spawned":[4,7,12,16,18,20,31],"killed_by":"3 Darklings","ascension_level":5}}