{"host":"wshh0nphwn6jv7vj","time":1611541146,"event":{"mods":["BaseMod","Bestiary","Minty Spire (QoL Compilation)","Relic Stats"],"gold_per_floor":[117,130,150,225,240,275,275,285,332,359,359,384,384,412,412,412,412],"floor_reached":16,"language":"ENG","playtime":1779,"items_purged":[],"score":287,"play_id":"8658df68-0dc8-450a-ab21-c86ad00ac525","local_time":"20210124211906","is_ascension_mode":true,"campfire_choices":[{"floor":7,"key":"REST"},{"floor":11,"key":"REST"},{"floor":15,"key":"DIG"}],"circlet_count":0,"master_deck":["AscendersBane","Eruption","Vigilance","MasterReality","Sanctity","Establishment","EmptyBody+1","WindmillStrike","Vault","EmptyMind","Collect","Wallop","Halt","Evaluate","Prostrate+1","FlurryOfBlows","SignatureMove","Wish","Wallop"],"relics":["Pandora\u0027s Box","War Paint","Art of War","Sundial","MealTicket","Shovel","HornCleat","Potion Belt"],"acts_visited":["Exordium"],"potions_floor_usage":[12,14],"damage_taken":[{"damage":10,"enemies":"Jaw Worm","floor":1,"turns":4},{"damage":0,"enemies":"2 Louse","floor":2,"turns":5},{"damage":0,"enemies":"Cultist","floor":3,"turns":4},{"damage":50,"enemies":"Lots of Slimes","floor":5,"turns":8},{"damage":11,"enemies":"Gremlin Nob","floor":6,"turns":6},{"damage":3,"enemies":"Blue Slaver","floor":8,"turns":6},{"damage":0,"enemies":"Lagavulin","floor":10,"turns":5},{"damage":12,"enemies":"3 Sentries","floor":12,"turns":7},{"damage":11,"enemies":"Gremlin Nob","floor":14,"turns":5},{"damage":32,"enemies":"Slime Boss","floor":16,"turns":3}],"seed_played":"7746667298713996382","potions_obtained":[{"floor":3,"key":"FairyPotion"},{"floor":5,"key":"GamblersBrew"},{"floor":10,"key":"DuplicationPotion"},{"floor":12,"key":"DistilledChaos"}],"is_trial":false,"path_per_floor":["M","M","M","?","M","E","R","M","T","E","R","E","T","E","R","B"],"character_chosen":"WATCHER","items_purchased":[],"campfire_rested":2,"item_purchase_floors":[],"current_hp_per_floor":[51,51,51,40,19,8,28,25,25,25,45,33,33,22,22,0,0],"gold":412,"neow_bonus":"BOSS_RELIC","is_daily":false,"chose_seed":false,"campfire_upgraded":0,"win_rate":0.0,"timestamp":1611541146,"path_taken":["M","M","M","?","M","E","R","M","T","E","R","E","?","E","R","BOSS"],"items_purchased_type":[],"build_version":"2020-12-22","purchased_purges":0,"victory":false,"max_hp_per_floor":[68,68,68,68,68,68,68,68,68,68,68,68,68,68,68,68,68],"relic_stats":{"Shovel":1,"counters":[10,53],"Sundial":[2],"Pandora\u0027s Box":["MasterReality","Sanctity","Establishment","EmptyBody","WindmillStrike","Vault","EmptyMind","Collect"],"MealTicket":0,"Art of War":[4],"War Paint":["EmptyBody","Prostrate"],"obtain_stats":[{"Potion Belt":15,"Shovel":13,"HornCleat":14,"Sundial":10,"Pandora\u0027s Box":0,"MealTicket":12,"Art of War":9,"PureWater":0,"War Paint":6},{"Potion Belt":9,"Shovel":8,"HornCleat":9,"Sundial":7,"Pandora\u0027s Box":0,"MealTicket":8,"Art of War":6,"PureWater":0,"War Paint":5},{"Potion Belt":50,"Shovel":45,"HornCleat":50,"Sundial":38,"Pandora\u0027s Box":0,"MealTicket":45,"Art of War":33,"PureWater":0,"War Paint":27}]},"card_choices":[{"not_picked":["ThirdEye","FollowUp"],"picked":"Wallop","floor":1},{"not_picked":["EmptyMind","SashWhip"],"picked":"Halt","floor":2},{"not_picked":["Conclude","DeceiveReality"],"picked":"Evaluate","floor":3},{"not_picked":["Consecrate","FollowUp"],"picked":"Prostrate","floor":5},{"not_picked":["Halt","Wireheading"],"picked":"FlurryOfBlows","floor":6},{"not_picked":["Fasting2","EmptyFist","EmptyBody"],"picked":"SKIP","floor":8},{"not_picked":["FlurryOfBlows","ClearTheMind"],"picked":"SignatureMove","floor":10},{"not_picked":["SignatureMove","EmptyBody"],"picked":"Wish","floor":12},{"not_picked":["ConjureBlade","Worship"],"picked":"Wallop","floor":14}],"player_experience":1612809,"relics_obtained":[{"floor":6,"key":"War Paint"},{"floor":9,"key":"Art of War"},{"floor":10,"key":"Sundial"},{"floor":12,"key":"MealTicket"},{"floor":13,"key":"Shovel"},{"floor":14,"key":"HornCleat"},{"floor":15,"key":"Potion Belt"}],"event_choices":[{"damage_healed":0,"gold_gain":75,"player_choice":"Gather Gold","damage_taken":11,"max_hp_gain":0,"max_hp_loss":0,"event_name":"World of Goop","floor":4,"gold_loss":0}],"is_beta":false,"boss_relics":[],"items_purged_floors":[],"is_endless":false,"potions_floor_spawned":[3,5,10,12],"killed_by":"Slime Boss","ascension_level":17}}