{"host":"bf9sa99gaumonoeu","time":1611598322,"event":{"mods":["AchievementEnabler","Act Like it!","Aspiration","BaseMod","Bestiary","Better Note","Block Reminder","Colored Map","Colored Powertips","Downfall","Friendly Minions","Gensokyo","GifTheSpireLib","Hallownest","Hermit","Highlight Path","Jorbs\u0027s Wanderer Trilogy","KinomotoSakuraMod(????)","Koishi","Marisa????????","Minty Spire (QoL Compilation)","Rare Cards Sparkle","Relic Filter Mod","Relic Stats","Reliquary","Remilia??????","Spire Arcade","StSLib","The Administrix","The Animator","The Bug Knight","The Construct","The Cursed","The Hierophant","The Mystic","The Necromancer","The Poker Player","The Runesmith","The Senshi","The Servant 0.9.4","ojb\u0027s Info Mod"],"gold_per_floor":[118,130,41,57,57,57,75,75,98,124,142,142,167,187,187,264,264,282,297,315,329,329,329],"floor_reached":22,"language":"ENG","playtime":1356,"items_purged":[],"score":400,"play_id":"f1597655-efdf-4cf7-99ee-1155bc75606f","local_time":"20210125161202","is_ascension_mode":true,"campfire_choices":[{"data":"Sucker Punch","floor":6,"key":"SMITH"},{"data":"Accuracy","floor":8,"key":"SMITH"},{"data":"Corpse Explosion","floor":12,"key":"SMITH"},{"floor":15,"key":"REST"}],"circlet_count":0,"master_deck":["AscendersBane","Strike_G","Strike_G","Strike_G","Strike_G","Strike_G","Defend_G","Defend_G","Defend_G","Defend_G","Defend_G","Survivor","Neutralize+1","Endless Agony","Sucker Punch+1","Accuracy+1","Acrobatics","Infinite Blades","Leg Sweep","Corpse Explosion+1","Noxious Fumes","Crippling Poison","After Image","Prepared","Bane+1","Cloak And Dagger+1","Heel Hook+1"],"relics":["Ring of the Snake","Anchor","Unceasing Top","Molten Egg 2","aspiration:FutureDiary"],"acts_visited":["Exordium","TheCity"],"potions_floor_usage":[1,10,10,16,20,21,22],"damage_taken":[{"damage":3,"enemies":"Cultist","floor":1,"turns":7},{"damage":0,"enemies":"Small Slimes","floor":2,"turns":4},{"damage":0,"enemies":"Jaw Worm","floor":4,"turns":5},{"damage":5,"enemies":"Blue Slaver","floor":7,"turns":4},{"damage":19,"enemies":"Gremlin Nob","floor":10,"turns":4},{"damage":0,"enemies":"Red Slaver","floor":11,"turns":3},{"damage":5,"enemies":"Lagavulin","floor":13,"turns":7},{"damage":8,"enemies":"Exordium Thugs","floor":14,"turns":4},{"damage":32,"enemies":"The Guardian","floor":16,"turns":10},{"damage":12,"enemies":"Spheric Guardian","floor":18,"turns":4},{"damage":7,"enemies":"Chosen","floor":19,"turns":7},{"damage":5,"enemies":"Snecko","floor":20,"turns":7},{"damage":14,"enemies":"Cultist and Chosen","floor":21,"turns":5},{"damage":20,"enemies":"Chosen and Byrds","floor":22,"turns":5}],"seed_played":"1339063866029688910","potions_obtained":[{"floor":0,"key":"SkillPotion"},{"floor":0,"key":"SpeedPotion"},{"floor":2,"key":"Energy Potion"},{"floor":7,"key":"EssenceOfSteel"},{"floor":11,"key":"Fruit Juice"},{"floor":13,"key":"LiquidMemories"},{"floor":19,"key":"Fire Potion"},{"floor":21,"key":"FearPotion"}],"is_trial":false,"path_per_floor":["M","M","$","M","?","R","M","R","T","E","M","R","E","M","R","B",null,"M","M","M","M","M"],"character_chosen":"THE_SILENT","items_purchased":["Accuracy","Acrobatics"],"campfire_rested":1,"item_purchase_floors":[3,3],"current_hp_per_floor":[56,56,56,56,56,56,51,51,51,32,32,32,27,19,38,11,56,44,37,32,18,0,0],"gold":329,"neow_bonus":"THREE_SMALL_POTIONS","is_daily":false,"chose_seed":false,"campfire_upgraded":3,"win_rate":0.0,"timestamp":1611598322,"path_taken":["M","M","?","M","?","R","M","R","T","E","M","R","E","M","R","BOSS","M","?","M","?","M"],"items_purchased_type":["Card","Card"],"build_version":"2020-12-22","purchased_purges":0,"victory":false,"max_hp_per_floor":[66,66,66,66,66,66,66,66,66,66,66,66,66,66,66,71,71,71,71,71,71,71,71],"relic_stats":{"counters":[14,76],"obtain_stats":[{"Anchor":9,"Molten Egg 2":13,"aspiration:FutureDiary":17,"Unceasing Top":10,"Ring of the Snake":0},{"Anchor":4,"Molten Egg 2":7,"aspiration:FutureDiary":9,"Unceasing Top":5,"Ring of the Snake":0},{"Anchor":20,"Molten Egg 2":34,"aspiration:FutureDiary":48,"Unceasing Top":24,"Ring of the Snake":0}],"Unceasing Top":[2],"Ring of the Snake":[30]},"card_choices":[{"not_picked":["Outmaneuver","Flying Knee"],"picked":"Endless Agony","floor":1},{"not_picked":["Heel Hook","Poisoned Stab"],"picked":"Sucker Punch","floor":2},{"not_picked":["Underhanded Strike","Concentrate"],"picked":"Infinite Blades","floor":4},{"not_picked":["Sucker Punch","Riddle With Holes"],"picked":"Leg Sweep","floor":7},{"not_picked":["Deflect","Quick Slash"],"picked":"Corpse Explosion","floor":10},{"not_picked":["Sucker Punch","Acrobatics","Quick Slash"],"picked":"SKIP","floor":11},{"not_picked":["Bane+1","Heel Hook+1"],"picked":"Noxious Fumes","floor":13},{"not_picked":["Acrobatics","Slice+1"],"picked":"Crippling Poison","floor":14},{"not_picked":["Corpse Explosion","Bullet Time"],"picked":"After Image","floor":16},{"not_picked":["Masterful Stab+1","Quick Slash+1"],"picked":"Prepared","floor":18},{"not_picked":["Flying Knee+1","Dagger Spray+1"],"picked":"Bane+1","floor":19},{"not_picked":["Backstab+1","Bullet Time"],"picked":"Cloak And Dagger+1","floor":20},{"not_picked":["Outmaneuver","Masterful Stab+1"],"picked":"Heel Hook+1","floor":21}],"player_experience":1242008,"relics_obtained":[{"floor":9,"key":"Anchor"},{"floor":10,"key":"Unceasing Top"},{"floor":13,"key":"Molten Egg 2"}],"event_choices":[{"damage_healed":0,"gold_gain":0,"player_choice":"Upgraded","damage_taken":0,"max_hp_gain":0,"max_hp_loss":0,"event_name":"Upgrade Shrine","floor":5,"gold_loss":0,"cards_upgraded":["Neutralize"]}],"is_beta":false,"boss_relics":[{"not_picked":["SacredBark","construct:ClawGrip"],"picked":"aspiration:FutureDiary"}],"items_purged_floors":[],"is_endless":false,"potions_floor_spawned":[2,4,7,11,13,19,21],"killed_by":"Chosen and Byrds","ascension_level":20}}