{"host":"j4g6ia6asvpyu2b0","time":1611534838,"event":{"mods":["BaseMod","Colored Map","Minty Spire (QoL Compilation)","Permanent Neow","Quick Restart","Relic Stats","StSLib","Unceasing Turn Reminder"],"gold_per_floor":[117,117,117,117,3,3,23,23,48,83,97,111,111,141,141,220,220,230,230,230,230],"floor_reached":20,"language":"ENG","playtime":467,"items_purged":[],"score":351,"play_id":"3323bf4a-3752-4bb0-b63c-b10385eab6da","local_time":"20210124173358","is_ascension_mode":true,"campfire_choices":[{"data":"Corruption","floor":6,"key":"SMITH"},{"data":"Bash","floor":8,"key":"SMITH"},{"data":"1","floor":13,"key":"LIFT"},{"data":"Demon Form","floor":15,"key":"SMITH"}],"circlet_count":0,"master_deck":["AscendersBane","Strike_R","Strike_R","Strike_R","Strike_R","Strike_R","Defend_R","Defend_R","Defend_R","Defend_R","Bash+1","Corruption+1","Infernal Blade","Anger","Clothesline","Entrench","Demon Form+1","Shrug It Off","Twin Strike+1","Demon Form","Pommel Strike+1"],"relics":["Burning Blood","InkBottle","Oddly Smooth Stone","Girya","Molten Egg 2","Velvet Choker","MutagenicStrength"],"acts_visited":["Exordium","TheCity"],"potions_floor_usage":[7,14],"damage_taken":[{"damage":15.0,"enemies":"Small Slimes","floor":1.0,"turns":5.0},{"damage":8,"enemies":"2 Louse","floor":7,"turns":3},{"damage":12,"enemies":"Lagavulin","floor":10,"turns":7},{"damage":15,"enemies":"Jaw Worm","floor":11,"turns":6},{"damage":10,"enemies":"Blue Slaver","floor":12,"turns":5},{"damage":5,"enemies":"Gremlin Nob","floor":14,"turns":3},{"damage":4,"enemies":"Slime Boss","floor":16,"turns":6},{"damage":35,"enemies":"3 Byrds","floor":18,"turns":6},{"damage":0,"enemies":"Spheric Guardian","floor":20,"turns":3}],"seed_played":"3599787319338138546","potions_obtained":[{"floor":1.0,"key":"GamblersBrew"},{"floor":7,"key":"Fruit Juice"},{"floor":11,"key":"SpeedPotion"},{"floor":12,"key":"LiquidMemories"},{"floor":16,"key":"Swift Potion"}],"is_trial":false,"path_per_floor":["M","?","?","?","$","R","M","R","T","E","M","M","R","E","R","B",null,"M","?","M"],"character_chosen":"IRONCLAD","items_purchased":["Anger","Clothesline"],"campfire_rested":0,"item_purchase_floors":[5,5],"current_hp_per_floor":[59,48,53,46,46,46,49,49,49,43,34,30,30,31,31,33,72,43,43,43,43],"gold":230,"neow_bonus":"THREE_RARE_CARDS","is_daily":false,"chose_seed":false,"campfire_upgraded":3,"win_rate":0.0,"timestamp":1611534838,"path_taken":["M","?","?","?","$","R","M","R","T","E","M","M","R","E","R","BOSS","M","?","M"],"items_purchased_type":["Card","Card"],"build_version":"2020-12-22","purchased_purges":0,"victory":false,"max_hp_per_floor":[75,75,80,80,80,80,85,85,85,85,85,85,85,85,85,85,85,85,85,85,85],"relic_stats":{"counters":[9,44],"obtain_stats":[{"Girya":10,"MutagenicStrength":19,"Oddly Smooth Stone":9,"Velvet Choker":17,"Molten Egg 2":14,"Burning Blood":0,"InkBottle":2},{"Girya":3,"MutagenicStrength":8,"Oddly Smooth Stone":2,"Velvet Choker":7,"Molten Egg 2":6,"Burning Blood":0,"InkBottle":1},{"Girya":15,"MutagenicStrength":41,"Oddly Smooth Stone":8,"Velvet Choker":35,"Molten Egg 2":29,"Burning Blood":0,"InkBottle":5}],"Burning Blood":48,"InkBottle":[9]},"card_choices":[{"not_picked":["Double Tap","Impervious"],"picked":"Corruption","floor":0.0},{"not_picked":["Havoc","Headbutt"],"picked":"Infernal Blade","floor":1.0},{"not_picked":["Rage","Warcry"],"picked":"Entrench","floor":7},{"not_picked":["Evolve","Sword Boomerang"],"picked":"Demon Form","floor":10},{"not_picked":["Heavy Blade","Intimidate"],"picked":"Shrug It Off","floor":11},{"not_picked":["True Grit","Power Through","Exhume"],"picked":"SKIP","floor":12},{"not_picked":["Armaments","Dark Embrace"],"picked":"Twin Strike+1","floor":14},{"not_picked":["Brutality","Exhume"],"picked":"Demon Form","floor":16},{"not_picked":["True Grit+1","Shockwave"],"picked":"Pommel Strike+1","floor":18}],"player_experience":997877,"relics_obtained":[{"floor":9,"key":"Oddly Smooth Stone"},{"floor":10,"key":"Girya"},{"floor":14,"key":"Molten Egg 2"}],"event_choices":[{"damage_healed":0.0,"max_hp_gain":0.0,"max_hp_loss":0.0,"gold_gain":0.0,"event_name":"Scrap Ooze","player_choice":"Success","floor":2.0,"gold_loss":0.0,"damage_taken":11.0,"relics_obtained":["InkBottle"]},{"damage_healed":0.0,"max_hp_gain":5.0,"max_hp_loss":0.0,"gold_gain":0.0,"event_name":"Big Fish","player_choice":"Donut","floor":3.0,"gold_loss":0.0,"damage_taken":0.0},{"cards_removed":["Injury"],"damage_healed":0.0,"max_hp_gain":0.0,"max_hp_loss":0.0,"gold_gain":0.0,"event_name":"Golden Wing","player_choice":"Card Removal","floor":4.0,"gold_loss":0.0,"damage_taken":7.0},{"damage_healed":0,"gold_gain":0,"player_choice":"Inject Mutagens","damage_taken":0,"relics_obtained":["MutagenicStrength"],"max_hp_gain":0,"max_hp_loss":0,"event_name":"Drug Dealer","floor":19,"gold_loss":0}],"is_beta":false,"boss_relics":[{"not_picked":["SacredBark","Empty Cage"],"picked":"Velvet Choker"}],"items_purged_floors":[],"is_endless":false,"potions_floor_spawned":[1,7,11,12,16],"killed_by":"Spheric Guardian","ascension_level":19}}