{"host":"zk71suw73lg2r165","time":1611612331,"event":{"mods":["BaseMod","Colored Map","Minty Spire (QoL Compilation)","Permanent Neow","Relic Stats","StSLib"],"gold_per_floor":[118,118,129,11,29,29,61,73,153,183,195,230,258,270,282,387,399,436,106,106,122,135,135,171,191,191,191,215,215,215,255,255,353,353,367,153,153,28,48,89,89,89,89],"floor_reached":42,"language":"ENG","playtime":1140,"items_purged":["Strike_B","Strike_B","Strike_B"],"score":982,"play_id":"94fba37f-292c-4a07-866e-220a01c50b6b","local_time":"20210125170531","is_ascension_mode":true,"campfire_choices":[{"data":"Tempest","floor":6.0,"key":"SMITH"},{"data":"Multi-Cast","floor":8.0,"key":"SMITH"},{"data":"Darkness","floor":15.0,"key":"SMITH"},{"floor":23.0,"key":"RECALL"},{"floor":27.0,"key":"REST"},{"floor":30.0,"key":"REST"},{"floor":32.0,"key":"REST"},{"floor":41,"key":"REST"}],"circlet_count":0,"master_deck":["AscendersBane","Defend_B","Defend_B","Defend_B","Defend_B","Zap","Dualcast","Biased Cognition+1","BootSequence","Conserve Battery","Tempest+1","Multi-Cast+1","Steam","Darkness+1","Reinforced Body","Electrodynamics","Coolheaded","Seek","Leap","Loop","Seek","Defragment","Turbo","Echo Form","Static Discharge","Static Discharge","FTL","Hologram","Double Energy"],"relics":["Cracked Core","MawBank","Eternal Feather","Golden Idol","Fusion Hammer","Anchor","Orichalcum","Letter Opener","Enchiridion","Vajra","Cursed Key","Oddly Smooth Stone"],"acts_visited":["Exordium","TheCity","TheBeyond"],"potions_floor_usage":[40,40],"damage_taken":[{"damage":9.0,"enemies":"Jaw Worm","floor":1.0,"turns":4.0},{"damage":1.0,"enemies":"Cultist","floor":3.0,"turns":3.0},{"damage":10.0,"enemies":"Small Slimes","floor":5.0,"turns":3.0},{"damage":18.0,"enemies":"3 Sentries","floor":7.0,"turns":5.0},{"damage":1.0,"enemies":"Looter","floor":10.0,"turns":2.0},{"damage":4.0,"enemies":"Red Slaver","floor":12.0,"turns":3.0},{"damage":0.0,"enemies":"Gremlin Gang","floor":13.0,"turns":3.0},{"damage":46.0,"enemies":"Slime Boss","floor":16.0,"turns":10.0},{"damage":0.0,"enemies":"Spheric Guardian","floor":18.0,"turns":3.0},{"damage":5.0,"enemies":"2 Thieves","floor":21.0,"turns":3.0},{"damage":8.0,"enemies":"Shelled Parasite and Fungi","floor":22.0,"turns":5.0},{"damage":0.0,"enemies":"Gremlin Leader","floor":24.0,"turns":5.0},{"damage":11.0,"enemies":"3 Cultists","floor":25.0,"turns":3.0},{"damage":3.0,"enemies":"Snake Plant","floor":28.0,"turns":2.0},{"damage":19.0,"enemies":"Book of Stabbing","floor":31.0,"turns":4.0},{"damage":27.0,"enemies":"Champ","floor":33.0,"turns":9.0},{"damage":2.0,"enemies":"3 Shapes","floor":35.0,"turns":2.0},{"damage":0.0,"enemies":"3 Darklings","floor":39.0,"turns":2.0},{"damage":41,"enemies":"Giant Head","floor":40,"turns":8},{"damage":73,"enemies":"Transient","floor":42,"turns":6}],"seed_played":"-1126336219889195331","potions_obtained":[{"floor":5.0,"key":"PowerPotion"},{"floor":7.0,"key":"Explosive Potion"},{"floor":18.0,"key":"Energy Potion"},{"floor":21.0,"key":"Block Potion"},{"floor":24.0,"key":"Weak Potion"},{"floor":31.0,"key":"EssenceOfSteel"},{"floor":35.0,"key":"LiquidMemories"}],"is_trial":false,"path_per_floor":["M","?","M","$","M","R","E","R","T","M","?","M","M","?","R","B",null,"M","$","?","M","M","R","E","M","T","R","M","?","R","E","R","B",null,"M","$","?","$","M","E","R","M"],"character_chosen":"DEFECT","items_purchased":["Tempest","Seek","Anchor","Static Discharge","Static Discharge","FTL"],"campfire_rested":4,"item_purchase_floors":[4,19,19,36,38,38],"current_hp_per_floor":[55,55,54,54,44,44,26,26,26,25,25,21,21,40,49,3,44,44,44,44,39,31,43,43,32,32,58,55,34,58,39,58,31,51,49,49,49,49,49,8,40,0,0],"gold":89,"neow_bonus":"THREE_RARE_CARDS","is_daily":false,"chose_seed":false,"campfire_upgraded":3,"win_rate":0.0,"timestamp":1611612331,"path_taken":["M","?","M","$","?","R","E","R","T","M","?","M","M","?","R","BOSS","M","$","?","M","?","R","E","?","T","R","M","?","R","E","R","BOSS","M","$","?","$","M","E","R","M"],"items_purchased_type":["Card","Card","Relic","Card","Card","Card"],"build_version":"2020-12-22","purchased_purges":3,"victory":false,"max_hp_per_floor":[64,64,64,64,64,64,64,64,64,64,58,58,58,58,58,58,58,58,58,58,58,58,58,58,58,58,58,58,58,58,58,58,58,58,58,58,58,58,58,58,58,58,58],"relic_stats":{"counters":[20,84],"Golden Idol":97,"Eternal Feather":75,"Letter Opener":[114],"Orichalcum":[12],"MawBank":144,"Cursed Key":0,"obtain_stats":[{"Anchor":19,"Golden Idol":11,"Enchiridion":29,"Vajra":31,"Oddly Smooth Stone":40,"Eternal Feather":9,"Fusion Hammer":17,"Letter Opener":26,"Orichalcum":24,"Cracked Core":0,"MawBank":7,"Cursed Key":34},{"Anchor":9,"Golden Idol":5,"Enchiridion":14,"Vajra":15,"Oddly Smooth Stone":19,"Eternal Feather":4,"Fusion Hammer":8,"Letter Opener":13,"Orichalcum":12,"Cracked Core":0,"MawBank":4,"Cursed Key":16},{"Anchor":36,"Golden Idol":17,"Enchiridion":53,"Vajra":57,"Oddly Smooth Stone":78,"Eternal Feather":15,"Fusion Hammer":33,"Letter Opener":51,"Orichalcum":48,"Cracked Core":0,"MawBank":15,"Cursed Key":66}]},"card_choices":[{"not_picked":["Reboot","Machine Learning"],"picked":"Biased Cognition","floor":0.0},{"not_picked":["Hologram","Streamline"],"picked":"BootSequence","floor":1.0},{"not_picked":["Steam","Stack"],"picked":"Conserve Battery","floor":3.0},{"not_picked":["Go for the Eyes","Streamline"],"picked":"Multi-Cast","floor":5.0},{"not_picked":["Gash","Redo"],"picked":"Steam","floor":7.0},{"not_picked":["Conserve Battery","Steam Power"],"picked":"Compile Driver","floor":10.0},{"not_picked":["Steam","Streamline"],"picked":"Darkness","floor":12.0},{"not_picked":["Chill","Stack"],"picked":"Reinforced Body","floor":13.0},{"not_picked":["Reboot","Seek"],"picked":"Electrodynamics","floor":16.0},{"not_picked":["Steam","Redo"],"picked":"Coolheaded","floor":18.0},{"not_picked":["Fusion","Ball Lightning"],"picked":"Leap","floor":21.0},{"not_picked":["Conserve Battery+1","Ball Lightning"],"picked":"Loop","floor":22.0},{"not_picked":["Rebound","Hello World"],"picked":"Seek","floor":24.0},{"not_picked":["Steam","Beam Cell"],"picked":"Defragment","floor":25.0},{"not_picked":["Cold Snap","Barrage","Doom and Gloom+1"],"picked":"SKIP","floor":28.0},{"not_picked":["Aggregate","Steam"],"picked":"Turbo","floor":31.0},{"not_picked":["Fission","Amplify"],"picked":"Echo Form","floor":33.0},{"not_picked":["Gash","Leap","Heatsinks"],"picked":"SKIP","floor":35.0},{"not_picked":["Barrage+1","Coolheaded+1"],"picked":"Hologram","floor":39.0},{"not_picked":["Conserve Battery","Gash"],"picked":"Double Energy","floor":40}],"player_experience":1374243,"relics_obtained":[{"floor":7.0,"key":"MawBank"},{"floor":9.0,"key":"Eternal Feather"},{"floor":24.0,"key":"Orichalcum"},{"floor":26.0,"key":"Letter Opener"},{"floor":29.0,"key":"Enchiridion"},{"floor":31.0,"key":"Vajra"},{"floor":40,"key":"Oddly Smooth Stone"}],"event_choices":[{"damage_healed":0.0,"max_hp_gain":0.0,"max_hp_loss":0.0,"gold_gain":0.0,"event_name":"Upgrade Shrine","player_choice":"Upgraded","floor":2.0,"gold_loss":0.0,"damage_taken":0.0,"cards_upgraded":["Biased Cognition"]},{"damage_healed":0.0,"max_hp_gain":0.0,"max_hp_loss":6.0,"gold_gain":0.0,"event_name":"Golden Idol","player_choice":"Lose Max HP","floor":11.0,"gold_loss":0.0,"damage_taken":0.0,"relics_obtained":["Golden Idol"]},{"damage_healed":19.0,"max_hp_gain":0.0,"max_hp_loss":0.0,"gold_gain":0.0,"event_name":"Big Fish","player_choice":"Banana","floor":14.0,"gold_loss":0.0,"damage_taken":0.0},{"cards_removed":["Strike_B"],"damage_healed":0.0,"max_hp_gain":0.0,"max_hp_loss":0.0,"gold_gain":0.0,"event_name":"Purifier","player_choice":"Purged","floor":20.0,"gold_loss":0.0,"damage_taken":0.0},{"damage_healed":0.0,"max_hp_gain":0.0,"max_hp_loss":0.0,"gold_gain":0.0,"event_name":"Cursed Tome","player_choice":"Obtained Book","floor":29.0,"gold_loss":0.0,"damage_taken":21.0},{"cards_removed":["Compile Driver"],"damage_healed":0.0,"max_hp_gain":0.0,"max_hp_loss":0.0,"gold_gain":0.0,"event_name":"Falling","player_choice":"Removed Attack","floor":37.0,"gold_loss":0.0,"damage_taken":0.0}],"is_beta":false,"boss_relics":[{"not_picked":["Ectoplasm","Tiny House"],"picked":"Fusion Hammer"},{"not_picked":["Velvet Choker","Philosopher\u0027s Stone"],"picked":"Cursed Key"}],"items_purged_floors":[4,19,36],"is_endless":false,"potions_floor_spawned":[5,7,18,21,24,31,35],"killed_by":"Transient","ascension_level":20}}