{"host":"9zznonz1olisd4fd","time":1611558088,"event":{"mods":["BaseMod","Keyboard Shortcuts","Minty Spire (QoL Compilation)","StSLib","SuperFastMode"],"gold_per_floor":[110,35,35,35,49,75,97,109,191,203,225,187,228,250,262,374,386,398,335,366,378,409,421,348,230,280,299,316,316,389,424,424,525,525,544,594,594,614,632,632,647,647,694,552,552,429,429,429,429,429,429],"floor_reached":50,"language":"KOR","playtime":2357,"items_purged":["Strike_G","Concentrate","Strike_G","Defend_G"],"score":673,"play_id":"fd87f5d6-a231-44ba-869b-9aa3309d77d1","local_time":"20210125160128","is_ascension_mode":true,"campfire_choices":[{"data":"Neutralize","floor":8.0,"key":"SMITH"},{"data":"Neutralize","floor":10.0,"key":"SMITH"},{"data":"Quick Slash","floor":15.0,"key":"SMITH"},{"data":"Grand Finale","floor":23.0,"key":"SMITH"},{"data":"Prepared","floor":29.0,"key":"SMITH"},{"data":"Calculated Gamble","floor":32.0,"key":"SMITH"},{"floor":40,"key":"REST"},{"floor":42,"key":"REST"},{"data":"Calculated Gamble","floor":47,"key":"SMITH"},{"floor":49,"key":"REST"}],"circlet_count":0,"master_deck":["Strike_G","Strike_G","Defend_G+1","Defend_G+1","Defend_G","Survivor","Neutralize+1","Neutralize+1","Quick Slash+1","Grand Finale+1","Calculated Gamble+1","Calculated Gamble+1","Backflip","Purity"],"relics":["Ring of the Serpent","NeowsBlessing","MawBank","Shuriken","Smiling Mask","Toy Ornithopter","Art of War","Paper Crane","StrikeDummy","SacredBark","Calipers","Oddly Smooth Stone"],"acts_visited":["Exordium","TheCity","TheBeyond"],"potions_floor_usage":[41,50,50],"damage_taken":[{"damage":0.0,"enemies":"Small Slimes","floor":1.0,"turns":1.0},{"damage":0.0,"enemies":"Cultist","floor":5.0,"turns":1.0},{"damage":0.0,"enemies":"3 Sentries","floor":6.0,"turns":1.0},{"damage":0.0,"enemies":"2 Louse","floor":7.0,"turns":3.0},{"damage":0.0,"enemies":"Looter","floor":11.0,"turns":3.0},{"damage":24.0,"enemies":"Gremlin Nob","floor":13.0,"turns":6.0},{"damage":11.0,"enemies":"Large Slime","floor":14.0,"turns":8.0},{"damage":20.0,"enemies":"The Guardian","floor":16.0,"turns":16.0},{"damage":0.0,"enemies":"Spheric Guardian","floor":18.0,"turns":3.0},{"damage":0.0,"enemies":"3 Byrds","floor":20.0,"turns":6.0},{"damage":0.0,"enemies":"Snecko","floor":22.0,"turns":4.0},{"damage":0.0,"enemies":"Snake Plant","floor":27.0,"turns":2.0},{"damage":3.0,"enemies":"Centurion and Healer","floor":28.0,"turns":2.0},{"damage":0.0,"enemies":"Gremlin Leader","floor":31.0,"turns":4.0},{"damage":29.0,"enemies":"Champ","floor":33.0,"turns":10.0},{"damage":7.0,"enemies":"3 Shapes","floor":35.0,"turns":7.0},{"damage":18.0,"enemies":"Mind Bloom Boss Battle","floor":36.0,"turns":5.0},{"damage":5,"enemies":"3 Darklings","floor":38,"turns":3},{"damage":26,"enemies":"Maw","floor":39,"turns":9},{"damage":25,"enemies":"Writhing Mass","floor":41,"turns":9},{"damage":71,"enemies":"Time Eater","floor":50,"turns":7}],"seed_played":"3472471536925987985","potions_obtained":[{"floor":1.0,"key":"SmokeBomb"},{"floor":5.0,"key":"CultistPotion"},{"floor":7.0,"key":"Fire Potion"},{"floor":16.0,"key":"SkillPotion"},{"floor":28.0,"key":"PowerPotion"},{"floor":31.0,"key":"SpeedPotion"},{"floor":33.0,"key":"Poison Potion"},{"floor":35.0,"key":"AttackPotion"},{"floor":39,"key":"SmokeBomb"}],"is_trial":false,"path_per_floor":["M","$","?","?","M","E","M","R","T","R","M","?","E","M","R","B",null,"M","?","M","?","M","R","?","$","T","M","M","R","T","E","R","B",null,"M","?","?","M","M","R","M","R","T","$","?","$","R","?","R","B"],"character_chosen":"THE_SILENT","items_purchased":["Calculated Gamble","Purity","Ancient Potion"],"campfire_rested":3,"item_purchase_floors":[25,44,46],"current_hp_per_floor":[70,70,56,56,56,56,56,56,56,56,56,56,32,21,21,1,53,53,53,53,53,53,53,53,53,53,53,50,50,50,55,55,36,62,55,42,42,37,11,32,12,33,33,33,33,33,33,33,54,0,0],"gold":429,"neow_bonus":"THREE_ENEMY_KILL","is_daily":false,"chose_seed":false,"campfire_upgraded":7,"win_rate":0.0,"timestamp":1611558088,"path_taken":["M","$","?","?","?","E","M","R","T","R","M","?","E","M","R","BOSS","M","?","M","?","?","R","?","$","T","M","M","R","?","E","R","BOSS","M","?","?","M","M","R","M","R","T","$","?","$","R","?","R","BOSS"],"items_purchased_type":["Card","Card","Potion"],"build_version":"2020-12-22","purchased_purges":4,"victory":false,"max_hp_per_floor":[70,70,70,70,70,70,70,70,70,70,70,70,70,70,70,70,70,70,70,70,70,70,70,70,70,70,70,70,70,70,70,70,70,70,70,70,70,70,70,70,70,70,70,70,70,70,70,70,70,70,70],"card_choices":[{"not_picked":["Expertise","Crippling Poison","Slice"],"picked":"SKIP","floor":1.0},{"not_picked":["Leg Sweep","Terror"],"picked":"Quick Slash","floor":5.0},{"not_picked":["A Thousand Cuts","Slice"],"picked":"Concentrate","floor":6.0},{"not_picked":["Deadly Poison","Outmaneuver","Underhanded Strike"],"picked":"SKIP","floor":7.0},{"not_picked":["Leg Sweep","Distraction","Heel Hook"],"picked":"SKIP","floor":11.0},{"not_picked":["Doppelganger","Deflect","Bane"],"picked":"SKIP","floor":13.0},{"not_picked":["Deadly Poison","Deflect","Slice"],"picked":"SKIP","floor":14.0},{"not_picked":["Bullet Time","Storm of Steel"],"picked":"Grand Finale","floor":16.0},{"not_picked":["All Out Attack","Sucker Punch","Endless Agony"],"picked":"SKIP","floor":20.0},{"not_picked":["Setup+1","Cloak And Dagger","Dagger Throw"],"picked":"SKIP","floor":22.0},{"not_picked":["PiercingWail","Dagger Spray","Concentrate"],"picked":"SKIP","floor":27.0},{"not_picked":["Concentrate","Deflect+1"],"picked":"Prepared","floor":28.0},{"not_picked":["Dash+1","Deadly Poison","Cloak And Dagger+1"],"picked":"SKIP","floor":31.0},{"not_picked":["Deflect+1","PiercingWail+1"],"picked":"Calculated Gamble","floor":35.0},{"not_picked":["Footwork+1","Doppelganger","Dodge and Roll"],"picked":"SKIP","floor":38},{"not_picked":["Dagger Spray","Escape Plan"],"picked":"Backflip","floor":39},{"not_picked":["Heel Hook","Flying Knee+1","Deadly Poison+1"],"picked":"SKIP","floor":41}],"player_experience":525698,"relics_obtained":[{"floor":6.0,"key":"MawBank"},{"floor":9.0,"key":"Shuriken"},{"floor":13.0,"key":"Smiling Mask"},{"floor":26.0,"key":"Art of War"},{"floor":30.0,"key":"Paper Crane"},{"floor":31.0,"key":"StrikeDummy"},{"floor":36.0,"key":"Calipers"},{"floor":43,"key":"Oddly Smooth Stone"}],"event_choices":[{"damage_healed":0.0,"max_hp_gain":0.0,"max_hp_loss":0.0,"gold_gain":0.0,"event_name":"Shining Light","player_choice":"Entered Light","floor":3.0,"gold_loss":0.0,"damage_taken":14.0,"cards_upgraded":["Defend_G","Defend_G"]},{"damage_healed":0.0,"max_hp_gain":0.0,"max_hp_loss":0.0,"gold_gain":0.0,"event_name":"Match and Keep!","player_choice":"1 cards matched","floor":4.0,"gold_loss":0.0,"damage_taken":0.0,"cards_obtained":["Neutralize"]},{"cards_removed":["Strike_G"],"damage_healed":0.0,"max_hp_gain":0.0,"max_hp_loss":0.0,"gold_gain":0.0,"event_name":"The Cleric","player_choice":"Card Removal","floor":12.0,"gold_loss":50.0,"damage_taken":0.0},{"cards_removed":["Defend_G"],"damage_healed":0.0,"max_hp_gain":0.0,"max_hp_loss":0.0,"gold_gain":0.0,"event_name":"Beggar","player_choice":"Gave Gold","floor":19.0,"gold_loss":75.0,"damage_taken":0.0},{"damage_healed":0.0,"max_hp_gain":0.0,"max_hp_loss":0.0,"gold_gain":0.0,"event_name":"Duplicator","player_choice":"Ignored","floor":21.0,"gold_loss":0.0,"damage_taken":0.0},{"damage_healed":0.0,"max_hp_gain":0.0,"max_hp_loss":0.0,"gold_gain":0.0,"event_name":"Addict","player_choice":"Obtained Relic","floor":24.0,"gold_loss":85.0,"damage_taken":0.0,"relics_obtained":["Toy Ornithopter"]},{"damage_healed":0.0,"max_hp_gain":0.0,"max_hp_loss":0.0,"gold_gain":0.0,"event_name":"MindBloom","player_choice":"Fight","floor":36.0,"gold_loss":0.0,"damage_taken":0.0},{"damage_healed":0,"gold_gain":0,"player_choice":"Ignored","damage_taken":0,"max_hp_gain":0,"max_hp_loss":0,"event_name":"Mysterious Sphere","floor":37,"gold_loss":0},{"cards_removed":["Prepared"],"damage_healed":0,"gold_gain":0,"player_choice":"Removed Skill","damage_taken":0,"max_hp_gain":0,"max_hp_loss":0,"event_name":"Falling","floor":45,"gold_loss":0},{"damage_healed":0,"gold_gain":0,"player_choice":"Memory 1","damage_taken":0,"max_hp_gain":0,"max_hp_loss":0,"event_name":"SensoryStone","floor":48,"gold_loss":0}],"is_beta":false,"boss_relics":[{"not_picked":["Busted Crown","WristBlade"],"picked":"Ring of the Serpent"},{"not_picked":["Fusion Hammer","Cursed Key"],"picked":"SacredBark"}],"items_purged_floors":[2,25,44,46],"is_endless":false,"potions_floor_spawned":[1,5,7,16,28,31,33,35,39],"killed_by":"Time Eater","ascension_level":5}}