{"host":"3498uni0c31c9bdm","time":1611547036,"event":{"mods":["BaseMod","Better Third Choice","Minty Spire (QoL Compilation)","Replay The Spire","StSLib"],"gold_per_floor":[113,123,135,38,91,125,90,106,106,124,197,197,223,241,241,338,338,358,369,65,82,82,82],"floor_reached":22,"language":"ENG","playtime":1180,"items_purged":[],"score":270,"play_id":"f414053f-8811-4b1e-9b92-2d3e72ae3934","local_time":"20210125145715","is_ascension_mode":true,"campfire_choices":[{"floor":12,"key":"RECALL"}],"circlet_count":0,"master_deck":["Strike_P","Strike_P","Strike_P","Strike_P","Defend_P","Defend_P+1","Defend_P","Defend_P","Eruption","Vigilance+1","BowlingBash","ForeignInfluence","WaveOfTheHand+1","Wallop+1","Prostrate+1","Prostrate","DevaForm","CutThroughFate","EmptyFist","LessonLearned","DeceiveReality","DeusExMachina","PathToVictory","FlyingSleeves+1","SashWhip"],"relics":["PureWater","PreservedInsect","Darkstone Periapt","Gremlin Horn","Sundial","Fusion Hammer","Tiny Chest","Happy Flower"],"acts_visited":["Exordium","TheCity"],"potions_floor_usage":[6,16,18,19,21,22,22],"damage_taken":[{"damage":2,"enemies":"Cultist","floor":1,"turns":3},{"damage":0,"enemies":"2 Louse","floor":2,"turns":2},{"damage":9,"enemies":"Jaw Worm","floor":3,"turns":4},{"damage":9,"enemies":"Lots of Slimes","floor":5,"turns":4},{"damage":12,"enemies":"Lagavulin","floor":6,"turns":7},{"damage":0,"enemies":"Large Slime","floor":8,"turns":4},{"damage":5,"enemies":"3 Louse","floor":10,"turns":3},{"damage":30,"enemies":"Gremlin Nob","floor":13,"turns":4},{"damage":8,"enemies":"Blue Slaver","floor":14,"turns":4},{"damage":33,"enemies":"Fading Forest","floor":16,"turns":11},{"damage":20,"enemies":"2 Thieves","floor":18,"turns":5},{"damage":15,"enemies":"Spheric Guardian","floor":19,"turns":5},{"damage":0,"enemies":"3 Cultists","floor":21,"turns":3},{"damage":23,"enemies":"Centurion and Healer","floor":22,"turns":5}],"seed_played":"-5071456850391576959","potions_obtained":[{"floor":0,"key":"Ambrosia"},{"floor":0,"key":"Reflective Coating"},{"floor":0,"key":"StancePotion"},{"floor":1,"key":"BlessingOfTheForge"},{"floor":6,"key":"Swift Potion"},{"floor":16,"key":"Flashbang"},{"floor":18,"key":"AttackPotion"},{"floor":21,"key":"Explosive Potion"}],"is_trial":false,"path_per_floor":["M","M","M","$","M","E","?","M","T","M","T","R","E","M","R","B",null,"M","M","$","M","M"],"character_chosen":"WATCHER","items_purchased":["Wallop+1","Prostrate","Tiny Chest","Happy Flower"],"campfire_rested":0,"item_purchase_floors":[4,4,20,20],"current_hp_per_floor":[63,63,54,54,45,33,51,51,51,46,46,46,16,8,29,16,58,38,23,23,23,0,0],"gold":82,"neow_bonus":"THREE_SMALL_POTIONS","is_daily":false,"chose_seed":false,"campfire_upgraded":0,"win_rate":0.0,"timestamp":1611547035,"path_taken":["M","M","?","$","?","E","?","M","T","M","?","R","E","M","R","BOSS","M","M","?","M","M"],"items_purchased_type":["Card","Card","Relic","Relic"],"build_version":"2020-12-22","purchased_purges":0,"victory":false,"max_hp_per_floor":[72,72,72,72,72,72,72,72,72,72,72,72,72,72,72,72,72,72,72,72,72,72,72],"card_choices":[{"not_picked":["Halt","FlyingSleeves"],"picked":"BowlingBash","floor":1},{"not_picked":["Replay:BluntJabs","Weave"],"picked":"ForeignInfluence","floor":2},{"not_picked":["Weave","BowlingBash"],"picked":"WaveOfTheHand","floor":3},{"not_picked":["ClearTheMind","Consecrate"],"picked":"Prostrate","floor":5},{"not_picked":["FearNoEvil","SandsOfTime"],"picked":"DevaForm","floor":6},{"not_picked":["BowlingBash","Halt"],"picked":"CutThroughFate","floor":8},{"not_picked":["ThirdEye","Consecrate"],"picked":"EmptyFist","floor":10},{"not_picked":["BowlingBash","Prostrate"],"picked":"LessonLearned","floor":13},{"not_picked":["Sanctity","ForeignInfluence"],"picked":"DeceiveReality","floor":14},{"not_picked":["Ragnarok","Devotion"],"picked":"DeusExMachina","floor":16},{"not_picked":["SashWhip","FlurryOfBlows"],"picked":"PathToVictory","floor":18},{"not_picked":["EmptyFist+1","WaveOfTheHand"],"picked":"FlyingSleeves+1","floor":19},{"not_picked":["FlyingSleeves","EmptyFist+1"],"picked":"SashWhip","floor":21}],"player_experience":732601,"relics_obtained":[{"floor":6,"key":"PreservedInsect"},{"floor":9,"key":"Darkstone Periapt"},{"floor":11,"key":"Gremlin Horn"},{"floor":13,"key":"Sundial"}],"event_choices":[{"damage_healed":18,"gold_gain":0,"player_choice":"Healed","damage_taken":0,"max_hp_gain":0,"max_hp_loss":0,"event_name":"The Cleric","floor":7,"gold_loss":35}],"is_beta":false,"boss_relics":[{"not_picked":["Replay:Drink Me","Velvet Choker"],"picked":"Fusion Hammer"}],"items_purged_floors":[],"is_endless":false,"potions_floor_spawned":[1,5,6,14,16,18,21],"killed_by":"Centurion and Healer","ascension_level":7}}