{"host":"r4aerl4ckfvw1dw3","time":1611612063,"event":{"mods":["BaseMod","BetterRewards","Minty Spire (QoL Compilation)","Quick Restart","StSLib"],"gold_per_floor":[112,123,123,123,123,123,151,151,174,204,214,240,240,253,253,253,253],"floor_reached":16,"language":"ENG","playtime":474,"items_purged":[],"score":150,"play_id":"c92e943c-65d6-433a-a9c2-b3ec1c88c700","local_time":"20210125140103","is_ascension_mode":true,"campfire_choices":[{"floor":6,"key":"RECALL"},{"data":"Blade Dance","floor":8,"key":"SMITH"},{"floor":13,"key":"REST"},{"data":"Accuracy","floor":15,"key":"SMITH"}],"circlet_count":0,"master_deck":["Strike_G","Strike_G","Strike_G","Strike_G+1","Strike_G","Defend_G","Defend_G","Defend_G","Defend_G","Defend_G","Survivor","Neutralize+1","Accuracy+1","Dagger Spray","Blade Dance+1","Bane","Heel Hook","Concentrate","Slice"],"relics":["Ring of the Snake","NeowsBlessing","The Courier","Tiny Chest","Lizard Tail","HornCleat"],"acts_visited":["Exordium"],"potions_floor_usage":[12],"damage_taken":[{"damage":0,"enemies":"Jaw Worm","floor":1,"turns":1},{"damage":0,"enemies":"2 Louse","floor":2,"turns":1},{"damage":0,"enemies":"3 Sentries","floor":7,"turns":1},{"damage":8,"enemies":"Lagavulin","floor":10,"turns":7},{"damage":0,"enemies":"Small Slimes","floor":11,"turns":3},{"damage":5,"enemies":"3 Sentries","floor":12,"turns":5},{"damage":0,"enemies":"2 Fungi Beasts","floor":14,"turns":2},{"damage":51,"enemies":"Slime Boss","floor":16,"turns":8}],"seed_played":"-6826377936840964832","potions_obtained":[{"floor":1,"key":"PowerPotion"},{"floor":2,"key":"SteroidPotion"},{"floor":14,"key":"BlessingOfTheForge"}],"is_trial":false,"path_per_floor":["M","M","?","?","?","R","E","R","T","E","M","E","R","M","R","B"],"character_chosen":"THE_SILENT","items_purchased":[],"campfire_rested":1,"item_purchase_floors":[],"current_hp_per_floor":[70,70,56,56,56,56,56,56,56,48,48,43,64,64,64,13,13],"gold":253,"neow_bonus":"THREE_ENEMY_KILL","is_daily":false,"chose_seed":false,"campfire_upgraded":2,"win_rate":0.0,"timestamp":1611612063,"path_taken":["M","M","?","?","?","R","E","R","T","E","M","E","R","?","R","BOSS"],"items_purchased_type":[],"build_version":"2020-12-22","purchased_purges":0,"victory":false,"max_hp_per_floor":[70,70,70,70,70,70,70,70,70,70,70,70,70,70,70,70,70],"card_choices":[{"not_picked":["Leg Sweep","Terror"],"picked":"Accuracy","floor":1},{"not_picked":["Deadly Poison","Dagger Throw"],"picked":"Dagger Spray","floor":2},{"not_picked":["Choke","Heel Hook"],"picked":"Blade Dance","floor":7},{"not_picked":["Sucker Punch","Endless Agony"],"picked":"Bane","floor":10},{"not_picked":["Catalyst","Acrobatics"],"picked":"Heel Hook","floor":11},{"not_picked":["Quick Slash","Dagger Spray"],"picked":"Concentrate","floor":12},{"not_picked":["Concentrate","Underhanded Strike"],"picked":"Slice","floor":14}],"player_experience":405434,"relics_obtained":[{"floor":7,"key":"The Courier"},{"floor":9,"key":"Tiny Chest"},{"floor":10,"key":"Lizard Tail"},{"floor":12,"key":"HornCleat"}],"event_choices":[{"damage_healed":0,"gold_gain":0,"player_choice":"Entered Light","damage_taken":14,"max_hp_gain":0,"max_hp_loss":0,"event_name":"Shining Light","floor":3,"gold_loss":0,"cards_upgraded":["Strike_G","Neutralize"]},{"damage_healed":0,"gold_gain":0,"player_choice":"Leave","damage_taken":0,"max_hp_gain":0,"max_hp_loss":0,"event_name":"The Cleric","floor":4,"gold_loss":0},{"damage_healed":0,"gold_gain":0,"player_choice":"Ignored","damage_taken":0,"max_hp_gain":0,"max_hp_loss":0,"event_name":"NoteForYourself","floor":5,"gold_loss":0}],"is_beta":false,"boss_relics":[],"items_purged_floors":[],"is_endless":false,"potions_floor_spawned":[1,2,14],"killed_by":"Slime Boss","ascension_level":1}}