{"host":"p62uqwu04pp7leh9","time":1611582032,"event":{"mods":["BaseMod","Block Reminder","Colored Map","Colored Powertips","Minty Spire (QoL Compilation)","Relic Stats"],"gold_per_floor":[117,135,29,49,49,49,84,99,122,122,140,166,186,71,71,171,171,191,217,217,234,254,279,291,291,291,45,57,84,84,95,95,194,194,210,226,236,248,264,264,264,264,290,300,312,312,118,137,137,137],"floor_reached":51,"language":"ENG","playtime":3209,"items_purged":["Strike_R","Strike_R"],"score":828,"play_id":"6812b3c2-389e-41eb-afb1-7c1492821804","local_time":"20210125074032","is_ascension_mode":true,"campfire_choices":[{"data":"Bash","floor":6,"key":"SMITH"},{"data":"Rupture","floor":10,"key":"SMITH"},{"floor":15,"key":"REST"},{"data":"Thunderclap","floor":25,"key":"SMITH"},{"data":"Strike_R","floor":30,"key":"PURGE"},{"data":"Defend_R","floor":32,"key":"PURGE"},{"data":"Defend_R","floor":40,"key":"PURGE"},{"data":"Combust","floor":42,"key":"SMITH"},{"data":"Reaper","floor":46,"key":"SMITH"},{"data":"Reaper","floor":49,"key":"PURGE"}],"circlet_count":0,"master_deck":["Bash+1","Bloodletting+1","Rupture+1","Dropkick","Combust+1","Thunderclap+1","Whirlwind+1","Dropkick","Reaper+1","Dropkick","Warcry+1","Deep Breath+1"],"relics":["Burning Blood","Vajra","Toy Ornithopter","Centennial Puzzle","Busted Crown","Red Mask","Art of War","Peace Pipe","Membership Card","Bottled Tornado","Empty Cage","Ancient Tea Set","TheAbacus","War Paint"],"acts_visited":["Exordium","TheCity","TheBeyond"],"potions_floor_usage":[16,16,21,28,29,33,38],"damage_taken":[{"damage":9,"enemies":"2 Louse","floor":1,"turns":3},{"damage":1,"enemies":"Cultist","floor":2,"turns":4},{"damage":6,"enemies":"Jaw Worm","floor":4,"turns":5},{"damage":27,"enemies":"Lagavulin","floor":7,"turns":5},{"damage":21,"enemies":"Lots of Slimes","floor":8,"turns":3},{"damage":12,"enemies":"Gremlin Gang","floor":11,"turns":3},{"damage":8,"enemies":"Gremlin Nob","floor":12,"turns":3},{"damage":17,"enemies":"Looter","floor":13,"turns":3},{"damage":32,"enemies":"The Guardian","floor":16,"turns":9},{"damage":31,"enemies":"Spheric Guardian","floor":18,"turns":4},{"damage":1,"enemies":"Masked Bandits","floor":19,"turns":2},{"damage":35,"enemies":"2 Thieves","floor":21,"turns":3},{"damage":20,"enemies":"Centurion and Healer","floor":22,"turns":4},{"damage":7,"enemies":"Gremlin Leader","floor":23,"turns":3},{"damage":26,"enemies":"Cultist and Chosen","floor":24,"turns":4},{"damage":21,"enemies":"Snake Plant","floor":28,"turns":4},{"damage":23,"enemies":"Book of Stabbing","floor":29,"turns":4},{"damage":19,"enemies":"Centurion and Healer","floor":31,"turns":3},{"damage":23,"enemies":"Automaton","floor":33,"turns":6},{"damage":4,"enemies":"3 Darklings","floor":35,"turns":2},{"damage":20,"enemies":"3 Shapes","floor":36,"turns":3},{"damage":43,"enemies":"Transient","floor":37,"turns":5},{"damage":31,"enemies":"Sphere and 2 Shapes","floor":38,"turns":3},{"damage":20,"enemies":"3 Darklings","floor":39,"turns":3},{"damage":49,"enemies":"Maw","floor":44,"turns":4},{"damage":4,"enemies":"Jaw Worm Horde","floor":45,"turns":2},{"damage":13,"enemies":"Spire Growth","floor":48,"turns":2},{"damage":10,"enemies":"Donu and Deca","floor":50,"turns":2}],"seed_played":"2825519651414252085","potions_obtained":[{"floor":7,"key":"DuplicationPotion"},{"floor":8,"key":"FearPotion"},{"floor":12,"key":"BloodPotion"},{"floor":18,"key":"SpeedPotion"},{"floor":24,"key":"SkillPotion"},{"floor":31,"key":"Dexterity Potion"},{"floor":33,"key":"Regen Potion"},{"floor":35,"key":"Swift Potion"},{"floor":36,"key":"Regen Potion"},{"floor":45,"key":"Explosive Potion"}],"is_trial":false,"path_per_floor":["M","M","$","M","?","R","E","M","T","R","M","E","M","$","R","B",null,"M","?","?","M","M","E","M","R","T","$","M","E","R","M","R","B",null,"M","M","M","M","M","R","?","R","T","M","M","R","$","M","R","B",null],"character_chosen":"IRONCLAD","items_purchased":["Rupture","Dropkick","Dropkick","Membership Card","TheAbacus","Deep Breath","War Paint"],"campfire_rested":1,"item_purchase_floors":[3,3,14,27,47,47,47],"current_hp_per_floor":[69,72,72,72,72,72,51,36,36,36,30,28,17,17,38,22,72,47,52,52,42,48,47,40,40,40,40,35,23,23,30,30,18,72,72,65,66,56,72,72,72,72,72,46,57,57,57,55,55,72],"gold":137,"neow_bonus":"REMOVE_TWO","is_daily":false,"chose_seed":false,"campfire_upgraded":5,"win_rate":0.0,"timestamp":1611582032,"path_taken":["M","M","$","M","?","R","E","M","T","R","?","E","M","$","R","BOSS","M","?","?","M","M","E","M","R","T","$","?","E","R","M","R","BOSS","M","M","M","?","M","R","?","R","T","M","M","R","$","M","R","BOSS"],"items_purchased_type":["Card","Card","Card","Relic","Relic","Card","Relic"],"build_version":"2020-12-22","purchased_purges":2,"victory":true,"max_hp_per_floor":[72,72,72,72,72,72,72,72,72,72,72,72,72,72,72,72,72,72,72,72,72,72,72,72,72,72,72,72,72,72,72,72,72,72,72,72,72,72,72,72,72,72,72,72,72,72,72,72,72,72],"relic_stats":{"Peace Pipe":6,"Centennial Puzzle":[63],"Busted Crown":36,"TheAbacus":[72],"counters":[28,101],"Art of War":[0],"War Paint":["Bloodletting","Deep Breath"],"obtain_stats":[{"Vajra":7,"Bottled Tornado":29,"War Paint":47,"Empty Cage":34,"Ancient Tea Set":43,"Burning Blood":0,"Peace Pipe":26,"Centennial Puzzle":12,"Busted Crown":17,"TheAbacus":47,"Red Mask":19,"Art of War":23,"Membership Card":27,"Toy Ornithopter":9},{"Vajra":4,"Bottled Tornado":17,"War Paint":26,"Empty Cage":19,"Ancient Tea Set":24,"Burning Blood":0,"Peace Pipe":15,"Centennial Puzzle":7,"Busted Crown":9,"TheAbacus":26,"Red Mask":11,"Art of War":14,"Membership Card":15,"Toy Ornithopter":5},{"Vajra":17,"Bottled Tornado":66,"War Paint":97,"Empty Cage":75,"Ancient Tea Set":91,"Burning Blood":0,"Peace Pipe":58,"Centennial Puzzle":26,"Busted Crown":38,"TheAbacus":97,"Red Mask":44,"Art of War":54,"Membership Card":58,"Toy Ornithopter":20}],"Burning Blood":151,"Toy Ornithopter":35},"card_choices":[{"not_picked":["Perfected Strike","Body Slam","Armaments"],"picked":"SKIP","floor":1},{"not_picked":["Sword Boomerang","Intimidate"],"picked":"Bloodletting","floor":2},{"not_picked":["Pommel Strike","True Grit"],"picked":"Combust","floor":4},{"not_picked":["Intimidate","True Grit"],"picked":"Thunderclap","floor":7},{"not_picked":["Perfected Strike","Warcry"],"picked":"Whirlwind","floor":8},{"not_picked":["Whirlwind","Cleave","Sword Boomerang"],"picked":"SKIP","floor":11},{"not_picked":["Armaments","Shockwave","Thunderclap"],"picked":"SKIP","floor":12},{"not_picked":["Cleave","Pummel","Sword Boomerang"],"picked":"SKIP","floor":13},{"not_picked":["Corruption","Barricade"],"picked":"Reaper","floor":16},{"not_picked":["Reckless Charge"],"picked":"SKIP","floor":18},{"not_picked":["Clash"],"picked":"SKIP","floor":21},{"not_picked":["Anger+1"],"picked":"SKIP","floor":22},{"not_picked":["Anger"],"picked":"SKIP","floor":23},{"not_picked":["Sentinel"],"picked":"SKIP","floor":24},{"not_picked":["Armaments"],"picked":"SKIP","floor":28},{"not_picked":["Headbutt+1"],"picked":"SKIP","floor":29},{"not_picked":["Clothesline"],"picked":"SKIP","floor":31},{"not_picked":[],"picked":"Reaper","floor":33},{"not_picked":["Sever Soul+1"],"picked":"SKIP","floor":35},{"not_picked":["Searing Blow"],"picked":"SKIP","floor":36},{"not_picked":["Headbutt+1"],"picked":"SKIP","floor":37},{"not_picked":["Anger"],"picked":"SKIP","floor":38},{"not_picked":["True Grit+1"],"picked":"SKIP","floor":39},{"not_picked":["Seeing Red"],"picked":"SKIP","floor":44},{"not_picked":[],"picked":"Warcry+1","floor":45},{"not_picked":["Intimidate+1"],"picked":"SKIP","floor":48}],"player_experience":338339,"relics_obtained":[{"floor":7,"key":"Vajra"},{"floor":9,"key":"Toy Ornithopter"},{"floor":12,"key":"Centennial Puzzle"},{"floor":19,"key":"Red Mask"},{"floor":23,"key":"Art of War"},{"floor":26,"key":"Peace Pipe"},{"floor":29,"key":"Bottled Tornado"},{"floor":43,"key":"Ancient Tea Set"}],"event_choices":[{"damage_healed":0,"gold_gain":0,"player_choice":"Ignored","damage_taken":0,"max_hp_gain":0,"max_hp_loss":0,"event_name":"WeMeetAgain","floor":5,"gold_loss":0},{"damage_healed":0,"gold_gain":0,"player_choice":"Fought Bandits","damage_taken":0,"max_hp_gain":0,"max_hp_loss":0,"event_name":"Masked Bandits","floor":19,"gold_loss":0},{"damage_healed":0,"gold_gain":0,"player_choice":"Upgraded","damage_taken":0,"max_hp_gain":0,"max_hp_loss":0,"event_name":"Upgrade Shrine","floor":20,"gold_loss":0,"cards_upgraded":["Whirlwind"]},{"damage_healed":0,"gold_gain":0,"player_choice":"Copied","damage_taken":0,"max_hp_gain":0,"max_hp_loss":0,"event_name":"Duplicator","floor":41,"gold_loss":0,"cards_obtained":["Dropkick"]}],"is_beta":false,"boss_relics":[{"not_picked":["Runic Dome","SacredBark"],"picked":"Busted Crown"},{"not_picked":["Fusion Hammer","Velvet Choker"],"picked":"Empty Cage"}],"items_purged_floors":[14,27],"is_endless":false,"potions_floor_spawned":[7,8,12,13,18,24,31,33,35,36,37,45],"ascension_level":2}}