{"host":"8s7r99mpv862ws6o","time":1611606084,"event":{"mods":["AchievementEnabler","Act Like it!","BaseMod","Chen","Gensokyo","GifTheSpireLib","Koishi","Marisa£®ÏF”Í°°ƒß¿Ì…≥£©","Minty Spire (QoL Compilation)","Quick Restart","StSLib","The Servant 0.9.4","UnlockEverythingMod","Youmu£®ªÍ∆«—˝√Œ£©","Yuyuko"],"gold_per_floor":[110,120,134,1563,1574,1574,1602,1619,1646,1661,1696,1696,1117,1127,1127,1227,1227,1241,1241,582,598,608,638,648,1302,1376,1405,1405,677,677,704,704,805,805,818,918,174,185,195,224,1084,1084,1084,1114,1,31,45,371,371,371,371,371,1,26,26],"floor_reached":56,"language":"ZHS","playtime":5710,"items_purged":["Strike_S","Defend_S","Strike_S","Defend_S","Strike_S","Defend_S","Strike_S","Defend_S+1"],"score":1644,"play_id":"da7463b5-0514-4d10-8e90-4c0a61b98d16","local_time":"20210126042124","is_ascension_mode":true,"campfire_choices":[{"data":"BestPractice","floor":6.0,"key":"SMITH"},{"data":"SurpressingFire","floor":12.0,"key":"SMITH"},{"data":"Potential","floor":15.0,"key":"SMITH"},{"data":"Solidify","floor":28.0,"key":"SMITH"},{"data":"SurpressingFire","floor":32.0,"key":"SMITH"},{"data":"FloweringNight","floor":42,"key":"SMITH"},{"floor":49,"key":"RECALL"},{"floor":52,"key":"DIG"}],"circlet_count":0,"master_deck":["KidneyShot","Exchange","BottledTime","Misdirection+1","SurpressingFire+1","BestPractice+1","SurpressingFire+1","BottledTime","Rearm","TimeWarp+1","Starlight","FastForward","Moonlight","Comet+1","BottledTime","Potential+1","Initiator","RealityMarble+1","Gouge","Potential+1","Alleviate","SpecialFormula","BottledTime","Advance","Solidify+1","TimeWarp+1","ForgedInTime","Bandage Up","FloweringNight+1","TheWorld","Revamp+1","SilverBlades+1","Comet+1","DualDimension+1","StarChef+1","Panache","FlawlessForm"],"relics":["Uniform","Bag of Marbles","Prayer Wheel","ClockworkSouvenir","War Paint","Toy Ornithopter","Anchor","Chemical X","Broom","SacredBark","WingedGreaves","Boot","Juzu Bracelet","Omamori","Bird Faced Urn","Singing Bowl","Shovel","Bag of Preparation","Akabeko","Nilry\u0027s Codex","Whetstone","Cursed Key","Orrery","Letter Opener","Pen Nib","Vajra","HandDrill","The Courier","Question Card","Kunai","Toxic Egg 2","Blood Vial","White Beast Statue","MealTicket","Old Coin","Ornamental Fan","Sling","Centennial Puzzle","Happy Flower","StrikeDummy"],"acts_visited":["Exordium","TheCity","TheBeyond","TheEnding"],"potions_floor_usage":[54,55,55],"damage_taken":[{"damage":0.0,"enemies":"Cultist","floor":1.0,"turns":4.0},{"damage":1.0,"enemies":"2 Louse","floor":2.0,"turns":2.0},{"damage":1.0,"enemies":"Jaw Worm","floor":3.0,"turns":4.0},{"damage":0.0,"enemies":"Exordium Thugs","floor":5.0,"turns":5.0},{"damage":28.0,"enemies":"3 Sentries","floor":7.0,"turns":14.0},{"damage":3.0,"enemies":"Large Slime","floor":8.0,"turns":7.0},{"damage":8.0,"enemies":"Red Slaver","floor":10.0,"turns":4.0},{"damage":18.0,"enemies":"Gremlin Nob","floor":11.0,"turns":4.0},{"damage":4.0,"enemies":"Lots of Slimes","floor":14.0,"turns":3.0},{"damage":0.0,"enemies":"Slime Boss","floor":16.0,"turns":2.0},{"damage":0.0,"enemies":"Spheric Guardian","floor":18.0,"turns":4.0},{"damage":5.0,"enemies":"3 Byrds","floor":21.0,"turns":4.0},{"damage":17.0,"enemies":"Shelled Parasite and Fungi","floor":22.0,"turns":4.0},{"damage":0.0,"enemies":"Gremlin Leader","floor":23.0,"turns":5.0},{"damage":0.0,"enemies":"Cultist and Chosen","floor":24.0,"turns":5.0},{"damage":38.0,"enemies":"Slavers","floor":27.0,"turns":6.0},{"damage":26.0,"enemies":"Gremlin Leader","floor":31.0,"turns":6.0},{"damage":11.0,"enemies":"Collector","floor":33.0,"turns":7.0},{"damage":0.0,"enemies":"Orb Walker","floor":35.0,"turns":1.0},{"damage":13.0,"enemies":"3 Shapes","floor":38.0,"turns":2.0},{"damage":0.0,"enemies":"Jaw Worm Horde","floor":39.0,"turns":2.0},{"damage":2.0,"enemies":"Nemesis","floor":40.0,"turns":3.0},{"damage":5,"enemies":"Giant Head","floor":44,"turns":4},{"damage":31,"enemies":"Nemesis","floor":46,"turns":5},{"damage":5,"enemies":"4 Shapes","floor":47,"turns":3},{"damage":0,"enemies":"Reptomancer","floor":48,"turns":3},{"damage":60,"enemies":"Awakened One","floor":50,"turns":6},{"damage":0,"enemies":"Shield and Spear","floor":54,"turns":3},{"damage":23,"enemies":"The Heart","floor":55,"turns":6}],"seed_played":"2707834831311836149","potions_obtained":[{"floor":2.0,"key":"Swift Potion"},{"floor":3.0,"key":"Fire Potion"},{"floor":8.0,"key":"SteroidPotion"},{"floor":10.0,"key":"AttackPotion"},{"floor":19.0,"key":"ColorlessPotion"},{"floor":19.0,"key":"ColorlessPotion"},{"floor":27.0,"key":"Dexterity Potion"},{"floor":31.0,"key":"Weak Potion"},{"floor":35.0,"key":"Weak Potion"},{"floor":54,"key":"GamblersBrew"}],"is_trial":false,"path_per_floor":["M","M","M","$","M","R","E","M","T","M","E","R","$","M","R","B",null,"M","?","$","M","M","E","M","$","T","E","R","$","?","E","R","B",null,"M","?","$","M","M","E","$","R","T","E","$","E","M","E","R","B",null,"R","$","E","B",null],"character_chosen":"THE_SERVANT","items_purchased":["Prayer Wheel","ClockworkSouvenir","Chemical X","Comet","SkillPotion","BottledTime","Broom","WingedGreaves","Boot","Gouge","Omamori","Bird Faced Urn","Solidify","SkillPotion","Bag of Preparation","Akabeko","ForgedInTime","Bandage Up","Orrery","Letter Opener","Pen Nib","HandDrill","Panache","Question Card","Kunai","Toxic Egg 2","Blood Vial","White Beast Statue","Sling","Centennial Puzzle","Happy Flower"],"campfire_rested":0,"item_purchase_floors":[4,4,13,13,13,13,13,20,20,20,25,25,25,25,29,29,29,29,37,37,37,41,41,45,45,45,45,45,53,53,53],"current_hp_per_floor":[65,64,63,63,63,63,35,32,32,24,11,11,11,7,7,17,65,65,65,65,60,43,48,61,61,61,31,31,31,15,19,19,32,67,71,71,75,73,77,77,77,77,77,81,81,68,87,89,89,52,89,89,89,89,89],"gold":26,"neow_bonus":"RANDOM_COMMON_RELIC","is_daily":false,"chose_seed":false,"campfire_upgraded":6,"win_rate":0.0,"timestamp":1611606084,"path_taken":["M","?","M","$","M","R","E","M","T","M","E","R","$","M","R","BOSS","M","?","?","M","?","E","M","$","T","E","R","$","?","E","R","BOSS","M","?","$","M","M","E","$","R","T","E","$","E","M","E","R","BOSS","R","$","E","BOSS"],"items_purchased_type":["Relic","Relic","Relic","Card","Potion","Card","Relic","Relic","Relic","Card","Relic","Relic","Card","Potion","Relic","Relic","Card","Card","Relic","Relic","Relic","Relic","Card","Relic","Relic","Relic","Relic","Relic","Relic","Relic","Relic"],"build_version":"2020-12-22","purchased_purges":8,"victory":true,"max_hp_per_floor":[65,65,65,65,65,65,65,65,65,65,65,65,65,65,65,65,65,65,65,65,65,65,65,65,65,65,65,65,65,65,67,67,67,67,71,71,75,75,77,79,79,79,79,81,81,83,87,89,89,89,89,89,89,89,89],"card_choices":[{"not_picked":["Rewind","DualDimension"],"picked":"BottledTime","floor":1.0},{"not_picked":["Revamp","Ricochet"],"picked":"Misdirection","floor":2.0},{"not_picked":["StarChef","MoonPhase"],"picked":"SurpressingFire","floor":3.0},{"not_picked":["Ricochet","ShatteredReality"],"picked":"BestPractice","floor":5.0},{"not_picked":["Alleviate","Ricochet"],"picked":"SurpressingFire","floor":5.0},{"not_picked":["TimeWarp","BestPractice"],"picked":"BottledTime","floor":7.0},{"not_picked":["BottledTime","DoubleEdge"],"picked":"Rearm","floor":8.0},{"not_picked":["Collapse","MoonPhase"],"picked":"TimeWarp","floor":8.0},{"not_picked":["FanOfKnives","ForgedInTime"],"picked":"Starlight","floor":10.0},{"not_picked":["Spin","Rewind"],"picked":"FastForward","floor":10.0},{"not_picked":["DoubleEdge","ShiftingGears"],"picked":"Moonlight","floor":11.0},{"not_picked":["FanOfKnives","Rewind"],"picked":"Potential","floor":14.0},{"not_picked":["TimeWarp","Revamp","ShatteredReality"],"picked":"SKIP","floor":14.0},{"not_picked":["Duplication","Solidify"],"picked":"Initiator","floor":16.0},{"not_picked":["Unruled","Spin+1"],"picked":"RealityMarble+1","floor":18.0},{"not_picked":["Collapse","Rewind","DoubleEdge"],"picked":"SKIP","floor":18.0},{"not_picked":["DoubleEdge","Solidify"],"picked":"Potential+1","floor":21.0},{"not_picked":["FastForward","ShiftingGears"],"picked":"Alleviate","floor":21.0},{"not_picked":["Replace+1","FastForward+1"],"picked":"SpecialFormula","floor":22.0},{"not_picked":["Rearm","BestPractice"],"picked":"BottledTime","floor":22.0},{"not_picked":["Alleviate","Replace"],"picked":"Advance","floor":23.0},{"not_picked":["Rewind","Unruled+1","StarChef"],"picked":"SKIP","floor":24.0},{"not_picked":["Ricochet","Potential","Duplication"],"picked":"SKIP","floor":24.0},{"not_picked":["Rewind+1","Starlight"],"picked":"TimeWarp+1","floor":27.0},{"not_picked":["ShatteredReality","RealityMarble","Shuttle"],"picked":"Singing Bowl","floor":31.0},{"not_picked":["Deny","ForgedInTime"],"picked":"FloweringNight","floor":33.0},{"not_picked":["Rearm","Alleviate","TimeWarp+1"],"picked":"Singing Bowl","floor":35.0},{"not_picked":["Rewind","Ricochet+1","DoubleEdge+1"],"picked":"Singing Bowl","floor":35.0},{"not_picked":["BottledTime+1","SpecialFormula"],"picked":"TheWorld","floor":37.0},{"not_picked":["Potential+1","Snipe+1"],"picked":"Revamp+1","floor":37.0},{"not_picked":["Spin+1","ReturningBlade+1"],"picked":"SilverBlades+1","floor":37.0},{"not_picked":["Rewind+1","Potential","ReturningBlade+1"],"picked":"Singing Bowl","floor":37.0},{"not_picked":["Replace+1","Read","Defy"],"picked":"Singing Bowl","floor":37.0},{"not_picked":["Rewind","Rearm"],"picked":"Comet+1","floor":38.0},{"not_picked":["Manipulate+1","FastForward+1"],"picked":"DualDimension+1","floor":38.0},{"not_picked":["Replace","SpecialFormula+1"],"picked":"StarChef+1","floor":39.0},{"not_picked":["Comet","Potential+1","Sabotage+1"],"picked":"Singing Bowl","floor":39.0},{"not_picked":["ReturningBlade+1","WasteNot","ForgedInTime"],"picked":"Singing Bowl","floor":40.0},{"not_picked":["Spin+1","Starlight+1","Potential"],"picked":"Singing Bowl","floor":44},{"not_picked":["Revamp+1","FastForward+1","Read+1","BottledTime+1"],"picked":"Singing Bowl","floor":46},{"not_picked":["Starlight","Rearm+1","StarChef","ForgedInTime+1"],"picked":"Singing Bowl","floor":47},{"not_picked":["Snipe","StarChef","Replace+1","Reset+1"],"picked":"Singing Bowl","floor":47},{"not_picked":["Replace+1","SpecialFormula+1","Ricochet+1","MoonPhase+1"],"picked":"Singing Bowl","floor":48},{"not_picked":["DoubleEdge","DualDimension+1","FanOfKnives"],"picked":"FlawlessForm","floor":54}],"player_experience":662333,"relics_obtained":[{"floor":7.0,"key":"War Paint"},{"floor":9.0,"key":"Toy Ornithopter"},{"floor":11.0,"key":"Anchor"},{"floor":23.0,"key":"Juzu Bracelet"},{"floor":26.0,"key":"Singing Bowl"},{"floor":27.0,"key":"Shovel"},{"floor":30.0,"key":"Nilry\u0027s Codex"},{"floor":31.0,"key":"Whetstone"},{"floor":40.0,"key":"Vajra"},{"floor":44,"key":"The Courier"},{"floor":46,"key":"MealTicket"},{"floor":48,"key":"Old Coin"},{"floor":52,"key":"Ornamental Fan"},{"floor":54,"key":"StrikeDummy"}],"event_choices":[{"damage_healed":0.0,"max_hp_gain":0.0,"max_hp_loss":0.0,"gold_gain":0.0,"event_name":"Lab","player_choice":"Got Potions","floor":19.0,"gold_loss":0.0,"damage_taken":0.0},{"damage_healed":0.0,"max_hp_gain":0.0,"max_hp_loss":0.0,"gold_gain":0.0,"event_name":"Cursed Tome","player_choice":"Obtained Book","floor":30.0,"gold_loss":0.0,"damage_taken":16.0},{"damage_healed":0.0,"max_hp_gain":0.0,"max_hp_loss":0.0,"gold_gain":100.0,"event_name":"Golden Shrine","player_choice":"Pray","floor":36.0,"gold_loss":0.0,"damage_taken":0.0}],"is_beta":false,"boss_relics":[{"not_picked":["Velvet Choker","Snecko Eye"],"picked":"SacredBark"},{"not_picked":["MysterySword","Empty Cage"],"picked":"Cursed Key"}],"items_purged_floors":[4,13,20,25,29,37,41,45],"is_endless":false,"potions_floor_spawned":[2,3,8,10,14,21,23,27,31,35,38,39,40,46,47,48,54],"ascension_level":1}}