{"host":"qbnk2vkaq38efxaz","time":1611540558,"event":{"mods":["BaseMod","Minty Spire (QoL Compilation)","Relic Stats"],"gold_per_floor":[116,291,309,309,9,9,34,34,34,69,69,89,89,118,118,220,220,237,253,273,53,66,97,97,131,131,131,131,158,200,247,259,271,271],"floor_reached":33,"language":"ENG","playtime":3513,"items_purged":["Doubt","Worship"],"score":384,"play_id":"debf343b-41d5-4a3e-9b9e-12b8bec8405a","local_time":"20210124180918","is_ascension_mode":true,"campfire_choices":[{"data":"Adaptation","floor":6,"key":"SMITH"},{"floor":11,"key":"REST"},{"data":"Wallop","floor":13,"key":"SMITH"},{"floor":15,"key":"REST"},{"data":"Tantrum","floor":24,"key":"SMITH"},{"floor":32,"key":"REST"}],"circlet_count":0,"master_deck":["Eruption+1","Vigilance","EmptyFist","EmptyBody","Adaptation+1","SashWhip","ConjureBlade","Wallop+1","Establishment","WaveOfTheHand","ForeignInfluence","SandsOfTime","Nirvana","SandsOfTime","WheelKick","Judgement","Protect+1","Halt","CutThroughFate","ThirdEye","Indignation+1","JustLucky","Sanctity","Tantrum+1","ThirdEye","EmptyBody","Omniscience","DeceiveReality"],"relics":["PureWater","Pocketwatch","Tiny Chest","Bag of Preparation","Unceasing Top","Prayer Wheel","Boot","Ancient Tea Set","Pandora\u0027s Box","The Courier","Potion Belt","Frozen Egg 2","InkBottle","MawBank","Blood Vial"],"acts_visited":["Exordium","TheCity"],"potions_floor_usage":[10,20,23,30,31,31,31,33,33],"damage_taken":[{"damage":0,"enemies":"2 Louse","floor":1,"turns":2},{"damage":0,"enemies":"Small Slimes","floor":3,"turns":3},{"damage":14,"enemies":"Lagavulin","floor":7,"turns":6},{"damage":8,"enemies":"3 Sentries","floor":10,"turns":6},{"damage":0,"enemies":"Cultist","floor":12,"turns":2},{"damage":19,"enemies":"Lagavulin","floor":14,"turns":5},{"damage":4,"enemies":"Slime Boss","floor":16,"turns":6},{"damage":10,"enemies":"Shell Parasite","floor":18,"turns":3},{"damage":0,"enemies":"3 Byrds","floor":19,"turns":4},{"damage":21,"enemies":"Shelled Parasite and Fungi","floor":20,"turns":5},{"damage":0,"enemies":"Snecko","floor":22,"turns":4},{"damage":13,"enemies":"Book of Stabbing","floor":23,"turns":4},{"damage":0,"enemies":"Slavers","floor":25,"turns":4},{"damage":11,"enemies":"Gremlin Leader","floor":29,"turns":8},{"damage":0,"enemies":"Centurion and Healer","floor":30,"turns":3},{"damage":25,"enemies":"Slavers","floor":31,"turns":6},{"damage":44,"enemies":"Automaton","floor":33,"turns":6}],"seed_played":"1704257818946097965","potions_obtained":[{"floor":7,"key":"SteroidPotion"},{"floor":10,"key":"FearPotion"},{"floor":12,"key":"ColorlessPotion"},{"floor":14,"key":"Regen Potion"},{"floor":16,"key":"Swift Potion"},{"floor":22,"key":"Swift Potion"},{"floor":23,"key":"Weak Potion"},{"floor":25,"key":"BottledMiracle"},{"floor":29,"key":"Energy Potion"},{"floor":31,"key":"ColorlessPotion"}],"is_trial":false,"path_per_floor":["M","?","M","?","$","R","E","?","T","E","R","M","R","E","R","B",null,"M","M","M","$","M","E","R","E","T","?","T","E","M","E","R","B"],"character_chosen":"WATCHER","items_purchased":["Bag of Preparation","Adaptation","JustLucky","Sanctity"],"campfire_rested":3,"item_purchase_floors":[5,5,21,21],"current_hp_per_floor":[51,51,51,39,39,39,25,25,25,17,38,38,38,19,40,36,72,62,62,53,53,53,40,40,40,40,40,40,29,29,4,25,0,0],"gold":271,"neow_bonus":"ONE_RARE_RELIC","is_daily":false,"chose_seed":false,"campfire_upgraded":3,"win_rate":0.0,"timestamp":1611540558,"path_taken":["M","?","M","?","$","R","E","?","T","E","R","M","R","E","R","BOSS","M","?","M","$","M","E","R","E","T","?","?","E","M","E","R","BOSS"],"items_purchased_type":["Relic","Card","Card","Card"],"build_version":"2020-12-22","purchased_purges":2,"victory":false,"max_hp_per_floor":[72,72,72,72,72,72,72,72,72,72,72,72,72,72,72,72,72,72,72,72,72,72,72,72,72,72,72,72,72,72,72,72,72,72],"relic_stats":{"Blood Vial":2,"counters":[17,77],"Tiny Chest":1,"Prayer Wheel":6,"Pandora\u0027s Box":["Worship","WaveOfTheHand","ForeignInfluence","SandsOfTime","Nirvana","SandsOfTime","WheelKick","Judgement"],"Bag of Preparation":[30],"Boot":[57],"MawBank":48,"obtain_stats":[{"Potion Belt":25,"The Courier":23,"Bag of Preparation":5,"Frozen Egg 2":26,"Boot":10,"Ancient Tea Set":14,"MawBank":29,"Blood Vial":31,"Tiny Chest":4,"Prayer Wheel":9,"Pandora\u0027s Box":17,"PureWater":0,"Unceasing Top":7,"InkBottle":28,"Pocketwatch":0},{"Potion Belt":13,"The Courier":12,"Bag of Preparation":2,"Frozen Egg 2":13,"Boot":4,"Ancient Tea Set":6,"MawBank":14,"Blood Vial":16,"Tiny Chest":2,"Prayer Wheel":3,"Pandora\u0027s Box":7,"PureWater":0,"Unceasing Top":3,"InkBottle":13,"Pocketwatch":0},{"Potion Belt":54,"The Courier":50,"Bag of Preparation":5,"Frozen Egg 2":54,"Boot":17,"Ancient Tea Set":24,"MawBank":62,"Blood Vial":71,"Tiny Chest":5,"Prayer Wheel":11,"Pandora\u0027s Box":30,"PureWater":0,"Unceasing Top":11,"InkBottle":54,"Pocketwatch":0}],"Unceasing Top":[0],"InkBottle":[9],"Pocketwatch":[90]},"card_choices":[{"not_picked":["FlyingSleeves","ClearTheMind"],"picked":"EmptyFist","floor":1},{"not_picked":["Swivel","CrushJoints"],"picked":"EmptyBody","floor":3},{"not_picked":["EmptyFist","ForeignInfluence"],"picked":"SashWhip","floor":7},{"not_picked":["EmptyBody","EmptyFist"],"picked":"ConjureBlade","floor":10},{"not_picked":["ReachHeaven","Swivel"],"picked":"Wallop","floor":12},{"not_picked":["Nirvana","WindmillStrike","DeceiveReality"],"picked":"SKIP","floor":12},{"not_picked":["Crescendo","Collect","SandsOfTime"],"picked":"SKIP","floor":14},{"not_picked":["Brilliance","Devotion"],"picked":"Establishment","floor":16},{"not_picked":["EmptyFist+1","EmptyBody"],"picked":"Protect+1","floor":18},{"not_picked":["SashWhip+1","EmptyFist"],"picked":"Halt","floor":18},{"not_picked":["FollowUp","DeusExMachina"],"picked":"CutThroughFate","floor":19},{"not_picked":["ClearTheMind","BowlingBash","WindmillStrike+1"],"picked":"SKIP","floor":19},{"not_picked":["ClearTheMind","Consecrate"],"picked":"ThirdEye","floor":20},{"not_picked":["MentalFortress","FlurryOfBlows"],"picked":"Indignation+1","floor":20},{"not_picked":["PathToVictory+1","InnerPeace"],"picked":"Tantrum","floor":22},{"not_picked":["Evaluate","BattleHymn"],"picked":"ThirdEye","floor":22},{"not_picked":["PathToVictory+1","FlurryOfBlows"],"picked":"EmptyBody","floor":23},{"not_picked":["Evaluate","LikeWater"],"picked":"Omniscience","floor":25},{"not_picked":["InnerPeace+1","EmptyMind"],"picked":"DeceiveReality","floor":29},{"not_picked":["Sanctity","BowlingBash","EmptyFist"],"picked":"SKIP","floor":30},{"not_picked":["Conclude","Prostrate+1","PathToVictory"],"picked":"SKIP","floor":30},{"not_picked":["FlurryOfBlows","CrushJoints","ForeignInfluence"],"picked":"SKIP","floor":31}],"player_experience":134124,"relics_obtained":[{"floor":7,"key":"Unceasing Top"},{"floor":9,"key":"Prayer Wheel"},{"floor":10,"key":"Boot"},{"floor":14,"key":"Ancient Tea Set"},{"floor":23,"key":"The Courier"},{"floor":25,"key":"Potion Belt"},{"floor":26,"key":"Frozen Egg 2"},{"floor":28,"key":"InkBottle"},{"floor":29,"key":"MawBank"},{"floor":31,"key":"Blood Vial"}],"event_choices":[{"damage_healed":0,"gold_gain":175,"player_choice":"AGREE","damage_taken":0,"max_hp_gain":0,"max_hp_loss":0,"event_name":"Liars Game","floor":2,"gold_loss":0,"cards_obtained":["Doubt"]},{"damage_healed":0,"gold_gain":0,"player_choice":"Success","damage_taken":12,"relics_obtained":["Tiny Chest"],"max_hp_gain":0,"max_hp_loss":0,"event_name":"Scrap Ooze","floor":4,"gold_loss":0},{"damage_healed":0,"gold_gain":0,"player_choice":"Forge","damage_taken":0,"max_hp_gain":0,"max_hp_loss":0,"event_name":"Accursed Blacksmith","floor":8,"gold_loss":0,"cards_upgraded":["Eruption"]},{"damage_healed":0,"gold_gain":0,"player_choice":"Ignored","damage_taken":0,"max_hp_gain":0,"max_hp_loss":0,"event_name":"Vampires","floor":27,"gold_loss":0}],"is_beta":false,"boss_relics":[{"not_picked":["SacredBark","Coffee Dripper"],"picked":"Pandora\u0027s Box"}],"items_purged_floors":[5,21],"is_endless":false,"potions_floor_spawned":[7,10,12,14,16,22,23,25,29,31],"killed_by":"Automaton","ascension_level":1}}