{"host":"hbel9g7s7ibv8po6","time":1611581884,"event":{"mods":["Act Like it!","BaseMod","Duelist Mod","Minty Spire (QoL Compilation)","StSLib"],"gold_per_floor":[138,213,223,223,235,235,270,270,293,320,339,339,339,359,359,359,359],"floor_reached":16,"language":"ENG","playtime":961,"items_purged":[],"score":154,"play_id":"c6e905a6-64f0-4ba3-825d-e590cd3efc13","local_time":"20210125213804","is_ascension_mode":true,"campfire_choices":[{"data":"theDuelist:ShallowGrave","floor":6.0,"key":"SMITH"},{"data":"theDuelist:FuryFire","floor":8.0,"key":"SMITH"},{"data":"Discovery","floor":12.0,"key":"SMITH"},{"data":"theDuelist:GhostSister","floor":15,"key":"SMITH"}],"circlet_count":0,"master_deck":["theDuelist:ZombieCorpse","theDuelist:ZombieCorpse","theDuelist:ZombieCorpse","theDuelist:ArchfiendZombieSkull","theDuelist:ArmoredZombie","theDuelist:ArmoredZombie","theDuelist:ClownZombie","theDuelist:ClownZombie","theDuelist:ShallowGrave+1","theDuelist:SkullConductor","theDuelist:TutanMask","theDuelist:FuryFire+1","theDuelist:PatricianDarkness","Discovery+1"],"relics":["theDuelist:MillenniumPuzzle","theDuelist:CardPoolRelic","theDuelist:CardPoolBasicRelic","theDuelist:BoosterPackPoolRelic","theDuelist:CardPoolAddRelic","theDuelist:CardPoolMinusRelic","theDuelist:CardPoolSaveRelic","theDuelist:CardPoolOptionsRelic","Strawberry","Akabeko","Omamori","theDuelist:SummonAnchor","Eternal Feather"],"acts_visited":[],"potions_floor_usage":[16],"damage_taken":[{"damage":0.0,"enemies":"Small Slimes","floor":1.0,"turns":4.0},{"damage":12.0,"enemies":"Jaw Worm","floor":3.0,"turns":4.0},{"damage":0.0,"enemies":"Cultist","floor":5.0,"turns":4.0},{"damage":26.0,"enemies":"Gremlin Nob","floor":7.0,"turns":4.0},{"damage":4.0,"enemies":"3 Sentries","floor":10.0,"turns":6.0},{"damage":5.0,"enemies":"Exordium Thugs","floor":11.0,"turns":2.0},{"damage":0,"enemies":"Blue Slaver","floor":14,"turns":2},{"damage":27,"enemies":"The Guardian","floor":16,"turns":9}],"seed_played":"8571172197799081763","potions_obtained":[{"floor":3.0,"key":"theDuelist:BottledKuriboh"},{"floor":4.0,"key":"theDuelist:Bonebrew"},{"floor":4.0,"key":"theDuelist:SoulPotion"},{"floor":4.0,"key":"theDuelist:DebuffFuryPotion"}],"is_trial":false,"path_per_floor":["M","?","M","?","M","R","E","R","T","E","M","R","T","M","R","B"],"character_chosen":"THE_DUELIST","items_purchased":[],"campfire_rested":0,"item_purchase_floors":[],"current_hp_per_floor":[79,68,56,56,56,56,30,30,30,26,21,21,21,21,27,0,0],"gold":359,"neow_bonus":"RANDOM_COMMON_RELIC","is_daily":false,"chose_seed":false,"campfire_upgraded":4,"win_rate":0.0,"timestamp":1611581884,"path_taken":["M","?","M","?","M","R","E","R","T","E","?","R","?","M","R","BOSS"],"items_purchased_type":[],"build_version":"2020-12-22","purchased_purges":0,"victory":false,"max_hp_per_floor":[87,87,87,87,87,87,87,87,87,87,87,87,87,87,87,87,87],"card_choices":[{"not_picked":["theDuelist:RebornZombie","theDuelist:ShiranuiSpectralsword","theDuelist:PMCaptor","theDuelist:ShiranuiSwordmaster"],"picked":"theDuelist:FuryFire","floor":1.0},{"not_picked":["theDuelist:SuperheavyOgre","theDuelist:HazyFlameHydra","theDuelist:DarkTinker","theDuelist:Dewdark","theDuelist:GravityBlaster"],"picked":"SKIP","floor":3.0},{"not_picked":["theDuelist:SkullConductor","theDuelist:ClownZombie","theDuelist:ArchfiendZombieSkull","theDuelist:ArmoredZombie"],"picked":"theDuelist:PatricianDarkness","floor":5.0},{"not_picked":["theDuelist:DarkTinker","theDuelist:MagnumShield","theDuelist:SuperheavyOgre","theDuelist:FusionTag","theDuelist:GaiaFierce"],"picked":"SKIP","floor":7.0},{"not_picked":["theDuelist:GishkiMarker","theDuelist:Skystarray","theDuelist:AutorokketDragon","theDuelist:BlackPendant"],"picked":"theDuelist:GhostSister","floor":10.0},{"not_picked":["Bandage Up","Dark Shackles","Good Instincts"],"picked":"Discovery","floor":11.0},{"not_picked":["theDuelist:Dewdark","theDuelist:GaiaFierce","theDuelist:SummoningSwarm","theDuelist:HazyFlameHydra","theDuelist:CyberShark"],"picked":"SKIP","floor":14}],"player_experience":142630,"relics_obtained":[{"floor":7.0,"key":"Akabeko"},{"floor":9.0,"key":"Omamori"},{"floor":10.0,"key":"theDuelist:SummonAnchor"},{"floor":13.0,"key":"Eternal Feather"}],"event_choices":[{"damage_healed":0.0,"max_hp_gain":0.0,"max_hp_loss":0.0,"gold_gain":75.0,"event_name":"World of Goop","player_choice":"Gather Gold","floor":2.0,"gold_loss":0.0,"damage_taken":11.0},{"damage_healed":0.0,"max_hp_gain":0.0,"max_hp_loss":0.0,"gold_gain":0.0,"event_name":"Lab","player_choice":"Got Potions","floor":4.0,"gold_loss":0.0,"damage_taken":0.0}],"is_beta":false,"boss_relics":[],"items_purged_floors":[],"is_endless":false,"potions_floor_spawned":[3,5,7,14],"killed_by":"The Guardian","ascension_level":8}}