{"host":"3zb3nk4wvq0dtbuh","time":1611576421,"event":{"mods":["AchievementEnabler","BaseMod","Lobotomy","Minty Spire (QoL Compilation)","Quick Restart","StSLib","SuperFastMode","The Blackbeard"],"gold_per_floor":[116,216,230,230,243,243,261,281,281,297,313,313,324,244,244,244,244],"floor_reached":16,"language":"ZHS","playtime":490,"items_purged":[],"score":96,"play_id":"11fb5b30-9a6c-41d2-9f23-4dbe27a88903","local_time":"20210125200701","is_ascension_mode":false,"campfire_choices":[{"data":"Doppelganger","floor":6,"key":"SMITH"},{"data":"Calculated Gamble","floor":12,"key":"SMITH"},{"data":"Finisher","floor":15,"key":"SMITH"}],"circlet_count":0,"master_deck":["Strike_G","Strike_G","Strike_G","Strike_G","Defend_G","Defend_G","Defend_G","Defend_G","Defend_G","Survivor","Neutralize","Flying Knee","Outmaneuver","Doppelganger+1","Underhanded Strike","Dash","Crippling Poison","Acrobatics","Calculated Gamble+1","Unload","Finisher+1"],"relics":["Snecko Eye"],"acts_visited":["Exordium"],"potions_floor_usage":[],"damage_taken":[{"damage":0,"enemies":"Small Slimes","floor":1,"turns":4},{"damage":2,"enemies":"Cultist","floor":3,"turns":4},{"damage":3,"enemies":"Jaw Worm","floor":5,"turns":3},{"damage":2,"enemies":"Blue Slaver","floor":7,"turns":4},{"damage":0,"enemies":"3 Louse","floor":8,"turns":4},{"damage":2,"enemies":"Exordium Thugs","floor":10,"turns":4},{"damage":0,"enemies":"Looter","floor":11,"turns":3},{"damage":0,"enemies":"Lots of Slimes","floor":13,"turns":2},{"damage":45,"enemies":"Hexaghost","floor":16,"turns":14}],"seed_played":"-6039826754115862646","potions_obtained":[{"floor":5,"key":"SmokeBomb"},{"floor":8,"key":"SkillPotion"},{"floor":10,"key":"SpeedPotion"}],"is_trial":false,"path_per_floor":["M","?","M","?","M","R","M","M","T","M","M","R","M","$","R","B"],"character_chosen":"THE_SILENT","items_purchased":["Finisher"],"campfire_rested":0,"item_purchase_floors":[14],"current_hp_per_floor":[70,70,68,68,65,65,63,63,63,61,61,61,61,61,61,16,16],"gold":244,"neow_bonus":"BOSS_RELIC","is_daily":false,"chose_seed":false,"campfire_upgraded":3,"win_rate":0.0,"timestamp":1611576421,"path_taken":["M","?","?","?","M","R","M","M","T","M","M","R","M","$","R","BOSS"],"items_purchased_type":["Card"],"build_version":"2020-12-22","purchased_purges":0,"victory":false,"max_hp_per_floor":[70,70,70,70,70,70,70,70,70,70,70,70,70,70,70,70,70],"card_choices":[{"not_picked":["Concentrate","Bane"],"picked":"Flying Knee","floor":1},{"not_picked":["Reflex","Slice"],"picked":"Outmaneuver","floor":3},{"not_picked":["Dagger Spray","Prepared"],"picked":"Underhanded Strike","floor":5},{"not_picked":["Expertise","Concentrate"],"picked":"Dash","floor":7},{"not_picked":["Deflect","Noxious Fumes"],"picked":"Crippling Poison","floor":8},{"not_picked":["Endless Agony","Bane"],"picked":"Acrobatics","floor":10},{"not_picked":["Dodge and Roll","Dagger Throw"],"picked":"Calculated Gamble","floor":11},{"not_picked":["Bane","Flechettes"],"picked":"Unload","floor":13}],"player_experience":22616,"relics_obtained":[],"event_choices":[{"damage_healed":0,"gold_gain":100,"player_choice":"Pray","damage_taken":0,"max_hp_gain":0,"max_hp_loss":0,"event_name":"Golden Shrine","floor":2,"gold_loss":0},{"damage_healed":0,"gold_gain":0,"cards_transformed":["Strike_G"],"player_choice":"Change","damage_taken":0,"max_hp_gain":0,"max_hp_loss":0,"event_name":"Living Wall","floor":4,"gold_loss":0,"cards_obtained":["Doppelganger"]}],"is_beta":false,"boss_relics":[],"items_purged_floors":[],"is_endless":false,"potions_floor_spawned":[5,8,10,13],"killed_by":"Hexaghost","ascension_level":0}}