{"host":"3a1ypf1irl30q4k8","time":1611581283,"event":{"mods":["AchievementEnabler","BaseMod","Bestiary","Colored Map","Minty Spire (QoL Compilation)","Relic Stats"],"gold_per_floor":[117,132,152,170,183,217,234,248,271,289,307,307,322,342,342,342,342],"floor_reached":16,"language":"ENG","playtime":3422,"items_purged":[],"score":134,"play_id":"2be80ced-00fd-4852-8d3a-e66adc883b54","local_time":"20210125132803","is_ascension_mode":true,"campfire_choices":[{"floor":12,"key":"REST"},{"floor":15,"key":"REST"}],"circlet_count":0,"master_deck":["Strike_R","Strike_R","Strike_R","Strike_R","Strike_R","Defend_R","Defend_R","Defend_R","Defend_R","Bash","Pommel Strike","Twin Strike","Armaments","Hemokinesis","Cleave","Burning Pact","True Grit","Second Wind","Dark Embrace"],"relics":["SlaversCollar","Omamori","Bag of Marbles"],"acts_visited":["Exordium"],"potions_floor_usage":[6,6,7,8,13],"damage_taken":[{"damage":2,"enemies":"2 Louse","floor":1,"turns":3},{"damage":3,"enemies":"Small Slimes","floor":2,"turns":3},{"damage":1,"enemies":"Cultist","floor":3,"turns":3},{"damage":17,"enemies":"Red Slaver","floor":4,"turns":4},{"damage":13,"enemies":"Blue Slaver","floor":5,"turns":3},{"damage":10,"enemies":"Gremlin Nob","floor":6,"turns":3},{"damage":21,"enemies":"Exordium Thugs","floor":7,"turns":4},{"damage":2,"enemies":"3 Louse","floor":8,"turns":1},{"damage":2,"enemies":"Exordium Wildlife","floor":10,"turns":1},{"damage":2,"enemies":"Blue Slaver","floor":11,"turns":5},{"damage":12,"enemies":"Gremlin Gang","floor":13,"turns":4},{"damage":9,"enemies":"Exordium Thugs","floor":14,"turns":4},{"damage":37,"enemies":"The Guardian","floor":16,"turns":8}],"seed_played":"4384253229762653397","potions_obtained":[{"floor":4,"key":"BlessingOfTheForge"},{"floor":5,"key":"Energy Potion"},{"floor":6,"key":"Block Potion"},{"floor":7,"key":"Fire Potion"},{"floor":11,"key":"Fire Potion"}],"is_trial":false,"path_per_floor":["M","M","M","M","M","E","M","M","T","M","M","R","M","M","R","B"],"character_chosen":"IRONCLAD","items_purchased":[],"campfire_rested":2,"item_purchase_floors":[],"current_hp_per_floor":[78,75,74,57,44,34,13,11,11,9,7,31,19,10,34,0,0],"gold":342,"neow_bonus":"BOSS_RELIC","is_daily":false,"chose_seed":false,"campfire_upgraded":0,"win_rate":0.0,"timestamp":1611581283,"path_taken":["M","M","M","M","M","E","M","M","T","M","M","R","M","M","R","BOSS"],"items_purchased_type":[],"build_version":"2020-12-22","purchased_purges":0,"victory":false,"max_hp_per_floor":[80,80,80,80,80,80,80,80,80,80,80,80,80,80,80,80,80],"relic_stats":{"counters":[13,46],"obtain_stats":[{"SlaversCollar":0,"Omamori":6,"Bag of Marbles":9,"Burning Blood":0},{"SlaversCollar":0,"Omamori":6,"Bag of Marbles":8,"Burning Blood":0},{"SlaversCollar":0,"Omamori":19,"Bag of Marbles":24,"Burning Blood":0}]},"card_choices":[{"not_picked":["Wild Strike","Feel No Pain"],"picked":"Pommel Strike","floor":1},{"not_picked":["Bloodletting","Metallicize"],"picked":"Twin Strike","floor":2},{"not_picked":["Iron Wave","Perfected Strike"],"picked":"Armaments","floor":3},{"not_picked":["Heavy Blade","Second Wind"],"picked":"Hemokinesis","floor":4},{"not_picked":["Iron Wave","Combust"],"picked":"Cleave","floor":5},{"not_picked":["Cleave","Twin Strike","Sword Boomerang"],"picked":"SKIP","floor":6},{"not_picked":["Body Slam","Flex"],"picked":"Burning Pact","floor":7},{"not_picked":["Iron Wave","Sentinel"],"picked":"True Grit","floor":8},{"not_picked":["Iron Wave","Anger","Twin Strike"],"picked":"SKIP","floor":10},{"not_picked":["Limit Break","Infernal Blade","Flex"],"picked":"SKIP","floor":11},{"not_picked":["Clothesline","Wild Strike"],"picked":"Second Wind","floor":13},{"not_picked":["Fire Breathing","Clash"],"picked":"Dark Embrace","floor":14}],"player_experience":1203549,"relics_obtained":[{"floor":6,"key":"Omamori"},{"floor":9,"key":"Bag of Marbles"}],"event_choices":[],"is_beta":false,"boss_relics":[],"items_purged_floors":[],"is_endless":false,"potions_floor_spawned":[4,5,6,7,11],"killed_by":"The Guardian","ascension_level":4}}