{"host":"zj59u6rib3fz4c79","time":1611583796,"event":{"mods":["AchievementEnabler","BaseMod","Bestiary","Colored Map","Colored Powertips","Highlight Path","Minty Spire (QoL Compilation)","StSLib"],"gold_per_floor":[118,137,66,66,141,171,188,206,206,306,306,336,352,352,352,454,454,464,321,333,233,233,268,268,295,370,370,380,391,401,420,420,518,518,532,578,578,593,663,663,663,663,689,702,702,737,737,748,748,748,748],"floor_reached":50,"language":"ENG","playtime":3055,"items_purged":["Strike_B","Strike_B"],"score":625,"play_id":"5e7628fa-9060-40c1-bf35-920414909c8f","local_time":"20210125080956","is_ascension_mode":true,"campfire_choices":[{"data":"Storm","floor":11,"key":"SMITH"},{"data":"Electrodynamics","floor":15,"key":"SMITH"},{"floor":24,"key":"REST"},{"data":"Loop","floor":27,"key":"SMITH"},{"floor":32,"key":"REST"},{"floor":40,"key":"RECALL"},{"floor":42,"key":"REST"},{"floor":45,"key":"REST"},{"floor":47,"key":"REST"},{"floor":49,"key":"REST"}],"circlet_count":0,"master_deck":["Defend_B","Defend_B","Defend_B","Defend_B","Zap","Dualcast","Storm+1","Barrage","FTL","Barrage","Electrodynamics+1","Ball Lightning","Seek","FTL","Loop+1","Tempest+1","Stack","Redo","Redo+1","Leap+1","Hologram+1","Electrodynamics","Dramatic Entrance","Hello World+1"],"relics":["Cracked Core","NeowsBlessing","White Beast Statue","Kunai","Meat on the Bone","Inserter","Nunchaku","Matryoshka","Bronze Scales","SacredBark","TungstenRod","Question Card","Sundial","MealTicket","Toxic Egg 2"],"acts_visited":["Exordium","TheCity","TheBeyond"],"potions_floor_usage":[8,12,12,12,12,16,16,20,20,20,23,23,23,23,28,36,36,36,44,46,46,50,50],"damage_taken":[{"damage":0,"enemies":"Cultist","floor":1,"turns":1},{"damage":0,"enemies":"Small Slimes","floor":2,"turns":1},{"damage":0,"enemies":"Gremlin Nob","floor":6,"turns":1},{"damage":2,"enemies":"2 Louse","floor":7,"turns":3},{"damage":0,"enemies":"Gremlin Gang","floor":8,"turns":1},{"damage":16,"enemies":"3 Sentries","floor":12,"turns":8},{"damage":11,"enemies":"Large Slime","floor":13,"turns":3},{"damage":0,"enemies":"Slime Boss","floor":16,"turns":4},{"damage":25,"enemies":"Shell Parasite","floor":18,"turns":5},{"damage":0,"enemies":"3 Byrds","floor":20,"turns":1},{"damage":30,"enemies":"Book of Stabbing","floor":23,"turns":3},{"damage":22,"enemies":"Gremlin Leader","floor":25,"turns":4},{"damage":20,"enemies":"Shelled Parasite and Fungi","floor":28,"turns":3},{"damage":18,"enemies":"Snecko","floor":29,"turns":4},{"damage":15,"enemies":"Snake Plant","floor":30,"turns":4},{"damage":10,"enemies":"Cultist and Chosen","floor":31,"turns":3},{"damage":44,"enemies":"Collector","floor":33,"turns":7},{"damage":7,"enemies":"3 Shapes","floor":35,"turns":3},{"damage":41,"enemies":"2 Orb Walkers","floor":36,"turns":4},{"damage":13,"enemies":"3 Darklings","floor":38,"turns":2},{"damage":17,"enemies":"Maw","floor":44,"turns":7},{"damage":69,"enemies":"Giant Head","floor":46,"turns":7},{"damage":2,"enemies":"Transient","floor":48,"turns":5},{"damage":81,"enemies":"Time Eater","floor":50,"turns":5}],"seed_played":"-1293211503237480827","potions_obtained":[{"floor":2,"key":"Explosive Potion"},{"floor":7,"key":"Dexterity Potion"},{"floor":8,"key":"EntropicBrew"},{"floor":12,"key":"Strength Potion"},{"floor":13,"key":"DistilledChaos"},{"floor":16,"key":"FocusPotion"},{"floor":18,"key":"EntropicBrew"},{"floor":20,"key":"FocusPotion"},{"floor":22,"key":"EntropicBrew"},{"floor":22,"key":"PotionOfCapacity"},{"floor":23,"key":"Dexterity Potion"},{"floor":25,"key":"SpeedPotion"},{"floor":28,"key":"Strength Potion"},{"floor":29,"key":"EssenceOfSteel"},{"floor":31,"key":"Regen Potion"},{"floor":35,"key":"Fire Potion"},{"floor":36,"key":"FocusPotion"},{"floor":38,"key":"Block Potion"},{"floor":44,"key":"LiquidMemories"},{"floor":46,"key":"Strength Potion"},{"floor":48,"key":"DuplicationPotion"}],"is_trial":false,"path_per_floor":["M","M","$","?","?","E","M","M","T","?","R","E","M","?","R","B",null,"M","$","M","$","?","E","R","E","T","R","M","M","M","M","R","B",null,"M","?","?","M","T","R","?","R","T","M","R","E","R","M","R","B"],"character_chosen":"DEFECT","items_purchased":["FTL","Loop"],"campfire_rested":6,"item_purchase_floors":[3,19],"current_hp_per_floor":[75,75,75,68,57,57,55,55,55,55,55,54,43,48,48,48,80,55,55,55,55,55,37,61,51,51,51,43,37,34,36,60,28,80,73,56,56,43,43,43,43,67,67,50,74,17,41,51,75,0,0],"gold":748,"neow_bonus":"THREE_ENEMY_KILL","is_daily":false,"chose_seed":false,"campfire_upgraded":3,"win_rate":0.0,"timestamp":1611583796,"path_taken":["M","M","$","?","?","E","M","M","T","?","R","E","?","?","R","BOSS","M","$","M","$","?","E","R","E","T","R","M","M","?","M","R","BOSS","M","?","?","M","?","R","?","R","T","M","R","E","R","?","R","BOSS"],"items_purchased_type":["Card","Card"],"build_version":"2020-12-22","purchased_purges":2,"victory":false,"max_hp_per_floor":[75,75,75,75,75,75,75,75,75,75,75,75,75,80,80,80,80,80,80,80,80,80,80,80,80,80,80,80,80,80,80,80,80,80,80,80,80,80,80,80,80,80,80,80,80,80,80,80,80,80,80],"card_choices":[{"not_picked":["Barrage","Stack"],"picked":"Storm","floor":1},{"not_picked":["Hologram","Go for the Eyes"],"picked":"Barrage","floor":2},{"not_picked":["Melter","Sweeping Beam","Streamline"],"picked":"SKIP","floor":6},{"not_picked":["Steam","Ball Lightning"],"picked":"Barrage","floor":7},{"not_picked":["Sweeping Beam","Gash","Conserve Battery"],"picked":"SKIP","floor":8},{"not_picked":["Ball Lightning","Streamline"],"picked":"Electrodynamics","floor":12},{"not_picked":["Melter","Turbo"],"picked":"Ball Lightning","floor":13},{"not_picked":["Amplify","Biased Cognition"],"picked":"Seek","floor":16},{"not_picked":["Conserve Battery","Go for the Eyes"],"picked":"FTL","floor":18},{"not_picked":["Cold Snap","Go for the Eyes","Stack"],"picked":"SKIP","floor":20},{"not_picked":["Streamline","Sweeping Beam+1"],"picked":"Tempest+1","floor":23},{"not_picked":["Turbo","Steam","Double Energy"],"picked":"SKIP","floor":25},{"not_picked":["Stack+1","Undo","Ball Lightning"],"picked":"SKIP","floor":28},{"not_picked":["BootSequence","Fusion"],"picked":"Stack","floor":29},{"not_picked":["Turbo+1","Hello World"],"picked":"Redo","floor":30},{"not_picked":["Chill+1","Gash"],"picked":"Redo+1","floor":31},{"not_picked":["Aggregate","Sweeping Beam"],"picked":"Leap+1","floor":35},{"not_picked":["Sweeping Beam","Beam Cell"],"picked":"Hologram+1","floor":36},{"not_picked":["Genetic Algorithm","BootSequence+1","Consume+1"],"picked":"SKIP","floor":38},{"not_picked":["Echo Form","Cold Snap","Chill+1","Redo"],"picked":"SKIP","floor":44},{"not_picked":["Turbo+1","FTL+1","Compile Driver"],"picked":"Hello World+1","floor":46},{"not_picked":["Beam Cell","Conserve Battery+1","Cold Snap","Stack+1"],"picked":"SKIP","floor":48}],"player_experience":68605,"relics_obtained":[{"floor":6,"key":"White Beast Statue"},{"floor":9,"key":"Kunai"},{"floor":12,"key":"Meat on the Bone"},{"floor":23,"key":"Nunchaku"},{"floor":25,"key":"Matryoshka"},{"floor":26,"key":"Bronze Scales"},{"floor":36,"key":"TungstenRod"},{"floor":39,"key":"Question Card"},{"floor":39,"key":"Sundial"},{"floor":43,"key":"MealTicket"},{"floor":46,"key":"Toxic Egg 2"}],"event_choices":[{"cards_removed":["Strike_B"],"damage_healed":0,"gold_gain":0,"player_choice":"Card Removal","damage_taken":7,"max_hp_gain":0,"max_hp_loss":0,"event_name":"Golden Wing","floor":4,"gold_loss":0},{"damage_healed":0,"gold_gain":75,"player_choice":"Gather Gold","damage_taken":11,"max_hp_gain":0,"max_hp_loss":0,"event_name":"World of Goop","floor":5,"gold_loss":0},{"damage_healed":0,"gold_gain":100,"player_choice":"Pray","damage_taken":0,"max_hp_gain":0,"max_hp_loss":0,"event_name":"Golden Shrine","floor":10,"gold_loss":0},{"damage_healed":0,"gold_gain":0,"player_choice":"Donut","damage_taken":0,"max_hp_gain":5,"max_hp_loss":0,"event_name":"Big Fish","floor":14,"gold_loss":0},{"damage_healed":0,"gold_gain":0,"player_choice":"Got Potions","damage_taken":0,"max_hp_gain":0,"max_hp_loss":0,"event_name":"Lab","floor":22,"gold_loss":0},{"damage_healed":0,"gold_gain":0,"player_choice":"Fight","damage_taken":0,"max_hp_gain":0,"max_hp_loss":0,"event_name":"Mysterious Sphere","floor":36,"gold_loss":0},{"cards_removed":["Strike_B"],"damage_healed":0,"gold_gain":0,"player_choice":"Removed Attack","damage_taken":0,"max_hp_gain":0,"max_hp_loss":0,"event_name":"Falling","floor":37,"gold_loss":0},{"damage_healed":0,"gold_gain":0,"player_choice":"2 cards matched","damage_taken":0,"max_hp_gain":0,"max_hp_loss":0,"event_name":"Match and Keep!","floor":41,"gold_loss":0,"cards_obtained":["Electrodynamics","Dramatic Entrance"]}],"is_beta":false,"boss_relics":[{"not_picked":["Coffee Dripper","Empty Cage"],"picked":"Inserter"},{"not_picked":["Cursed Key","Runic Dome"],"picked":"SacredBark"}],"items_purged_floors":[19,21],"is_endless":false,"potions_floor_spawned":[2,7,8,12,13,16,18,20,23,25,28,29,30,31,33,35,36,38,44,46,48],"killed_by":"Time Eater","ascension_level":1}}