{"host":"yyfz7fpozqrhk2m1","time":1611547076,"event":{"mods":["BaseMod","Minty Spire (QoL Compilation)"],"gold_per_floor":[118,118,133,151,165,165,199,209,290,0,11,11,11,40,40,140,140,156,174,192,192,192],"floor_reached":21,"language":"ENG","playtime":2080,"items_purged":[],"score":292,"play_id":"b3b0b6c2-ea35-49ed-a0a4-f1b1bdc0a5c8","local_time":"20210124225756","is_ascension_mode":true,"campfire_choices":[{"data":"Zap","floor":6,"key":"SMITH"},{"floor":13,"key":"REST"},{"floor":15,"key":"REST"}],"circlet_count":0,"master_deck":["Strike_B","Strike_B","Strike_B","Defend_B","Defend_B","Defend_B","Defend_B","Zap+1","Dualcast","Panacea","Turbo","Capacitor","Leap","Seek","Genetic Algorithm","Streamline","Cold Snap+1","Echo Form","Steam+1","Sweeping Beam+1"],"relics":["Cracked Core","Ginger","White Beast Statue","Molten Egg 2","StoneCalendar","Black Star"],"acts_visited":["Exordium","TheCity"],"potions_floor_usage":[16,18,19,20,20],"damage_taken":[{"damage":0,"enemies":"2 Louse","floor":1,"turns":1},{"damage":1,"enemies":"Cultist","floor":3,"turns":3},{"damage":9,"enemies":"Small Slimes","floor":4,"turns":4},{"damage":5,"enemies":"Exordium Wildlife","floor":5,"turns":4},{"damage":32,"enemies":"Lagavulin","floor":7,"turns":9},{"damage":0,"enemies":"2 Fungi Beasts","floor":8,"turns":4},{"damage":3,"enemies":"Blue Slaver","floor":11,"turns":3},{"damage":30,"enemies":"3 Sentries","floor":14,"turns":9},{"damage":0,"enemies":"Slime Boss","floor":16,"turns":7},{"damage":28,"enemies":"Shell Parasite","floor":18,"turns":7},{"damage":19,"enemies":"Chosen","floor":19,"turns":7},{"damage":20,"enemies":"Centurion and Healer","floor":20,"turns":7},{"damage":10,"enemies":"Sentry and Sphere","floor":21,"turns":3}],"seed_played":"534559804307178419","potions_obtained":[{"floor":1,"key":"GamblersBrew"},{"floor":7,"key":"Swift Potion"},{"floor":8,"key":"PowerPotion"},{"floor":11,"key":"LiquidBronze"},{"floor":16,"key":"LiquidBronze"},{"floor":18,"key":"DistilledChaos"},{"floor":19,"key":"DistilledChaos"},{"floor":20,"key":"AttackPotion"}],"is_trial":false,"path_per_floor":["M","?","M","M","M","R","E","M","T","$","M","$","R","E","R","B",null,"M","M","M","M"],"character_chosen":"DEFECT","items_purchased":["Molten Egg 2","Cold Snap+1"],"campfire_rested":2,"item_purchase_floors":[10,10],"current_hp_per_floor":[75,75,74,65,60,60,28,28,28,28,25,25,47,17,39,39,75,47,28,8,0,0],"gold":192,"neow_bonus":"RANDOM_COLORLESS","is_daily":false,"chose_seed":false,"campfire_upgraded":1,"win_rate":0.0,"timestamp":1611547076,"path_taken":["M","?","M","M","M","R","E","?","T","$","M","?","R","E","R","BOSS","M","M","?","M"],"items_purchased_type":["Relic","Card"],"build_version":"2020-12-22","purchased_purges":0,"victory":false,"max_hp_per_floor":[75,75,75,75,75,75,75,75,75,75,75,75,75,75,75,75,75,75,75,75,75,75],"card_choices":[{"not_picked":["Deep Breath","Trip"],"picked":"Panacea","floor":0},{"not_picked":["Cold Snap","Redo"],"picked":"Turbo","floor":1},{"not_picked":["Go for the Eyes","Coolheaded"],"picked":"Capacitor","floor":3},{"not_picked":["Compile Driver","Barrage"],"picked":"Leap","floor":4},{"not_picked":["Redo","Gash"],"picked":"Seek","floor":5},{"not_picked":["Compile Driver","Loop"],"picked":"Genetic Algorithm","floor":7},{"not_picked":["Compile Driver","Coolheaded"],"picked":"Streamline","floor":8},{"not_picked":["Rebound+1","Steam","Loop"],"picked":"SKIP","floor":11},{"not_picked":["Cold Snap+1","Scrape+1","Barrage+1"],"picked":"SKIP","floor":14},{"not_picked":["Buffer","Thunder Strike+1"],"picked":"Echo Form","floor":16},{"not_picked":["Barrage+1","Rebound+1","Gash+1"],"picked":"SKIP","floor":18},{"not_picked":["Loop","Streamline+1"],"picked":"Steam+1","floor":19},{"not_picked":["Cold Snap+1","Stack"],"picked":"Sweeping Beam+1","floor":20}],"player_experience":612592,"relics_obtained":[{"floor":7,"key":"Ginger"},{"floor":9,"key":"White Beast Statue"},{"floor":14,"key":"StoneCalendar"}],"event_choices":[{"cards_removed":["Strike_B"],"damage_healed":0,"gold_gain":0,"player_choice":"Purged","damage_taken":0,"max_hp_gain":0,"max_hp_loss":0,"event_name":"Purifier","floor":2,"gold_loss":0}],"is_beta":false,"boss_relics":[{"not_picked":["Runic Dome","Pandora\u0027s Box"],"picked":"Black Star"}],"items_purged_floors":[],"is_endless":false,"potions_floor_spawned":[1,7,8,11,14,16,18,19,20],"killed_by":"Sentry and Sphere","ascension_level":4}}