{"host":"820xk69ekh5gtclf","time":1611598930,"event":{"mods":["BaseMod","Custom Start","Downfall","Hermit","Minty Spire (QoL Compilation)","StSLib"],"gold_per_floor":[99,118,130,141,157,189,189,189,201,201,42,42,42,42,42],"floor_reached":13,"language":"ENG","playtime":696,"items_purged":["Doubt"],"score":89,"play_id":"7e22083b-6597-4366-b2f8-433c978115af","local_time":"20210125132210","is_ascension_mode":true,"campfire_choices":[{"floor":1,"key":"RECALL"},{"floor":8,"key":"REST"},{"data":"bronze:FineTuning","floor":12,"key":"SMITH"}],"circlet_count":0,"master_deck":["bronze:Strike","bronze:Strike","bronze:Strike","bronze:Strike","bronze:Defend","bronze:Defend","bronze:Defend","bronze:Defend","bronze:Replicate","bronze:Goto","bronze:Assembly","bronze:Iterate","bronze:Branch","bronze:Iterate","bronze:FineTuning+1","bronze:CutThrough","bronze:Flail"],"relics":["bronze:BronzeCore","Anchor","Bag of Marbles","Ornamental Fan"],"acts_visited":["Exordium"],"potions_floor_usage":[],"damage_taken":[{"damage":6,"enemies":"2 Louse","floor":2,"turns":4},{"damage":5,"enemies":"Small Slimes","floor":3,"turns":3},{"damage":0,"enemies":"Cultist","floor":4,"turns":3},{"damage":7,"enemies":"2 Fungi Beasts","floor":5,"turns":3},{"damage":36,"enemies":"Gremlin Nob","floor":6,"turns":5},{"damage":0,"enemies":"Blue Slaver","floor":9,"turns":1},{"damage":0,"enemies":"downfall:FleeingMerchant","floor":11,"turns":4},{"damage":27,"enemies":"Lagavulin","floor":13,"turns":5}],"seed_played":"6401484194801251939","potions_obtained":[{"floor":4,"key":"SpeedPotion"}],"is_trial":false,"path_per_floor":["R","M","M","M","M","E","T","R","M","?","$","R","E"],"character_chosen":"THE_AUTOMATON","items_purchased":["bronze:Flail"],"campfire_rested":1,"item_purchase_floors":[11],"current_hp_per_floor":[70,64,59,59,52,16,16,37,37,19,19,19,0,0,0],"gold":42,"neow_bonus":"THREE_RARE_CARDS","is_daily":false,"chose_seed":false,"campfire_upgraded":1,"win_rate":0.0,"timestamp":1611598930,"path_taken":["R","M","M","M","M","E","T","R","M","?","$","R","E"],"items_purchased_type":["Card"],"build_version":"2020-12-22","purchased_purges":1,"victory":false,"max_hp_per_floor":[70,70,70,70,70,70,70,70,70,70,70,70,70,70,70],"card_choices":[{"not_picked":["bronze:CleanCode","bronze:ShipIt"],"picked":"bronze:Assembly","floor":0},{"not_picked":["bronze:Turbo","bronze:Return"],"picked":"bronze:Iterate","floor":2},{"not_picked":["bronze:BuggyMess","bronze:Shield"],"picked":"bronze:Branch","floor":3},{"not_picked":["bronze:BurnOut","bronze:ChildClass"],"picked":"bronze:Iterate","floor":4},{"not_picked":["bronze:GetLatest","bronze:DarkDash"],"picked":"bronze:FineTuning","floor":5},{"not_picked":["bronze:Constructor","bronze:NullPointer","bronze:OilSpill"],"picked":"SKIP","floor":6},{"not_picked":["bronze:Separator","bronze:ChildClass"],"picked":"bronze:CutThrough","floor":9},{"not_picked":["bronze:Repair","bronze:DigitalCarnage","bronze:ForceShield"],"picked":"SKIP","floor":11}],"player_experience":2396524,"relics_obtained":[{"floor":6,"key":"Anchor"},{"floor":7,"key":"Bag of Marbles"}],"event_choices":[{"damage_healed":0,"gold_gain":0,"player_choice":"Success","damage_taken":18,"relics_obtained":["Ornamental Fan"],"max_hp_gain":0,"max_hp_loss":0,"event_name":"Scrap Ooze","floor":10,"gold_loss":0}],"is_beta":false,"boss_relics":[],"items_purged_floors":[11],"is_endless":false,"potions_floor_spawned":[4],"killed_by":"Lagavulin","ascension_level":1}}