{"host":"49c2zf0lajbcs427","time":1611558904,"event":{"mods":["AchievementEnabler","BaseMod","Colored Map","Colored Powertips","Highlight Path","Key Reminder","Minty Spire (QoL Compilation)","Relic Stats","StSLib"],"gold_per_floor":[113,113,130,33,53,53,63,95,95,113,128,128,158,176,176,276,276,291,302,319,229,244,244,278,278,278,306,323,423,436,436,436],"floor_reached":31,"language":"ENG","playtime":2267,"items_purged":[],"score":418,"play_id":"c88a6a97-7869-417e-8355-4e2af8f9c1cb","local_time":"20210125201503","is_ascension_mode":true,"campfire_choices":[{"data":"Barrage","floor":6,"key":"SMITH"},{"floor":12,"key":"REST"},{"floor":15,"key":"REST"},{"data":"Reboot","floor":23,"key":"SMITH"},{"floor":25,"key":"REST"}],"circlet_count":0,"master_deck":["Strike_B","Strike_B","Defend_B","Defend_B","Defend_B","Defend_B","Zap","Dualcast","Cold Snap","Streamline","Barrage+1","Loop","Coolheaded","Cold Snap","Cold Snap","Reboot+1","Hologram","Blizzard","Rainbow","Cold Snap","Defragment+1","Undo+1","Chill","Glacier","Turbo+1","White Noise","Cold Snap"],"relics":["Inserter","Art of War","Blue Candle","Question Card","Runic Dome","Unceasing Top","keyreminder:keyreminder","Ornamental Fan","HornCleat"],"acts_visited":["Exordium","TheCity"],"potions_floor_usage":[16,16,16,22,27,31,31],"damage_taken":[{"damage":4,"enemies":"Jaw Worm","floor":1,"turns":5},{"damage":2,"enemies":"Small Slimes","floor":3,"turns":5},{"damage":0,"enemies":"Cultist","floor":5,"turns":5},{"damage":9,"enemies":"3 Louse","floor":7,"turns":4},{"damage":29,"enemies":"3 Sentries","floor":8,"turns":8},{"damage":0,"enemies":"Exordium Thugs","floor":10,"turns":4},{"damage":3,"enemies":"2 Fungi Beasts","floor":11,"turns":3},{"damage":15,"enemies":"Lagavulin","floor":13,"turns":7},{"damage":10,"enemies":"Large Slime","floor":14,"turns":7},{"damage":7,"enemies":"Slime Boss","floor":16,"turns":8},{"damage":14,"enemies":"Chosen","floor":18,"turns":5},{"damage":5,"enemies":"Spheric Guardian","floor":19,"turns":4},{"damage":18,"enemies":"Shelled Parasite and Fungi","floor":20,"turns":6},{"damage":0,"enemies":"Sentry and Sphere","floor":22,"turns":5},{"damage":9,"enemies":"Gremlin Leader","floor":24,"turns":8},{"damage":19,"enemies":"Slavers","floor":27,"turns":7},{"damage":4,"enemies":"Snecko","floor":28,"turns":6},{"damage":8,"enemies":"Cultist and Chosen","floor":30,"turns":10},{"damage":9,"enemies":"Snake Plant","floor":31,"turns":1}],"seed_played":"-3228547721718391817","potions_obtained":[{"floor":1,"key":"FearPotion"},{"floor":8,"key":"Swift Potion"},{"floor":14,"key":"Strength Potion"},{"floor":18,"key":"DuplicationPotion"},{"floor":19,"key":"GamblersBrew"},{"floor":24,"key":"BlessingOfTheForge"},{"floor":28,"key":"LiquidBronze"},{"floor":30,"key":"Weak Potion"}],"is_trial":false,"path_per_floor":["M","?","M","$","M","R","M","E","T","M","M","R","E","M","R","B",null,"M","M","M","?","M","R","E","R","T","E","M","?","M","M"],"character_chosen":"DEFECT","items_purchased":["Strength Potion","Barrage"],"campfire_rested":3,"item_purchase_floors":[4,4],"current_hp_per_floor":[64,57,55,55,55,55,46,17,17,17,14,36,21,11,33,26,63,49,44,26,26,26,26,17,39,39,20,16,16,8,0,0],"gold":436,"neow_bonus":"BOSS_RELIC","is_daily":false,"chose_seed":false,"campfire_upgraded":2,"win_rate":0.0,"timestamp":1611558903,"path_taken":["M","?","M","$","M","R","M","E","T","M","M","R","E","M","R","BOSS","M","M","M","?","?","R","E","R","T","E","M","?","M","M"],"items_purchased_type":["Potion","Card"],"build_version":"2020-12-22","purchased_purges":0,"victory":false,"max_hp_per_floor":[75,75,75,75,75,75,75,75,75,75,75,75,75,75,75,75,75,75,75,75,75,75,75,75,75,75,75,75,75,75,75,75],"relic_stats":{"Inserter":[54],"counters":[19,108],"Ornamental Fan":[8],"Blue Candle":[0],"Art of War":[12],"Question Card":10,"obtain_stats":[{"keyreminder:keyreminder":24,"Runic Dome":17,"Inserter":0,"HornCleat":27,"Ornamental Fan":26,"Blue Candle":9,"Art of War":8,"Cracked Core":0,"Question Card":13,"Unceasing Top":24},{"keyreminder:keyreminder":15,"Runic Dome":10,"Inserter":0,"HornCleat":16,"Ornamental Fan":15,"Blue Candle":5,"Art of War":5,"Cracked Core":0,"Question Card":8,"Unceasing Top":15},{"keyreminder:keyreminder":84,"Runic Dome":56,"Inserter":0,"HornCleat":91,"Ornamental Fan":84,"Blue Candle":27,"Art of War":27,"Cracked Core":0,"Question Card":41,"Unceasing Top":84}],"Unceasing Top":[0]},"card_choices":[{"not_picked":["Skim","Gash"],"picked":"Cold Snap","floor":1},{"not_picked":["Chill","Gash"],"picked":"Streamline","floor":3},{"not_picked":["Rebound","Chaos"],"picked":"Loop","floor":5},{"not_picked":["Skim","Doom and Gloom"],"picked":"Coolheaded","floor":7},{"not_picked":["Skim","Blizzard"],"picked":"Cold Snap","floor":8},{"not_picked":["Beam Cell","Compile Driver"],"picked":"Cold Snap","floor":10},{"not_picked":["Coolheaded","Rebound"],"picked":"Reboot","floor":11},{"not_picked":["Rebound","Go for the Eyes"],"picked":"Hologram","floor":13},{"not_picked":["Sweeping Beam","Rebound","Reinforced Body"],"picked":"Blizzard","floor":14},{"not_picked":["Thunder Strike","Hyperbeam","Buffer"],"picked":"Rainbow","floor":16},{"not_picked":["Leap+1","Streamline+1","Beam Cell"],"picked":"Cold Snap","floor":18},{"not_picked":["Compile Driver+1","Double Energy","Barrage"],"picked":"Defragment+1","floor":19},{"not_picked":["Streamline","Reprogram","Barrage"],"picked":"Undo","floor":20},{"not_picked":["Ball Lightning","Leap","Rebound"],"picked":"Chill","floor":22},{"not_picked":["Go for the Eyes+1","Storm","All For One"],"picked":"Glacier","floor":24},{"not_picked":["Self Repair","Sweeping Beam","Sunder"],"picked":"Turbo+1","floor":27},{"not_picked":["Reprogram","Turbo+1","Compile Driver"],"picked":"White Noise","floor":28},{"not_picked":["Streamline","Gash","Steam+1"],"picked":"Cold Snap","floor":30}],"player_experience":2360083,"relics_obtained":[{"floor":8,"key":"Art of War"},{"floor":9,"key":"Blue Candle"},{"floor":13,"key":"Question Card"},{"floor":24,"key":"Unceasing Top"},{"floor":26,"key":"Ornamental Fan"},{"floor":27,"key":"HornCleat"}],"event_choices":[{"cards_removed":["Strike_B"],"damage_healed":0,"gold_gain":0,"player_choice":"Card Removal","damage_taken":7,"max_hp_gain":0,"max_hp_loss":0,"event_name":"Golden Wing","floor":2,"gold_loss":0},{"cards_removed":["Strike_B"],"damage_healed":0,"gold_gain":0,"player_choice":"Upgrade and Remove","damage_taken":0,"max_hp_gain":0,"max_hp_loss":0,"event_name":"Designer","floor":21,"gold_loss":90,"cards_upgraded":["Undo"]},{"damage_healed":0,"gold_gain":100,"player_choice":"Pray","damage_taken":0,"max_hp_gain":0,"max_hp_loss":0,"event_name":"Golden Shrine","floor":29,"gold_loss":0}],"is_beta":false,"boss_relics":[{"not_picked":["Empty Cage","SacredBark"],"picked":"Runic Dome"}],"items_purged_floors":[],"is_endless":false,"potions_floor_spawned":[1,8,14,18,19,24,28,30],"killed_by":"Snake Plant","ascension_level":7}}