{"host":"9896qb24z3tkrupy","time":1611585153,"event":{"mods":["BaseMod","Hermit","Minty Spire (QoL Compilation)","Replay The Spire","Robot Space Explorer","StSLib"],"gold_per_floor":[159,159,204,246,303,303,348,393,418,493,49,49,49,91,91,429,429,465,498,197,233,233,332,77,77,152,152,152,194,194,233,233,548,711,785,469,515,515,564,564,564],"floor_reached":40,"language":"ENG","playtime":3052,"items_purged":[],"score":505,"play_id":"225f8b71-729a-4390-a29f-4cf1de2294d5","local_time":"20210125083233","daily_mods":["Shiny","Blue Cards","Midas"],"is_ascension_mode":false,"campfire_choices":[{"floor":6,"key":"REST"},{"floor":13,"key":"REST"},{"floor":15,"key":"REST"},{"floor":25,"key":"REST"},{"floor":28,"key":"REST"}],"circlet_count":0,"master_deck":["hermit:Purgatory","hermit:DeadOrAlive","hermit:Reprieve","hermit:FromBeyond","hermit:Roughhouse","hermit:Magnum","hermit:FatalDesire","hermit:HeroicBravado","hermit:HighNoon","hermit:Gambit","hermit:FinalCanter","hermit:EternalForm","hermit:Adapt","hermit:Dissolve","hermit:OverwhelmingPower+1","hermit:BlackWind","hermit:RoundhouseKick","hermit:Headshot","Regret","hermit:SprayPray","hermit:Vantage","hermit:BodyArmor+1","hermit:TrackingShot","Apotheosis","Good Instincts","Injury","hermit:Misfire","hermit:ShadowCloak","hermit:LowProfile","hermit:CalledShot+1","hermit:LowProfile","hermit:PistolWhip","hermit:Coalescence+1","hermit:Headshot","hermit:Quickdraw","hermit:Headshot","hermit:LoneWolf+1","hermit:OverwhelmingPower","hermit:WideOpen+1","hermit:Headshot","hermit:SprayPray","hermit:SprayPray","hermit:SprayPray+1","Pain","hermit:Manifest+1"],"relics":["hermit:Momento","Replay:Bottled Flurry","ReplayTheSpireMod:TigerMarble","Golden Idol","Empty Cage","Strawberry","Orrery","MutagenicStrength","Replay:WaspNest","Snack Pack","Smiling Mask","Tiny House","Lee\u0027s Waffle","WarpedTongs"],"acts_visited":["Exordium","TheCity","TheBeyond"],"potions_floor_usage":[5,8,11,14,18,33,35,40],"damage_taken":[{"damage":1,"enemies":"Cultist","floor":1,"turns":3},{"damage":0,"enemies":"2 Louse","floor":3,"turns":2},{"damage":1,"enemies":"Small Slimes","floor":4,"turns":2},{"damage":6,"enemies":"2 Fungi Beasts","floor":5,"turns":3},{"damage":7,"enemies":"Blue Slaver","floor":7,"turns":2},{"damage":31,"enemies":"Gremlin Gang","floor":8,"turns":4},{"damage":1,"enemies":"Exordium Thugs","floor":14,"turns":5},{"damage":37,"enemies":"Slime Boss","floor":16,"turns":5},{"damage":25,"enemies":"3 Byrds","floor":18,"turns":5},{"damage":13,"enemies":"Shell Parasite","floor":19,"turns":5},{"damage":26,"enemies":"Snake Plant","floor":21,"turns":4},{"damage":31,"enemies":"Cultist and Chosen","floor":29,"turns":6},{"damage":14,"enemies":"Centurion and Healer","floor":31,"turns":5},{"damage":41,"enemies":"Collector","floor":33,"turns":6},{"damage":1,"enemies":"Orb Walker","floor":35,"turns":4},{"damage":48,"enemies":"3 Darklings","floor":37,"turns":4},{"damage":22,"enemies":"Spire Growth","floor":39,"turns":4},{"damage":48,"enemies":"Reptomancer","floor":40,"turns":3}],"seed_played":"-5923807782236108411","potions_obtained":[{"floor":1,"key":"Explosive Potion"},{"floor":5,"key":"ColorlessPotion"},{"floor":8,"key":"DuplicationPotion"},{"floor":16,"key":"Elixir"},{"floor":29,"key":"Elixir"},{"floor":31,"key":"BlessingOfTheForge"},{"floor":34,"key":"BlessingOfTheForge"},{"floor":35,"key":"FearPotion"},{"floor":39,"key":"LiquidBronze"}],"is_trial":true,"path_per_floor":["M","?","M","M","M","R","M","M","T","?","$","?","R","M","R","B",null,"M","M","$","M","?","?","$","R","T","?","R","M","$","M","R","B",null,"M","$","M","?","M","E"],"character_chosen":"HERMIT","items_purchased":["Fruit Juice","Apotheosis","Flashbang","Good Instincts","Strawberry","Orrery","Replay:WaspNest","Lee\u0027s Waffle","Toxic Potion","hermit:Headshot","hermit:SprayPray"],"campfire_rested":5,"item_purchase_floors":[11,11,11,11,20,20,24,36,36,36,36],"current_hp_per_floor":[74,74,74,73,67,75,68,37,37,26,31,31,55,54,78,41,80,55,42,49,23,23,23,23,49,49,49,75,48,48,34,60,27,92,91,99,53,53,33,0,0],"gold":564,"neow_bonus":"","is_daily":false,"chose_seed":false,"campfire_upgraded":0,"win_rate":0.0,"timestamp":1611585153,"path_taken":["M","?","M","M","M","R","M","M","T","?","$","?","R","M","R","BOSS","M","M","$","M","?","?","$","R","T","?","R","M","?","M","R","BOSS","M","?","M","?","?","E"],"items_purchased_type":["Potion","Card","Potion","Card","Relic","Relic","Relic","Relic","Potion","Card","Card"],"build_version":"2020-12-22","purchased_purges":0,"victory":false,"max_hp_per_floor":[75,75,75,75,75,75,75,75,75,75,80,80,80,80,80,80,80,80,80,87,87,87,87,87,87,87,87,87,87,87,87,87,87,92,92,99,99,99,99,99,99],"card_choices":[{"not_picked":["hermit:DeadMansHand","hermit:Malice"],"picked":"hermit:Headshot","floor":1},{"not_picked":["hermit:Misfire","hermit:HighCaliber"],"picked":"hermit:SprayPray","floor":3},{"not_picked":["hermit:Desperado","hermit:RoundhouseKick"],"picked":"hermit:Vantage","floor":4},{"not_picked":["hermit:HoleUp","hermit:Shortfuse"],"picked":"hermit:BodyArmor","floor":5},{"not_picked":["hermit:Enervate","hermit:CursedWeapon"],"picked":"hermit:TrackingShot","floor":7},{"not_picked":["hermit:Deadeye","hermit:CursedWeapon"],"picked":"hermit:LowProfile","floor":8},{"not_picked":["hermit:TrackingShot","hermit:Coalescence"],"picked":"hermit:Misfire","floor":14},{"not_picked":["hermit:Purgatory","hermit:HighNoon"],"picked":"hermit:FatalDesire","floor":16},{"not_picked":["hermit:Snipe+1","hermit:Showdown+1"],"picked":"hermit:ShadowCloak","floor":18},{"not_picked":["hermit:Misfire","hermit:Brawl+1"],"picked":"hermit:LowProfile","floor":19},{"not_picked":["hermit:WideOpen","hermit:PistolWhip"],"picked":"hermit:CalledShot+1","floor":20},{"not_picked":["hermit:Roulette+1","hermit:HighNoon"],"picked":"hermit:LowProfile","floor":20},{"not_picked":["hermit:Headshot","hermit:CalledShot"],"picked":"hermit:PistolWhip","floor":20},{"not_picked":["hermit:FullyLoaded","hermit:SprayPray"],"picked":"hermit:Coalescence+1","floor":20},{"not_picked":["hermit:CursedWeapon","hermit:Feint"],"picked":"hermit:Headshot","floor":20},{"not_picked":["hermit:DeadMansHand","hermit:GoldenBullet"],"picked":"hermit:Quickdraw","floor":21},{"not_picked":["hermit:HoleUp","hermit:CalledShot"],"picked":"hermit:Headshot","floor":29},{"not_picked":["hermit:WideOpen","hermit:Shortfuse"],"picked":"hermit:LoneWolf+1","floor":31},{"not_picked":["hermit:HighNoon","hermit:Adapt"],"picked":"hermit:OverwhelmingPower","floor":33},{"not_picked":["hermit:Desperado+1","hermit:Roulette"],"picked":"hermit:WideOpen+1","floor":34},{"not_picked":["hermit:Maintenance+1","hermit:Deadeye","hermit:GhostlyPresence"],"picked":"SKIP","floor":35},{"not_picked":["hermit:GoldenBullet+1","hermit:LowProfile"],"picked":"hermit:SprayPray+1","floor":37},{"not_picked":["hermit:Roulette+1","hermit:Coalescence"],"picked":"hermit:Manifest+1","floor":39}],"player_experience":903693,"relics_obtained":[{"floor":9,"key":"ReplayTheSpireMod:TigerMarble"},{"floor":26,"key":"Snack Pack"}],"event_choices":[{"damage_healed":0,"gold_gain":0,"player_choice":"Box","damage_taken":0,"relics_obtained":["Replay:Bottled Flurry"],"max_hp_gain":0,"max_hp_loss":0,"event_name":"Big Fish","floor":2,"gold_loss":0,"cards_obtained":["Regret"]},{"damage_healed":0,"gold_gain":75,"player_choice":"Gather Gold","damage_taken":11,"max_hp_gain":0,"max_hp_loss":0,"event_name":"World of Goop","floor":10,"gold_loss":0},{"damage_healed":0,"gold_gain":0,"player_choice":"Take Wound","damage_taken":0,"relics_obtained":["Golden Idol"],"max_hp_gain":0,"max_hp_loss":0,"event_name":"Golden Idol","floor":12,"gold_loss":0,"cards_obtained":["Injury"]},{"damage_healed":0,"gold_gain":0,"player_choice":"Inject Mutagens","damage_taken":0,"relics_obtained":["MutagenicStrength"],"max_hp_gain":0,"max_hp_loss":0,"event_name":"Drug Dealer","floor":22,"gold_loss":0},{"damage_healed":0,"gold_gain":99,"player_choice":"Stole From Cult","damage_taken":0,"max_hp_gain":0,"max_hp_loss":0,"event_name":"Nest","floor":23,"gold_loss":0},{"damage_healed":0,"gold_gain":0,"player_choice":"Rummage","damage_taken":0,"relics_obtained":["WarpedTongs"],"max_hp_gain":0,"max_hp_loss":0,"event_name":"Accursed Blacksmith","floor":38,"gold_loss":0,"cards_obtained":["Pain"]}],"is_beta":false,"boss_relics":[{"not_picked":["Ectoplasm","Painkiller Herb"],"picked":"Empty Cage"},{"not_picked":["Replay:Wanted Poster","Runic Pyramid"],"picked":"Tiny House"}],"items_purged_floors":[],"is_endless":false,"potions_floor_spawned":[1,5,8,16,29,31,35,39],"killed_by":"Reptomancer","ascension_level":0}}