{"host":"x205naxbihvu3p76","time":1611588046,"event":{"mods":["AchievementEnabler","BaseMod","Minty Spire (QoL Compilation)","StSLib","SuperFastMode"],"gold_per_floor":[119,130,147,162,182,217,217,249,249,275,275,293,303,315,315,389,389,399,411,411,431,448,448,482,482,482,513,532,543,555,584,584,658,658,673,673,673,727,257,282,282,70,96,125,125,150,167,184,184,184,184,184,184,48,81,81],"floor_reached":57,"language":"KOR","playtime":1108,"items_purged":["Strike_B+1","Strike_B+1","Strike_B+1"],"score":3652,"play_id":"dca37e4b-e78c-46b9-8e22-507704489da6","local_time":"20210126002046","is_ascension_mode":true,"campfire_choices":[{"data":"Go for the Eyes","floor":7.0,"key":"SMITH"},{"data":"Barrage","floor":15,"key":"SMITH"},{"floor":23,"key":"REST"},{"floor":25,"key":"RECALL"},{"floor":32,"key":"REST"},{"floor":41,"key":"REST"},{"floor":49,"key":"REST"},{"floor":53,"key":"REST"}],"circlet_count":0,"master_deck":["AscendersBane","Defend_B+1","Defend_B+1","Defend_B+1","Defend_B+1","Zap+1","Dualcast+1","White Noise+1","Ball Lightning+1","Conserve Battery+1","BootSequence+1","Go for the Eyes+1","Barrage+1","Echo Form+1","Turbo+1","Coolheaded+1","Undo+1","Chaos+1","Creative AI+1","Master of Strategy+1","Defragment","Aggregate+1","Core Surge","Capacitor","Coolheaded+1"],"relics":["Cracked Core","Nilry\u0027s Codex","NeowsBlessing","NeowsBlessing","Smiling Mask","NeowsBlessing","Meat on the Bone","Toxic Egg 2","Ancient Tea Set","CaptainsWheel","NeowsBlessing","Fusion Hammer","NeowsBlessing","NeowsBlessing","Blood Vial","InkBottle","Pen Nib","NeowsBlessing","Vajra","NeowsBlessing","Snecko Eye","Mark of the Bloom","NeowsBlessing","Pocketwatch","Runic Capacitor","DataDisk","Gremlin Horn","ClockworkSouvenir","NeowsBlessing","Ginger","Whetstone","NeowsBlessing","Pantograph","Turnip"],"acts_visited":["Exordium","TheCity","TheBeyond","TheEnding"],"potions_floor_usage":[10,30,56],"damage_taken":[{"damage":0.0,"enemies":"Jaw Worm","floor":1.0,"turns":1.0},{"damage":0.0,"enemies":"Cultist","floor":2.0,"turns":1.0},{"damage":0.0,"enemies":"Small Slimes","floor":3.0,"turns":1.0},{"damage":0.0,"enemies":"Blue Slaver","floor":4.0,"turns":1.0},{"damage":0.0,"enemies":"Large Slime","floor":5.0,"turns":1.0},{"damage":0.0,"enemies":"Gremlin Nob","floor":6.0,"turns":1.0},{"damage":3,"enemies":"Lagavulin","floor":8,"turns":8},{"damage":0,"enemies":"3 Sentries","floor":10,"turns":1},{"damage":0,"enemies":"2 Fungi Beasts","floor":12,"turns":1},{"damage":0,"enemies":"Looter","floor":13,"turns":1},{"damage":7,"enemies":"Large Slime","floor":14,"turns":5},{"damage":0,"enemies":"Hexaghost","floor":16,"turns":1},{"damage":1,"enemies":"Shell Parasite","floor":18,"turns":2},{"damage":0,"enemies":"2 Thieves","floor":19,"turns":1},{"damage":0,"enemies":"Snake Plant","floor":21,"turns":1},{"damage":9,"enemies":"Sentry and Sphere","floor":22,"turns":3},{"damage":0,"enemies":"Gremlin Leader","floor":24,"turns":1},{"damage":0,"enemies":"Slavers","floor":27,"turns":1},{"damage":9,"enemies":"Shelled Parasite and Fungi","floor":28,"turns":2},{"damage":0,"enemies":"Snake Plant","floor":29,"turns":1},{"damage":1,"enemies":"Cultist and Chosen","floor":30,"turns":5},{"damage":0,"enemies":"Book of Stabbing","floor":31,"turns":1},{"damage":0,"enemies":"Collector","floor":33,"turns":1},{"damage":0,"enemies":"3 Shapes","floor":35,"turns":1},{"damage":0,"enemies":"2 Orb Walkers","floor":38,"turns":1},{"damage":0,"enemies":"Reptomancer","floor":40,"turns":1},{"damage":0,"enemies":"Giant Head","floor":44,"turns":1},{"damage":9,"enemies":"Reptomancer","floor":46,"turns":2},{"damage":0,"enemies":"Orb Walker","floor":47,"turns":1},{"damage":0,"enemies":"Sphere and 2 Shapes","floor":48,"turns":4},{"damage":14,"enemies":"Time Eater","floor":50,"turns":9},{"damage":16,"enemies":"Donu and Deca","floor":51,"turns":7},{"damage":0,"enemies":"Shield and Spear","floor":55,"turns":1},{"damage":0,"enemies":"The Heart","floor":56,"turns":1}],"seed_played":"4156722927334128566","potions_obtained":[{"floor":1.0,"key":"Fire Potion"},{"floor":3.0,"key":"BlessingOfTheForge"},{"floor":4.0,"key":"FairyPotion"},{"floor":10,"key":"Fruit Juice"},{"floor":14,"key":"Energy Potion"},{"floor":16,"key":"ColorlessPotion"},{"floor":35,"key":"SpeedPotion"},{"floor":46,"key":"LiquidBronze"}],"is_trial":false,"path_per_floor":["M","M","M","M","M","E","R","E","T","E","?","M","M","M","R","B",null,"M","M","?","M","M","R","E","R","T","E","M","M","M","E","R","B",null,"M","?","?","?","$","E","R","$","T","E","?","E","M","M","R","B","B",null,"R","$","E","B",null],"character_chosen":"DEFECT","items_purchased":["Runic Capacitor","DataDisk","Defragment","ClockworkSouvenir","Capacitor"],"campfire_rested":5,"item_purchase_floors":[39,39,39,42,54],"current_hp_per_floor":[64,64,64,64,64,64,64,61,61,66,66,66,66,59,59,59,72,71,71,49,49,52,76,76,76,76,78,71,73,74,76,81,81,81,81,81,71,71,71,71,71,71,71,71,71,62,62,62,62,48,32,32,32,32,32,32],"gold":81,"neow_bonus":"THREE_ENEMY_KILL","is_daily":false,"chose_seed":false,"campfire_upgraded":2,"win_rate":0.0,"timestamp":1611588046,"path_taken":["M","M","M","M","M","E","R","E","T","E","?","M","?","M","R","BOSS","M","M","?","M","M","R","E","R","T","E","M","M","M","E","R","BOSS","M","?","?","?","$","E","R","$","T","E","?","E","M","M","R","BOSS","BOSS","R","$","E","BOSS"],"items_purchased_type":["Relic","Relic","Card","Relic","Card"],"build_version":"2020-12-22","purchased_purges":3,"victory":true,"max_hp_per_floor":[71,71,71,71,71,71,71,71,71,76,76,76,76,76,76,76,76,76,76,81,81,81,81,81,81,81,81,81,81,81,81,81,81,81,81,81,81,81,81,81,81,81,81,81,81,81,81,81,81,81,81,81,81,81,81,81],"card_choices":[{"not_picked":["Melter","Genetic Algorithm"],"picked":"White Noise","floor":1.0},{"not_picked":["Tempest","Rip and Tear"],"picked":"Ball Lightning","floor":2.0},{"not_picked":["Redo","Gash"],"picked":"Conserve Battery","floor":3.0},{"not_picked":["Rip and Tear","Tempest"],"picked":"BootSequence","floor":4.0},{"not_picked":["FTL","Ball Lightning"],"picked":"Go for the Eyes","floor":5.0},{"not_picked":["Scrape","FTL"],"picked":"Barrage","floor":6.0},{"not_picked":["Amplify","Redo","Compile Driver"],"picked":"SKIP","floor":8},{"not_picked":["Gash","Compile Driver","Reprogram+1"],"picked":"SKIP","floor":10},{"not_picked":["Stack+1","Go for the Eyes","Steam+1"],"picked":"SKIP","floor":12},{"not_picked":["Coolheaded+1","Loop","Rip and Tear"],"picked":"SKIP","floor":13},{"not_picked":["Hologram+1","Beam Cell","Auto Shields+1"],"picked":"SKIP","floor":14},{"not_picked":["All For One","Machine Learning"],"picked":"Echo Form","floor":16},{"not_picked":["Melter+1","Compile Driver"],"picked":"Turbo+1","floor":18},{"not_picked":["Go for the Eyes","Hologram+1","Redo+1"],"picked":"SKIP","floor":19},{"not_picked":["Compile Driver","Turbo+1"],"picked":"Coolheaded+1","floor":21},{"not_picked":["Skim+1","Gash","Darkness+1"],"picked":"SKIP","floor":22},{"not_picked":["Conserve Battery+1","Fission+1","Self Repair"],"picked":"SKIP","floor":24},{"not_picked":["Barrage","Ball Lightning","Redo+1"],"picked":"SKIP","floor":27},{"not_picked":["Hello World","Turbo+1"],"picked":"Undo+1","floor":28},{"not_picked":["Coolheaded+1","Streamline","Cold Snap"],"picked":"SKIP","floor":29},{"not_picked":["Redo+1","Sweeping Beam"],"picked":"Chaos+1","floor":30},{"not_picked":["Stack+1","Self Repair+1","Loop"],"picked":"SKIP","floor":31},{"not_picked":["Meteor Strike","Reboot+1"],"picked":"Creative AI","floor":33},{"not_picked":["Loop","Sweeping Beam","Rebound+1"],"picked":"SKIP","floor":35},{"not_picked":["Jack Of All Trades+1","Madness+1"],"picked":"Master of Strategy+1","floor":37},{"not_picked":["Cold Snap","Steam Power+1"],"picked":"Aggregate+1","floor":40},{"not_picked":["Leap+1","Conserve Battery+1","Hologram+1"],"picked":"SKIP","floor":44},{"not_picked":["Go for the Eyes","Steam+1","Gash"],"picked":"SKIP","floor":46},{"not_picked":["Go for the Eyes","Steam+1","Gash"],"picked":"SKIP","floor":46},{"not_picked":["Go for the Eyes","Tempest+1","Steam+1"],"picked":"SKIP","floor":47},{"not_picked":["Gash","Go for the Eyes+1"],"picked":"Core Surge","floor":48},{"not_picked":["Aggregate+1","Steam+1"],"picked":"Coolheaded+1","floor":55}],"player_experience":997355,"relics_obtained":[{"floor":6.0,"key":"Smiling Mask"},{"floor":8,"key":"Meat on the Bone"},{"floor":9,"key":"Toxic Egg 2"},{"floor":10,"key":"Ancient Tea Set"},{"floor":24,"key":"Blood Vial"},{"floor":26,"key":"InkBottle"},{"floor":27,"key":"Pen Nib"},{"floor":31,"key":"Vajra"},{"floor":38,"key":"Pocketwatch"},{"floor":40,"key":"Gremlin Horn"},{"floor":44,"key":"Ginger"},{"floor":46,"key":"Whetstone"},{"floor":55,"key":"Turnip"}],"event_choices":[{"damage_healed":0,"gold_gain":0,"player_choice":"Gave Potion","damage_taken":0,"relics_obtained":["CaptainsWheel"],"max_hp_gain":0,"max_hp_loss":0,"event_name":"WeMeetAgain","floor":11,"gold_loss":0},{"damage_healed":0,"gold_gain":0,"player_choice":"Shed Blood","damage_taken":27,"max_hp_gain":5,"max_hp_loss":0,"event_name":"Forgotten Altar","floor":20,"gold_loss":0},{"damage_healed":0,"gold_gain":0,"player_choice":"Upgrade","damage_taken":0,"relics_obtained":["Mark of the Bloom"],"max_hp_gain":0,"max_hp_loss":0,"event_name":"MindBloom","floor":36,"gold_loss":0,"cards_upgraded":["Strike_B","Strike_B","Strike_B","Strike_B","Defend_B","Defend_B","Defend_B","Defend_B","Zap","Dualcast","White Noise","Ball Lightning","Conserve Battery","BootSequence","Echo Form","Creative AI"]},{"damage_healed":0,"gold_gain":0,"player_choice":"Memory 3","damage_taken":10,"max_hp_gain":0,"max_hp_loss":0,"event_name":"SensoryStone","floor":37,"gold_loss":0},{"damage_healed":0,"gold_gain":0,"player_choice":"Fight","damage_taken":0,"max_hp_gain":0,"max_hp_loss":0,"event_name":"Mysterious Sphere","floor":38,"gold_loss":0},{"cards_removed":["Strike_B"],"damage_healed":0,"gold_gain":0,"player_choice":"Removed Attack","damage_taken":0,"max_hp_gain":0,"max_hp_loss":0,"event_name":"Falling","floor":45,"gold_loss":0}],"is_beta":false,"boss_relics":[{"not_picked":["Tiny House","Sozu"],"picked":"Fusion Hammer"},{"not_picked":["SlaversCollar","Runic Pyramid"],"picked":"Snecko Eye"}],"items_purged_floors":[39,42,54],"is_endless":false,"potions_floor_spawned":[1,3,4,10,14,16,18,19,28,29,35,46,47,48],"ascension_level":20}}