{"host":"l5xpox9cbdko122s","time":1611613520,"event":{"mods":["AchievementEnabler","BaseMod","Better Skull","Colored Map","Colored Powertips","Curses Come First","Displayed Cursed Tome","Hermit","Highlight Path","Minty Spire (QoL Compilation)","Quick Restart","Shop Mod","StSLib"],"gold_per_floor":[117,117,134,134,145,145,145,157,182,199,199,231,250,268,268,268,268],"floor_reached":16,"language":"ENG","playtime":818,"items_purged":[],"score":129,"play_id":"c966482e-435b-4f19-a0fc-0fbabd570666","local_time":"20210125172520","is_ascension_mode":false,"campfire_choices":[{"floor":6,"key":"RECALL"},{"data":"hermit:Headshot","floor":11,"key":"SMITH"},{"data":"hermit:CursedWeapon","floor":15,"key":"SMITH"}],"circlet_count":0,"master_deck":["hermit:Strike_Hermit","hermit:Strike_Hermit","hermit:Strike_Hermit","hermit:Strike_Hermit","hermit:Defend_Hermit","hermit:Defend_Hermit","hermit:Defend_Hermit","hermit:Defend_Hermit","hermit:Snapshot","hermit:Covet","hermit:Snipe","hermit:Headshot+1","hermit:CursedWeapon+1","hermit:TrackingShot"],"relics":["hermit:Momento","Bag of Preparation","Vajra","MealTicket"],"acts_visited":["Exordium"],"potions_floor_usage":[12,12,12,16,16,16],"damage_taken":[{"damage":1,"enemies":"Jaw Worm","floor":1,"turns":3},{"damage":0,"enemies":"Small Slimes","floor":3,"turns":2},{"damage":8,"enemies":"2 Louse","floor":5,"turns":2},{"damage":7,"enemies":"Looter","floor":8,"turns":4},{"damage":8,"enemies":"2 Fungi Beasts","floor":10,"turns":3},{"damage":15,"enemies":"Lagavulin","floor":12,"turns":5},{"damage":4,"enemies":"Blue Slaver","floor":13,"turns":3},{"damage":2,"enemies":"3 Louse","floor":14,"turns":2},{"damage":40,"enemies":"Hexaghost","floor":16,"turns":9}],"seed_played":"5839663442527412533","potions_obtained":[{"floor":10,"key":"Weak Potion"},{"floor":12,"key":"EntropicBrew"},{"floor":14,"key":"Dexterity Potion"}],"is_trial":false,"path_per_floor":["M","?","M","?","M","R","?","M","T","M","R","E","M","M","R","B"],"character_chosen":"HERMIT","items_purchased":[],"campfire_rested":0,"item_purchase_floors":[],"current_hp_per_floor":[81,74,74,74,66,66,71,64,64,56,56,46,42,40,40,0,0],"gold":268,"neow_bonus":"TEN_PERCENT_HP_BONUS","is_daily":false,"chose_seed":false,"campfire_upgraded":2,"win_rate":0.0,"timestamp":1611613520,"path_taken":["M","?","M","?","M","R","?","M","T","M","R","E","M","M","R","BOSS"],"items_purchased_type":[],"build_version":"2020-12-22","purchased_purges":0,"victory":false,"max_hp_per_floor":[82,82,82,82,82,82,87,87,87,87,87,92,92,92,92,92,92],"card_choices":[{"not_picked":["hermit:Ricochet","hermit:Vantage","hermit:GhostlyPresence"],"picked":"SKIP","floor":1},{"not_picked":["hermit:SprayPray","hermit:Ricochet"],"picked":"hermit:Snipe","floor":3},{"not_picked":["hermit:Snipe","hermit:LowProfile","hermit:Spite"],"picked":"SKIP","floor":5},{"not_picked":["hermit:Feint","hermit:Manifest"],"picked":"hermit:Headshot","floor":8},{"not_picked":["hermit:Misfire","hermit:Glare","hermit:Dive"],"picked":"SKIP","floor":10},{"not_picked":["hermit:Ricochet","hermit:Misfire"],"picked":"hermit:CursedWeapon","floor":12},{"not_picked":["hermit:HighCaliber","hermit:DeadOrAlive"],"picked":"hermit:TrackingShot","floor":13},{"not_picked":["hermit:DeadMansHand","hermit:Scavenge","hermit:EyeOfTheStorm"],"picked":"SKIP","floor":14}],"player_experience":200116,"relics_obtained":[{"floor":9,"key":"Vajra"},{"floor":12,"key":"MealTicket"}],"event_choices":[{"damage_healed":0,"gold_gain":0,"player_choice":"Success","damage_taken":7,"relics_obtained":["Bag of Preparation"],"max_hp_gain":0,"max_hp_loss":0,"event_name":"Scrap Ooze","floor":2,"gold_loss":0},{"damage_healed":0,"gold_gain":0,"player_choice":"Ignored","damage_taken":0,"max_hp_gain":0,"max_hp_loss":0,"event_name":"Liars Game","floor":4,"gold_loss":0},{"damage_healed":0,"gold_gain":0,"player_choice":"Donut","damage_taken":0,"max_hp_gain":5,"max_hp_loss":0,"event_name":"Big Fish","floor":7,"gold_loss":0}],"is_beta":false,"boss_relics":[],"items_purged_floors":[],"is_endless":false,"potions_floor_spawned":[10,12,14],"killed_by":"Hexaghost","ascension_level":0}}