{"host":"iph0xvuia0glosgr","time":1611575009,"event":{"mods":["AchievementEnabler","BaseMod","Minty Spire (QoL Compilation)"],"gold_per_floor":[109,129,148,171,187,187,202,214,214,243,243,268,268,175,175,279,279,291,302,312,323,323,323,323,34,34,34,61,61,61,95,95,95,95],"floor_reached":33,"language":"ENG","playtime":3722,"items_purged":[],"score":300,"play_id":"07e82ce4-c3f8-4093-821d-561c73b2a1f3","local_time":"20210125114329","is_ascension_mode":false,"campfire_choices":[{"data":"Tempest","floor":6,"key":"SMITH"},{"floor":15,"key":"REST"},{"floor":23,"key":"REST"},{"floor":30,"key":"REST"},{"floor":32,"key":"REST"}],"circlet_count":0,"master_deck":["Strike_B","Strike_B","Strike_B","Strike_B","Defend_B","Defend_B","Defend_B","Defend_B","Zap+1","Dualcast","Electrodynamics","Tempest+1","Conserve Battery","Doom and Gloom","Ball Lightning","Leap","Redo","Conserve Battery","Electrodynamics","Redo","Conserve Battery","Steam+1","Conserve Battery+1","Machine Learning","Tempest","Rebound","Beam Cell","Static Discharge"],"relics":["Cracked Core","Omamori","Meat on the Bone","Juzu Bracelet","Bottled Lightning","Sozu","Bottled Flame","StrikeDummy","WingedGreaves","Gambling Chip","Red Mask"],"acts_visited":["Exordium","TheCity"],"potions_floor_usage":[10,16,16,31],"damage_taken":[{"damage":1,"enemies":"Cultist","floor":1,"turns":3},{"damage":5,"enemies":"Small Slimes","floor":2,"turns":3},{"damage":0,"enemies":"2 Louse","floor":3,"turns":2},{"damage":4,"enemies":"Gremlin Gang","floor":5,"turns":2},{"damage":2,"enemies":"Blue Slaver","floor":7,"turns":3},{"damage":14,"enemies":"Large Slime","floor":8,"turns":4},{"damage":15,"enemies":"3 Sentries","floor":10,"turns":4},{"damage":14,"enemies":"Lagavulin","floor":12,"turns":4},{"damage":13,"enemies":"The Guardian","floor":16,"turns":9},{"damage":20,"enemies":"2 Thieves","floor":18,"turns":2},{"damage":27,"enemies":"Shell Parasite","floor":19,"turns":4},{"damage":19,"enemies":"Chosen and Byrds","floor":20,"turns":5},{"damage":27,"enemies":"Snake Plant","floor":21,"turns":4},{"damage":24,"enemies":"Gremlin Leader","floor":28,"turns":7},{"damage":33,"enemies":"Masked Bandits","floor":31,"turns":3},{"damage":53,"enemies":"Champ","floor":33,"turns":10}],"seed_played":"-8701708228932806690","potions_obtained":[{"floor":2,"key":"BlessingOfTheForge"},{"floor":10,"key":"GamblersBrew"},{"floor":12,"key":"FocusPotion"},{"floor":16,"key":"Ancient Potion"}],"is_trial":false,"path_per_floor":["M","M","M","T","M","R","M","M","T","E","?","E","?","$","R","B",null,"M","M","M","M","?","R","?","$","T","?","E","?","R","?","R","B"],"character_chosen":"DEFECT","items_purchased":["Conserve Battery","Chaos","Rebound","Bottled Flame"],"campfire_rested":4,"item_purchase_floors":[14,14,25,25],"current_hp_per_floor":[74,69,69,69,65,65,63,49,49,46,46,44,44,44,66,53,75,55,40,33,18,18,40,40,40,40,40,28,28,50,29,51,0,0],"gold":95,"neow_bonus":"ONE_RANDOM_RARE_CARD","is_daily":false,"chose_seed":false,"campfire_upgraded":1,"win_rate":0.0,"timestamp":1611575009,"path_taken":["M","?","M","?","?","R","M","M","T","E","?","E","?","$","R","BOSS","M","M","M","M","?","R","?","$","T","?","E","?","R","?","R","BOSS"],"items_purchased_type":["Card","Card","Card","Relic"],"build_version":"2020-12-22","purchased_purges":0,"victory":false,"max_hp_per_floor":[75,75,75,75,75,75,75,75,75,75,75,75,75,75,75,75,75,75,75,75,75,75,75,75,75,75,75,75,75,75,75,75,75,75],"card_choices":[{"not_picked":["Leap","Genetic Algorithm"],"picked":"Tempest","floor":1},{"not_picked":["Stack","Compile Driver"],"picked":"Conserve Battery","floor":2},{"not_picked":["Hello World","Turbo"],"picked":"Doom and Gloom","floor":3},{"not_picked":["Heatsinks","Gash"],"picked":"Darkness","floor":5},{"not_picked":["Sweeping Beam","Streamline"],"picked":"Ball Lightning","floor":7},{"not_picked":["Rainbow","Coolheaded"],"picked":"Leap","floor":8},{"not_picked":["Coolheaded","Darkness","Blizzard"],"picked":"SKIP","floor":10},{"not_picked":["Self Repair","Sunder"],"picked":"Redo","floor":12},{"not_picked":["Amplify","Creative AI"],"picked":"Electrodynamics","floor":16},{"not_picked":["Sweeping Beam","BootSequence"],"picked":"Redo","floor":18},{"not_picked":["Hologram","Gash+1"],"picked":"Conserve Battery","floor":19},{"not_picked":["Auto Shields","Beam Cell"],"picked":"Steam+1","floor":20},{"not_picked":["Reprogram","Force Field"],"picked":"Conserve Battery+1","floor":21},{"not_picked":["Streamline","Hologram"],"picked":"Beam Cell","floor":28},{"not_picked":["Rebound","Stack"],"picked":"Static Discharge","floor":31}],"player_experience":239720,"relics_obtained":[{"floor":4,"key":"Omamori"},{"floor":9,"key":"Meat on the Bone"},{"floor":10,"key":"Juzu Bracelet"},{"floor":12,"key":"Bottled Lightning"},{"floor":26,"key":"StrikeDummy"},{"floor":28,"key":"WingedGreaves"},{"floor":31,"key":"Red Mask"}],"event_choices":[{"damage_healed":0,"gold_gain":0,"player_choice":"Grow","damage_taken":0,"max_hp_gain":0,"max_hp_loss":0,"event_name":"Living Wall","floor":11,"gold_loss":0,"cards_upgraded":["Zap"]},{"damage_healed":0,"gold_gain":0,"player_choice":"Ignored","damage_taken":0,"max_hp_gain":0,"max_hp_loss":0,"event_name":"NoteForYourself","floor":13,"gold_loss":0},{"damage_healed":0,"gold_gain":0,"cards_transformed":["Darkness","Chaos"],"player_choice":"Became Test Subject","damage_taken":0,"max_hp_gain":0,"max_hp_loss":0,"event_name":"Drug Dealer","floor":22,"gold_loss":0,"cards_obtained":["Machine Learning","Tempest"]},{"damage_healed":0,"gold_gain":0,"player_choice":"Ignored","damage_taken":0,"max_hp_gain":0,"max_hp_loss":0,"event_name":"Beggar","floor":24,"gold_loss":0},{"damage_healed":0,"gold_gain":0,"player_choice":"Smashed Altar","damage_taken":0,"max_hp_gain":0,"max_hp_loss":0,"event_name":"Forgotten Altar","floor":27,"gold_loss":0,"cards_obtained":["Decay"]},{"damage_healed":0,"gold_gain":0,"player_choice":"Opened","damage_taken":0,"relics_obtained":["Gambling Chip"],"max_hp_gain":0,"max_hp_loss":0,"event_name":"The Mausoleum","floor":29,"gold_loss":0,"cards_obtained":["Writhe"]},{"damage_healed":0,"gold_gain":0,"player_choice":"Fought Bandits","damage_taken":0,"max_hp_gain":0,"max_hp_loss":0,"event_name":"Masked Bandits","floor":31,"gold_loss":0}],"is_beta":false,"boss_relics":[{"not_picked":["Tiny House","SacredBark"],"picked":"Sozu"}],"items_purged_floors":[],"is_endless":false,"potions_floor_spawned":[2,10,12,16,20,21,31],"killed_by":"Champ","ascension_level":0}}