{"host":"aqym1xxr3lb31d9m","time":1611576654,"event":{"mods":["BaseMod","Block Reminder","Colored Map","Colored Powertips","DeckTracker","Highlight Path","Minty Spire (QoL Compilation)","Quick Restart","Random Character Button","StSLib","SuperFastMode","UnlockEverythingMod"],"gold_per_floor":[110,35,47,47,47,79,89,122,122,122,122],"floor_reached":10,"language":"JPN","playtime":188,"items_purged":[],"score":202,"play_id":"49720fdb-e84c-4edc-9dc5-d804214e3388","local_time":"20210125211054","is_ascension_mode":true,"campfire_choices":[],"circlet_count":0,"master_deck":["AscendersBane","Strike_B","Strike_B","Strike_B","Defend_B","Defend_B","Defend_B","Defend_B","Zap+1","Dualcast","White Noise","Rebound","Beam Cell","Doom and Gloom","Chill"],"relics":["Cracked Core","NeowsBlessing","Meat on the Bone","The Courier","Mummified Hand"],"acts_visited":["Exordium"],"potions_floor_usage":[8],"damage_taken":[{"damage":0,"enemies":"Small Slimes","floor":1,"turns":1},{"damage":0,"enemies":"Jaw Worm","floor":3,"turns":1},{"damage":0,"enemies":"3 Sentries","floor":6,"turns":1},{"damage":2,"enemies":"2 Louse","floor":7,"turns":3},{"damage":50,"enemies":"Lagavulin","floor":8,"turns":8},{"damage":28,"enemies":"Gremlin Nob","floor":10,"turns":3}],"seed_played":"-6061464485131335679","potions_obtained":[{"floor":1,"key":"GamblersBrew"}],"is_trial":false,"path_per_floor":["M","?","M","$","?","E","M","E","T","E"],"character_chosen":"DEFECT","items_purchased":[],"campfire_rested":0,"item_purchase_floors":[],"current_hp_per_floor":[64,64,64,64,64,64,62,24,24,0,0],"gold":122,"neow_bonus":"THREE_ENEMY_KILL","is_daily":false,"chose_seed":false,"campfire_upgraded":0,"win_rate":0.0,"timestamp":1611576654,"path_taken":["M","?","M","$","?","E","M","E","T","E"],"items_purchased_type":[],"build_version":"2020-12-22","purchased_purges":0,"victory":false,"max_hp_per_floor":[71,71,71,71,71,71,71,71,71,71,71],"card_choices":[{"not_picked":["Reinforced Body","Sweeping Beam"],"picked":"White Noise","floor":1},{"not_picked":["Turbo","Steam"],"picked":"Rebound","floor":3},{"not_picked":["Amplify","Stack"],"picked":"Beam Cell","floor":6},{"not_picked":["Steam","Steam Power"],"picked":"Doom and Gloom","floor":7},{"not_picked":["Tempest","Undo"],"picked":"Chill","floor":8}],"player_experience":4056313,"relics_obtained":[{"floor":6,"key":"Meat on the Bone"},{"floor":8,"key":"The Courier"},{"floor":9,"key":"Mummified Hand"}],"event_choices":[{"cards_removed":["Strike_B"],"damage_healed":0,"gold_gain":0,"player_choice":"Card Removal","damage_taken":0,"max_hp_gain":0,"max_hp_loss":0,"event_name":"The Cleric","floor":2,"gold_loss":75},{"damage_healed":0,"gold_gain":0,"player_choice":"Grow","damage_taken":0,"max_hp_gain":0,"max_hp_loss":0,"event_name":"Living Wall","floor":5,"gold_loss":0,"cards_upgraded":["Zap"]}],"is_beta":false,"boss_relics":[],"items_purged_floors":[],"is_endless":false,"potions_floor_spawned":[1],"killed_by":"Gremlin Nob","ascension_level":20}}