{"host":"96nkmeof81a2z72a","time":1611576478,"event":{"mods":["BaseMod","Downfall","Minty Spire (QoL Compilation)","Quick Restart","StSLib"],"gold_per_floor":[110,120,195,195,205,235,252,202,202,231,247,270,304,315,315,414,414,431,446,546,562,562,596,596,621,647,663,663,691,691,711,711,807,807,818,13,23,36,50,50,75,75,75,91,121,132,161,161,161,161,161,161,8,61,61],"floor_reached":56,"language":"ZHS","playtime":3441,"items_purged":["Decay"],"score":1446,"play_id":"d342abc8-2e96-4fc9-a393-c32e6c4191a7","local_time":"20210125200758","is_ascension_mode":true,"campfire_choices":[{"data":"Armaments","floor":15.0,"key":"SMITH"},{"data":"Barricade","floor":24.0,"key":"SMITH"},{"data":"Feel No Pain","floor":28.0,"key":"SMITH"},{"data":"Second Wind","floor":32.0,"key":"SMITH"},{"data":"Offering","floor":40.0,"key":"SMITH"},{"floor":42.0,"key":"RECALL"},{"data":"Demon Form","floor":49,"key":"SMITH"},{"data":"Feel No Pain","floor":52,"key":"SMITH"}],"circlet_count":0,"master_deck":["Bash","Carnage","Armaments+1","Havoc","Second Wind","Shockwave","Body Slam","True Grit","Headbutt","Seeing Red","Feel No Pain+1","Barricade+1","Metallicize","Flex","Juggernaut","Bloodletting","Searing Blow","Ghostly Armor","Pummel","Battle Trance","Iron Wave","Havoc+1","Double Tap","Blood for Blood","Double Tap","Uppercut+1","Shrug It Off","Dropkick","Second Wind+1","Offering+1","Iron Wave+1","Feel No Pain+1","Magnetism","Armaments+1","Pommel Strike+1","Evolve","Demon Form+1","Entrench","Body Slam+1","Exhume","Sword Boomerang+1"],"relics":["Mark of Pain","Akabeko","Self Forming Clay","Bronze Scales","StoneCalendar","Odd Mushroom","Gremlin Horn","Pandora\u0027s Box","Darkstone Periapt","Eternal Feather","Charon\u0027s Ashes","Tiny Chest","Red Skull","Enchiridion","Sozu","Incense Burner","OrangePellets","Toy Ornithopter","Letter Opener","Question Card","Strawberry","Champion Belt"],"acts_visited":["TheCity","TheBeyond","TheEnding"],"potions_floor_usage":[55,55,55],"damage_taken":[{"damage":2.0,"enemies":"Small Slimes","floor":1.0,"turns":4.0},{"damage":1.0,"enemies":"Cultist","floor":2.0,"turns":3.0},{"damage":0.0,"enemies":"2 Louse","floor":5.0,"turns":2.0},{"damage":8.0,"enemies":"Gremlin Nob","floor":6.0,"turns":3.0},{"damage":0.0,"enemies":"2 Fungi Beasts","floor":7.0,"turns":2.0},{"damage":8.0,"enemies":"3 Sentries","floor":10.0,"turns":4.0},{"damage":2.0,"enemies":"Blue Slaver","floor":11.0,"turns":2.0},{"damage":1.0,"enemies":"The Mushroom Lair","floor":12.0,"turns":3.0},{"damage":8.0,"enemies":"Lagavulin","floor":13.0,"turns":5.0},{"damage":0.0,"enemies":"3 Louse","floor":14.0,"turns":3.0},{"damage":10.0,"enemies":"Slime Boss","floor":16.0,"turns":6.0},{"damage":2.0,"enemies":"Shell Parasite","floor":18.0,"turns":3.0},{"damage":0.0,"enemies":"3 Byrds","floor":19.0,"turns":3.0},{"damage":0.0,"enemies":"Snake Plant","floor":21.0,"turns":2.0},{"damage":9.0,"enemies":"Book of Stabbing","floor":23.0,"turns":3.0},{"damage":4.0,"enemies":"Gremlin Leader","floor":25.0,"turns":8.0},{"damage":5.0,"enemies":"Centurion and Healer","floor":27.0,"turns":3.0},{"damage":21.0,"enemies":"Slavers","floor":29.0,"turns":4.0},{"damage":14.0,"enemies":"3 Cultists","floor":31.0,"turns":4.0},{"damage":43.0,"enemies":"Automaton","floor":33.0,"turns":7.0},{"damage":8.0,"enemies":"Orb Walker","floor":35.0,"turns":1.0},{"damage":6.0,"enemies":"3 Darklings","floor":37.0,"turns":5.0},{"damage":37.0,"enemies":"Maw","floor":38.0,"turns":5.0},{"damage":11.0,"enemies":"Jaw Worm Horde","floor":39.0,"turns":2.0},{"damage":17.0,"enemies":"Giant Head","floor":41.0,"turns":7.0},{"damage":0.0,"enemies":"Spire Growth","floor":44.0,"turns":6.0},{"damage":19.0,"enemies":"Nemesis","floor":45.0,"turns":3.0},{"damage":9,"enemies":"Writhing Mass","floor":46,"turns":4},{"damage":0,"enemies":"Reptomancer","floor":47,"turns":7},{"damage":30,"enemies":"Time Eater","floor":50,"turns":7},{"damage":41,"enemies":"Shield and Spear","floor":54,"turns":7},{"damage":48,"enemies":"The Heart","floor":55,"turns":5}],"seed_played":"-1467727963826304465","potions_obtained":[{"floor":1.0,"key":"Energy Potion"},{"floor":5.0,"key":"Explosive Potion"},{"floor":11.0,"key":"SpeedPotion"},{"floor":13.0,"key":"Explosive Potion"},{"floor":16.0,"key":"Energy Potion"},{"floor":18.0,"key":"Weak Potion"},{"floor":21.0,"key":"SkillPotion"},{"floor":25.0,"key":"champ:CounterPotion"},{"floor":27.0,"key":"EssenceOfSteel"}],"is_trial":false,"path_per_floor":["M","M","?","?","M","E","M","?","T","E","M","?","E","M","R","B",null,"M","M","?","M","?","E","R","E","T","M","R","E","?","M","R","B",null,"M","$","M","M","M","R","E","R","T","M","E","M","E","?","R","B",null,"R","$","E","B",null],"character_chosen":"IRONCLAD","items_purchased":["Incense Burner","OrangePellets","Feel No Pain","Magnetism","Strawberry"],"campfire_rested":0,"item_purchase_floors":[36,36,36,36,53],"current_hp_per_floor":[78,77,66,66,66,58,58,58,58,50,48,47,39,39,39,29,80,78,78,113,113,113,104,115,111,111,106,115,94,78,64,82,39,115,107,107,101,64,53,74,57,81,81,81,62,53,53,53,77,47,112,112,119,78,45],"gold":61,"neow_bonus":"BOSS_RELIC","is_daily":false,"chose_seed":false,"campfire_upgraded":7,"win_rate":0.0,"timestamp":1611576478,"path_taken":["M","M","?","?","?","E","M","?","T","E","M","?","E","M","R","BOSS","M","M","?","M","?","E","R","E","T","M","R","E","?","?","R","BOSS","M","$","M","M","M","R","E","R","T","M","E","M","E","?","R","BOSS","R","$","E","BOSS"],"items_purchased_type":["Relic","Relic","Card","Card","Relic"],"build_version":"2020-12-22","purchased_purges":1,"victory":true,"max_hp_per_floor":[80,80,80,80,80,80,80,80,80,80,80,80,80,80,80,80,80,80,80,115,115,115,115,115,115,115,115,115,115,115,115,115,115,115,115,115,115,115,115,115,115,115,115,115,115,115,115,112,112,112,112,112,119,119,119],"card_choices":[{"not_picked":["Sever Soul","Warcry"],"picked":"Carnage","floor":1.0},{"not_picked":["Shockwave","Headbutt"],"picked":"Armaments","floor":2.0},{"not_picked":["Rage","Perfected Strike"],"picked":"Havoc","floor":5.0},{"not_picked":["Headbutt","Berserk"],"picked":"Second Wind","floor":6.0},{"not_picked":["Uppercut","Wild Strike"],"picked":"Shockwave","floor":7.0},{"not_picked":["Flex","True Grit"],"picked":"Body Slam","floor":10.0},{"not_picked":["Thunderclap","Sword Boomerang"],"picked":"True Grit","floor":11.0},{"not_picked":["Burning Pact","Clothesline"],"picked":"Headbutt","floor":12.0},{"not_picked":["Bloodletting","Blood for Blood"],"picked":"Seeing Red","floor":13.0},{"not_picked":["Bloodletting","Juggernaut"],"picked":"Feel No Pain","floor":14.0},{"not_picked":["Double Tap","Fiend Fire"],"picked":"Barricade","floor":16.0},{"not_picked":["Rage","Hemokinesis"],"picked":"Iron Wave","floor":18.0},{"not_picked":["Clash","Armaments"],"picked":"Havoc+1","floor":19.0},{"not_picked":["Iron Wave","Heavy Blade"],"picked":"Blood for Blood","floor":21.0},{"not_picked":["Wild Strike","Body Slam"],"picked":"Double Tap","floor":23.0},{"not_picked":["Cleave+1","Exhume"],"picked":"Uppercut+1","floor":25.0},{"not_picked":["Headbutt","Warcry"],"picked":"Shrug It Off","floor":27.0},{"not_picked":["Searing Blow","Clash+1"],"picked":"Dropkick","floor":29.0},{"not_picked":["Seeing Red","Heavy Blade"],"picked":"Second Wind","floor":31.0},{"not_picked":["Bludgeon","Double Tap"],"picked":"Offering","floor":33.0},{"not_picked":["Twin Strike","Wild Strike"],"picked":"Iron Wave+1","floor":35.0},{"not_picked":["Body Slam","Havoc+1","Anger+1"],"picked":"SKIP","floor":37.0},{"not_picked":["Infernal Blade+1","Sword Boomerang"],"picked":"Armaments+1","floor":38.0},{"not_picked":["Battle Trance","Clothesline"],"picked":"Pommel Strike+1","floor":39.0},{"not_picked":["Burning Pact+1","Seeing Red+1"],"picked":"Evolve","floor":41.0},{"not_picked":["Perfected Strike+1","Rampage+1"],"picked":"Demon Form","floor":44.0},{"not_picked":["Disarm","Havoc+1"],"picked":"Entrench","floor":45},{"not_picked":["Entrench","Pommel Strike+1"],"picked":"Body Slam+1","floor":46},{"not_picked":["Rampage","Clash+1"],"picked":"Exhume","floor":47},{"not_picked":["Shockwave","Dropkick+1","Pommel Strike+1"],"picked":"Sword Boomerang+1","floor":54}],"player_experience":623391,"relics_obtained":[{"floor":6.0,"key":"Self Forming Clay"},{"floor":9.0,"key":"Bronze Scales"},{"floor":10.0,"key":"StoneCalendar"},{"floor":12.0,"key":"Odd Mushroom"},{"floor":13.0,"key":"Gremlin Horn"},{"floor":23.0,"key":"Eternal Feather"},{"floor":25.0,"key":"Charon\u0027s Ashes"},{"floor":26.0,"key":"Tiny Chest"},{"floor":29.0,"key":"Red Skull"},{"floor":30.0,"key":"Enchiridion"},{"floor":41.0,"key":"Toy Ornithopter"},{"floor":45,"key":"Letter Opener"},{"floor":47,"key":"Question Card"},{"floor":54,"key":"Champion Belt"}],"event_choices":[{"damage_healed":0.0,"max_hp_gain":0.0,"max_hp_loss":0.0,"gold_gain":75.0,"event_name":"World of Goop","player_choice":"Gather Gold","floor":3.0,"gold_loss":0.0,"damage_taken":11.0},{"damage_healed":0.0,"max_hp_gain":0.0,"max_hp_loss":0.0,"gold_gain":0.0,"event_name":"WeMeetAgain","player_choice":"Gave Potion","floor":4.0,"gold_loss":0.0,"damage_taken":0.0,"relics_obtained":["Akabeko"]},{"cards_removed":["Strike_R"],"damage_healed":0.0,"max_hp_gain":0.0,"max_hp_loss":0.0,"gold_gain":0.0,"event_name":"The Cleric","player_choice":"Card Removal","floor":8.0,"gold_loss":50.0,"damage_taken":0.0},{"damage_healed":0.0,"max_hp_gain":0.0,"max_hp_loss":0.0,"gold_gain":0.0,"event_name":"Mushrooms","player_choice":"Fought Mushrooms","floor":12.0,"gold_loss":0.0,"damage_taken":0.0},{"damage_healed":0.0,"max_hp_gain":0.0,"max_hp_loss":0.0,"gold_gain":0.0,"event_name":"Vampires","player_choice":"Ignored","floor":22.0,"gold_loss":0.0,"damage_taken":0.0},{"damage_healed":0.0,"max_hp_gain":0.0,"max_hp_loss":0.0,"gold_gain":0.0,"event_name":"Cursed Tome","player_choice":"Obtained Book","floor":30.0,"gold_loss":0.0,"damage_taken":16.0},{"cards_removed":["Clumsy","Parasite","downfall:Haunted","downfall:Haunted"],"damage_healed":0,"gold_gain":0,"player_choice":"Removed Curses","damage_taken":0,"max_hp_gain":0,"max_hp_loss":0,"event_name":"Fountain of Cleansing","floor":48,"gold_loss":0}],"is_beta":false,"boss_relics":[{"not_picked":["Ectoplasm","Runic Pyramid"],"picked":"Pandora\u0027s Box"},{"not_picked":["Black Star","Runic Cube"],"picked":"Sozu"}],"items_purged_floors":[36],"is_endless":false,"potions_floor_spawned":[1,5,11,13,16,18,21,25,27,35,38,39,47],"ascension_level":1}}