{"host":"wkuscavjg97fbbrj","time":1611578739,"event":{"mods":["BaseMod","Colored Powertips","Downfall","Minty Spire (QoL Compilation)","Permanent Neow","Quick Restart","Replay The Spire","StSLib"],"gold_per_floor":[119,138,155,155,155,186,186,186,186,203,203,213,229,229,229,333,333,344,344,344,356,371,371,400,400,400],"floor_reached":25,"language":"ENG","playtime":974,"items_purged":[],"score":279,"play_id":"52c0038f-e988-4182-b4e1-b87676607fa5","local_time":"20210125074539","is_ascension_mode":true,"campfire_choices":[{"data":"Prepared","floor":8.0,"key":"SMITH"},{"floor":11.0,"key":"RECALL"},{"data":"Adrenaline","floor":23.0,"key":"SMITH"}],"circlet_count":0,"master_deck":["Strike_G","Strike_G","Strike_G","Strike_G","Defend_G","Defend_G","Defend_G","Defend_G","Survivor","Neutralize+1","Prepared+1","Dagger Spray","Backflip","Quick Slash+1","Quick Slash","Skewer","Calculated Gamble+1","Adrenaline+1","Dagger Spray","Blade Dance+1","ReplayTheSpireMod:Uncanny Aura","Riddle With Holes","Blade Dance","A Thousand Cuts","Calculated Gamble+1"],"relics":["Ring of the Serpent","Prayer Wheel","Vajra","Sundial","Enchiridion","Replay:Accelerometer"],"acts_visited":["Exordium","TheCity"],"potions_floor_usage":[25],"damage_taken":[{"damage":0.0,"enemies":"Small Slimes","floor":1.0,"turns":3.0},{"damage":0.0,"enemies":"Jaw Worm","floor":2.0,"turns":4.0},{"damage":0.0,"enemies":"2 Louse","floor":3.0,"turns":3.0},{"damage":20.0,"enemies":"Gremlin Nob","floor":6.0,"turns":4.0},{"damage":1.0,"enemies":"Exordium Wildlife","floor":10.0,"turns":2.0},{"damage":0.0,"enemies":"2 Fungi Beasts","floor":12.0,"turns":3.0},{"damage":0.0,"enemies":"Looter","floor":13.0,"turns":3.0},{"damage":26.0,"enemies":"Fading Forest","floor":16.0,"turns":11.0},{"damage":0.0,"enemies":"3 Byrds","floor":18.0,"turns":3.0},{"damage":7.0,"enemies":"2 Thieves","floor":21.0,"turns":3.0},{"damage":14.0,"enemies":"Snecko","floor":22.0,"turns":4.0},{"damage":24.0,"enemies":"Slavers","floor":24.0,"turns":2.0},{"damage":9,"enemies":"3 Cultists","floor":25,"turns":3}],"seed_played":"2822973596203105112","potions_obtained":[{"floor":6.0,"key":"Poison Potion"},{"floor":10.0,"key":"LifebloodPotion"},{"floor":12.0,"key":"sneckomod:MuddlingPotion"},{"floor":22.0,"key":"Strength Potion"},{"floor":24.0,"key":"Weak Potion"}],"is_trial":false,"path_per_floor":["M","M","M","?","?","E","?","R","T","M","R","M","M","?","R","B",null,"M","?","?","M","M","R","E","M"],"character_chosen":"THE_SILENT","items_purchased":[],"campfire_rested":0,"item_purchase_floors":[],"current_hp_per_floor":[70,70,70,52,52,32,55,55,55,54,54,54,54,54,70,63,68,68,52,52,45,31,31,7,0,0],"gold":400,"neow_bonus":"UPGRADE_CARD","is_daily":false,"chose_seed":false,"campfire_upgraded":2,"win_rate":0.0,"timestamp":1611578739,"path_taken":["M","M","M","?","?","E","?","R","T","?","R","M","M","?","R","BOSS","M","?","?","?","M","R","E","M"],"items_purchased_type":[],"build_version":"2020-12-22","purchased_purges":0,"victory":false,"max_hp_per_floor":[70,70,70,70,70,70,70,70,70,70,70,70,70,70,70,70,70,70,70,70,70,70,70,70,70,70],"card_choices":[{"not_picked":["Poisoned Stab","Dagger Throw"],"picked":"Prepared","floor":1.0},{"not_picked":["ReplayTheSpireMod:Shiv Toss","Bane"],"picked":"Dagger Spray","floor":2.0},{"not_picked":["Deadly Poison","Hidden Blade"],"picked":"Backflip","floor":3.0},{"not_picked":["Underhanded Strike","Dodge and Roll"],"picked":"Quick Slash","floor":6.0},{"not_picked":["Catalyst","Flying Knee","Backflip"],"picked":"SKIP","floor":10.0},{"not_picked":["Flying Knee","Sucker Punch","Dash"],"picked":"SKIP","floor":10.0},{"not_picked":["Setup","Escape Plan","Dodge and Roll"],"picked":"SKIP","floor":12.0},{"not_picked":["Underhanded Strike","Heel Hook","Atom Bomb"],"picked":"SKIP","floor":12.0},{"not_picked":["Cloak And Dagger","Outmaneuver"],"picked":"Skewer","floor":13.0},{"not_picked":["Dash","Hidden Blade"],"picked":"Calculated Gamble","floor":13.0},{"not_picked":["Unload","ReplayTheSpireMod:From All Sides"],"picked":"Adrenaline","floor":16.0},{"not_picked":["Flechettes","Backflip"],"picked":"Dagger Spray","floor":18.0},{"not_picked":["Blade Dance+1","Hidden Blade","Cloak And Dagger"],"picked":"SKIP","floor":18.0},{"not_picked":["Hidden Blade","Cloak And Dagger"],"picked":"Blade Dance+1","floor":18.0},{"not_picked":["ReplayTheSpireMod:Tripwire","Outmaneuver"],"picked":"Riddle With Holes","floor":21.0},{"not_picked":["Well Laid Plans","PiercingWail+1"],"picked":"Blade Dance","floor":21.0},{"not_picked":["PiercingWail","ReplayTheSpireMod:The Works"],"picked":"A Thousand Cuts","floor":22.0},{"not_picked":["Backflip","Caltrops","Sucker Punch"],"picked":"SKIP","floor":22.0},{"not_picked":["Expertise+1","Dagger Spray"],"picked":"Calculated Gamble+1","floor":24.0}],"player_experience":171708,"relics_obtained":[{"floor":6.0,"key":"Vajra"},{"floor":9.0,"key":"Sundial"},{"floor":19.0,"key":"Enchiridion"},{"floor":24.0,"key":"Replay:Accelerometer"}],"event_choices":[{"damage_healed":0.0,"max_hp_gain":0.0,"max_hp_loss":0.0,"gold_gain":0.0,"event_name":"Scrap Ooze","player_choice":"Success","floor":4.0,"gold_loss":0.0,"damage_taken":18.0,"relics_obtained":["Prayer Wheel"]},{"damage_healed":23.0,"max_hp_gain":0.0,"max_hp_loss":0.0,"gold_gain":0.0,"event_name":"Big Fish","player_choice":"Banana","floor":7.0,"gold_loss":0.0,"damage_taken":0.0},{"damage_healed":0.0,"max_hp_gain":0.0,"max_hp_loss":0.0,"gold_gain":0.0,"event_name":"Cursed Tome","player_choice":"Obtained Book","floor":19.0,"gold_loss":0.0,"damage_taken":16.0},{"damage_healed":0.0,"max_hp_gain":0.0,"max_hp_loss":0.0,"gold_gain":0.0,"event_name":"Match and Keep!","player_choice":"1 cards matched","floor":20.0,"gold_loss":0.0,"damage_taken":0.0,"cards_obtained":["ReplayTheSpireMod:Uncanny Aura"]}],"is_beta":false,"boss_relics":[{"not_picked":["Astrolabe","Runic Pyramid"],"picked":"Ring of the Serpent"}],"items_purged_floors":[],"is_endless":false,"potions_floor_spawned":[6,10,12,22,24],"killed_by":"3 Cultists","ascension_level":5}}