{"host":"l5xpox9cbdko122s","time":1611535279,"event":{"mods":["AchievementEnabler","BaseMod","Better Skull","Colored Map","Colored Powertips","Curses Come First","Displayed Cursed Tome","Hermit","Highlight Path","Minty Spire (QoL Compilation)","Quick Restart","Shop Mod","StSLib"],"gold_per_floor":[111,111,111,111,111,136,136,156,156,173,222,222,222,241,241,343,343,359,318,243,243,257,275,275,275],"floor_reached":24,"language":"ENG","playtime":1010,"items_purged":["Zap"],"score":194,"play_id":"0fbb45a1-d16a-4e53-ad81-b66cb3308236","local_time":"20210124194119","is_ascension_mode":false,"campfire_choices":[{"floor":13,"key":"REST"},{"floor":15,"key":"RECALL"}],"circlet_count":0,"master_deck":["Strike_B","Strike_B","Strike_B","Strike_B","Defend_B","Defend_B","Defend_B","Defend_B","Rebound","Echo Form+1","Melter"],"relics":["Boot","Bronze Scales","Busted Crown","MerchantsRug","Art of War"],"acts_visited":["Exordium","TheCity"],"potions_floor_usage":[8,14,16,23,24],"damage_taken":[{"damage":0,"enemies":"Small Slimes","floor":1,"turns":4},{"damage":38,"enemies":"3 Sentries","floor":6,"turns":9},{"damage":3,"enemies":"Jaw Worm","floor":8,"turns":2},{"damage":0,"enemies":"2 Louse","floor":10,"turns":1},{"damage":2,"enemies":"Blue Slaver","floor":14,"turns":2},{"damage":31,"enemies":"The Guardian","floor":16,"turns":9},{"damage":20,"enemies":"2 Thieves","floor":18,"turns":4},{"damage":11,"enemies":"3 Byrds","floor":22,"turns":3},{"damage":15,"enemies":"Snecko","floor":23,"turns":5},{"damage":34,"enemies":"Slavers","floor":24,"turns":2}],"seed_played":"-6983766677492196637","potions_obtained":[{"floor":1,"key":"Weak Potion"},{"floor":8,"key":"Fire Potion"},{"floor":10,"key":"SpeedPotion"},{"floor":18,"key":"Ancient Potion"},{"floor":22,"key":"Swift Potion"}],"is_trial":false,"path_per_floor":["M","?","?","?","$","E","$","M","T","M","T","?","R","M","R","B",null,"M","$","?","?","M","M","E"],"character_chosen":"DEFECT","items_purchased":["MerchantsRug"],"campfire_rested":1,"item_purchase_floors":[19],"current_hp_per_floor":[75,80,62,62,62,24,24,21,21,21,21,21,45,43,43,12,80,60,60,60,60,49,34,0,0],"gold":275,"neow_bonus":"RANDOM_COMMON_RELIC","is_daily":false,"chose_seed":false,"campfire_upgraded":0,"win_rate":0.0,"timestamp":1611535279,"path_taken":["M","?","?","?","?","E","$","M","T","M","?","?","R","M","R","BOSS","M","$","?","?","M","M","E"],"items_purchased_type":["Relic"],"build_version":"2020-12-22","purchased_purges":1,"victory":false,"max_hp_per_floor":[75,80,80,80,80,80,80,80,80,80,80,80,80,80,80,80,80,80,80,80,80,80,80,80,80],"card_choices":[{"not_picked":["Heatsinks","Turbo"],"picked":"Rebound","floor":1},{"not_picked":["Barrage","Storm"],"picked":"Echo Form","floor":6},{"not_picked":["Turbo","Steam","Defragment"],"picked":"SKIP","floor":8},{"not_picked":["Tempest","Ball Lightning","Redo"],"picked":"SKIP","floor":10},{"not_picked":["Redo","Leap"],"picked":"Melter","floor":14},{"not_picked":["Stack"],"picked":"SKIP","floor":18},{"not_picked":["Chill"],"picked":"SKIP","floor":22},{"not_picked":["Barrage"],"picked":"SKIP","floor":23}],"player_experience":192347,"relics_obtained":[{"floor":6,"key":"Mummified Hand"},{"floor":11,"key":"Bronze Scales"}],"event_choices":[{"damage_healed":0,"gold_gain":0,"player_choice":"Donut","damage_taken":0,"max_hp_gain":5,"max_hp_loss":0,"event_name":"Big Fish","floor":2,"gold_loss":0},{"damage_healed":0,"gold_gain":0,"player_choice":"Success","damage_taken":18,"relics_obtained":["Boot"],"max_hp_gain":0,"max_hp_loss":0,"event_name":"Scrap Ooze","floor":3,"gold_loss":0},{"damage_healed":0,"gold_gain":0,"player_choice":"Ignored","damage_taken":0,"max_hp_gain":0,"max_hp_loss":0,"event_name":"Shining Light","floor":4,"gold_loss":0},{"damage_healed":0,"gold_gain":0,"player_choice":"Grow","damage_taken":0,"max_hp_gain":0,"max_hp_loss":0,"event_name":"Living Wall","floor":12,"gold_loss":0,"cards_upgraded":["Echo Form"]},{"cards_removed":["Dualcast"],"damage_healed":0,"gold_gain":0,"player_choice":"Gave Gold","damage_taken":0,"max_hp_gain":0,"max_hp_loss":0,"event_name":"Beggar","floor":20,"gold_loss":75},{"damage_healed":0,"gold_gain":0,"player_choice":"Opened","damage_taken":0,"relics_obtained":["Art of War"],"max_hp_gain":0,"max_hp_loss":0,"event_name":"The Mausoleum","floor":21,"gold_loss":0}],"is_beta":false,"boss_relics":[{"not_picked":["FrozenCore","Snecko Eye"],"picked":"Busted Crown"}],"items_purged_floors":[19],"is_endless":false,"potions_floor_spawned":[1,8,10,18,22],"killed_by":"Slavers","ascension_level":0}}