{"host":"zj59u6rib3fz4c79","time":1611576760,"event":{"mods":["AchievementEnabler","BaseMod","Bestiary","Colored Map","Colored Powertips","Highlight Path","Minty Spire (QoL Compilation)","StSLib"],"gold_per_floor":[109,128,144,144,6,6,32,51,51,51,51,51],"floor_reached":11,"language":"ENG","playtime":574,"items_purged":[],"score":77,"play_id":"077ff82a-f2d0-40be-8089-9400300f145c","local_time":"20210125061240","is_ascension_mode":true,"campfire_choices":[{"data":"Echo Form","floor":6,"key":"SMITH"}],"circlet_count":0,"master_deck":["Strike_B","Strike_B","Strike_B","Defend_B","Defend_B","Zap","Dualcast","Conserve Battery","Ball Lightning","Echo Form+1","Ball Lightning"],"relics":["Cracked Core","Lantern","Toxic Egg 2"],"acts_visited":["Exordium"],"potions_floor_usage":[7,11],"damage_taken":[{"damage":1,"enemies":"Cultist","floor":1,"turns":3},{"damage":2,"enemies":"2 Louse","floor":2,"turns":2},{"damage":6,"enemies":"Jaw Worm","floor":3,"turns":2},{"damage":17,"enemies":"Gremlin Nob","floor":7,"turns":4},{"damage":4,"enemies":"3 Louse","floor":8,"turns":3},{"damage":19,"enemies":"Lagavulin","floor":11,"turns":5}],"seed_played":"-8748426698848584390","potions_obtained":[{"floor":2,"key":"DuplicationPotion"},{"floor":8,"key":"Swift Potion"}],"is_trial":false,"path_per_floor":["M","M","M","?","$","R","E","M","T","T","E"],"character_chosen":"DEFECT","items_purchased":["Echo Form"],"campfire_rested":0,"item_purchase_floors":[5],"current_hp_per_floor":[53,51,45,38,38,38,21,17,17,17,0,0],"gold":51,"neow_bonus":"REMOVE_TWO","is_daily":false,"chose_seed":false,"campfire_upgraded":1,"win_rate":0.0,"timestamp":1611576760,"path_taken":["M","?","M","?","$","R","E","M","T","?","E"],"items_purchased_type":["Card"],"build_version":"2020-12-22","purchased_purges":0,"victory":false,"max_hp_per_floor":[75,75,75,75,75,75,75,75,75,75,75,75],"card_choices":[{"not_picked":["Turbo","Leap"],"picked":"Conserve Battery","floor":1},{"not_picked":["Barrage","Heatsinks"],"picked":"Ball Lightning","floor":2},{"not_picked":["Steam","Aggregate","Redo"],"picked":"SKIP","floor":3},{"not_picked":["Storm","Creative AI"],"picked":"Ball Lightning","floor":7},{"not_picked":["Streamline","Chaos","Auto Shields"],"picked":"SKIP","floor":8}],"player_experience":64173,"relics_obtained":[{"floor":7,"key":"Lantern"},{"floor":10,"key":"Toxic Egg 2"}],"event_choices":[{"cards_removed":["Defend_B"],"damage_healed":0,"gold_gain":0,"player_choice":"Card Removal","damage_taken":7,"max_hp_gain":0,"max_hp_loss":0,"event_name":"Golden Wing","floor":4,"gold_loss":0}],"is_beta":false,"boss_relics":[],"items_purged_floors":[],"is_endless":false,"potions_floor_spawned":[2,8],"killed_by":"Lagavulin","ascension_level":1}}