{"host":"qhhcmep1unj6mpf7","time":1611569328,"event":{"mods":["2.2 Compatiblity","AchievementEnabler","BaseMod","Colored Map","DeckTracker","Highlight Path","Keyboard Shortcuts","Minty Spire (QoL Compilation)","Permanent Neow","Quick Restart","Random Character Button","StSLib","SuperFastMode","everything is the same but u backflip on backflip"],"gold_per_floor":[109,129,129,41,41,41,41,41,41,71,71,32,47,62,62,163,163,179,232,232,8,8,8,35,35,58,58,74,74,86,103,103,205,205,217,233,233,249,70,70,89,89,115,140,150,150,74,100,100,100,100,100,100,130,130],"floor_reached":56,"language":"KOR","playtime":3953,"items_purged":["Decay","Strike_R"],"score":1246,"play_id":"e4d186b6-e338-48ea-8eee-d61d0f64d015","local_time":"20210125190848","is_ascension_mode":false,"campfire_choices":[{"data":"Berserk","floor":6.0,"key":"SMITH"},{"data":"Forethought","floor":8.0,"key":"SMITH"},{"data":"Dark Embrace","floor":15.0,"key":"SMITH"},{"data":"Body Slam","floor":23.0,"key":"SMITH"},{"floor":25.0,"key":"REST"},{"data":"Second Wind","floor":29.0,"key":"SMITH"},{"floor":32.0,"key":"REST"},{"data":"Evolve","floor":40.0,"key":"SMITH"},{"data":"Barricade","floor":42.0,"key":"SMITH"},{"data":"Warcry","floor":46.0,"key":"SMITH"},{"floor":49,"key":"RECALL"},{"data":"Feel No Pain","floor":52,"key":"SMITH"}],"circlet_count":0,"master_deck":["Strike_R","Strike_R+1","Strike_R+1","Defend_R","Defend_R","Defend_R","Defend_R","Bash","Berserk+1","Warcry+1","Forethought+1","Feel No Pain+1","Power Through","Body Slam+1","Dark Embrace+1","Offering","Evolve+1","Second Wind+1","Warcry+1","Barricade+1","Demon Form","Second Wind","Heavy Blade","Power Through","Battle Trance+1"],"relics":["Burning Blood","Prayer Wheel","TungstenRod","Thread and Needle","Regal Pillow","Black Star","Vajra","Omamori","Ancient Tea Set","Blue Candle","Happy Flower","Busted Crown","Art of War","Mango","Pen Nib","Red Skull","Orichalcum","Whetstone"],"acts_visited":["Exordium","TheCity","TheBeyond","TheEnding"],"potions_floor_usage":[50,55],"damage_taken":[{"damage":2.0,"enemies":"Small Slimes","floor":1.0,"turns":4.0},{"damage":6.0,"enemies":"Jaw Worm","floor":2.0,"turns":4.0},{"damage":53.0,"enemies":"3 Sentries","floor":10.0,"turns":12.0},{"damage":1.0,"enemies":"Cultist","floor":13.0,"turns":5.0},{"damage":4.0,"enemies":"Blue Slaver","floor":14.0,"turns":5.0},{"damage":30.0,"enemies":"Slime Boss","floor":16.0,"turns":18.0},{"damage":54.0,"enemies":"Shell Parasite","floor":18.0,"turns":13.0},{"damage":29.0,"enemies":"Slavers","floor":24.0,"turns":5.0},{"damage":5.0,"enemies":"Spheric Guardian","floor":28.0,"turns":4.0},{"damage":25.0,"enemies":"Centurion and Healer","floor":30.0,"turns":12.0},{"damage":20.0,"enemies":"3 Cultists","floor":31.0,"turns":7.0},{"damage":30.0,"enemies":"Collector","floor":33.0,"turns":9.0},{"damage":25.0,"enemies":"3 Darklings","floor":35.0,"turns":6.0},{"damage":25.0,"enemies":"Orb Walker","floor":36.0,"turns":5.0},{"damage":17.0,"enemies":"Maw","floor":38.0,"turns":9.0},{"damage":18.0,"enemies":"Writhing Mass","floor":41.0,"turns":5.0},{"damage":5.0,"enemies":"Giant Head","floor":44.0,"turns":6.0},{"damage":11.0,"enemies":"Jaw Worm Horde","floor":45.0,"turns":5.0},{"damage":20.0,"enemies":"Reptomancer","floor":48.0,"turns":4.0},{"damage":5,"enemies":"Awakened One","floor":50,"turns":9},{"damage":58,"enemies":"Shield and Spear","floor":54,"turns":6},{"damage":24,"enemies":"The Heart","floor":55,"turns":6}],"seed_played":"-256474147675777188","potions_obtained":[{"floor":10.0,"key":"PowerPotion"},{"floor":13.0,"key":"Strength Potion"},{"floor":14.0,"key":"BloodPotion"},{"floor":16.0,"key":"Strength Potion"},{"floor":28.0,"key":"AttackPotion"},{"floor":30.0,"key":"FearPotion"},{"floor":31.0,"key":"LiquidMemories"},{"floor":35.0,"key":"EssenceOfSteel"},{"floor":44.0,"key":"Swift Potion"},{"floor":48.0,"key":"Strength Potion"}],"is_trial":false,"path_per_floor":["M","M","?","$","?","R","?","R","T","E","?","$","M","M","R","B",null,"M","T","?","$","?","R","E","R","T","?","M","R","M","M","R","B",null,"M","M","?","M","$","R","M","R","T","E","M","R","$","E","R","B",null,"R","$","E","B",null],"character_chosen":"IRONCLAD","items_purchased":["Forethought","Power Through","Omamori","Second Wind","Power Through"],"campfire_rested":2,"item_purchase_floors":[4,12,21,39,47],"current_hp_per_floor":[80,80,80,80,80,80,74,74,74,27,27,27,32,34,34,10,77,29,29,16,16,16,16,9,48,48,48,49,49,30,16,55,31,82,63,44,44,33,33,33,21,21,21,36,31,31,31,17,17,18,96,96,96,44,26],"gold":130,"neow_bonus":"ONE_RARE_RELIC","is_daily":false,"chose_seed":false,"campfire_upgraded":9,"win_rate":0.0,"timestamp":1611569328,"path_taken":["M","M","?","$","?","R","?","R","T","E","?","$","M","M","R","BOSS","M","?","?","$","?","R","E","R","T","?","?","R","M","M","R","BOSS","M","M","?","M","$","R","M","R","T","E","M","R","$","E","R","BOSS","R","$","E","BOSS"],"items_purchased_type":["Card","Card","Relic","Card","Card"],"build_version":"2020-12-22","purchased_purges":2,"victory":true,"max_hp_per_floor":[80,80,80,80,80,80,77,77,77,77,77,77,77,77,77,77,77,77,77,82,82,82,82,82,82,82,82,82,82,82,82,82,82,82,82,82,82,82,82,82,82,82,82,96,96,96,96,96,96,96,96,96,96,96,96],"card_choices":[{"not_picked":["Havoc","Perfected Strike","Thunderclap"],"picked":"SKIP","floor":1.0},{"not_picked":["Flex","Metallicize","Dropkick"],"picked":"SKIP","floor":1.0},{"not_picked":["Havoc","Perfected Strike","Thunderclap"],"picked":"SKIP","floor":1.0},{"not_picked":["Flex","Metallicize","Dropkick"],"picked":"SKIP","floor":1.0},{"not_picked":["Armaments","Infernal Blade"],"picked":"Berserk","floor":2.0},{"not_picked":["Wild Strike","Burning Pact"],"picked":"Warcry","floor":2.0},{"not_picked":["Sever Soul","Iron Wave"],"picked":"Feel No Pain","floor":10.0},{"not_picked":["Perfected Strike","Flex"],"picked":"Body Slam","floor":13.0},{"not_picked":["Warcry","Anger","Clash"],"picked":"SKIP","floor":13.0},{"not_picked":["Berserk","Twin Strike"],"picked":"Dark Embrace","floor":14.0},{"not_picked":["Shrug It Off","Uppercut","Iron Wave"],"picked":"SKIP","floor":14.0},{"not_picked":["Bludgeon","Limit Break"],"picked":"Offering","floor":16.0},{"not_picked":["Blood for Blood+1","Armaments"],"picked":"Evolve","floor":18.0},{"not_picked":["Anger+1","Power Through+1"],"picked":"Second Wind","floor":18.0},{"not_picked":["Uppercut","Perfected Strike"],"picked":"Warcry+1","floor":24.0},{"not_picked":["Sword Boomerang","Blood for Blood","Wild Strike"],"picked":"SKIP","floor":28.0},{"not_picked":["Whirlwind","Shrug It Off","Armaments"],"picked":"SKIP","floor":28.0},{"not_picked":["Anger","Sword Boomerang","Headbutt"],"picked":"SKIP","floor":30.0},{"not_picked":["Ghostly Armor","Pummel","Feel No Pain"],"picked":"SKIP","floor":30.0},{"not_picked":["Rampage","Clothesline+1"],"picked":"Barricade","floor":31.0},{"not_picked":["Havoc","Flex+1","True Grit+1"],"picked":"SKIP","floor":31.0},{"not_picked":["Bludgeon","Reaper"],"picked":"Demon Form","floor":33.0},{"not_picked":["Hemokinesis+1"],"picked":"SKIP","floor":35.0},{"not_picked":["Shrug It Off"],"picked":"SKIP","floor":35.0},{"not_picked":["Iron Wave"],"picked":"SKIP","floor":36.0},{"not_picked":["Havoc"],"picked":"SKIP","floor":36.0},{"not_picked":["Perfected Strike"],"picked":"SKIP","floor":38.0},{"not_picked":["Headbutt+1"],"picked":"SKIP","floor":38.0},{"not_picked":[],"picked":"Heavy Blade","floor":41.0},{"not_picked":["Armaments+1"],"picked":"SKIP","floor":41.0},{"not_picked":["Reckless Charge"],"picked":"SKIP","floor":44.0},{"not_picked":["Reckless Charge"],"picked":"SKIP","floor":44.0},{"not_picked":["Clothesline+1"],"picked":"SKIP","floor":45.0},{"not_picked":["Sword Boomerang+1"],"picked":"SKIP","floor":45.0},{"not_picked":[],"picked":"Battle Trance+1","floor":48.0},{"not_picked":["Rampage+1"],"picked":"SKIP","floor":54}],"player_experience":79350,"relics_obtained":[{"floor":9.0,"key":"Thread and Needle"},{"floor":10.0,"key":"Regal Pillow"},{"floor":19.0,"key":"Vajra"},{"floor":24.0,"key":"Ancient Tea Set"},{"floor":24.0,"key":"Blue Candle"},{"floor":26.0,"key":"Happy Flower"},{"floor":44.0,"key":"Art of War"},{"floor":44.0,"key":"Mango"},{"floor":48.0,"key":"Pen Nib"},{"floor":48.0,"key":"Red Skull"},{"floor":54,"key":"Orichalcum"},{"floor":54,"key":"Whetstone"}],"event_choices":[{"damage_healed":0.0,"max_hp_gain":0.0,"max_hp_loss":0.0,"gold_gain":0.0,"event_name":"Big Fish","player_choice":"Box","floor":3.0,"gold_loss":0.0,"damage_taken":0.0,"relics_obtained":["TungstenRod"],"cards_obtained":["Regret"]},{"cards_removed":["Regret"],"damage_healed":0.0,"max_hp_gain":0.0,"max_hp_loss":0.0,"gold_gain":0.0,"event_name":"Living Wall","player_choice":"Forget","floor":5.0,"gold_loss":0.0,"damage_taken":0.0},{"cards_removed":["Parasite"],"damage_healed":0.0,"max_hp_gain":0.0,"max_hp_loss":0.0,"gold_gain":0.0,"event_name":"Golden Wing","player_choice":"Card Removal","floor":7.0,"gold_loss":0.0,"damage_taken":7.0},{"damage_healed":0.0,"max_hp_gain":0.0,"max_hp_loss":0.0,"gold_gain":0.0,"event_name":"Wheel of Change","player_choice":"Cursed","floor":11.0,"gold_loss":0.0,"damage_taken":0.0,"cards_obtained":["Decay"]},{"damage_healed":0.0,"max_hp_gain":5.0,"max_hp_loss":0.0,"gold_gain":0.0,"event_name":"Forgotten Altar","player_choice":"Shed Blood","floor":20.0,"gold_loss":0.0,"damage_taken":19.0},{"damage_healed":0.0,"max_hp_gain":0.0,"max_hp_loss":0.0,"gold_gain":0.0,"event_name":"Ghosts","player_choice":"Ignored","floor":22.0,"gold_loss":0.0,"damage_taken":0.0},{"cards_removed":["Strike_R"],"damage_healed":0.0,"max_hp_gain":0.0,"max_hp_loss":0.0,"gold_gain":0.0,"event_name":"Purifier","player_choice":"Purged","floor":27.0,"gold_loss":0.0,"damage_taken":0.0},{"damage_healed":0.0,"max_hp_gain":0.0,"max_hp_loss":0.0,"gold_gain":0.0,"event_name":"SensoryStone","player_choice":"Memory 1","floor":37.0,"gold_loss":0.0,"damage_taken":0.0}],"is_beta":false,"boss_relics":[{"not_picked":["Tiny House","Black Blood"],"picked":"Black Star"},{"not_picked":["Fusion Hammer","Empty Cage"],"picked":"Busted Crown"}],"items_purged_floors":[21,39],"is_endless":false,"potions_floor_spawned":[10,13,14,16,28,30,31,35,44,48],"ascension_level":0}}