{"host":"zzywh33h0f2x053k","time":1611571780,"event":{"mods":["Act Like it!","Aspiration","BaseMod","Colored Map","Gensokyo","Grow up Mod","GungeonMod","Hallownest","KomeijiMod","Minty Spire (QoL Compilation)","Quick Restart","Reimu£¨²©ÀöÁéÃÎ£©","RumiaBox-Â¶Ã×æ«µÄÉñÃØºÐ×Ó","Shop Mod","Spicy Shops","StSLib","The Bug Knight","WarShipGirlsR/Õ½½¢ÉÙÅ®R mod","Yakumo Yukari mod","Youmu£¨»êÆÇÑýÃÎ£©","noobMod","¡¾ÒÅÎï¿¨ÅÆ¡¿REMEMod","óô»ðÖ¸ÄÏ"],"gold_per_floor":[115,128,147,64,80,80,412,428,428,656,673,773,773,790,210,309,309,329,340,83,102,116,148,148,182,182,182,200,211,221,241,252,25,25,120,120,120],"floor_reached":36,"language":"ZHS","playtime":2812,"items_purged":["Defend_P","Vigilance"],"score":523,"play_id":"d540600e-909f-4694-9996-67970d147d69","local_time":"20210125184940","is_ascension_mode":true,"campfire_choices":[{"data":"DemoMod:FinishedGun","floor":6.0,"key":"SMITH"},{"data":"Alpha","floor":24.0,"key":"SMITH"},{"floor":27.0,"key":"RECALL"}],"circlet_count":0,"master_deck":["Strike_P","Strike_P","Strike_P","Strike_P","Eruption","DemoMod:FinishedGun+1","Wireheading","LikeWater","Consecrate","BattleHymn","REME_MusicOfDeath","Study","Expertise","Setup","Blade Dance","Alpha+1","MentalFortress+1","Prostrate","Devotion"],"relics":["PureWater","ice","REME_ComplimentaryCards","NeowsBlessing","Bag of Marbles","DemoMod:LamentConfigurum","FossilizedHelix","MerchantsRug","DemoMod:MonsterBlood","NitorisBag","Sozu","TentaclePot:ReiMu","HollowMod:LifeEnderRelic","Damaru","aspiration:HatOfInfinitePower","Smiling Mask"],"acts_visited":["Gensokyo:Gensokyo","Gensokyo:Gensokyoer","DemoMod:Maze"],"potions_floor_usage":[],"damage_taken":[{"damage":0.0,"enemies":"Gensokyo:Python","floor":1.0,"turns":1.0},{"damage":0.0,"enemies":"Gensokyo:3_Fairies","floor":2.0,"turns":1.0},{"damage":0.0,"enemies":"Gensokyo:Gryphon","floor":3.0,"turns":1.0},{"damage":34.0,"enemies":"Gensokyo:2_Rabbits","floor":5.0,"turns":4.0},{"damage":44.0,"enemies":"Gensokyo:Mamizou","floor":7.0,"turns":7.0},{"damage":0.0,"enemies":"Gensokyo:Gryphon_and_Rabbit","floor":8.0,"turns":1.0},{"damage":34.0,"enemies":"Gensokyo:Aya","floor":10.0,"turns":5.0},{"damage":0.0,"enemies":"Gensokyo:LivingMonolith","floor":11.0,"turns":1.0},{"damage":4.0,"enemies":"Gensokyo:CorruptedTreant","floor":14.0,"turns":2.0},{"damage":0.0,"enemies":"Gensokyo:Yukari","floor":16.0,"turns":5.0},{"damage":0.0,"enemies":"Gensokyo:2_Gloops","floor":18.0,"turns":3.0},{"damage":0.0,"enemies":"Gensokyo:AngelMirror","floor":19.0,"turns":1.0},{"damage":13.0,"enemies":"Gensokyo:Chomper_and_Gloop","floor":21.0,"turns":4.0},{"damage":26.0,"enemies":"Gensokyo:Slime_Group","floor":22.0,"turns":3.0},{"damage":162.0,"enemies":"Gensokyo:Tenshi","floor":23.0,"turns":4.0},{"damage":20.0,"enemies":"Gensokyo:Koishi","floor":25.0,"turns":4.0},{"damage":0.0,"enemies":"DemoMod:Red_and_blue_shotgun_kin","floor":28.0,"turns":1.0},{"damage":0.0,"enemies":"DemoMod:Veteran_shot_gun_kin_and_bullet_kin","floor":29.0,"turns":2.0},{"damage":51.0,"enemies":"DemoMod:Red_and_blue_shotgun_kin_with_gunsinger","floor":30.0,"turns":3.0},{"damage":27.0,"enemies":"DemoMod:2_Mousers","floor":31.0,"turns":5.0},{"damage":56.0,"enemies":"DemoMod:Veteran_shot_gun_kin_and_blue_shotgun_kin_with_gunsinger","floor":32.0,"turns":4.0},{"damage":151.0,"enemies":"DemoMod:ResourcefulRat","floor":35.0,"turns":8.0}],"seed_played":"7187391592304621502","potions_obtained":[{"floor":2.0,"key":"CalmPotion"},{"floor":3.0,"key":"SkillPotion"},{"floor":8.0,"key":"Fruit Juice"},{"floor":10.0,"key":"BottledMiracle"}],"is_trial":false,"path_per_floor":["M","M","M","COS","M","R","E","M","T","E","M","?","?","M","R","B",null,"M","M","$","M","M","E","R","E","T","R","M","M","M","M","M","R","B","B",null],"character_chosen":"WATCHER","items_purchased":["MerchantsRug","DemoMod:GnawedKey","DemoMod:MonsterBlood","NitorisBag","TentaclePot:ReiMu","Smiling Mask","Devotion"],"campfire_rested":0,"item_purchase_floors":[15,15,15,15,20,33,33],"current_hp_per_floor":[92,102,112,122,98,108,74,84,94,75,85,95,105,111,128,138,264,274,284,294,291,275,123,133,123,354,364,374,384,343,326,280,290,281,140,140,140],"gold":120,"neow_bonus":"THREE_ENEMY_KILL","is_daily":false,"chose_seed":false,"campfire_upgraded":2,"win_rate":0.0,"timestamp":1611571780,"path_taken":["M","M","?","COS","?","R","E","M","T","E","M","?","?","M","R","BOSS","M","M","$","?","M","E","R","E","T","R","M","M","M","M","M","R","BOSS","BOSS"],"items_purchased_type":["Relic","Relic","Relic","Relic","Relic","Relic","Card"],"build_version":"2020-12-22","purchased_purges":2,"victory":false,"max_hp_per_floor":[92,102,112,122,132,142,152,162,172,187,197,207,217,227,244,254,264,274,284,294,304,314,324,334,344,354,364,374,384,394,404,414,424,434,444,444,444],"card_choices":[{"not_picked":["BowlingBash","FollowUp"],"picked":"Wireheading","floor":1.0},{"not_picked":["PathToVictory","JustLucky"],"picked":"LikeWater","floor":2.0},{"not_picked":["CutThroughFate","Protect","Prostrate"],"picked":"SKIP","floor":3.0},{"not_picked":["CutThroughFate","DeceiveReality"],"picked":"Consecrate","floor":5.0},{"not_picked":["CrushJoints","Fasting2"],"picked":"BattleHymn","floor":7.0},{"not_picked":["EmptyFist","Halt","JustLucky"],"picked":"SKIP","floor":8.0},{"not_picked":["Weave","Vengeance"],"picked":"REME_MusicOfDeath","floor":10.0},{"not_picked":["BattleHymn","SandsOfTime"],"picked":"Study","floor":11.0},{"not_picked":["Prostrate","MentalFortress","DeusExMachina"],"picked":"SKIP","floor":14.0},{"not_picked":["SpiritShield","Vault"],"picked":"Alpha","floor":16.0},{"not_picked":["PathToVictory","ThirdEye+1","Conclude"],"picked":"SKIP","floor":18.0},{"not_picked":["WindmillStrike+1","TalkToTheHand","Prostrate"],"picked":"SKIP","floor":19.0},{"not_picked":["EmptyMind+1","Meditate","EmptyFist+1"],"picked":"SKIP","floor":21.0},{"not_picked":["Wallop+1","JustLucky+1"],"picked":"MentalFortress+1","floor":22.0},{"not_picked":["EmptyFist","Consecrate"],"picked":"Prostrate","floor":23.0},{"not_picked":["CutThroughFate","FlurryOfBlows+1","Study+1"],"picked":"SKIP","floor":25.0},{"not_picked":["Crescendo","WreathOfFlame+1","Protect+1"],"picked":"SKIP","floor":28.0},{"not_picked":["Evaluate","EmptyFist+1","Weave+1"],"picked":"SKIP","floor":29.0},{"not_picked":["REME_MusicOfDeath+1","FlyingSleeves+1","MasterReality"],"picked":"SKIP","floor":30.0},{"not_picked":["EmptyBody","Worship","Weave"],"picked":"SKIP","floor":31.0},{"not_picked":["BowlingBash+1","Indignation","MentalFortress"],"picked":"SKIP","floor":32.0}],"player_experience":5902,"relics_obtained":[{"floor":7.0,"key":"Bag of Marbles"},{"floor":10.0,"key":"FossilizedHelix"},{"floor":23.0,"key":"Damaru"},{"floor":25.0,"key":"aspiration:HatOfInfinitePower"}],"event_choices":[],"is_beta":false,"boss_relics":[{"not_picked":["Ectoplasm","SoulBox"],"picked":"Sozu"}],"items_purged_floors":[15,20],"is_endless":false,"potions_floor_spawned":[2,3,8,10,18,29,35],"ascension_level":3}}