{"host":"jscggscbx0p7706o","time":1611553634,"event":{"mods":["AchievementEnabler","BaseMod","Block Reminder","Colored Powertips","Filter the Spire","Minty Spire (QoL Compilation)","Permanent Neow","Quick Restart","StSLib"],"gold_per_floor":[18,18,18,31,48,79,79,79,79,79,79,154,154,154,187,205,205,278,278,290,290,304,315,240,258,258,276,32,79,79,49,49,65,65,92,92,92,168,168,187,200,56,56,36,36,66,66,84,84,84,95,114,114,114,114,131,131,131],"floor_reached":59,"language":"ENG","playtime":2371,"items_purged":["Strike_G","Strike_G"],"score":1483,"play_id":"5ccd90b3-b8b9-400d-8dc6-73c81c7a2e43","local_time":"20210125134714","is_ascension_mode":true,"campfire_choices":[{"data":"Dagger Spray","floor":7.0,"key":"SMITH"},{"data":"Deflect","floor":11.0,"key":"SMITH"},{"floor":13.0,"key":"REST"},{"data":"Footwork","floor":17.0,"key":"SMITH"},{"data":"Venomology","floor":26.0,"key":"SMITH"},{"floor":36.0,"key":"REST"},{"data":"Accuracy","floor":37.0,"key":"SMITH"},{"floor":45.0,"key":"REST"},{"data":"Cloak And Dagger","floor":47.0,"key":"SMITH"},{"data":"Dodge and Roll","floor":54.0,"key":"SMITH"},{"floor":57,"key":"REST"}],"circlet_count":0,"master_deck":["AscendersBane","Strike_G+1","Strike_G+1","Strike_G+1","Defend_G+1","Defend_G+1","Defend_G+1","Defend_G+1","Defend_G+1","Survivor+1","Neutralize+1","Flying Knee+1","Quick Slash+1","Deflect+1","Venomology+1","Footwork+1","Die Die Die+1","Well Laid Plans+1","Backflip+1","Accuracy+1","Cloak And Dagger+1","Necronomicurse","Blade Dance+1","Escape Plan+1","Wraith Form v2+1","Infinite Blades+1","Cloak And Dagger+1","Dodge and Roll+1","Slice"],"relics":["Ring of the Snake","Incense Burner","TungstenRod","Shuriken","StrikeDummy","Strawberry","Dream Catcher","WristBlade","Lee\u0027s Waffle","Bag of Marbles","Necronomicon","StoneCalendar","SlaversCollar","Mark of the Bloom","Anchor","Vajra","Bag of Preparation"],"acts_visited":["Exordium","TheCity","TheBeyond"],"potions_floor_usage":[58],"damage_taken":[{"damage":1.0,"enemies":"Small Slimes","floor":1.0,"turns":3.0},{"damage":0.0,"enemies":"Cultist","floor":4.0,"turns":4.0},{"damage":2.0,"enemies":"Jaw Worm","floor":5.0,"turns":4.0},{"damage":24.0,"enemies":"Gremlin Nob","floor":6.0,"turns":4.0},{"damage":0.0,"enemies":"Lagavulin","floor":15.0,"turns":4.0},{"damage":0.0,"enemies":"Blue Slaver","floor":16.0,"turns":4.0},{"damage":17.0,"enemies":"Hexaghost","floor":18.0,"turns":14.0},{"damage":0.0,"enemies":"Chosen","floor":20.0,"turns":5.0},{"damage":13.0,"enemies":"Shell Parasite","floor":22.0,"turns":6.0},{"damage":12.0,"enemies":"Centurion and Healer","floor":23.0,"turns":8.0},{"damage":9.0,"enemies":"Chosen and Byrds","floor":25.0,"turns":8.0},{"damage":7.0,"enemies":"Sentry and Sphere","floor":27.0,"turns":7.0},{"damage":11.0,"enemies":"Cultist and Chosen","floor":33.0,"turns":8.0},{"damage":11.0,"enemies":"Gremlin Leader","floor":35.0,"turns":6.0},{"damage":44.0,"enemies":"Collector","floor":38.0,"turns":11.0},{"damage":14.0,"enemies":"Orb Walker","floor":40.0,"turns":6.0},{"damage":0.0,"enemies":"3 Shapes","floor":41.0,"turns":6.0},{"damage":3.0,"enemies":"Giant Head","floor":46.0,"turns":6.0},{"damage":0.0,"enemies":"Maw","floor":48.0,"turns":7.0},{"damage":0.0,"enemies":"Jaw Worm Horde","floor":51.0,"turns":5.0},{"damage":0.0,"enemies":"4 Shapes","floor":52.0,"turns":3.0},{"damage":0,"enemies":"3 Darklings","floor":56,"turns":4},{"damage":27,"enemies":"Donu and Deca","floor":58,"turns":7}],"seed_played":"6482105441438387580","potions_obtained":[{"floor":1.0,"key":"EntropicBrew"},{"floor":4.0,"key":"SkillPotion"},{"floor":16.0,"key":"Block Potion"},{"floor":38.0,"key":"PowerPotion"},{"floor":40.0,"key":"Poison Potion"},{"floor":51.0,"key":"Energy Potion"}],"is_trial":false,"path_per_floor":["M","?","?","M","M","E","R","?","T","T","R","?","R","T","E","M","R","B",null,"M","?","M","M","$","M","R","M","$","T","?","$","?","M","?","E","R","R","B",null,"M","M","$","?","?","R","E","R","M","T","T","M","M","?","R","?","M","R","B",null],"character_chosen":"THE_SILENT","items_purchased":["Lee\u0027s Waffle","Accuracy","Cloak And Dagger","Infinite Blades"],"campfire_rested":4,"item_purchase_floors":[28,28,31,42],"current_hp_per_floor":[58,58,58,58,56,32,32,37,37,37,37,27,48,55,55,55,55,38,68,68,78,65,53,53,44,44,37,85,85,85,85,68,57,74,63,85,85,41,74,60,60,60,60,60,60,57,57,57,57,57,57,57,57,57,57,57,57,30],"gold":131,"neow_bonus":"ONE_RARE_RELIC","is_daily":false,"chose_seed":false,"campfire_upgraded":7,"win_rate":0.0,"timestamp":1611553634,"path_taken":["M","?","?","M","?","E","R","?","T","T","R","?","R","?","E","M","R","BOSS","M","?","?","M","$","?","R","M","$","T","?","$","?","M","?","E","R","R","BOSS","M","M","$","?","?","R","E","R","M","T","T","M","?","?","R","?","M","R","BOSS"],"items_purchased_type":["Relic","Card","Card","Card"],"build_version":"2020-12-22","purchased_purges":2,"victory":true,"max_hp_per_floor":[66,66,66,66,66,66,66,71,71,71,71,71,71,78,78,78,78,78,78,78,78,78,78,78,78,78,78,85,85,85,85,85,85,85,85,85,85,85,85,85,85,85,85,85,85,85,85,85,85,85,85,85,81,81,81,81,81,81],"card_choices":[{"not_picked":["Tactician","Reflex"],"picked":"Flying Knee","floor":1.0},{"not_picked":["Escape Plan","Deadly Poison"],"picked":"Dagger Spray","floor":4.0},{"not_picked":["Heel Hook","Terror"],"picked":"Quick Slash","floor":5.0},{"not_picked":["Flechettes","Night Terror"],"picked":"Deflect","floor":6.0},{"not_picked":["Endless Agony","Night Terror"],"picked":"Venomology","floor":15.0},{"not_picked":["Poisoned Stab","Slice"],"picked":"Footwork","floor":16.0},{"not_picked":["Grand Finale","Doppelganger"],"picked":"Die Die Die","floor":18.0},{"not_picked":["Leg Sweep","Riddle With Holes"],"picked":"Well Laid Plans+1","floor":20.0},{"not_picked":["Escape Plan","Deadly Poison"],"picked":"Backflip","floor":22.0},{"not_picked":["Bane","Dash","Calculated Gamble"],"picked":"SKIP","floor":23.0},{"not_picked":["Outmaneuver","Predator","Endless Agony"],"picked":"SKIP","floor":25.0},{"not_picked":["Prepared","Reflex","Underhanded Strike"],"picked":"SKIP","floor":27.0},{"not_picked":["Predator+1","Acrobatics+1"],"picked":"Blade Dance","floor":33.0},{"not_picked":["Expertise","Acrobatics"],"picked":"Escape Plan","floor":35.0},{"not_picked":["Venomology","Malaise"],"picked":"Wraith Form v2","floor":38.0},{"not_picked":["Outmaneuver","Poisoned Stab","Dagger Throw"],"picked":"SKIP","floor":40.0},{"not_picked":["Deadly Poison","Dagger Throw+1","Prepared"],"picked":"SKIP","floor":41.0},{"not_picked":["PiercingWail","Flechettes"],"picked":"Cloak And Dagger","floor":45.0},{"not_picked":["Masterful Stab","Underhanded Strike","Flying Knee"],"picked":"SKIP","floor":46.0},{"not_picked":["Catalyst","Choke"],"picked":"Dodge and Roll","floor":48.0},{"not_picked":["Distraction","Leg Sweep","Masterful Stab+1"],"picked":"SKIP","floor":51.0},{"not_picked":["Finisher","Catalyst","Eviscerate"],"picked":"SKIP","floor":52.0},{"not_picked":["Setup","Endless Agony"],"picked":"Slice","floor":56}],"player_experience":348973,"relics_obtained":[{"floor":6.0,"key":"TungstenRod"},{"floor":9.0,"key":"Shuriken"},{"floor":10.0,"key":"StrikeDummy"},{"floor":14.0,"key":"Strawberry"},{"floor":15.0,"key":"Dream Catcher"},{"floor":29.0,"key":"Bag of Marbles"},{"floor":32.0,"key":"Necronomicon"},{"floor":35.0,"key":"StoneCalendar"},{"floor":46.0,"key":"Anchor"},{"floor":49.0,"key":"Vajra"},{"floor":50.0,"key":"Bag of Preparation"}],"event_choices":[{"damage_healed":0.0,"max_hp_gain":0.0,"max_hp_loss":0.0,"gold_gain":0.0,"event_name":"Living Wall","player_choice":"Grow","floor":2.0,"gold_loss":0.0,"damage_taken":0.0,"cards_upgraded":["Neutralize"]},{"damage_healed":0.0,"max_hp_gain":0.0,"max_hp_loss":0.0,"gold_gain":0.0,"event_name":"Accursed Blacksmith","player_choice":"Forge","floor":3.0,"gold_loss":0.0,"damage_taken":0.0,"cards_upgraded":["Survivor"]},{"damage_healed":0.0,"max_hp_gain":5.0,"max_hp_loss":0.0,"gold_gain":0.0,"event_name":"Big Fish","player_choice":"Donut","floor":8.0,"gold_loss":0.0,"damage_taken":0.0},{"damage_healed":0.0,"max_hp_gain":0.0,"max_hp_loss":0.0,"gold_gain":75.0,"event_name":"World of Goop","player_choice":"Gather Gold","floor":12.0,"gold_loss":0.0,"damage_taken":11.0},{"damage_healed":10.0,"max_hp_gain":0.0,"max_hp_loss":0.0,"gold_gain":0.0,"event_name":"Wheel of Change","player_choice":"Full Heal","floor":21.0,"gold_loss":0.0,"damage_taken":0.0},{"damage_healed":0.0,"max_hp_gain":0.0,"max_hp_loss":0.0,"gold_gain":0.0,"event_name":"Cursed Tome","player_choice":"Obtained Book","floor":32.0,"gold_loss":0.0,"damage_taken":21.0},{"damage_healed":17.0,"max_hp_gain":0.0,"max_hp_loss":0.0,"gold_gain":0.0,"event_name":"The Library","player_choice":"Heal","floor":34.0,"gold_loss":0.0,"damage_taken":0.0},{"damage_healed":0.0,"max_hp_gain":0.0,"max_hp_loss":0.0,"gold_gain":0.0,"event_name":"MindBloom","player_choice":"Upgrade","floor":43.0,"gold_loss":0.0,"damage_taken":0.0,"cards_upgraded":["Strike_G","Strike_G","Strike_G","Defend_G","Defend_G","Defend_G","Defend_G","Defend_G","Flying Knee","Quick Slash","Die Die Die","Backflip","Cloak And Dagger","Blade Dance","Escape Plan","Wraith Form v2","Infinite Blades"],"relics_obtained":["Mark of the Bloom"]},{"damage_healed":0.0,"max_hp_gain":0.0,"max_hp_loss":0.0,"gold_gain":0.0,"event_name":"The Woman in Blue","player_choice":"Bought 1 Potion","floor":44.0,"gold_loss":0.0,"damage_taken":0.0},{"damage_healed":0.0,"max_hp_gain":0.0,"max_hp_loss":4.0,"gold_gain":0.0,"event_name":"Winding Halls","player_choice":"Max HP","floor":53.0,"gold_loss":0.0,"damage_taken":0.0},{"cards_removed":["Dagger Spray"],"damage_healed":5.0,"max_hp_gain":0.0,"max_hp_loss":0.0,"gold_gain":0.0,"event_name":"Bonfire Elementals","player_choice":"Offered Common","floor":55.0,"gold_loss":0.0,"damage_taken":0.0},{"cards_removed":["Dagger Spray"],"damage_healed":5.0,"max_hp_gain":0.0,"max_hp_loss":0.0,"gold_gain":0.0,"event_name":"Bonfire Elementals","player_choice":"Offered Special","floor":55.0,"gold_loss":0.0,"damage_taken":0.0}],"is_beta":false,"boss_relics":[{"not_picked":["Calling Bell","Runic Dome"],"picked":"WristBlade"},{"not_picked":["Pandora\u0027s Box","Velvet Choker"],"picked":"SlaversCollar"}],"items_purged_floors":[24,42],"is_endless":false,"potions_floor_spawned":[1,4,16,20,23,27,38,40,48,51],"ascension_level":19}}