{"host":"y7b1p9nkx4idorr2","time":1611580951,"event":{"mods":["AchievementEnabler","Act Like it!","BaseMod","Colored Map","Downfall","GifTheSpireLib","Googly Eyes","Highlight Path","Mimic Mod","Minty Spire (QoL Compilation)","Shop Mod","Spicy Shops","StSLib","Unceasing Turn Reminder"],"gold_per_floor":[199,214,48,58,58,58,82,113,13,33,63,63,48,65,82,187,187,87,87,87,98,109,55,55,68,81,93,126,39,39,139,152,254,254,154,172,182,61,61,16,16,41,56,56,71,106,106,122,138,138,138,172,9,9,9,9],"floor_reached":57,"language":"ENG","playtime":5475,"items_purged":["Guardian:Strike_Guardian"],"score":1344,"play_id":"ab4c7774-d304-4f94-a04b-d477297e50b1","local_time":"20210125072231","is_ascension_mode":false,"campfire_choices":[{"floor":1,"key":"RECALL"},{"data":"Guardian:TwinSlam","floor":6,"key":"SMITH"},{"data":"Guardian:CrystalBeam","floor":9,"key":"SMITH"},{"data":"Guardian:PrismaticBeam","floor":12,"key":"SMITH"},{"data":"Guardian:PrismaticBeam","floor":18,"key":"SMITH"},{"floor":30,"key":"REST"},{"data":"Guardian:AncientConstruct","floor":35,"key":"SMITH"},{"floor":47,"key":"REST"},{"floor":54,"key":"REST"}],"circlet_count":0,"master_deck":["Guardian:Strike_Guardian","Guardian:Strike_Guardian","Guardian:Defend_Guardian","Guardian:Defend_Guardian","Guardian:Defend_Guardian","Guardian:Defend_Guardian","Guardian:CurlUp","Guardian:TwinSlam+1","Guardian:PiercingHide","Guardian:SpikerProtocol","Guardian:CrystalBeam+1","Guardian:PrismaticBeam+1","Guardian:PrismaticBeam+1","Guardian:Reroute","Guardian:PiercingHide","Guardian:TemporalShield","Guardian:FloatingOrbs","Guardian:VentSteam+1","Guardian:TimeBomb","Guardian:DonusPower","Guardian:BaubleBeam","Guardian:PrismaticBeam","Guardian:Repulse","Guardian:AncientConstruct+1","Guardian:FloatingOrbs+1","expansioncontent:AwakenDeath","expansioncontent:Chronoboost","expansioncontent:Chronoboost","Guardian:ChargeUp+1","Guardian:TemporalShield+1","Guardian:ArmoredProtocol+1","Guardian:PrismaticBeam","Guardian:Orbwalk","Guardian:BodySlam"],"relics":["Guardian:ModeShifter","Toy Ornithopter","downfall:HeartBlessingRed","Guardian:SackOfGems","Guardian:StasisSlotReductionRelic","downfall:HeartBlessingBlue","Blood Vial","Question Card","Darkstone Periapt","Incense Burner","Bottled Tornado","Runic Dome","downfall:HeartBlessingGreen","Mercury Hourglass","Juzu Bracelet","Mango","Bag of Marbles","Boot","Strawberry"],"acts_visited":["Exordium","TheCity","TheBeyond","TheEnding"],"potions_floor_usage":[13,33,33,33,38,42,55,55],"damage_taken":[{"damage":5,"enemies":"Jaw Worm","floor":2,"turns":6},{"damage":0,"enemies":"downfall:FleeingMerchant","floor":3,"turns":4},{"damage":6,"enemies":"Cultist","floor":4,"turns":5},{"damage":16,"enemies":"Lagavulin","floor":8,"turns":10},{"damage":0,"enemies":"2 Louse","floor":10,"turns":1},{"damage":6,"enemies":"Gremlin Nob","floor":11,"turns":4},{"damage":7,"enemies":"downfall:FleeingMerchant","floor":13,"turns":4},{"damage":0,"enemies":"Large Slime","floor":14,"turns":6},{"damage":0,"enemies":"3 Louse","floor":15,"turns":2},{"damage":19,"enemies":"IC_STATUS_ARCHETYPE","floor":16,"turns":10},{"damage":0,"enemies":"Spheric Guardian","floor":21,"turns":3},{"damage":8,"enemies":"Shell Parasite","floor":22,"turns":3},{"damage":0,"enemies":"downfall:FleeingMerchant","floor":23,"turns":4},{"damage":5,"enemies":"Centurion and Healer","floor":25,"turns":3},{"damage":14,"enemies":"Snake Plant","floor":26,"turns":2},{"damage":6,"enemies":"Sentry and Sphere","floor":27,"turns":4},{"damage":26,"enemies":"Slavers","floor":28,"turns":6},{"damage":25,"enemies":"downfall:FleeingMerchant","floor":29,"turns":4},{"damage":5,"enemies":"SI_SHIV_ARCHETYPE","floor":31,"turns":5},{"damage":10,"enemies":"Centurion and Healer","floor":32,"turns":4},{"damage":23,"enemies":"DF_ARCHETYPE_CLAW","floor":33,"turns":8},{"damage":2,"enemies":"Orb Walker","floor":36,"turns":3},{"damage":16,"enemies":"3 Darklings","floor":37,"turns":5},{"damage":13,"enemies":"downfall:FleeingMerchant","floor":38,"turns":3},{"damage":31,"enemies":"Giant Head","floor":42,"turns":6},{"damage":2,"enemies":"Sphere and 2 Shapes","floor":43,"turns":5},{"damage":15,"enemies":"Maw","floor":45,"turns":7},{"damage":35,"enemies":"Nemesis","floor":46,"turns":5},{"damage":7,"enemies":"4 Shapes","floor":48,"turns":4},{"damage":0,"enemies":"Sphere and 2 Shapes","floor":49,"turns":4},{"damage":4,"enemies":"SI_POISON_ARCHETYPE","floor":50,"turns":9},{"damage":89,"enemies":"downfall:CharBossMerchant","floor":52,"turns":9},{"damage":39,"enemies":"downfall:NeowBoss","floor":55,"turns":13},{"damage":63,"enemies":"downfall:NeowBossFinal","floor":56,"turns":12}],"seed_played":"2564304582752102851","potions_obtained":[{"floor":4,"key":"FearPotion"},{"floor":5,"key":"Guardian:BlockOnCardUsePotion"},{"floor":5,"key":"SmokeBomb"},{"floor":14,"key":"Dexterity Potion"},{"floor":16,"key":"Energy Potion"},{"floor":25,"key":"DuplicationPotion"},{"floor":33,"key":"Swift Potion"},{"floor":36,"key":"SteroidPotion"},{"floor":42,"key":"SkillPotion"},{"floor":43,"key":"LiquidMemories"}],"is_trial":false,"path_per_floor":["R","M","$","M","?","R","T","E","R","M","E","R","$","M","M","B",null,"R","?","?","M","M","$","T","M","M","M","E","$","R","?","M","B",null,"R","M","M","$","?","$","T","E","M","?","M","E","R","M","M","B",null,"E","$","R","B","B",null],"character_chosen":"GUARDIAN","items_purchased":["Guardian:Gem_Synthetic","Guardian:Gem_Red","Guardian:TimeBomb","Guardian:PrismaticBeam","Mercury Hourglass","Juzu Bracelet","Guardian:Gem_Lightblue","Guardian:Orbwalk","Guardian:BodySlam"],"campfire_rested":3,"item_purchase_floors":[3,3,23,29,38,38,40,53,53],"current_hp_per_floor":[80,75,75,69,69,69,69,53,53,53,47,47,45,45,45,26,80,90,90,90,90,82,84,84,81,69,65,41,18,45,42,34,28,90,90,88,74,68,58,58,72,48,48,48,35,2,33,28,30,28,104,22,22,55,28,1],"gold":9,"neow_bonus":"HUNDRED_GOLD","is_daily":false,"chose_seed":false,"campfire_upgraded":5,"win_rate":0.0,"timestamp":1611580951,"path_taken":["R","M","$","M","?","R","T","E","R","M","E","R","?","M","M","BOSS","R","?","?","M","M","?","T","M","M","M","E","$","R","?","M","BOSS","R","M","M","$","?","$","T","E","M","?","M","E","R","M","M","BOSS","E","$","R","BOSS","BOSS"],"items_purchased_type":["Card","Card","Card","Card","Relic","Relic","Card","Card","Card"],"build_version":"2020-12-22","purchased_purges":1,"victory":true,"max_hp_per_floor":[80,80,80,80,80,80,80,80,80,80,80,80,80,80,80,80,80,90,90,90,90,90,90,90,90,90,90,90,90,90,90,90,90,90,90,90,90,90,90,90,104,104,104,104,104,104,104,104,104,104,104,111,111,111,111,111],"card_choices":[{"not_picked":["Guardian:VentSteam","Guardian:PrismaticBarrier"],"picked":"Guardian:PiercingHide","floor":2},{"not_picked":["Guardian:CrystalBeam","Guardian:TemporalShield"],"picked":"Guardian:Gem_Green","floor":3},{"not_picked":["Guardian:DecasProtection","Guardian:Gem_Green"],"picked":"Guardian:SpikerProtocol","floor":4},{"not_picked":["Guardian:Harden","Guardian:Reroute"],"picked":"Guardian:CrystalBeam","floor":8},{"not_picked":["Guardian:Suspension","Guardian:CrystalBeam"],"picked":"Guardian:Gem_Cyan","floor":10},{"not_picked":["Guardian:TimeCapacitor","Guardian:Gem_Cyan"],"picked":"Guardian:PrismaticBeam","floor":11},{"not_picked":["Guardian:Gem_White","Guardian:Emergency"],"picked":"Guardian:PrismaticBeam","floor":13},{"not_picked":["Guardian:TemporalStrike","Guardian:CrystalBeam"],"picked":"Guardian:Reroute","floor":14},{"not_picked":["Guardian:Gem_Yellow","Guardian:CrystalBeam"],"picked":"Guardian:PiercingHide","floor":15},{"not_picked":["Guardian:FastForward","Guardian:GemFire"],"picked":"Guardian:Gem_Synthetic","floor":16},{"not_picked":["Guardian:Reroute","Guardian:TemporalStrike"],"picked":"Guardian:TemporalShield","floor":21},{"not_picked":["Guardian:Suspension","Guardian:ShieldSpikes"],"picked":"Guardian:FloatingOrbs","floor":22},{"not_picked":["Guardian:HyperBeam_Guardian","Guardian:Recover"],"picked":"Guardian:VentSteam+1","floor":23},{"not_picked":["Guardian:Gem_Purple","Guardian:TemporalShield+1","Guardian:Suspension"],"picked":"Guardian:Gem_Red","floor":25},{"not_picked":["Guardian:Gem_Synthetic","Guardian:EvasiveProtocol+1","Guardian:SpikerProtocol"],"picked":"Guardian:DonusPower","floor":26},{"not_picked":["Guardian:MultiBeam","Guardian:Planning","Guardian:PrismaticBeam+1"],"picked":"Guardian:Gem_Cyan","floor":27},{"not_picked":["Guardian:PrismaticBarrier","Guardian:ChargeUp","Guardian:VentSteam"],"picked":"Guardian:BaubleBeam","floor":28},{"not_picked":["Guardian:PiercingHide","Guardian:Gem_Green","Guardian:PrimingBeam"],"picked":"Guardian:Gem_Red","floor":29},{"not_picked":["Guardian:RollAttack","Guardian:Gem_Cyan","Guardian:Clone"],"picked":"Guardian:Gem_Lightblue","floor":31},{"not_picked":["Guardian:Recover","Guardian:RollAttack","Guardian:SentryBeam+1"],"picked":"Guardian:Repulse","floor":32},{"not_picked":["Guardian:StasisField","Guardian:SphericShield","Guardian:FastForward"],"picked":"Guardian:AncientConstruct","floor":33},{"not_picked":["Guardian:RollAttack","Guardian:EvasiveProtocol+1","Guardian:Planning+1"],"picked":"Guardian:Gem_Cyan","floor":36},{"not_picked":["Guardian:RollAttack+1","Guardian:PiercingHide+1","Guardian:SpikerProtocol","Guardian:ChargeCore"],"picked":"SKIP","floor":37},{"not_picked":["Guardian:ShieldCharger+1","Guardian:VentSteam","Guardian:PrismaticBarrier+1"],"picked":"Guardian:FloatingOrbs+1","floor":38},{"not_picked":["expansioncontent:HyperBeam","expansioncontent:Hexaburn","expansioncontent:PrepareCrush"],"picked":"expansioncontent:AwakenDeath","floor":39},{"not_picked":["expansioncontent:PolyBeam","expansioncontent:YouAreMine","expansioncontent:AwakenDeath"],"picked":"expansioncontent:Chronoboost","floor":39},{"not_picked":["expansioncontent:PolyBeam","expansioncontent:Hexaburn","expansioncontent:AwakenDeath"],"picked":"expansioncontent:Chronoboost","floor":39},{"not_picked":["Guardian:ShieldCharger","Guardian:PiercingHide+1","Guardian:WalkerClaw"],"picked":"Guardian:ChargeUp+1","floor":42},{"not_picked":["Guardian:Gem_Red","Guardian:VentSteam+1","Guardian:Reroute+1"],"picked":"Guardian:Gem_White","floor":43},{"not_picked":["Guardian:RollAttack+1","Guardian:ShieldCharger+1","Guardian:MultiBeam+1"],"picked":"Guardian:Gem_Cyan","floor":45},{"not_picked":["Guardian:Gem_White","Guardian:ShieldCharger+1","Guardian:ChargeCore+1"],"picked":"Guardian:TemporalShield+1","floor":46},{"not_picked":["Guardian:Gem_Red","Guardian:SphericShield","Guardian:PrimingBeam+1"],"picked":"Guardian:ArmoredProtocol+1","floor":48},{"not_picked":["Guardian:Gem_Green","Guardian:Gem_Lightblue","Guardian:RollAttack"],"picked":"Guardian:PrismaticBeam","floor":49},{"not_picked":["Guardian:RollAttack+1","Guardian:Gem_Yellow","Guardian:Gem_Fragmented"],"picked":"Guardian:Gem_Blue","floor":52}],"player_experience":2197310,"relics_obtained":[{"floor":8,"key":"Toy Ornithopter"},{"floor":11,"key":"Guardian:SackOfGems"},{"floor":24,"key":"Question Card"},{"floor":28,"key":"Darkstone Periapt"},{"floor":31,"key":"Incense Burner"},{"floor":31,"key":"Bottled Tornado"},{"floor":41,"key":"Mango"},{"floor":42,"key":"Bag of Marbles"},{"floor":46,"key":"Boot"},{"floor":52,"key":"Strawberry"}],"event_choices":[{"damage_healed":0,"gold_gain":0,"player_choice":"Got Potions","damage_taken":0,"max_hp_gain":0,"max_hp_loss":0,"event_name":"Lab","floor":5,"gold_loss":0},{"damage_healed":0,"gold_gain":0,"player_choice":"Stole Relic","damage_taken":0,"relics_obtained":["Blood Vial"],"max_hp_gain":0,"max_hp_loss":0,"event_name":"Addict","floor":19,"gold_loss":0,"cards_obtained":["Pride"]}],"is_beta":false,"boss_relics":[{"not_picked":["Guardian:ModeShifterPlus","bronze:MakeshiftBattery"],"picked":"Guardian:StasisSlotReductionRelic"},{"not_picked":["SacredBark","Pandora\u0027s Box"],"picked":"Runic Dome"}],"items_purged_floors":[38],"is_endless":false,"potions_floor_spawned":[4,8,11,14,16,25,27,28,32,33,36,42,43],"ascension_level":0}}