{"host":"ydg0vn0pu4pubmdt","time":1611577227,"event":{"mods":["AchievementEnabler","BaseMod","Colored Map","Gold Saver","Minty Spire (QoL Compilation)","Quick Restart","SuperFastMode"],"gold_per_floor":[119,44,64,64,74,74,94,94,142,42,53,53,72,72,72,147,147,163,38,55,55,55,55,85,85,108,108,66,166,177,177,177,254,254,266,29,54,107,107,107,134,134,134,134,166,184,184,210,210,210,210,210,210,152,182,182,182],"floor_reached":56,"language":"KOR","playtime":5515,"items_purged":["Strike_G","Strike_G","Expertise+1","Expertise+1"],"score":2203,"play_id":"064814ff-2632-4430-a81d-49728931856b","local_time":"20210125212027","is_ascension_mode":true,"campfire_choices":[{"floor":6.0,"key":"REST"},{"data":"Acrobatics","floor":8.0,"key":"SMITH"},{"floor":12.0,"key":"REST"},{"data":"Neutralize","floor":15.0,"key":"SMITH"},{"floor":23.0,"key":"REST"},{"floor":25.0,"key":"REST"},{"floor":27.0,"key":"REST"},{"floor":32.0,"key":"REST"},{"data":"Concentrate","floor":40.0,"key":"SMITH"},{"floor":49.0,"key":"RECALL"},{"data":"Tactician","floor":53.0,"key":"SMITH"}],"circlet_count":0,"master_deck":["AscendersBane","Strike_G+1","Defend_G","Defend_G","Defend_G","Survivor","Grand Finale","Dagger Throw","Acrobatics+1","Bouncing Flask+1","Acrobatics","Storm of Steel+1","Eviscerate+1","Tactician+1","Reflex","Blur","Ghostly","Ghostly","Ghostly","After Image","Escape Plan","Concentrate+1","Master of Strategy","Backflip","Backflip+1","Acrobatics","Calculated Gamble"],"relics":["Ring of the Snake","Bronze Scales","Astrolabe","Happy Flower","Ancient Tea Set","Shovel","Letter Opener","Philosopher\u0027s Stone","Gambling Chip","Lizard Tail","Pen Nib","Anchor","Whetstone","Dream Catcher","StoneCalendar"],"acts_visited":["Exordium","TheCity","TheBeyond","TheEnding"],"potions_floor_usage":[],"damage_taken":[{"damage":7.0,"enemies":"Small Slimes","floor":1.0,"turns":5.0},{"damage":1.0,"enemies":"Cultist","floor":3.0,"turns":4.0},{"damage":7.0,"enemies":"2 Louse","floor":5.0,"turns":4.0},{"damage":0.0,"enemies":"Lots of Slimes","floor":7.0,"turns":1.0},{"damage":17.0,"enemies":"Exordium Thugs","floor":11.0,"turns":7.0},{"damage":0.0,"enemies":"Looter","floor":13.0,"turns":4.0},{"damage":35.0,"enemies":"The Guardian","floor":16.0,"turns":8.0},{"damage":14.0,"enemies":"Shell Parasite","floor":18.0,"turns":3.0},{"damage":15.0,"enemies":"2 Thieves","floor":20.0,"turns":3.0},{"damage":25.0,"enemies":"Book of Stabbing","floor":24.0,"turns":4.0},{"damage":14.0,"enemies":"Colosseum Slavers","floor":29.0,"turns":2.0},{"damage":0.0,"enemies":"Colosseum Nobs","floor":29.0,"turns":2.0},{"damage":21.0,"enemies":"Snecko","floor":30.0,"turns":5.0},{"damage":0.0,"enemies":"Automaton","floor":33.0,"turns":6.0},{"damage":0.0,"enemies":"3 Darklings","floor":35.0,"turns":4.0},{"damage":1.0,"enemies":"Mind Bloom Boss Battle","floor":37.0,"turns":7.0},{"damage":0.0,"enemies":"2 Orb Walkers","floor":38.0,"turns":2.0},{"damage":0.0,"enemies":"Reptomancer","floor":41.0,"turns":5.0},{"damage":0.0,"enemies":"Giant Head","floor":45.0,"turns":7.0},{"damage":0.0,"enemies":"Orb Walker","floor":46.0,"turns":1.0},{"damage":0.0,"enemies":"Writhing Mass","floor":47.0,"turns":1.0},{"damage":0.0,"enemies":"Nemesis","floor":48.0,"turns":3.0},{"damage":8.0,"enemies":"Awakened One","floor":50.0,"turns":10.0},{"damage":1.0,"enemies":"Donu and Deca","floor":51.0,"turns":7.0},{"damage":0,"enemies":"Shield and Spear","floor":55,"turns":6},{"damage":52,"enemies":"The Heart","floor":56,"turns":3}],"seed_played":"42690752335389431","potions_obtained":[{"floor":5.0,"key":"SkillPotion"},{"floor":11.0,"key":"GamblersBrew"},{"floor":13.0,"key":"Energy Potion"},{"floor":24.0,"key":"GamblersBrew"},{"floor":29.0,"key":"Energy Potion"},{"floor":30.0,"key":"PowerPotion"},{"floor":35.0,"key":"SpeedPotion"},{"floor":38.0,"key":"SmokeBomb"},{"floor":48.0,"key":"Fire Potion"}],"is_trial":false,"path_per_floor":["M","$","M","?","M","R","M","R","T","$","M","R","M","?","R","B",null,"M","$","M","?","?","R","E","R","T","R","$","?","M","?","R","B",null,"M","$","?","?","?","R","E","?","T","T","E","M","M","E","R","B","B",null,"R","$","E","B"],"character_chosen":"THE_SILENT","items_purchased":["Reflex","Escape Plan","Acrobatics"],"campfire_rested":6,"item_purchase_floors":[28,36,54],"current_hp_per_floor":[37,37,36,36,29,48,48,48,48,48,31,50,50,50,50,15,53,39,39,24,6,6,27,2,23,23,44,44,30,9,9,19,19,31,31,31,30,30,20,20,20,20,20,20,20,20,20,20,20,12,11,29,29,29,29,0,0],"gold":182,"neow_bonus":"THREE_RARE_CARDS","is_daily":false,"chose_seed":false,"campfire_upgraded":4,"win_rate":0.0,"timestamp":1611577227,"path_taken":["M","$","M","?","M","R","M","R","T","$","?","R","M","?","R","BOSS","M","?","M","?","?","R","E","R","T","R","?","?","M","?","R","BOSS","M","$","?","?","?","R","E","?","T","?","E","M","?","E","R","BOSS","BOSS","R","$","E","BOSS"],"items_purchased_type":["Card","Card","Card"],"build_version":"2020-12-22","purchased_purges":4,"victory":false,"max_hp_per_floor":[66,66,66,66,66,66,66,66,66,66,66,66,66,66,66,66,66,66,66,66,71,71,71,71,71,71,71,71,71,71,35,35,35,35,35,35,35,35,35,35,35,35,35,35,35,35,35,35,35,35,35,35,35,35,35,35,35],"card_choices":[{"not_picked":["Malaise","Burst"],"picked":"Grand Finale","floor":0.0},{"not_picked":["Underhanded Strike","Riddle With Holes"],"picked":"Dagger Throw","floor":1.0},{"not_picked":["Poisoned Stab","Riddle With Holes","Masterful Stab"],"picked":"SKIP","floor":3.0},{"not_picked":["Poisoned Stab","Deadly Poison"],"picked":"Acrobatics","floor":5.0},{"not_picked":["Choke","Poisoned Stab","Finisher"],"picked":"SKIP","floor":7.0},{"not_picked":["Crippling Poison","Footwork"],"picked":"Bouncing Flask","floor":11.0},{"not_picked":["Backstab","Expertise"],"picked":"Acrobatics","floor":13.0},{"not_picked":["Flechettes","Blade Dance","Slice"],"picked":"SKIP","floor":18.0},{"not_picked":["Calculated Gamble","Bane"],"picked":"Eviscerate","floor":20.0},{"not_picked":["Blade Dance","Cloak And Dagger","Deflect"],"picked":"SKIP","floor":24.0},{"not_picked":["Quick Slash","Deflect+1"],"picked":"Blur","floor":29.0},{"not_picked":["Dodge and Roll","Leg Sweep","Backstab"],"picked":"SKIP","floor":30.0},{"not_picked":["Phantasmal Killer","A Thousand Cuts"],"picked":"After Image","floor":33.0},{"not_picked":["Catalyst","Sucker Punch+1","Dodge and Roll"],"picked":"SKIP","floor":35.0},{"not_picked":["Caltrops","Quick Slash"],"picked":"Concentrate","floor":37.0},{"not_picked":["Forethought","Secret Technique"],"picked":"Master of Strategy","floor":39.0},{"not_picked":["PiercingWail","Footwork"],"picked":"Backflip","floor":41.0},{"not_picked":["Sucker Punch+1","Concentrate","Dagger Spray"],"picked":"SKIP","floor":45.0},{"not_picked":["Grand Finale","Bouncing Flask"],"picked":"Backflip+1","floor":46.0},{"not_picked":["Flechettes","Deflect","Heel Hook"],"picked":"SKIP","floor":48.0},{"not_picked":["Terror","Quick Slash+1"],"picked":"Calculated Gamble","floor":55}],"player_experience":579652,"relics_obtained":[{"floor":9.0,"key":"Bronze Scales"},{"floor":24.0,"key":"Happy Flower"},{"floor":26.0,"key":"Ancient Tea Set"},{"floor":29.0,"key":"Shovel"},{"floor":29.0,"key":"Letter Opener"},{"floor":37.0,"key":"Gambling Chip"},{"floor":38.0,"key":"Lizard Tail"},{"floor":41.0,"key":"Pen Nib"},{"floor":44.0,"key":"Anchor"},{"floor":45.0,"key":"Whetstone"},{"floor":48.0,"key":"Dream Catcher"},{"floor":55,"key":"StoneCalendar"}],"event_choices":[{"cards_removed":["Defend_G"],"damage_healed":0.0,"max_hp_gain":0.0,"max_hp_loss":0.0,"gold_gain":0.0,"event_name":"Bonfire Elementals","player_choice":"Offered Basic","floor":4.0,"gold_loss":0.0,"damage_taken":0.0},{"damage_healed":0.0,"max_hp_gain":0.0,"max_hp_loss":0.0,"gold_gain":0.0,"event_name":"Accursed Blacksmith","player_choice":"Forge","floor":14.0,"gold_loss":0.0,"damage_taken":0.0,"cards_upgraded":["Bouncing Flask"]},{"damage_healed":0.0,"max_hp_gain":5.0,"max_hp_loss":0.0,"gold_gain":0.0,"event_name":"Forgotten Altar","player_choice":"Shed Blood","floor":21.0,"gold_loss":0.0,"damage_taken":23.0},{"damage_healed":0.0,"max_hp_gain":0.0,"max_hp_loss":0.0,"gold_gain":0.0,"event_name":"The Library","player_choice":"Read","floor":22.0,"gold_loss":0.0,"damage_taken":0.0,"cards_obtained":["Tactician"]},{"damage_healed":0.0,"max_hp_gain":0.0,"max_hp_loss":0.0,"gold_gain":0.0,"event_name":"Colosseum","player_choice":"Fight","floor":29.0,"gold_loss":0.0,"damage_taken":0.0},{"damage_healed":0.0,"max_hp_gain":0.0,"max_hp_loss":0.0,"gold_gain":0.0,"event_name":"Colosseum","player_choice":"Fought Nobs","floor":29.0,"gold_loss":0.0,"damage_taken":0.0},{"damage_healed":0.0,"max_hp_gain":0.0,"max_hp_loss":36.0,"gold_gain":0.0,"event_name":"Ghosts","player_choice":"Became a Ghost","floor":31.0,"gold_loss":0.0,"damage_taken":0.0,"cards_obtained":["Ghostly","Ghostly","Ghostly"]},{"damage_healed":0.0,"max_hp_gain":0.0,"max_hp_loss":0.0,"gold_gain":0.0,"event_name":"MindBloom","player_choice":"Fight","floor":37.0,"gold_loss":0.0,"damage_taken":0.0},{"damage_healed":0.0,"max_hp_gain":0.0,"max_hp_loss":0.0,"gold_gain":0.0,"event_name":"Mysterious Sphere","player_choice":"Fight","floor":38.0,"gold_loss":0.0,"damage_taken":0.0},{"damage_healed":0.0,"max_hp_gain":0.0,"max_hp_loss":0.0,"gold_gain":0.0,"event_name":"SensoryStone","player_choice":"Memory 3","floor":39.0,"gold_loss":0.0,"damage_taken":10.0},{"cards_removed":["Neutralize"],"damage_healed":0.0,"max_hp_gain":0.0,"max_hp_loss":0.0,"gold_gain":0.0,"event_name":"Falling","player_choice":"Removed Attack","floor":42.0,"gold_loss":0.0,"damage_taken":0.0}],"is_beta":false,"boss_relics":[{"not_picked":["WristBlade","Coffee Dripper"],"picked":"Astrolabe"},{"not_picked":["Runic Dome","Tiny House"],"picked":"Philosopher\u0027s Stone"}],"items_purged_floors":[2,10,19,36],"is_endless":false,"potions_floor_spawned":[5,11,13,24,29,29,30,35,38,47,48],"killed_by":"The Heart","ascension_level":20}}