{"host":"l84l8xigz5v5foa2","time":1611591893,"event":{"mods":["2.2 Compatiblity","AchievementEnabler","BaseMod","Better Note","Better Vampires","Card Filter","Colored Map","DeckTracker","Gremlin Skip","Highlight Path","Keyboard Shortcuts","Minty Spire (QoL Compilation)","Permanent Neow","Quick Restart","Relic Filter","Relic Stats","Shop Mod","StSLib","SuperFastMode","Transform Curses","Unknown Chances"],"gold_per_floor":[115,40,53,63,76,76,76,76,76,86,96,111,111,131,131,209,209,227,195,211,126,138,138,154,154,154,167,178,178,178,189,189,189,189],"floor_reached":33,"language":"KOR","playtime":1527,"items_purged":["Strike_G"],"score":432,"play_id":"0b9d5495-9329-4f4e-8523-2861fe4464b6","local_time":"20210126012453","is_ascension_mode":true,"campfire_choices":[{"data":"Neutralize","floor":6.0,"key":"SMITH"},{"data":"After Image","floor":8.0,"key":"SMITH"},{"data":"Footwork","floor":15.0,"key":"SMITH"},{"data":"Deadly Poison","floor":23.0,"key":"SMITH"},{"data":"Blade Dance","floor":29.0,"key":"SMITH"},{"data":"Calculated Gamble","floor":32,"key":"SMITH"}],"circlet_count":0,"master_deck":["AscendersBane","Strike_G","Strike_G","Strike_G","Defend_G","Defend_G","Defend_G","Defend_G","Survivor","Neutralize+1","Blind","Heel Hook","Footwork+1","After Image+1","Cloak And Dagger","Reflex","After Image","Dagger Throw","Leg Sweep+1","Expertise","Deadly Poison+1","Blur","Calculated Gamble+1","Blade Dance+1","Decay","Backflip+1"],"relics":["Ring of the Snake","Letter Opener","Philosopher\u0027s Stone","Mercury Hourglass","Ornamental Fan"],"acts_visited":["Exordium","TheCity"],"potions_floor_usage":[31,33],"damage_taken":[{"damage":8.0,"enemies":"Cultist","floor":1.0,"turns":5.0},{"damage":0.0,"enemies":"Small Slimes","floor":3.0,"turns":4.0},{"damage":0.0,"enemies":"2 Louse","floor":4.0,"turns":5.0},{"damage":8.0,"enemies":"Exordium Thugs","floor":5.0,"turns":10.0},{"damage":9.0,"enemies":"Large Slime","floor":10.0,"turns":13.0},{"damage":0.0,"enemies":"Lots of Slimes","floor":11.0,"turns":3.0},{"damage":0.0,"enemies":"Looter","floor":12.0,"turns":3.0},{"damage":0.0,"enemies":"2 Fungi Beasts","floor":14.0,"turns":4.0},{"damage":12.0,"enemies":"The Guardian","floor":16.0,"turns":26.0},{"damage":0.0,"enemies":"Chosen","floor":18.0,"turns":9.0},{"damage":15.0,"enemies":"2 Thieves","floor":19.0,"turns":5.0},{"damage":6.0,"enemies":"Centurion and Healer","floor":20.0,"turns":19.0},{"damage":0.0,"enemies":"3 Cultists","floor":22.0,"turns":6.0},{"damage":0.0,"enemies":"Cultist and Chosen","floor":24.0,"turns":9.0},{"damage":1.0,"enemies":"Snecko","floor":27.0,"turns":6.0},{"damage":20.0,"enemies":"Sentry and Sphere","floor":28.0,"turns":9.0},{"damage":0,"enemies":"Cultist and Chosen","floor":31,"turns":7},{"damage":16,"enemies":"Automaton","floor":33,"turns":4}],"seed_played":"-8526543096646713211","potions_obtained":[{"floor":1.0,"key":"FearPotion"},{"floor":3.0,"key":"EssenceOfSteel"},{"floor":10.0,"key":"LiquidMemories"},{"floor":16.0,"key":"LiquidBronze"},{"floor":20.0,"key":"CunningPotion"},{"floor":22.0,"key":"LiquidMemories"},{"floor":24.0,"key":"AttackPotion"},{"floor":28.0,"key":"AttackPotion"},{"floor":31,"key":"BlessingOfTheForge"}],"is_trial":false,"path_per_floor":["M","$","M","M","M","R","?","R","T","M","M","M","?","M","R","B",null,"M","M","M","?","M","R","M","?","T","M","M","R","?","M","R","B"],"character_chosen":"THE_SILENT","items_purchased":[],"campfire_rested":0,"item_purchase_floors":[],"current_hp_per_floor":[51,51,51,51,43,43,43,43,43,34,34,34,34,34,34,22,55,55,40,34,34,34,34,34,34,34,33,13,13,13,13,13,0,0],"gold":189,"neow_bonus":"RANDOM_COLORLESS","is_daily":false,"chose_seed":false,"campfire_upgraded":6,"win_rate":0.0,"timestamp":1611591893,"path_taken":["M","?","M","M","M","R","?","R","T","M","M","?","?","M","R","BOSS","M","M","M","?","M","R","M","?","T","M","?","R","?","M","R","BOSS"],"items_purchased_type":[],"build_version":"2020-12-22","purchased_purges":1,"victory":false,"max_hp_per_floor":[66,66,66,66,66,66,66,66,66,66,66,66,66,66,66,66,66,66,66,66,66,66,66,66,66,66,66,66,66,66,66,66,66,66],"relic_stats":{"counters":[18,146],"Ornamental Fan":[24],"Letter Opener":[325],"obtain_stats":[{"Ornamental Fan":26,"Philosopher\u0027s Stone":17,"Letter Opener":9,"Ring of the Snake":0,"Mercury Hourglass":21},{"Ornamental Fan":14,"Philosopher\u0027s Stone":9,"Letter Opener":4,"Ring of the Snake":0,"Mercury Hourglass":12},{"Ornamental Fan":120,"Philosopher\u0027s Stone":73,"Letter Opener":24,"Ring of the Snake":0,"Mercury Hourglass":106}],"Ring of the Snake":[36],"Mercury Hourglass":[167]},"card_choices":[{"not_picked":["Mind Blast","Dark Shackles"],"picked":"Blind","floor":0.0},{"not_picked":["Crippling Poison","Dagger Throw"],"picked":"Heel Hook","floor":1.0},{"not_picked":["Quick Slash","Poisoned Stab"],"picked":"Footwork","floor":3.0},{"not_picked":["Outmaneuver","Slice","Flying Knee"],"picked":"SKIP","floor":4.0},{"not_picked":["Sucker Punch","Setup","Slice"],"picked":"SKIP","floor":5.0},{"not_picked":["Endless Agony","Flying Knee"],"picked":"Cloak And Dagger","floor":10.0},{"not_picked":["Calculated Gamble","Cloak And Dagger"],"picked":"Reflex","floor":11.0},{"not_picked":["Infinite Blades","Slice","Unload"],"picked":"SKIP","floor":12.0},{"not_picked":["Outmaneuver","Cloak And Dagger","Expertise"],"picked":"SKIP","floor":14.0},{"not_picked":["Grand Finale","Unload"],"picked":"After Image","floor":16.0},{"not_picked":["PiercingWail","Flying Knee+1"],"picked":"Dagger Throw","floor":18.0},{"not_picked":["Dodge and Roll","Setup"],"picked":"Leg Sweep+1","floor":19.0},{"not_picked":["Dagger Throw","Infinite Blades"],"picked":"Expertise","floor":20.0},{"not_picked":["Deflect","Outmaneuver"],"picked":"Deadly Poison","floor":22.0},{"not_picked":["Outmaneuver","Endless Agony","Underhanded Strike"],"picked":"SKIP","floor":24.0},{"not_picked":["Distraction","PiercingWail"],"picked":"Calculated Gamble","floor":27.0},{"not_picked":["Slice","Acrobatics+1"],"picked":"Blade Dance","floor":28.0},{"not_picked":["Poisoned Stab","Footwork"],"picked":"Backflip+1","floor":31}],"player_experience":1464507,"relics_obtained":[{"floor":9.0,"key":"Letter Opener"},{"floor":26.0,"key":"Ornamental Fan"}],"event_choices":[{"damage_healed":0.0,"max_hp_gain":0.0,"max_hp_loss":0.0,"gold_gain":0.0,"cards_transformed":["Strike_G"],"event_name":"Transmorgrifier","player_choice":"Transformed","floor":7.0,"gold_loss":0.0,"damage_taken":0.0,"cards_obtained":["After Image"]},{"damage_healed":0.0,"max_hp_gain":0.0,"max_hp_loss":0.0,"gold_gain":0.0,"event_name":"Liars Game","player_choice":"Ignored","floor":13.0,"gold_loss":0.0,"damage_taken":0.0},{"damage_healed":0.0,"max_hp_gain":0.0,"max_hp_loss":0.0,"gold_gain":0.0,"event_name":"Addict","player_choice":"Obtained Relic","floor":21.0,"gold_loss":85.0,"damage_taken":0.0,"relics_obtained":["Mercury Hourglass"]},{"damage_healed":0.0,"max_hp_gain":0.0,"max_hp_loss":0.0,"gold_gain":0.0,"cards_transformed":["Defend_G"],"event_name":"Transmorgrifier","player_choice":"Transformed","floor":25.0,"gold_loss":0.0,"damage_taken":0.0,"cards_obtained":["Blur"]},{"damage_healed":0.0,"max_hp_gain":0.0,"max_hp_loss":0.0,"gold_gain":0.0,"event_name":"Forgotten Altar","player_choice":"Smashed Altar","floor":30.0,"gold_loss":0.0,"damage_taken":0.0,"cards_obtained":["Decay"]}],"is_beta":false,"boss_relics":[{"not_picked":["HoveringKite","WristBlade"],"picked":"Philosopher\u0027s Stone"}],"items_purged_floors":[2],"is_endless":false,"potions_floor_spawned":[1,3,10,16,20,22,24,28,31],"killed_by":"Automaton","ascension_level":15}}