{"host":"qekv59dthhdg54sz","time":1611547528,"event":{"mods":["AchievementEnabler","BaseMod","Colored Map","DeckTracker","KOR Keyword Fix","Minty Spire (QoL Compilation)","Rare Cards Sparkle","StSLib","SuperFastMode"],"gold_per_floor":[117,42,58,58,69,69,86,86,86,86,97,111,125,156,156,231,231,242,65,25,25],"floor_reached":20,"language":"KOR","playtime":511,"items_purged":[],"score":352,"play_id":"dcb51c85-3f89-44f9-9615-b0a7e3166ae8","local_time":"20210125130528","is_ascension_mode":true,"campfire_choices":[{"data":"Noxious Fumes","floor":6,"key":"SMITH"},{"data":"Bullet Time","floor":8,"key":"SMITH"},{"data":"Tactician","floor":10,"key":"SMITH"},{"floor":15,"key":"REST"}],"circlet_count":0,"master_deck":["AscendersBane","Strike_G","Strike_G","Strike_G","Defend_G","Defend_G","Defend_G","Survivor","Neutralize","Bullet Time+1","Footwork","Tactician+1","Noxious Fumes+1","Dagger Throw","Well Laid Plans","Acrobatics","Calculated Gamble","Grand Finale"],"relics":["Ring of the Snake","Art of War","Gremlin Horn","Empty Cage"],"acts_visited":["Exordium","TheCity"],"potions_floor_usage":[7,14,14,16],"damage_taken":[{"damage":7,"enemies":"Small Slimes","floor":1,"turns":5},{"damage":0,"enemies":"2 Louse","floor":3,"turns":3},{"damage":1,"enemies":"Cultist","floor":5,"turns":5},{"damage":7,"enemies":"Lots of Slimes","floor":7,"turns":5},{"damage":2,"enemies":"Red Slaver","floor":11,"turns":5},{"damage":3,"enemies":"Blue Slaver","floor":12,"turns":6},{"damage":2,"enemies":"Looter","floor":13,"turns":4},{"damage":20,"enemies":"3 Sentries","floor":14,"turns":9},{"damage":13,"enemies":"The Guardian","floor":16,"turns":13},{"damage":30,"enemies":"Spheric Guardian","floor":18,"turns":7},{"damage":19,"enemies":"2 Thieves","floor":20,"turns":2}],"seed_played":"-4671731737030107475","potions_obtained":[{"floor":1,"key":"SneckoOil"},{"floor":3,"key":"AttackPotion"},{"floor":13,"key":"GhostInAJar"},{"floor":14,"key":"EntropicBrew"}],"is_trial":false,"path_per_floor":["M","?","M","?","M","R","M","R","T","R","M","M","M","E","R","B",null,"M","$","M"],"character_chosen":"THE_SILENT","items_purchased":["Grand Finale"],"campfire_rested":1,"item_purchase_floors":[19],"current_hp_per_floor":[52,52,52,45,44,44,37,37,37,37,35,32,30,10,29,16,54,24,24,5,5],"gold":25,"neow_bonus":"ONE_RANDOM_RARE_CARD","is_daily":false,"chose_seed":false,"campfire_upgraded":3,"win_rate":0.0,"timestamp":1611547528,"path_taken":["M","?","M","?","M","R","M","R","T","R","M","M","M","E","R","BOSS","M","$","M"],"items_purchased_type":["Card"],"build_version":"2020-12-22","purchased_purges":0,"victory":false,"max_hp_per_floor":[66,66,66,66,66,66,66,66,66,66,66,66,66,66,66,66,66,66,66,66,66],"card_choices":[{"not_picked":["Heel Hook","Flechettes"],"picked":"Footwork","floor":1},{"not_picked":["Slice","Heel Hook"],"picked":"Tactician","floor":3},{"not_picked":["Footwork","Crippling Poison"],"picked":"Noxious Fumes","floor":5},{"not_picked":["Flying Knee","PiercingWail","Deadly Poison"],"picked":"SKIP","floor":7},{"not_picked":["Backflip","Tactician"],"picked":"Dagger Throw","floor":11},{"not_picked":["Setup","Distraction","Outmaneuver"],"picked":"SKIP","floor":12},{"not_picked":["Outmaneuver","Tactician"],"picked":"Well Laid Plans","floor":13},{"not_picked":["Infinite Blades","Endless Agony"],"picked":"Acrobatics","floor":14},{"not_picked":["Slice+1","Well Laid Plans"],"picked":"Calculated Gamble","floor":18}],"player_experience":826225,"relics_obtained":[{"floor":9,"key":"Art of War"},{"floor":14,"key":"Gremlin Horn"}],"event_choices":[{"cards_removed":["Strike_G"],"damage_healed":0,"gold_gain":0,"player_choice":"Card Removal","damage_taken":0,"max_hp_gain":0,"max_hp_loss":0,"event_name":"The Cleric","floor":2,"gold_loss":75},{"cards_removed":["Defend_G"],"damage_healed":0,"gold_gain":0,"player_choice":"Card Removal","damage_taken":7,"max_hp_gain":0,"max_hp_loss":0,"event_name":"Golden Wing","floor":4,"gold_loss":0}],"is_beta":false,"boss_relics":[{"not_picked":["Sozu","Snecko Eye"],"picked":"Empty Cage"}],"items_purged_floors":[],"is_endless":false,"potions_floor_spawned":[1,3,13,14],"killed_by":"2 Thieves","ascension_level":20}}