{"host":"qdfumeom6htv8yxl","time":1611538509,"event":{"mods":["AchievementEnabler","BaseMod","Bestiary","Block Reminder","Minty Spire (QoL Compilation)","Quick Restart","Relic Stats"],"gold_per_floor":[116,140,140,151,166,166,166,166],"floor_reached":7,"language":"ENG","playtime":190,"items_purged":[],"score":78,"play_id":"feb4657e-0ad9-4ea0-8563-8103609768d0","local_time":"20210124193509","is_ascension_mode":true,"campfire_choices":[{"data":"Genetic Algorithm","floor":6,"key":"SMITH"}],"circlet_count":0,"master_deck":["AscendersBane","Strike_B","Strike_B","Strike_B","Strike_B","Defend_B","Defend_B","Defend_B","Defend_B","Zap","Dualcast","Genetic Algorithm+1","Parasite","Cold Snap","Reinforced Body"],"relics":["Cursed Key","Centennial Puzzle"],"acts_visited":[],"potions_floor_usage":[5],"damage_taken":[{"damage":0,"enemies":"Cultist","floor":1,"turns":4},{"damage":5,"enemies":"2 Louse","floor":4,"turns":2},{"damage":2,"enemies":"Jaw Worm","floor":5,"turns":3},{"damage":0,"enemies":"3 Sentries","floor":7,"turns":2}],"seed_played":"-5870224612574028203","potions_obtained":[{"floor":4,"key":"Explosive Potion"},{"floor":5,"key":"Regen Potion"}],"is_trial":false,"path_per_floor":["M","T","?","M","M","R","E"],"character_chosen":"DEFECT","items_purchased":[],"campfire_rested":0,"item_purchase_floors":[],"current_hp_per_floor":[64,64,60,55,53,53,53,53],"gold":166,"neow_bonus":"BOSS_RELIC","is_daily":false,"chose_seed":false,"campfire_upgraded":1,"win_rate":0.0,"timestamp":1611538509,"path_taken":["M","?","?","M","?","R","E"],"items_purchased_type":[],"build_version":"2020-12-22","purchased_purges":0,"victory":false,"max_hp_per_floor":[71,71,71,71,71,71,71,71],"relic_stats":{"Centennial Puzzle":[6],"counters":[4,11],"Cursed Key":1,"obtain_stats":[{"Centennial Puzzle":2,"Cracked Core":0,"Cursed Key":0},{"Centennial Puzzle":1,"Cracked Core":0,"Cursed Key":0},{"Centennial Puzzle":4,"Cracked Core":0,"Cursed Key":0}]},"card_choices":[{"not_picked":["Leap","Capacitor"],"picked":"Genetic Algorithm","floor":1},{"not_picked":["Streamline","Sweeping Beam"],"picked":"Cold Snap","floor":4},{"not_picked":["Streamline","Storm"],"picked":"Reinforced Body","floor":5}],"player_experience":1824073,"relics_obtained":[{"floor":2,"key":"Centennial Puzzle"}],"event_choices":[{"damage_healed":0,"gold_gain":0,"player_choice":"Bought 0 Potions","damage_taken":0,"max_hp_gain":0,"max_hp_loss":0,"event_name":"The Woman in Blue","floor":3,"gold_loss":0}],"is_beta":false,"boss_relics":[],"items_purged_floors":[],"is_endless":false,"potions_floor_spawned":[4,5],"killed_by":"3 Sentries","ascension_level":18}}