{"host":"ees9py5fbpv5lclk","time":1611543555,"event":{"mods":["AchievementEnabler","BaseMod","Challenge The Spire","Colored Map","Colored Powertips","Conspire","Downfall","Hermit","Hero for Fun","Infinite Spire","Minty Spire (QoL Compilation)","Replay The Spire","Shop Mod","Spicy Shops","StSLib","SuperFastMode","The Bug Knight","The Cursed","The Dragon Tamer","The Servant 0.9.4"],"gold_per_floor":[99,290,306,306,326,226,226,244,244,271,271,291,291,308,327,422,422,422,438,453,553,391,402,429,441,457,557,586,586,596,596,610,712,712,712,728,728,728],"floor_reached":37,"language":"ENG","playtime":4175,"items_purged":["Parasite"],"score":493,"play_id":"ad3eeee0-e79f-4ced-99bb-efa8875cde5d","local_time":"20210124215915","is_ascension_mode":false,"campfire_choices":[{"floor":1,"key":"RECALL"},{"data":"Embodiment","floor":6,"key":"SMITH"},{"floor":11,"key":"REST"},{"data":"Exchange","floor":11,"key":"SMITH"},{"data":"Foresight","floor":13,"key":"SMITH"},{"data":"Potential","floor":18,"key":"SMITH"},{"floor":29,"key":"REST"},{"data":"Potential","floor":29,"key":"SMITH"},{"data":"SilverBlades","floor":35,"key":"SMITH"}],"circlet_count":0,"master_deck":["Strike_S","Strike_S","Strike_S","Strike_S","Defend_S","Defend_S","Defend_S","Defend_S","KidneyShot","Exchange+1","Potential+1","GearUp+1","Embodiment+1","ShatteredReality","Foresight+1","Potential+1","BottledTime","Dilation","Shuttle+1","RealityMarble","ShatteredReality+1","SpecialFormula+1","SurpressingFire","FastForward","Desolation+1","Sabotage+1","Hightail+1","BottledTime","TimeWarp","SilverBlades+1","Necronomicurse","SoulSculpture","Replace+1"],"relics":["Uniform","downfall:HeartBlessingRed","Mercury Hourglass","ReplayFunnel","infinitespire:Magic Flask","infinitespire:Cupcake","ReplayTheSpireMod:CursedCoin","Replay:Rubber Ducky","infinitespire:Joker Card","infinitespire:ShieldingShard","Bag of Preparation","Necronomicon","conspire:RoyalGoblet"],"acts_visited":["Exordium","TheCity","TheBeyond"],"potions_floor_usage":[16,37],"damage_taken":[{"damage":0,"enemies":"Small Slimes","floor":3,"turns":4},{"damage":0,"enemies":"2 Louse","floor":5,"turns":3},{"damage":0,"enemies":"Cultist","floor":8,"turns":3},{"damage":13,"enemies":"3 Sentries","floor":10,"turns":5},{"damage":0,"enemies":"Blue Slaver","floor":12,"turns":3},{"damage":11,"enemies":"2 Fungi Beasts","floor":14,"turns":3},{"damage":0,"enemies":"Gremlin Gang","floor":15,"turns":3},{"damage":14,"enemies":"SI_SHIV_ARCHETYPE","floor":16,"turns":6},{"damage":0,"enemies":"Spheric Guardian","floor":19,"turns":3},{"damage":0,"enemies":"Centurion and Healer","floor":20,"turns":4},{"damage":0,"enemies":"downfall:FleeingMerchant","floor":22,"turns":4},{"damage":0,"enemies":"3 Cultists","floor":23,"turns":4},{"damage":8,"enemies":"Snake Plant","floor":25,"turns":4},{"damage":0,"enemies":"Centurion and Healer","floor":26,"turns":7},{"damage":20,"enemies":"DF_ARCHETYPE_STREAMLINE","floor":27,"turns":11},{"damage":0,"enemies":"conspire:Head Lice","floor":28,"turns":7},{"damage":4,"enemies":"Shelled Parasite and Fungi","floor":30,"turns":4},{"damage":0,"enemies":"Snake Plant","floor":32,"turns":5},{"damage":0,"enemies":"WA_ARCHETYPE_CALM","floor":33,"turns":9},{"damage":58,"enemies":"3 Shapes","floor":36,"turns":5},{"damage":37,"enemies":"2 Orb Walkers","floor":37,"turns":4}],"seed_played":"3641130843250534082","potions_obtained":[{"floor":8,"key":"Death Potion"},{"floor":10,"key":"AttackPotion"},{"floor":12,"key":"FairyPotion"},{"floor":19,"key":"Adrenaline Potion"}],"is_trial":false,"path_per_floor":["R","?","M","?","M","R","T","M","?","E","R","M","R","M","M","B",null,"R","M","M","?","$","M","T","M","M","?","E","R","M","?","M","B",null,"R","M","?"],"character_chosen":"THE_SERVANT","items_purchased":["SpecialFormula+1","ReplayTheSpireMod:CursedCoin","SurpressingFire","FastForward"],"campfire_rested":2,"item_purchase_floors":[22,22,22,22],"current_hp_per_floor":[71,71,71,71,71,71,71,71,71,58,71,71,71,60,60,46,71,71,71,71,71,68,68,68,60,60,48,64,68,64,48,48,48,68,68,10,0,0],"gold":728,"neow_bonus":"TEN_PERCENT_HP_BONUS","is_daily":false,"chose_seed":false,"campfire_upgraded":6,"win_rate":0.0,"timestamp":1611543555,"path_taken":["R","?","M","?","?","R","T","M","?","E","R","M","R","M","M","BOSS","R","M","M","?","$","M","T","M","?","?","E","R","M","?","M","BOSS","R","M","?"],"items_purchased_type":["Card","Relic","Card","Card"],"build_version":"2020-12-22","purchased_purges":1,"victory":false,"max_hp_per_floor":[71,71,71,71,71,71,71,71,71,71,71,71,71,71,71,71,71,71,71,71,71,68,68,68,68,68,68,68,68,68,68,68,68,68,68,68,68,68],"card_choices":[{"not_picked":["BottledTime","Replace"],"picked":"Potential","floor":2},{"not_picked":["SpecialFormula","FastForward"],"picked":"GearUp","floor":3},{"not_picked":["BottledTime","Ricochet"],"picked":"Embodiment","floor":5},{"not_picked":["Defy","Misdirection"],"picked":"ShatteredReality","floor":8},{"not_picked":["Starlight","Defy"],"picked":"Foresight","floor":10},{"not_picked":["ShiftingGears","Starlight"],"picked":"Potential","floor":12},{"not_picked":["Starlight","Barrier","Potential"],"picked":"SKIP","floor":14},{"not_picked":["GearUp","Unruled"],"picked":"BottledTime","floor":15},{"not_picked":["KillingDoll","Sunlight"],"picked":"Dilation","floor":16},{"not_picked":["ShatteredReality","Unruled"],"picked":"Shuttle+1","floor":19},{"not_picked":["Unruled+1","BottledTime+1"],"picked":"RealityMarble","floor":20},{"not_picked":["Initiator","FastForward"],"picked":"ShatteredReality+1","floor":22},{"not_picked":["BottledTime","Defy"],"picked":"Desolation+1","floor":23},{"not_picked":["RealityMarble","ReturningBlade+1"],"picked":"Sabotage+1","floor":25},{"not_picked":["Starlight","Solidify"],"picked":"Hightail+1","floor":26},{"not_picked":["Barrier","Replace+1"],"picked":"BottledTime","floor":27},{"not_picked":["Moonlight","FastForward"],"picked":"TimeWarp","floor":28},{"not_picked":["Moonlight","Hightail"],"picked":"SilverBlades","floor":30},{"not_picked":["Starlight","SpecialFormula","Alleviate+1"],"picked":"SKIP","floor":32},{"not_picked":["Initiator","Solidify"],"picked":"SoulSculpture","floor":33},{"not_picked":["Collapse+1","FastForward+1"],"picked":"Replace+1","floor":36}],"player_experience":133757,"relics_obtained":[{"floor":7,"key":"Mercury Hourglass"},{"floor":9,"key":"ReplayFunnel"},{"floor":10,"key":"infinitespire:Magic Flask"},{"floor":24,"key":"Replay:Rubber Ducky"},{"floor":27,"key":"infinitespire:Joker Card"},{"floor":27,"key":"infinitespire:ShieldingShard"},{"floor":28,"key":"Bag of Preparation"},{"floor":31,"key":"Necronomicon"}],"event_choices":[{"damage_healed":0,"gold_gain":0,"player_choice":"Fight","damage_taken":0,"max_hp_gain":0,"max_hp_loss":0,"event_name":"Mysterious Sphere","floor":37,"gold_loss":0}],"is_beta":false,"boss_relics":[{"not_picked":["Ring of Chaos","Replay:Ancient Bell"],"picked":"infinitespire:Cupcake"},{"not_picked":["Astrolabe","Replay:Bronze Core"],"picked":"conspire:RoyalGoblet"}],"items_purged_floors":[22],"is_endless":false,"potions_floor_spawned":[8,10,12,15,19,27,30,36],"killed_by":"2 Orb Walkers","ascension_level":0}}