{"host":"az8lnyxx7l5ect6t","time":1611538421,"event":{"mods":["2.2 Compatiblity","A Penny For Your Troubles","AchievementEnabler","Act Like it!","Aspiration","BaseMod","Better Third Choice","BetterRewards","Block Reminder","Conspire","Curses Come First","Defuse TimeMaze Blight","Downfall","Elementarium","Halation","Hallownest","Hubris","Infinite Spire","Jedi Mod","Keyboard Shortcuts","Minty Spire (QoL Compilation)","MonsterHotkey","Quick Restart","Replay The Spire","Spicy Shops","Spire Arcade","StSLib","The Blue Laboratory","Trackpad","Treasure Hunter","Uncapped","Unceasing Turn Reminder","Wandering Minibosses","Wide Potions"],"gold_per_floor":[115,129,31,31,31,47,73,73,73,73,73,73,73,73,98,115,128,144,177,177,279,279,298,298,227,250,250,286,302,212,238,238,262,279,279,279,311,330,350,350,463,463,478,478,498,223,223,240,240,270,270,294,314,314,340,340,392,410,433,446,446,446,446,453],"floor_reached":65,"language":"ENG","playtime":3654,"items_purged":[],"score":1007,"play_id":"5846bf72-afd1-417a-ae6b-7ada9796a116","local_time":"20210124203341","is_ascension_mode":false,"campfire_choices":[{"data":"hubris:InfiniteBlow+31247","floor":9,"key":"SMITH"},{"data":"hubris:InfiniteBlow+31248","floor":11,"key":"SMITH"},{"data":"hubris:InfiniteBlow+31249","floor":14,"key":"SMITH"},{"floor":20,"key":"REST"},{"data":"hubris:InfiniteBlow+31250","floor":36,"key":"SMITH"},{"data":"hubris:InfiniteBlow+31251","floor":40,"key":"SMITH"},{"data":"hubris:InfiniteBlow+31252","floor":49,"key":"SMITH"},{"data":"hubris:InfiniteBlow+31253","floor":51,"key":"SMITH"},{"data":"hubris:InfiniteBlow+31254","floor":56,"key":"SMITH"},{"data":"hubris:InfiniteBlow+31255","floor":61,"key":"SMITH"},{"floor":62,"key":"DIG"},{"data":"hubris:InfiniteBlow+31256","floor":63,"key":"SMITH"}],"circlet_count":0,"master_deck":["Guardian:Strike_Guardian","Guardian:Defend_Guardian","Guardian:Defend_Guardian+1","Guardian:Defend_Guardian","Guardian:Defend_Guardian","Guardian:CurlUp","Guardian:TwinSlam","Guardian:ConstructionForm","Guardian:FloatingOrbs","Guardian:ArmoredProtocol","Guardian:FuturePlans","Guardian:FuturePlans","TH:DeckOfManyThings","Guardian:TimeCapacitor","hubris:InfiniteBlow+31257","TH:ElvenBoots","TH:TreasureMap","TH:TreasureMap","TH:PixieDust","Guardian:Planning","Guardian:ShieldCharger","TH:CopperCoins","Guardian:CompilePackage","Guardian:ArmoredProtocol","Guardian:FloatingOrbs","Guardian:Preprogram","TH:ArmorSpikes","Guardian:MultiBeam","TH:BikiniMail","TH:ArmorSpikes","TH:CursedSword","Guardian:PolyBeam+1","Guardian:SentryBeam","Guardian:Incinerate","Guardian:AncientConstruct","TH:ArmorSpikes","Spot Weakness","downfall:Aged","Havoc","Guardian:Suspension+1","TH:DeckOfManyThings","Cleave","Infernal Blade+1","Clothesline+1","TH:ElvenBoots","TH:CopperCoins","TH:DeckOfManyThings","Guardian:Recover","Guardian:Orbwalk+1"],"relics":["Guardian:ModeShifter","halation:IllGainedPizza","Replay:Ringing Soul","Replay:WaspNest","trackpad:BottledTsunami","wanderingMiniBosses:AbyssPearl","trackpad:WondrousWand","hubris:HollowSoul","Nloth\u0027s Gift","Orichalcum","aspiration:HiddenCompartment","jedi:arcanewood","Boot","aspiration:IroncladSkillbook","Guardian:StasisEgg","Membership Card","trackpad:RapidFire","trackpad:SappingStone","Ornamental Fan","aspiration:TomeofQuesting","trackpad:IceCube","Replay:Towering Pillar of Hats"],"acts_visited":["Exordium","TheCity","TheBeyond"],"potions_floor_usage":[16,19,26,41,52,53,64],"damage_taken":[{"damage":9,"enemies":"Jaw Worm","floor":1,"turns":5},{"damage":1,"enemies":"conspire:RoseBush","floor":2,"turns":5},{"damage":0,"enemies":"2 Louse","floor":6,"turns":4},{"damage":12,"enemies":"3 Sentries","floor":7,"turns":10},{"damage":2,"enemies":"Looter","floor":16,"turns":4},{"damage":2,"enemies":"Blue Slaver","floor":17,"turns":4},{"damage":17,"enemies":"Gremlin Gang","floor":18,"turns":4},{"damage":0,"enemies":"Lagavulin","floor":19,"turns":2},{"damage":24,"enemies":"Hexaghost","floor":21,"turns":4},{"damage":0,"enemies":"Shell Parasite","floor":23,"turns":5},{"damage":4,"enemies":"Chosen","floor":26,"turns":4},{"damage":7,"enemies":"Replay:Snechameleon","floor":28,"turns":4},{"damage":0,"enemies":"Snecko","floor":29,"turns":4},{"damage":13,"enemies":"Shelled Parasite and Fungi","floor":33,"turns":6},{"damage":8,"enemies":"Centurion and Healer","floor":34,"turns":7},{"damage":0,"enemies":"conspire:Head Lice","floor":37,"turns":1},{"damage":0,"enemies":"Snecko","floor":38,"turns":6},{"damage":0,"enemies":"conspire:HollyBat","floor":39,"turns":6},{"damage":0,"enemies":"Collector","floor":41,"turns":5},{"damage":0,"enemies":"Orb Walker","floor":43,"turns":4},{"damage":5,"enemies":"3 Darklings","floor":45,"turns":4},{"damage":6,"enemies":"Writhing Mass","floor":48,"turns":4},{"damage":0,"enemies":"Giant Head","floor":50,"turns":4},{"damage":4,"enemies":"4 Shapes","floor":52,"turns":3},{"damage":23,"enemies":"3 Darklings","floor":53,"turns":4},{"damage":19,"enemies":"Sphere and 2 Shapes","floor":58,"turns":3},{"damage":16,"enemies":"4 Shapes","floor":59,"turns":6},{"damage":19,"enemies":"Transient","floor":60,"turns":4},{"damage":12,"enemies":"infinitespire:MassOfShapes","floor":64,"turns":4}],"seed_played":"-1150175101179845829","potions_obtained":[{"floor":2,"key":"Dexterity Potion"},{"floor":5,"key":"CultistPotion"},{"floor":5,"key":"Guardian:DefensiveModePotion"},{"floor":18,"key":"jedi:holywater"},{"floor":21,"key":"Adrenaline Potion"},{"floor":23,"key":"blueLaboratory:FruitPunch"},{"floor":29,"key":"blueLaboratory:BottleOfVodka"},{"floor":45,"key":"SkillPotion"},{"floor":52,"key":"blueLaboratory:FruitPunch"},{"floor":53,"key":"champ:CounterPotion"}],"is_trial":false,"path_per_floor":["M","M","$","?","?","M","E","?","R","T","R","T","T","R","T","M","M","M","E","R","B",null,"M","?","$","M","AVR","E","M","?","T","T","M","M","?","R","E","M","M","R","B",null,"M","?","M","$","?","M","R","E","R","M","M","T","T","R","T","M","M","M","R","R","R","B",null],"character_chosen":"GUARDIAN","items_purchased":["Guardian:FuturePlans","Guardian:FloatingOrbs","Membership Card","trackpad:RapidFire"],"campfire_rested":1,"item_purchase_floors":[3,25,46,46],"current_hp_per_floor":[71,70,70,70,70,70,58,38,38,38,38,41,44,44,47,48,49,35,38,68,47,104,107,107,110,111,111,107,107,107,110,113,100,92,92,92,95,98,101,101,104,136,139,142,144,144,144,145,145,151,151,154,140,143,146,146,149,137,125,113,113,113,113,105],"gold":453,"neow_bonus":"ONE_RANDOM_RARE_CARD","is_daily":false,"chose_seed":false,"campfire_upgraded":10,"win_rate":0.0,"timestamp":1611538421,"path_taken":["M","M","$","?","?","?","E","?","R","?","R","T","T","R","?","M","?","M","E","R","BOSS","M","?","$","?","AVR","E","M","?","T","T","?","M","?","R","E","M","?","R","BOSS","M","?","M","$","?","M","R","E","R","M","M","T","T","R","?","M","?","?","?","R","R","BOSS"],"items_purchased_type":["Card","Card","Relic","Relic"],"build_version":"2020-12-22","purchased_purges":0,"victory":true,"max_hp_per_floor":[80,80,80,80,80,80,80,80,80,80,80,83,86,86,89,92,95,98,101,101,104,104,107,107,110,115,115,118,118,118,121,124,124,124,124,124,127,130,133,133,136,136,139,142,145,145,145,148,148,151,151,154,159,162,165,165,168,171,171,174,174,174,174,174],"card_choices":[{"not_picked":["Guardian:Incinerate","Guardian:BronzeArmor"],"picked":"Guardian:FloatingOrbs","floor":1},{"not_picked":["Guardian:SpikerProtocol","Guardian:WalkerClaw"],"picked":"Guardian:ArmoredProtocol","floor":2},{"not_picked":["Guardian:PrimingBeam","Guardian:Gem_Green"],"picked":"Guardian:FuturePlans","floor":6},{"not_picked":["TH:CopperCoins"],"picked":"TH:DeckOfManyThings","floor":7},{"not_picked":["Guardian:HyperBeam_Guardian","Guardian:WalkerClaw"],"picked":"Guardian:TimeCapacitor","floor":7},{"not_picked":["infinitespire:FinalStrike","infinitespire:UltimateForm"],"picked":"hubris:InfiniteBlow+31247","floor":8},{"not_picked":["TH:PixieDust"],"picked":"TH:ElvenBoots","floor":10},{"not_picked":["TH:Mimic"],"picked":"TH:TreasureMap","floor":12},{"not_picked":["TH:CursedSword"],"picked":"TH:TreasureMap","floor":13},{"not_picked":["TH:CursedSword"],"picked":"TH:PixieDust","floor":15},{"not_picked":["Guardian:Gem_Green","Guardian:Recover"],"picked":"Guardian:Gem_Fragmented","floor":16},{"not_picked":["Guardian:Repulse","Guardian:Gem_Cyan"],"picked":"Guardian:Planning","floor":17},{"not_picked":["Guardian:ChargeCore","Guardian:PrimingBeam"],"picked":"Guardian:Gem_Cyan","floor":18},{"not_picked":["Guardian:Gem_Lightblue","Guardian:FuturePlans"],"picked":"Guardian:ShieldCharger","floor":19},{"not_picked":["TH:PixieDust","TH:EnergyPotion"],"picked":"SKIP","floor":19},{"not_picked":["TH:Mimic"],"picked":"TH:CopperCoins","floor":21},{"not_picked":["Guardian:GemFire","Guardian:HyperBeam_Guardian"],"picked":"Guardian:CompilePackage","floor":21},{"not_picked":["Guardian:CrystalBeam","Guardian:ChargeCore"],"picked":"Guardian:ArmoredProtocol","floor":23},{"not_picked":["Guardian:CrystalBeam","Guardian:Suspension"],"picked":"Guardian:Preprogram","floor":26},{"not_picked":["TH:Mimic"],"picked":"TH:ArmorSpikes","floor":28},{"not_picked":["Guardian:Gem_Blue","Guardian:TemporalShield"],"picked":"Guardian:MultiBeam","floor":28},{"not_picked":["Guardian:CrystalBeam","Guardian:PrismaticBarrier","Guardian:WalkerClaw"],"picked":"SKIP","floor":29},{"not_picked":["TH:TreasureMap"],"picked":"TH:BikiniMail","floor":31},{"not_picked":["TH:PixieDust"],"picked":"TH:ArmorSpikes","floor":32},{"not_picked":["Guardian:VentSteam","Guardian:ShieldCharger","Guardian:Gem_Red"],"picked":"SKIP","floor":33},{"not_picked":["Guardian:WalkerClaw","Guardian:BronzeArmor","Guardian:Gem_Crimson"],"picked":"SKIP","floor":34},{"not_picked":["TH:BikiniMail"],"picked":"TH:CursedSword","floor":37},{"not_picked":["Guardian:BaubleBeam","Guardian:RollAttack"],"picked":"Guardian:PolyBeam+1","floor":37},{"not_picked":["Guardian:WalkerClaw+1","Guardian:Gem_Crimson"],"picked":"Guardian:SentryBeam","floor":38},{"not_picked":["Guardian:Gem_Lightblue","Guardian:VentSteam"],"picked":"Guardian:Incinerate","floor":39},{"not_picked":["Guardian:GemFire","Guardian:Gem_Orange"],"picked":"Guardian:AncientConstruct","floor":41},{"not_picked":["TH:CursedSword"],"picked":"TH:ArmorSpikes","floor":41},{"not_picked":["Guardian:PrimingBeam","Reckless Charge+1","hubris:ReadiedAction"],"picked":"Spot Weakness","floor":43},{"not_picked":["Guardian:SpikerProtocol","Guardian:Gem_Cyan","Guardian:GatlingBeam"],"picked":"Havoc","floor":45},{"not_picked":["Guardian:TemporalShield","Flex+1","jedi:fear+1"],"picked":"Guardian:Suspension+1","floor":48},{"not_picked":["TH:ElvenBoots","TH:CursedSword"],"picked":"TH:DeckOfManyThings","floor":50},{"not_picked":["ReplayTheSpireMod:LeadingStrike","Guardian:Orbwalk","Guardian:TimeCapacitor+1"],"picked":"Cleave","floor":50},{"not_picked":["jedi:hate","Guardian:PrimingBeam+1","Guardian:VentSteam"],"picked":"Infernal Blade+1","floor":52},{"not_picked":["ReplayTheSpireMod:Strike From Hell","ReplayTheSpireMod:Corrosion Curse","hubris:ReadiedAction"],"picked":"Clothesline+1","floor":53},{"not_picked":["TH:EnergyPotion","TH:BikiniMail"],"picked":"TH:ElvenBoots","floor":54},{"not_picked":["TH:ElvenBoots","TH:CursedSword"],"picked":"TH:CopperCoins","floor":55},{"not_picked":["TH:BikiniMail","TH:ElvenBoots"],"picked":"TH:DeckOfManyThings","floor":57},{"not_picked":["jedi:controlledanger+1","Massacre+1","Warcry+1"],"picked":"Guardian:Recover","floor":58},{"not_picked":["Guardian:CrystalBeam+1","Clash","Guardian:PrimingBeam","Corruption"],"picked":"SKIP","floor":59},{"not_picked":["Rampage","Power Through","Entrench+1"],"picked":"Guardian:Orbwalk+1","floor":60}],"player_experience":705460,"relics_obtained":[{"floor":7,"key":"halation:IllGainedPizza"},{"floor":10,"key":"Replay:Ringing Soul"},{"floor":12,"key":"Replay:WaspNest"},{"floor":13,"key":"trackpad:BottledTsunami"},{"floor":15,"key":"trackpad:Mousetrap"},{"floor":17,"key":"wanderingMiniBosses:AbyssPearl"},{"floor":19,"key":"trackpad:WondrousWand"},{"floor":28,"key":"Orichalcum"},{"floor":31,"key":"aspiration:HiddenCompartment"},{"floor":32,"key":"jedi:arcanewood"},{"floor":37,"key":"Boot"},{"floor":50,"key":"trackpad:SappingStone"},{"floor":54,"key":"Ornamental Fan"},{"floor":55,"key":"aspiration:TomeofQuesting"},{"floor":57,"key":"trackpad:IceCube"},{"floor":62,"key":"Replay:Towering Pillar of Hats"}],"event_choices":[{"damage_healed":0,"gold_gain":0,"player_choice":"Got Potions","damage_taken":0,"max_hp_gain":0,"max_hp_loss":0,"event_name":"Lab","floor":5,"gold_loss":0},{"damage_healed":0,"gold_gain":0,"player_choice":"Traded Relic","damage_taken":0,"relics_obtained":["Nloth\u0027s Gift"],"max_hp_gain":0,"max_hp_loss":0,"event_name":"N\u0027loth","floor":24,"relics_lost":["trackpad:Mousetrap"],"gold_loss":0},{"cards_removed":["Guardian:Strike_Guardian"],"damage_healed":0,"gold_gain":0,"player_choice":"Upgrade and Remove","damage_taken":0,"max_hp_gain":0,"max_hp_loss":0,"event_name":"Designer","floor":30,"gold_loss":90,"cards_upgraded":["Guardian:Defend_Guardian"]},{"cards_removed":["Guardian:Strike_Guardian"],"damage_healed":0,"gold_gain":0,"player_choice":"Removed Attack","damage_taken":0,"max_hp_gain":0,"max_hp_loss":0,"event_name":"Falling","floor":47,"gold_loss":0}],"is_beta":false,"boss_relics":[{"not_picked":["aspiration:FutureDiary","hubris:VirtuousBlindfold"],"picked":"hubris:HollowSoul"},{"not_picked":["jedi:hotpepper","conspire:SlowCooker"],"picked":"aspiration:IroncladSkillbook"}],"items_purged_floors":[],"is_endless":false,"potions_floor_spawned":[2,7,18,21,23,29,34,37,39,45,52,53,58],"ascension_level":0}}