{"host":"opyh6vr790e42ffe","time":1611608435,"event":{"mods":["BaseMod","Bestiary","Colored Map","Highlight Path","Minty Spire (QoL Compilation)","Relic Stats","StSLib"],"gold_per_floor":[116,133,33,50,50,50,69,69,123,53,83,83,97,123,123,223,223,239,268,193,193,212,212,246,246,246,281,293,305,305,338,338,440,440,460,682,682,682,207,207,223,223,223,223,249,249,280,297,297,297,297,297,17,46,46],"floor_reached":56,"language":"ENG","playtime":4523,"items_purged":["Strike_B","Writhe"],"score":1396,"play_id":"27c03055-2928-481a-ba1e-65b32e2e95eb","local_time":"20210125130035","is_ascension_mode":true,"campfire_choices":[{"data":"Ball Lightning","floor":6.0,"key":"SMITH"},{"data":"Compile Driver","floor":8.0,"key":"SMITH"},{"data":"Defragment","floor":12.0,"key":"SMITH"},{"data":"Loop","floor":15.0,"key":"SMITH"},{"floor":23.0,"key":"REST"},{"data":"Conserve Battery","floor":25.0,"key":"SMITH"},{"floor":30.0,"key":"REST"},{"floor":32.0,"key":"REST"},{"data":"Fission","floor":40.0,"key":"SMITH"},{"data":"Heatsinks","floor":42.0,"key":"SMITH"},{"data":"Coolheaded","floor":44.0,"key":"SMITH"},{"data":"Sunder","floor":46.0,"key":"SMITH"},{"floor":49.0,"key":"RECALL"},{"data":"Reinforced Body","floor":52.0,"key":"SMITH"}],"circlet_count":0,"master_deck":["Strike_B","Defend_B","Defend_B","Defend_B","Defend_B","Zap","Dualcast","Conserve Battery+1","Leap","Coolheaded+1","Compile Driver+1","Defragment+1","Rebound","Sunder+1","Loop+1","Creative AI","Coolheaded+1","Hologram+1","Sunder","Injury","Fission+1","Sunder+1","Reinforced Body+1","Electrodynamics","Heatsinks+1","Stack","Conserve Battery+1","Injury","Glacier+1","Undo","Steam Power+1","Core Surge+1"],"relics":["Cursed Key","Ancient Tea Set","InkBottle","Snecko Eye","Red Mask","Happy Flower","Unceasing Top","Molten Egg 2","Pocketwatch","Empty Cage","The Courier","Bag of Marbles","Kunai","Eternal Feather","Juzu Bracelet","Potion Belt","Chemical X","Pear"],"acts_visited":["Exordium","TheCity","TheBeyond","TheEnding"],"potions_floor_usage":[54,54,55,55,55],"damage_taken":[{"damage":0.0,"enemies":"Cultist","floor":1.0,"turns":3.0},{"damage":0.0,"enemies":"Small Slimes","floor":2.0,"turns":3.0},{"damage":2.0,"enemies":"2 Louse","floor":4.0,"turns":2.0},{"damage":3.0,"enemies":"Looter","floor":7.0,"turns":3.0},{"damage":14.0,"enemies":"Gremlin Nob","floor":11.0,"turns":4.0},{"damage":6.0,"enemies":"Large Slime","floor":13.0,"turns":5.0},{"damage":14.0,"enemies":"Lagavulin","floor":14.0,"turns":6.0},{"damage":16.0,"enemies":"Slime Boss","floor":16.0,"turns":7.0},{"damage":19.0,"enemies":"Chosen","floor":18.0,"turns":8.0},{"damage":11.0,"enemies":"Masked Bandits","floor":19.0,"turns":3.0},{"damage":38.0,"enemies":"2 Thieves","floor":22.0,"turns":4.0},{"damage":5.0,"enemies":"Book of Stabbing","floor":24.0,"turns":7.0},{"damage":0.0,"enemies":"Slavers","floor":27.0,"turns":3.0},{"damage":2.0,"enemies":"Snecko","floor":28.0,"turns":5.0},{"damage":0.0,"enemies":"Cultist and Chosen","floor":29.0,"turns":3.0},{"damage":15.0,"enemies":"Book of Stabbing","floor":31.0,"turns":4.0},{"damage":0.0,"enemies":"Collector","floor":33.0,"turns":13.0},{"damage":0.0,"enemies":"Orb Walker","floor":35.0,"turns":3.0},{"damage":0.0,"enemies":"3 Shapes","floor":41.0,"turns":3.0},{"damage":1.0,"enemies":"Giant Head","floor":45.0,"turns":9.0},{"damage":0.0,"enemies":"Reptomancer","floor":47.0,"turns":6.0},{"damage":0.0,"enemies":"Spire Growth","floor":48.0,"turns":4.0},{"damage":55.0,"enemies":"Time Eater","floor":50.0,"turns":12.0},{"damage":46,"enemies":"Shield and Spear","floor":54,"turns":14},{"damage":30,"enemies":"The Heart","floor":55,"turns":14}],"seed_played":"-8620310771544334209","potions_obtained":[{"floor":2.0,"key":"SmokeBomb"},{"floor":5.0,"key":"Fruit Juice"},{"floor":5.0,"key":"BlessingOfTheForge"},{"floor":5.0,"key":"Dexterity Potion"},{"floor":11.0,"key":"SteroidPotion"},{"floor":13.0,"key":"LiquidBronze"},{"floor":19.0,"key":"FearPotion"},{"floor":24.0,"key":"SkillPotion"},{"floor":29.0,"key":"PotionOfCapacity"},{"floor":48.0,"key":"SpeedPotion"}],"is_trial":false,"path_per_floor":["M","M","$","M","?","R","M","R","T","$","E","R","M","E","R","B",null,"M","?","?","?","M","R","E","R","T","E","M","M","R","E","R","B",null,"M","?","?","T","$","R","M","R","T","R","E","R","E","M","R","B",null,"R","$","E","B",null],"character_chosen":"DEFECT","items_purchased":["Leap","Defragment","Heatsinks","Bag of Marbles","Kunai","Stack","Chemical X","Core Surge+1","ColorlessPotion"],"campfire_rested":3,"item_purchase_floors":[3,10,39,39,39,39,53,53,53],"current_hp_per_floor":[75,75,75,73,78,78,75,75,75,75,61,61,55,41,41,25,80,61,50,50,50,12,36,31,31,31,31,29,29,53,38,62,62,80,80,80,80,80,80,80,80,80,80,80,79,80,80,80,80,25,80,80,80,44,14],"gold":46,"neow_bonus":"BOSS_RELIC","is_daily":false,"chose_seed":false,"campfire_upgraded":10,"win_rate":0.0,"timestamp":1611608435,"path_taken":["M","?","$","M","?","R","M","R","T","$","E","R","?","E","R","BOSS","M","?","?","?","M","R","E","R","T","E","M","M","R","E","R","BOSS","M","?","?","?","$","R","?","R","T","R","E","R","E","M","R","BOSS","R","$","E","BOSS"],"items_purchased_type":["Card","Card","Card","Relic","Relic","Card","Relic","Card","Potion"],"build_version":"2020-12-22","purchased_purges":2,"victory":true,"max_hp_per_floor":[75,75,75,75,80,80,80,80,80,80,80,80,80,80,80,80,80,80,80,80,80,80,80,80,80,80,80,80,80,80,80,80,80,80,80,80,80,80,80,80,80,80,80,80,80,80,80,80,80,80,80,80,80,90,90],"relic_stats":{"Happy Flower":[31],"counters":[25,147],"Snecko Eye":[238,248,261,233],"Eternal Feather":1,"Juzu Bracelet":0,"Kunai":[12],"Chemical X":[10],"Cursed Key":4,"obtain_stats":[{"Potion Belt":47,"Pear":54,"Happy Flower":24,"Eternal Feather":43,"The Courier":38,"Juzu Bracelet":45,"Cursed Key":0,"Ancient Tea Set":11,"Empty Cage":34,"Snecko Eye":17,"Molten Egg 2":27,"Red Mask":19,"Bag of Marbles":39,"Kunai":39,"Chemical X":53,"Cracked Core":0,"InkBottle":14,"Unceasing Top":26,"Pocketwatch":31},{"Potion Belt":21,"Pear":24,"Happy Flower":12,"Eternal Feather":19,"The Courier":18,"Juzu Bracelet":20,"Cursed Key":0,"Ancient Tea Set":5,"Empty Cage":17,"Snecko Eye":8,"Molten Egg 2":13,"Red Mask":10,"Bag of Marbles":18,"Kunai":18,"Chemical X":23,"Cracked Core":0,"InkBottle":7,"Unceasing Top":12,"Pocketwatch":16},{"Potion Belt":103,"Pear":133,"Happy Flower":54,"Eternal Feather":88,"The Courier":85,"Juzu Bracelet":97,"Cursed Key":0,"Ancient Tea Set":15,"Empty Cage":82,"Snecko Eye":32,"Molten Egg 2":57,"Red Mask":43,"Bag of Marbles":85,"Kunai":85,"Chemical X":119,"Cracked Core":0,"InkBottle":26,"Unceasing Top":54,"Pocketwatch":69}],"InkBottle":[53],"Unceasing Top":[0],"Pocketwatch":[27]},"card_choices":[{"not_picked":["Coolheaded","Turbo"],"picked":"Ball Lightning","floor":1.0},{"not_picked":["Steam Power","Streamline"],"picked":"Conserve Battery","floor":2.0},{"not_picked":["Turbo","Auto Shields"],"picked":"Coolheaded","floor":4.0},{"not_picked":["Aggregate","Steam"],"picked":"Compile Driver","floor":7.0},{"not_picked":["Stack","Blizzard"],"picked":"Rebound","floor":11.0},{"not_picked":["Ball Lightning","Turbo"],"picked":"Sunder","floor":13.0},{"not_picked":["Steam","Meteor Strike"],"picked":"Loop","floor":14.0},{"not_picked":["Fission","Meteor Strike"],"picked":"Creative AI","floor":16.0},{"not_picked":["Darkness","Chill+1","Steam"],"picked":"SKIP","floor":18.0},{"not_picked":["Leap","Compile Driver"],"picked":"Coolheaded+1","floor":19.0},{"not_picked":["Rebound","Streamline"],"picked":"Hologram+1","floor":22.0},{"not_picked":["Recycle","Redo"],"picked":"Sunder","floor":24.0},{"not_picked":["Hologram","Coolheaded"],"picked":"Fission","floor":27.0},{"not_picked":["Reprogram","Genetic Algorithm"],"picked":"Sunder+1","floor":28.0},{"not_picked":["Rip and Tear+1","Redo+1","Conserve Battery"],"picked":"SKIP","floor":29.0},{"not_picked":["Beam Cell+1","Stack"],"picked":"Reinforced Body","floor":31.0},{"not_picked":["Multi-Cast","All For One+1"],"picked":"Electrodynamics","floor":33.0},{"not_picked":["Streamline+1","Compile Driver+1","Rebound+1"],"picked":"SKIP","floor":35.0},{"not_picked":["Rebound+1","Compile Driver+1"],"picked":"Conserve Battery+1","floor":41.0},{"not_picked":["Chaos+1","Conserve Battery"],"picked":"Glacier+1","floor":45.0},{"not_picked":["Streamline+1","BootSequence+1"],"picked":"Undo","floor":47.0},{"not_picked":["Ball Lightning+1","Leap+1"],"picked":"Steam Power+1","floor":48.0},{"not_picked":["Conserve Battery","Undo","Rebound+1"],"picked":"SKIP","floor":54}],"player_experience":2478289,"relics_obtained":[{"floor":11.0,"key":"Ancient Tea Set"},{"floor":14.0,"key":"InkBottle"},{"floor":19.0,"key":"Red Mask"},{"floor":24.0,"key":"Happy Flower"},{"floor":26.0,"key":"Unceasing Top"},{"floor":27.0,"key":"Molten Egg 2"},{"floor":31.0,"key":"Pocketwatch"},{"floor":38.0,"key":"The Courier"},{"floor":43.0,"key":"Eternal Feather"},{"floor":45.0,"key":"Juzu Bracelet"},{"floor":47.0,"key":"Potion Belt"},{"floor":54,"key":"Pear"}],"event_choices":[{"damage_healed":0.0,"max_hp_gain":0.0,"max_hp_loss":0.0,"gold_gain":0.0,"event_name":"Lab","player_choice":"Got Potions","floor":5.0,"gold_loss":0.0,"damage_taken":0.0},{"damage_healed":0.0,"max_hp_gain":0.0,"max_hp_loss":0.0,"gold_gain":0.0,"event_name":"Masked Bandits","player_choice":"Fought Bandits","floor":19.0,"gold_loss":0.0,"damage_taken":0.0},{"cards_removed":["Shame"],"damage_healed":0.0,"max_hp_gain":0.0,"max_hp_loss":0.0,"gold_gain":0.0,"event_name":"Beggar","player_choice":"Gave Gold","floor":20.0,"gold_loss":75.0,"damage_taken":0.0},{"damage_healed":0.0,"max_hp_gain":0.0,"max_hp_loss":0.0,"gold_gain":0.0,"event_name":"The Mausoleum","player_choice":"Ignored","floor":21.0,"gold_loss":0.0,"damage_taken":0.0},{"damage_healed":0.0,"max_hp_gain":0.0,"max_hp_loss":0.0,"gold_gain":222.0,"event_name":"Tomb of Lord Red Mask","player_choice":"Wore Mask","floor":36.0,"gold_loss":0.0,"damage_taken":0.0},{"cards_removed":["Ball Lightning"],"damage_healed":0.0,"max_hp_gain":0.0,"max_hp_loss":0.0,"gold_gain":0.0,"event_name":"Falling","player_choice":"Removed Attack","floor":37.0,"gold_loss":0.0,"damage_taken":0.0}],"is_beta":false,"boss_relics":[{"not_picked":["Sozu","Coffee Dripper"],"picked":"Snecko Eye"},{"not_picked":["Philosopher\u0027s Stone","SlaversCollar"],"picked":"Empty Cage"}],"items_purged_floors":[3,39],"is_endless":false,"potions_floor_spawned":[2,11,13,16,19,22,24,29,33,48],"ascension_level":1}}