{"host":"hfxahm4y1ssattqc","time":1611603507,"event":{"mods":["2.2 Compatiblity","Act Like it!","BaseMod","Beaked The Cultist","BetterRewards","Colored Map","Colored Powertips","Custom Start","Googly Eyes","Halation","Hallownest","Highlight Path","Hubris","Mimic Mod","Minty Spire (QoL Compilation)","Shop Mod","Spikes Relics","StSLib","The Bug Knight","The IronCluck","The Jungle","Unknown Chances","slay the spire mod where everything is the same but ironclad has a cowboy hat"],"gold_per_floor":[117,140,140,140,140,140,158,158,205,249,276,276,290,331,331,435,435,454,575,328,328,203,203,239,239,288,288,322,20,36,57,57,169,169,203,206,206],"floor_reached":36,"language":"ENG","playtime":1727,"items_purged":["Strike_P","Strike_P","EmptyBody"],"score":530,"play_id":"9b94b066-5251-4214-a5db-7d5520661bef","local_time":"20210125113827","is_ascension_mode":false,"campfire_choices":[{"data":"LikeWater","floor":6.0,"key":"SMITH"},{"data":"LikeWater","floor":8.0,"key":"SMITH"},{"data":"PathToVictory","floor":12,"key":"SMITH"},{"floor":15,"key":"REST"},{"data":"Establishment","floor":23,"key":"SMITH"},{"data":"Vigilance","floor":25,"key":"SMITH"},{"floor":27,"key":"REST"},{"floor":32,"key":"REST"}],"circlet_count":0,"master_deck":["Strike_P","Strike_P","Defend_P","Defend_P","Defend_P","Defend_P","Eruption","Vigilance+1","LikeWater+1","PathToVictory+1","BattleHymn","Assess","LikeWater+1","PathToVictory","Establishment+1","PathToVictory+1","BlessedFruit","BlessedFruit","Wireheading","InnerPeace+1","Alpha"],"relics":["HolyWater","halation:IllGainedPizza","Girya","Hallownest:DreamNailRelic","Turnip","HollowMod:StagPassRelic","Damaru","halation:PinkSoulGem","Dream Catcher","HeavenlyBonsai","hubris:Potato","halation:Prosthetics"],"acts_visited":["Hallownest:Greenpath","Hallownest:Greenpath","TheBeyond"],"potions_floor_usage":[35,35],"damage_taken":[{"damage":2.0,"enemies":"Hallownest:2_MossCreeps","floor":1.0,"turns":5.0},{"damage":0.0,"enemies":"Hallownest:2_Baldur","floor":2.0,"turns":4.0},{"damage":0.0,"enemies":"2_ Uuma","floor":7.0,"turns":7.0},{"damage":2,"enemies":"Hallownest:Guard_and_Warrior","floor":9,"turns":9},{"damage":14,"enemies":"Hallownest:eliteMossKnight","floor":10,"turns":11},{"damage":22,"enemies":"Hallownest:Guard_and_Warrior","floor":11,"turns":5},{"damage":6,"enemies":"Hallownest:monsterFoolEater","floor":13,"turns":5},{"damage":12,"enemies":"Hallownest:MossCreep_and_Mosskin","floor":14,"turns":7},{"damage":8,"enemies":"Hallownest:BossFalseKnight","floor":16,"turns":8},{"damage":0,"enemies":"theJungle:MUSHROOMGANG","floor":18,"turns":6},{"damage":12,"enemies":"theJungle:MamaSnecko","floor":24,"turns":7},{"damage":13,"enemies":"theJungle:5_Spyders","floor":26,"turns":14},{"damage":8,"enemies":"theJungle:5_Spyders","floor":28,"turns":7},{"damage":8,"enemies":"theJungle:Lyon","floor":30,"turns":6},{"damage":16,"enemies":"theJungle:SlimyTreeVines","floor":31,"turns":5},{"damage":15,"enemies":"theJungle:FunGuy","floor":33,"turns":7},{"damage":45,"enemies":"3 Darklings","floor":35,"turns":7},{"damage":2,"enemies":"Orb Walker","floor":36,"turns":3}],"seed_played":"5574523764538414383","potions_obtained":[{"floor":2.0,"key":"Explosive Potion"},{"floor":10,"key":"AttackPotion"},{"floor":11,"key":"Explosive Potion"},{"floor":35,"key":"Block Potion"}],"is_trial":false,"path_per_floor":["M","M","?","$","?","R","M","R","MIM","E","M","R","M","MIM","R","B",null,"M","?","$","?","$","R","E","R","MIM","R","M","$","M","M","R","B",null,"M","M"],"character_chosen":"WATCHER","items_purchased":["LikeWater","halation:IllGainedPizza","Girya","PathToVictory","BattleHymn","EmptyBody","Damaru","hubris:Potato"],"campfire_rested":3,"item_purchase_floors":[0,0,0,0,0,0,20,29],"current_hp_per_floor":[70,70,70,70,70,70,70,70,68,54,32,32,26,14,35,27,72,72,62,62,62,62,62,50,50,37,58,52,52,46,37,60,47,44,1,0,0],"gold":206,"neow_bonus":"","is_daily":false,"chose_seed":false,"campfire_upgraded":5,"win_rate":0.0,"timestamp":1611603507,"path_taken":["M","M","?","$","?","R","?","R","MIM","E","M","R","M","?","R","BOSS","M","?","$","?","?","R","E","R","MIM","R","M","?","M","M","R","BOSS","M","M"],"items_purchased_type":["Card","Relic","Relic","Card","Card","Card","Relic","Relic"],"build_version":"2020-12-22","purchased_purges":3,"victory":false,"max_hp_per_floor":[72,72,72,72,72,72,72,72,72,72,72,72,72,72,72,72,72,72,72,72,72,72,72,72,72,72,72,74,74,76,77,77,79,44,46,47,47],"card_choices":[{"not_picked":["JustLucky","WindmillStrike","Protect"],"picked":"SKIP","floor":1.0},{"not_picked":["BattleHymn","FollowUp","CrushJoints"],"picked":"SKIP","floor":2.0},{"not_picked":["Trip","Secret Weapon"],"picked":"Assess","floor":3.0},{"not_picked":["Conclude","Worship"],"picked":"LikeWater","floor":3.0},{"not_picked":["Study","Consecrate","Prostrate"],"picked":"SKIP","floor":7.0},{"not_picked":["MentalFortress","SignatureMove","Conclude"],"picked":"SKIP","floor":10},{"not_picked":["Fasting2","EmptyBody","Crescendo"],"picked":"SKIP","floor":11},{"not_picked":["Prostrate","ClearTheMind","Worship"],"picked":"SKIP","floor":13},{"not_picked":["EmptyFist","Vengeance"],"picked":"PathToVictory","floor":14},{"not_picked":["DeusExMachina","Blasphemy"],"picked":"Establishment","floor":16},{"not_picked":["SashWhip","Prostrate+1"],"picked":"PathToVictory+1","floor":18},{"not_picked":["Swivel","ReachHeaven+1","Adaptation"],"picked":"SKIP","floor":24},{"not_picked":["CutThroughFate","FlurryOfBlows"],"picked":"Wireheading","floor":28},{"not_picked":["Halt+1","WaveOfTheHand","SashWhip"],"picked":"SKIP","floor":30},{"not_picked":["Consecrate","Protect","FlyingSleeves"],"picked":"SKIP","floor":31},{"not_picked":["ClearTheMind+1","Halt"],"picked":"InnerPeace+1","floor":32},{"not_picked":["Devotion","DeusExMachina"],"picked":"Alpha","floor":33},{"not_picked":["JustLucky+1","InnerPeace","CutThroughFate"],"picked":"SKIP","floor":35}],"player_experience":902461,"relics_obtained":[{"floor":10,"key":"Turnip"},{"floor":14,"key":"HollowMod:StagPassRelic"},{"floor":24,"key":"Dream Catcher"},{"floor":26,"key":"HeavenlyBonsai"}],"event_choices":[],"is_beta":false,"boss_relics":[{"not_picked":["hubris:RunicObelisk","Philosopher\u0027s Stone"],"picked":"HolyWater"},{"not_picked":["Sozu","Runic Dome"],"picked":"halation:Prosthetics"}],"items_purged_floors":[0,20,22],"is_endless":false,"potions_floor_spawned":[2,10,11,13,18,28,35],"killed_by":"Orb Walker","ascension_level":0}}