{"host":"78zdngn0u28jm0pp","time":1611553777,"event":{"mods":["BaseMod","Jorbs\u0027s Wanderer Trilogy","Minty Spire (QoL Compilation)","Permanent Neow","Quick Restart","Relic Stats","StSLib","Unceasing Turn Reminder"],"gold_per_floor":[114,129,141,153,9,40,52,52,52,52,77,92,125,183,183,280,280,298,298,316,326,341,341,341],"floor_reached":23,"language":"ENG","playtime":950,"items_purged":[],"score":280,"play_id":"5da55396-6d3b-4c89-836c-08f55970552c","local_time":"20210124224937","is_ascension_mode":true,"campfire_choices":[{"data":"True Grit","floor":8,"key":"SMITH"},{"data":"Immolate","floor":10,"key":"SMITH"},{"data":"Armaments","floor":15,"key":"SMITH"}],"circlet_count":0,"master_deck":["Strike_R","Strike_R","Strike_R","Strike_R","Strike_R","Defend_R","Defend_R","Defend_R","Defend_R","Bash","Immolate+1","Pommel Strike","Shrug It Off","Armaments+1","True Grit+1","Fiend Fire","Headbutt","Barricade","Immolate+1","Shrug It Off+1","Warcry+1","Battle Trance"],"relics":["Burning Blood","Membership Card","Question Card","InkBottle","Bottled Flame","Kunai","Gremlin Horn","Sozu"],"acts_visited":["Exordium","TheCity"],"potions_floor_usage":[11,16,16],"damage_taken":[{"damage":1,"enemies":"Cultist","floor":1,"turns":3},{"damage":7,"enemies":"Jaw Worm","floor":2,"turns":3},{"damage":0,"enemies":"2 Louse","floor":3,"turns":1},{"damage":8,"enemies":"Large Slime","floor":4,"turns":3},{"damage":20,"enemies":"3 Sentries","floor":6,"turns":6},{"damage":7,"enemies":"Exordium Wildlife","floor":7,"turns":4},{"damage":11,"enemies":"Lagavulin","floor":11,"turns":5},{"damage":0,"enemies":"2 Fungi Beasts","floor":12,"turns":1},{"damage":10,"enemies":"3 Sentries","floor":13,"turns":5},{"damage":16,"enemies":"Gremlin Nob","floor":14,"turns":3},{"damage":10,"enemies":"The Guardian","floor":16,"turns":15},{"damage":13,"enemies":"2 Thieves","floor":18,"turns":2},{"damage":6,"enemies":"3 Byrds","floor":20,"turns":2},{"damage":18,"enemies":"Snake Plant","floor":21,"turns":3},{"damage":13,"enemies":"Shelled Parasite and Fungi","floor":22,"turns":5},{"damage":0,"enemies":"Book of Stabbing","floor":23,"turns":2}],"seed_played":"-3117015043275178250","potions_obtained":[{"floor":6,"key":"Strength Potion"},{"floor":7,"key":"Dexterity Potion"},{"floor":11,"key":"Ancient Potion"},{"floor":12,"key":"HeartOfIron"},{"floor":14,"key":"Swift Potion"},{"floor":16,"key":"BloodPotion"}],"is_trial":false,"path_per_floor":["M","M","M","M","$","E","M","R","T","R","E","M","E","?","R","B",null,"M","?","M","M","M","E"],"character_chosen":"IRONCLAD","items_purchased":["Membership Card"],"campfire_rested":0,"item_purchase_floors":[5],"current_hp_per_floor":[72,71,72,70,70,56,55,55,55,55,50,56,52,42,42,38,64,57,57,57,45,38,38,38],"gold":341,"neow_bonus":"THREE_RARE_CARDS","is_daily":false,"chose_seed":false,"campfire_upgraded":3,"win_rate":0.0,"timestamp":1611553777,"path_taken":["M","M","M","M","$","E","M","R","T","R","E","M","E","?","R","BOSS","M","?","M","?","M","E"],"items_purchased_type":["Relic"],"build_version":"2020-12-22","purchased_purges":0,"victory":false,"max_hp_per_floor":[72,72,72,72,72,72,72,72,72,72,72,72,72,72,72,72,72,72,72,72,72,72,72,72],"relic_stats":{"Sozu":1,"Gremlin Horn":[3,3],"counters":[16,63],"Kunai":[2],"Question Card":10,"obtain_stats":[{"Sozu":17,"Bottled Flame":11,"Gremlin Horn":14,"Membership Card":5,"Kunai":13,"Question Card":6,"Burning Blood":0,"InkBottle":9},{"Sozu":11,"Bottled Flame":7,"Gremlin Horn":10,"Membership Card":4,"Kunai":9,"Question Card":5,"Burning Blood":0,"InkBottle":6},{"Sozu":49,"Bottled Flame":25,"Gremlin Horn":34,"Membership Card":10,"Kunai":31,"Question Card":16,"Burning Blood":0,"InkBottle":20}],"Burning Blood":80,"InkBottle":[10]},"card_choices":[{"not_picked":["Corruption","Double Tap"],"picked":"Immolate","floor":0},{"not_picked":["Heavy Blade","Cleave"],"picked":"Pommel Strike","floor":1},{"not_picked":["Shockwave","Iron Wave"],"picked":"Shrug It Off","floor":2},{"not_picked":["Clothesline","Heavy Blade"],"picked":"Armaments","floor":3},{"not_picked":["Sever Soul","Flame Barrier","Intimidate"],"picked":"SKIP","floor":4},{"not_picked":["Whirlwind","Clash","Armaments"],"picked":"SKIP","floor":6},{"not_picked":["Rage","Infernal Blade","Power Through"],"picked":"True Grit","floor":7},{"not_picked":["Dual Wield","Sever Soul","Perfected Strike"],"picked":"Fiend Fire","floor":11},{"not_picked":["Shockwave","True Grit","Sword Boomerang","Rupture"],"picked":"SKIP","floor":12},{"not_picked":["Sword Boomerang","Whirlwind","Heavy Blade"],"picked":"Headbutt","floor":13},{"not_picked":["Corruption","Fiend Fire","Exhume"],"picked":"Barricade","floor":16},{"not_picked":["Warcry","Shrug It Off","Inflame+1","Hemokinesis"],"picked":"SKIP","floor":18},{"not_picked":["Flex","Pommel Strike","Anger"],"picked":"Shrug It Off+1","floor":20},{"not_picked":["Wild Strike","Inflame","Clothesline"],"picked":"Warcry+1","floor":21},{"not_picked":["Flame Barrier","Hemokinesis","Second Wind+1"],"picked":"Battle Trance","floor":22}],"player_experience":244240,"relics_obtained":[{"floor":6,"key":"Question Card"},{"floor":9,"key":"InkBottle"},{"floor":11,"key":"Bottled Flame"},{"floor":13,"key":"Kunai"},{"floor":14,"key":"Gremlin Horn"}],"event_choices":[{"damage_healed":0,"gold_gain":30,"player_choice":"Searched \u00273\u0027 times","damage_taken":0,"max_hp_gain":0,"max_hp_loss":0,"event_name":"Dead Adventurer","floor":14,"gold_loss":0},{"damage_healed":0,"gold_gain":0,"player_choice":"Copied","damage_taken":0,"max_hp_gain":0,"max_hp_loss":0,"event_name":"Duplicator","floor":19,"gold_loss":0,"cards_obtained":["Immolate"]}],"is_beta":false,"boss_relics":[{"not_picked":["Empty Cage","Runic Cube"],"picked":"Sozu"}],"items_purged_floors":[],"is_endless":false,"potions_floor_spawned":[6,7,11,12,14,16,18],"killed_by":"Book of Stabbing","ascension_level":6}}