{"host":"36umirwmj0u9xjg7","time":1611602171,"event":{"mods":["Aspiration","BaseMod","CCEM","Downfall","Minty Spire (QoL Compilation)","Reliquary","Replay The Spire","StS++","StSLib","The Construct","The Gatherer","The Necromancer","The Runesmith"],"gold_per_floor":[114,114,132,18,38,38,72,72,72,72,97,129,129,129,143,162,162,258,308,324,338,338,81,101,128,128,143,170,198,210,210,228,247,247,351,351,362,362,362],"floor_reached":38,"language":"ENG","playtime":1724,"items_purged":["Strike_W","Strike_W"],"score":501,"play_id":"81e07074-39f9-4f29-a793-be846c7d309a","local_time":"20210125201611","is_ascension_mode":false,"campfire_choices":[{"data":"Shade_Step","floor":6,"key":"SMITH"},{"data":"Siphon_Strength","floor":8,"key":"SMITH"},{"data":"Negative_Energy_Arrows","floor":13,"key":"SMITH"},{"data":"Spectral_Walk","floor":17,"key":"SMITH"},{"floor":26,"key":"REST"}],"circlet_count":0,"master_deck":["Strike_W","Strike_W+1","Defend_W","Defend_W","Defend_W","Defend_W+1","Negative_Energy_Arrows+1","Bone_Wall+1","Siphon_Strength+1","Finger_Of_Death","Negative_Energy_Javelin+1","Shade_Step+1","Spectral_Walk+1","Summon_Lich+1","Requiem+1","Blood_Is_Power","Toxic_Smoke_Screen+1","Vampiric_Strike","Hellfire+1","Summon_Undead","Pandemic+1","Thousand_Bone_Knives","Uncharnel+1","Decay","Bone_Armory","Acid_Javelin"],"relics":["Vampire_Amulet","NeowsBlessing","reliquary:TuningFork","Runesmith:AutoHammer","Replay:Bottled Snecko","Blue Candle","Tiny House","Guide Book","Replay:Bottled Flurry","reliquary:SharkskinSheath","War Paint"],"acts_visited":["Exordium","TheCity","TheBeyond"],"potions_floor_usage":[25,27,35,37,38],"damage_taken":[{"damage":0,"enemies":"Small Slimes","floor":1,"turns":1},{"damage":0,"enemies":"Cultist","floor":3,"turns":1},{"damage":0,"enemies":"Jaw Worm","floor":5,"turns":1},{"damage":15,"enemies":"Replay:BlueRogue","floor":7,"turns":6},{"damage":4,"enemies":"Lagavulin","floor":12,"turns":5},{"damage":0,"enemies":"Exordium Thugs","floor":15,"turns":4},{"damage":0,"enemies":"Gremlin Gang","floor":16,"turns":4},{"damage":0,"enemies":"The Guardian","floor":18,"turns":13},{"damage":5,"enemies":"3 Byrds","floor":20,"turns":5},{"damage":6,"enemies":"Shell Parasite","floor":21,"turns":5},{"damage":24,"enemies":"Centurion and Healer","floor":24,"turns":5},{"damage":21,"enemies":"Book of Stabbing","floor":25,"turns":5},{"damage":2,"enemies":"Shelled Parasite and Fungi","floor":27,"turns":3},{"damage":24,"enemies":"Gremlin Leader","floor":29,"turns":5},{"damage":2,"enemies":"Snake Plant","floor":30,"turns":4},{"damage":25,"enemies":"Centurion and Healer","floor":32,"turns":6},{"damage":24,"enemies":"Snecko","floor":33,"turns":5},{"damage":50,"enemies":"Automaton","floor":35,"turns":7},{"damage":77,"enemies":"3 Darklings","floor":37,"turns":6},{"damage":11,"enemies":"3 Shapes","floor":38,"turns":2}],"seed_played":"-5055998557273564893","potions_obtained":[{"floor":1,"key":"Cursed Concoction"},{"floor":5,"key":"Energy Potion"},{"floor":7,"key":"Energy Potion"},{"floor":18,"key":"Adrenaline Potion"},{"floor":24,"key":"Block Potion"},{"floor":27,"key":"hexamod:SoulburnPotion"},{"floor":30,"key":"DuplicationPotion"},{"floor":32,"key":"Strength Potion"},{"floor":33,"key":"PowerPotion"},{"floor":35,"key":"LiquidBronze"},{"floor":37,"key":"sneckomod:MuddlingPotion"}],"is_trial":false,"path_per_floor":["M","?","M","$","M","R","E","R","PTL","PTL","T","E","R","?","M","M","R","B",null,"M","M","?","$","M","E","R","M","T","E","M","?","M","M","R","B",null,"M","M"],"character_chosen":"NECROMANCER","items_purchased":["Negative_Energy_Javelin+1","Guide Book"],"campfire_rested":1,"item_purchase_floors":[4,23],"current_hp_per_floor":[75,75,75,75,75,75,62,62,62,62,62,60,60,55,59,67,67,69,80,79,75,75,75,60,41,65,72,72,67,69,69,50,28,52,13,80,7,0,0],"gold":362,"neow_bonus":"THREE_ENEMY_KILL","is_daily":false,"chose_seed":false,"campfire_upgraded":4,"win_rate":0.0,"timestamp":1611602171,"path_taken":["M","?","?","?","M","R","E","R","PTL","PTL","T","E","R","?","M","M","R","BOSS","M","M","?","$","M","E","R","M","T","E","?","?","M","?","R","BOSS","M","M"],"items_purchased_type":["Card","Relic"],"build_version":"2020-12-22","purchased_purges":2,"victory":false,"max_hp_per_floor":[75,75,75,75,75,75,75,75,75,75,75,75,75,75,75,75,75,75,80,80,80,80,80,80,80,80,80,80,80,80,80,80,80,80,80,80,80,80,80],"card_choices":[{"not_picked":["Shade_Step","Bone_Shift"],"picked":"Siphon_Strength","floor":1},{"not_picked":["Negative_Energy_Javelin","Spectral_Armor"],"picked":"Finger_Of_Death","floor":3},{"not_picked":["Spectral_Armor","Violent_Necrosis"],"picked":"Shade_Step","floor":5},{"not_picked":["Shackles_Of_Pain","Toxic_Smoke_Screen"],"picked":"Spectral_Walk","floor":7},{"not_picked":["Blood_Magic","Negative_Energy_Bomb","Bone_Bullets"],"picked":"SKIP","floor":12},{"not_picked":["Blood_for_Blood","Life_Drain"],"picked":"Summon_Lich","floor":15},{"not_picked":["Bone_Spikes","Shade_Step","Negative_Energy_Shield"],"picked":"SKIP","floor":16},{"not_picked":["Blood_Wake","Cloudkill"],"picked":"Requiem","floor":18},{"not_picked":["Spectral_Walk","Scare"],"picked":"Blood_Is_Power","floor":19},{"not_picked":["Death_Coil","Life_Tap"],"picked":"Toxic_Smoke_Screen+1","floor":20},{"not_picked":["Toxic_Smoke_Screen","Finger_Of_Death","Shackles_Of_Pain"],"picked":"SKIP","floor":21},{"not_picked":["Stop_Heart","Uncharnel"],"picked":"Summon_Undead","floor":24},{"not_picked":["Negative_Energy_Mist","Blood_Whip+1"],"picked":"Pandemic+1","floor":25},{"not_picked":["Toxic_Smoke_Screen+1","Negative_Energy_Sphere+1"],"picked":"Thousand_Bone_Knives","floor":27},{"not_picked":["Toxic_Smoke_Screen","Spectral_Walk+1"],"picked":"Uncharnel+1","floor":29},{"not_picked":["Negative_Energy_Javelin","Blood_for_Blood","Blood_Shield"],"picked":"SKIP","floor":30},{"not_picked":["Blood_Is_Power","Blood_for_Blood+1","Finger_Of_Death"],"picked":"SKIP","floor":32},{"not_picked":["Skeleton_Dragon","Stop_Heart"],"picked":"Bone_Armory","floor":33},{"not_picked":["Summon_Undead","Blood_for_Blood"],"picked":"Acid_Javelin","floor":37}],"player_experience":144042,"relics_obtained":[{"floor":7,"key":"reliquary:TuningFork"},{"floor":11,"key":"Runesmith:AutoHammer"},{"floor":12,"key":"Replay:Bottled Snecko"},{"floor":25,"key":"Replay:Bottled Flurry"},{"floor":28,"key":"reliquary:SharkskinSheath"},{"floor":29,"key":"War Paint"}],"event_choices":[{"damage_healed":0,"gold_gain":0,"player_choice":"Ignored","damage_taken":0,"max_hp_gain":0,"max_hp_loss":0,"event_name":"NoteForYourself","floor":2,"gold_loss":0},{"damage_healed":0,"gold_gain":0,"player_choice":"2 cards matched","damage_taken":0,"max_hp_gain":0,"max_hp_loss":0,"event_name":"Match and Keep!","floor":22,"gold_loss":0,"cards_obtained":["Vampiric_Strike","Hellfire"]},{"damage_healed":0,"gold_gain":0,"player_choice":"Cursed","damage_taken":0,"max_hp_gain":0,"max_hp_loss":0,"event_name":"Wheel of Change","floor":31,"gold_loss":0,"cards_obtained":["Decay"]}],"is_beta":false,"boss_relics":[{"not_picked":["reliquary:RedCape","Replay:Wanted Poster"],"picked":"Tiny House"},{"not_picked":["ReplayTheSpireMod:DimensionalGlitch","StSpp:PileOfSugar","Velvet Choker"]}],"items_purged_floors":[4,23],"is_endless":false,"potions_floor_spawned":[1,5,7,18,24,27,30,32,33,35,37],"killed_by":"3 Shapes","ascension_level":0}}