{"host":"w01zow3jg16g8jdh","time":1611581581,"event":{"mods":["AchievementEnabler","BaseMod","DeckTracker","Keyboard Shortcuts","Minty Spire (QoL Compilation)","Permanent Neow","StSLib","SuperFastMode"],"gold_per_floor":[110,35,54,54,54,54,89,108,108,108,8,26,39,49,49,123,123,136,61,111,126,140,140,55,55,55],"floor_reached":25,"language":"KOR","playtime":415,"items_purged":["Strike_G","Defend_G"],"score":456,"play_id":"e8f3e9bf-4461-4344-b386-e4a704a6abba","local_time":"20210125223301","is_ascension_mode":true,"campfire_choices":[{"data":"Deadly Poison","floor":6.0,"key":"SMITH"},{"data":"Noxious Fumes","floor":15.0,"key":"SMITH"},{"floor":23,"key":"REST"}],"circlet_count":0,"master_deck":["AscendersBane","Strike_G","Strike_G","Strike_G","Defend_G","Defend_G","Defend_G","Defend_G","Survivor","Neutralize","Reflex","Deadly Poison+1","Acrobatics","Noxious Fumes+1","PiercingWail","After Image","Crippling Poison","Calculated Gamble"],"relics":["Ring of the Snake","NeowsBlessing","Pear","Runic Pyramid","StoneCalendar"],"acts_visited":["Exordium","TheCity"],"potions_floor_usage":[25],"damage_taken":[{"damage":0.0,"enemies":"Cultist","floor":1.0,"turns":1.0},{"damage":0.0,"enemies":"Jaw Worm","floor":3.0,"turns":1.0},{"damage":0.0,"enemies":"Lagavulin","floor":7.0,"turns":1.0},{"damage":4.0,"enemies":"Small Slimes","floor":8.0,"turns":3.0},{"damage":7.0,"enemies":"3 Louse","floor":12.0,"turns":3.0},{"damage":11.0,"enemies":"Lots of Slimes","floor":13.0,"turns":5.0},{"damage":0.0,"enemies":"Exordium Wildlife","floor":14.0,"turns":4.0},{"damage":33.0,"enemies":"Hexaghost","floor":16.0,"turns":9.0},{"damage":22.0,"enemies":"2 Thieves","floor":18.0,"turns":5.0},{"damage":16,"enemies":"3 Byrds","floor":21,"turns":5},{"damage":17,"enemies":"Centurion and Healer","floor":22,"turns":8},{"damage":33,"enemies":"Book of Stabbing","floor":25,"turns":5}],"seed_played":"7720538246287225385","potions_obtained":[{"floor":1.0,"key":"CultistPotion"},{"floor":13.0,"key":"Energy Potion"},{"floor":21,"key":"BlessingOfTheForge"}],"is_trial":false,"path_per_floor":["M","$","M","$","?","R","E","M","T","?","$","M","M","M","R","B",null,"M","?","?","M","M","R","?","E"],"character_chosen":"THE_SILENT","items_purchased":[],"campfire_rested":1,"item_purchase_floors":[],"current_hp_per_floor":[59,59,59,59,59,59,59,55,65,70,70,63,52,52,52,19,66,44,44,36,20,3,27,27,0,0],"gold":55,"neow_bonus":"THREE_ENEMY_KILL","is_daily":false,"chose_seed":false,"campfire_upgraded":2,"win_rate":0.0,"timestamp":1611581581,"path_taken":["M","?","M","$","?","R","E","M","T","?","$","M","M","M","R","BOSS","M","?","?","M","?","R","?","E"],"items_purchased_type":[],"build_version":"2020-12-22","purchased_purges":2,"victory":false,"max_hp_per_floor":[66,66,66,66,66,66,66,66,76,81,81,81,81,81,81,81,81,81,81,81,81,81,81,81,81,81],"card_choices":[{"not_picked":["Endless Agony","Poisoned Stab"],"picked":"Reflex","floor":1.0},{"not_picked":["Poisoned Stab","Skewer"],"picked":"Deadly Poison","floor":3.0},{"not_picked":["Leg Sweep","Quick Slash"],"picked":"Acrobatics","floor":7.0},{"not_picked":["Escape Plan","Blur"],"picked":"Noxious Fumes","floor":8.0},{"not_picked":["Setup","Blur"],"picked":"PiercingWail","floor":12.0},{"not_picked":["Endless Agony","Distraction","Outmaneuver"],"picked":"SKIP","floor":13.0},{"not_picked":["Poisoned Stab","Choke","PiercingWail"],"picked":"SKIP","floor":14.0},{"not_picked":["Phantasmal Killer","Malaise"],"picked":"After Image","floor":16.0},{"not_picked":["Underhanded Strike","Dagger Spray","Cloak And Dagger+1"],"picked":"SKIP","floor":18.0},{"not_picked":["Acrobatics","Well Laid Plans"],"picked":"Crippling Poison","floor":21},{"not_picked":["Outmaneuver","Prepared"],"picked":"Calculated Gamble","floor":22}],"player_experience":317373,"relics_obtained":[{"floor":9.0,"key":"Pear"}],"event_choices":[{"damage_healed":0.0,"max_hp_gain":0.0,"max_hp_loss":0.0,"gold_gain":0.0,"event_name":"Liars Game","player_choice":"Ignored","floor":5.0,"gold_loss":0.0,"damage_taken":0.0},{"damage_healed":0.0,"max_hp_gain":5.0,"max_hp_loss":0.0,"gold_gain":0.0,"event_name":"Big Fish","player_choice":"Donut","floor":10.0,"gold_loss":0.0,"damage_taken":0.0},{"cards_removed":["Strike_G"],"damage_healed":0.0,"max_hp_gain":0.0,"max_hp_loss":0.0,"gold_gain":0.0,"event_name":"Beggar","player_choice":"Gave Gold","floor":19.0,"gold_loss":75.0,"damage_taken":0.0},{"damage_healed":0,"gold_gain":50,"player_choice":"Touch","damage_taken":8,"max_hp_gain":0,"max_hp_loss":0,"event_name":"FaceTrader","floor":20,"gold_loss":0},{"damage_healed":0,"gold_gain":0,"player_choice":"Obtained Relic","damage_taken":0,"relics_obtained":["StoneCalendar"],"max_hp_gain":0,"max_hp_loss":0,"event_name":"Addict","floor":24,"gold_loss":85}],"is_beta":false,"boss_relics":[{"not_picked":["Busted Crown","Ring of the Serpent"],"picked":"Runic Pyramid"}],"items_purged_floors":[2,11],"is_endless":false,"potions_floor_spawned":[1,13,16,21],"killed_by":"Book of Stabbing","ascension_level":20}}