{"host":"39i3emxub3h8uyq3","time":1611538636,"event":{"mods":["AchievementEnabler","BaseMod","Clockwork Mod","Colored Map","Downfall","Glutton Mod","Gold Saver","Minty Spire (QoL Compilation)","StSLib","TheHeartMod"],"gold_per_floor":[467,467,467,80,91,119,131,161,200,212,234,246,104,84,84,181,181,196,212,37,37,37,37],"floor_reached":22,"language":"ENG","playtime":940,"items_purged":[],"score":182,"play_id":"aa61b06a-faf6-49af-af1b-869b58054d55","local_time":"20210124203716","is_ascension_mode":false,"campfire_choices":[{"floor":7,"key":"REST"},{"data":"Strike_R","floor":10,"key":"SMITH"},{"floor":15,"key":"REST"}],"circlet_count":0,"master_deck":["Strike_R+1","Strike_R","Strike_R+1","Strike_R","Defend_R","Defend_R","Defend_R","Bash+1","Cleave","Intimidate","Shrug It Off","Heavy Blade","Sword Boomerang","Bludgeon","Thunderclap","Iron Wave","Armaments","Writhe"],"relics":["Burning Blood","Potion Belt","Whetstone","Membership Card","MawBank","Bronze Scales","Ancient Tea Set","Toy Ornithopter","TheAbacus","Empty Cage","Vajra","Medical Kit","PreservedInsect"],"acts_visited":["Exordium","TheCity"],"potions_floor_usage":[16,16],"damage_taken":[{"damage":0,"enemies":"Small Slimes","floor":1,"turns":3},{"damage":1,"enemies":"2 Louse","floor":5,"turns":3},{"damage":15,"enemies":"Gremlin Nob","floor":6,"turns":4},{"damage":0,"enemies":"Cultist","floor":8,"turns":3},{"damage":11,"enemies":"2 Fungi Beasts","floor":11,"turns":3},{"damage":47,"enemies":"The Guardian","floor":16,"turns":9},{"damage":15,"enemies":"Spheric Guardian","floor":18,"turns":4},{"damage":20,"enemies":"3 Byrds","floor":19,"turns":4},{"damage":57,"enemies":"3 Cultists","floor":22,"turns":5}],"seed_played":"92756273298498959","potions_obtained":[{"floor":5,"key":"Swift Potion"},{"floor":6,"key":"Fire Potion"},{"floor":8,"key":"Block Potion"},{"floor":19,"key":"Strength Potion"}],"is_trial":false,"path_per_floor":["M","?","?","$","M","E","R","M","T","R","M","?","$","?","R","B",null,"M","M","$","?","M"],"character_chosen":"IRONCLAD","items_purchased":["Whetstone","Intimidate","Membership Card","Toy Ornithopter","TheAbacus","Armaments","Vajra","Medical Kit"],"campfire_rested":2,"item_purchase_floors":[4,4,4,13,13,20,20,20],"current_hp_per_floor":[80,80,80,80,80,71,80,80,80,80,75,63,63,63,80,39,80,71,57,57,57,0,0],"gold":37,"neow_bonus":"RANDOM_COMMON_RELIC","is_daily":false,"chose_seed":false,"campfire_upgraded":1,"win_rate":0.0,"timestamp":1611538636,"path_taken":["M","?","?","$","M","E","R","M","T","R","?","?","$","?","R","BOSS","M","M","$","?","M"],"items_purchased_type":["Relic","Card","Relic","Relic","Relic","Card","Relic","Relic"],"build_version":"2020-12-22","purchased_purges":0,"victory":false,"max_hp_per_floor":[80,80,80,80,80,80,80,80,80,80,80,80,80,80,80,80,80,80,80,80,80,80,80],"card_choices":[{"not_picked":["Body Slam","Intimidate"],"picked":"Cleave","floor":1},{"not_picked":["Clash","Havoc"],"picked":"Twin Strike","floor":5},{"not_picked":["Hemokinesis","Battle Trance"],"picked":"Shrug It Off","floor":6},{"not_picked":["Dropkick","Thunderclap"],"picked":"Heavy Blade","floor":8},{"not_picked":["Evolve","Second Wind"],"picked":"Sword Boomerang","floor":11},{"not_picked":["Brutality","Fiend Fire"],"picked":"Bludgeon","floor":16},{"not_picked":["Evolve","Dark Embrace+1"],"picked":"Thunderclap","floor":18},{"not_picked":["Hemokinesis","Rupture"],"picked":"Iron Wave","floor":19}],"player_experience":51321,"relics_obtained":[{"floor":6,"key":"MawBank"},{"floor":9,"key":"Bronze Scales"}],"event_choices":[{"damage_healed":0,"gold_gain":0,"player_choice":"Ignored","damage_taken":0,"max_hp_gain":0,"max_hp_loss":0,"event_name":"Liars Game","floor":2,"gold_loss":0},{"cards_removed":["Defend_R"],"damage_healed":0,"gold_gain":0,"player_choice":"Card Removal","damage_taken":0,"max_hp_gain":0,"max_hp_loss":0,"event_name":"Wheel of Change","floor":3,"gold_loss":0},{"damage_healed":0,"gold_gain":0,"player_choice":"Success","damage_taken":12,"relics_obtained":["Ancient Tea Set"],"max_hp_gain":0,"max_hp_loss":0,"event_name":"Scrap Ooze","floor":12,"gold_loss":0},{"damage_healed":0,"gold_gain":0,"player_choice":"Left Gold","damage_taken":0,"max_hp_gain":0,"max_hp_loss":0,"event_name":"World of Goop","floor":14,"gold_loss":20},{"damage_healed":0,"gold_gain":0,"player_choice":"Opened","damage_taken":0,"relics_obtained":["PreservedInsect"],"max_hp_gain":0,"max_hp_loss":0,"event_name":"The Mausoleum","floor":21,"gold_loss":0,"cards_obtained":["Writhe"]}],"is_beta":false,"boss_relics":[{"not_picked":["Cursed Key","Runic Cube"],"picked":"Empty Cage"}],"items_purged_floors":[],"is_endless":false,"potions_floor_spawned":[5,6,8,19],"killed_by":"3 Cultists","ascension_level":0}}