{"host":"och2iitg9ibgz06n","time":1611618217,"event":{"mods":["Abigail Mod","AchievementEnabler","Aspiration","BaseMod","Colored Powertips","Dio Mod","Hubris","Hyrulean Relics","Infinite Spire","Minty Spire (QoL Compilation)","Replay The Spire","Small Relic Pack","StSLib","The Animator","The Bug Knight","The Hierophant","The Jungle","The Saiyan","TheHero","Wandering Minibosses","everything is the same but u backflip on backflip","slay the spire mod where everything is the same but ironclad has a cowboy hat"],"gold_per_floor":[112,188,5,25,41,41,41,41,88,77,96,96,96,122,122,225,225,242,242,242,258,258,258,292,292,315,350,363,363,363],"floor_reached":29,"language":"ENG","playtime":709,"items_purged":[],"score":403,"play_id":"d5b74989-1a79-4ed7-aa4d-5d2988b21caa","local_time":"20210125174337","is_ascension_mode":true,"campfire_choices":[{"data":"Seeing Red","floor":6,"key":"SMITH"},{"data":"Armaments","floor":13,"key":"SMITH"},{"data":"Bash","floor":13,"key":"SMITH"},{"data":"Sword Boomerang","floor":15,"key":"SMITH"},{"data":"Sword Boomerang","floor":15,"key":"SMITH"},{"floor":23,"key":"REST"},{"floor":25,"key":"REST"}],"circlet_count":0,"master_deck":["Strike_R","Strike_R","Strike_R","Strike_R","Strike_R","Defend_R","Defend_R","Defend_R","Defend_R","Bash+1","Burning Pact","Seeing Red+1","Armaments+1","Inflame","Sword Boomerang+1","Sword Boomerang+1","Inflame","Brutality","Sword Boomerang+1","Decay","hubris:SharpeningStone","Sword Boomerang+1","Life Link","Heavy Blade"],"relics":["Burning Blood","Lantern","relicPack:DSword","ReplayTheSpireMod:Spearhead","Replay:Arrowhead","Bronze Scales","SlaversCollar","relicPack:OneForAll","hubris:Towel","Happy Flower","Red Skull","HollowMod:PaleOreRelic"],"acts_visited":["Exordium","TheCity"],"potions_floor_usage":[11,16,24,29],"damage_taken":[{"damage":10,"enemies":"Cultist","floor":1,"turns":5},{"damage":14,"enemies":"Jaw Worm","floor":4,"turns":3},{"damage":7,"enemies":"2 Louse","floor":5,"turns":2},{"damage":6,"enemies":"Exordium Thugs","floor":10,"turns":4},{"damage":13,"enemies":"Blue Slaver","floor":11,"turns":2},{"damage":25,"enemies":"Gremlin Nob","floor":14,"turns":4},{"damage":8,"enemies":"Hexaghost","floor":16,"turns":4},{"damage":36,"enemies":"3 Byrds","floor":18,"turns":5},{"damage":29,"enemies":"Spheric Guardian","floor":21,"turns":4},{"damage":41,"enemies":"Gremlin Leader","floor":24,"turns":4},{"damage":20,"enemies":"Book of Stabbing","floor":27,"turns":3},{"damage":14,"enemies":"Centurion and Healer","floor":28,"turns":5},{"damage":13,"enemies":"Chosen and Byrds","floor":29,"turns":1}],"seed_played":"546374155028716512","potions_obtained":[{"floor":1,"key":"SneckoOil"},{"floor":4,"key":"BloodPotion"},{"floor":11,"key":"AttackPotion"},{"floor":24,"key":"DuplicationPotion"},{"floor":28,"key":"Toxic Potion"}],"is_trial":false,"path_per_floor":["M","T","$","M","M","R","?","?","T","M","M","T","R","E","R","B",null,"M","?","?","M","?","R","E","R","T","E","M","M"],"character_chosen":"IRONCLAD","items_purchased":["Seeing Red","Lantern"],"campfire_rested":2,"item_purchase_floors":[3,3],"current_hp_per_floor":[76,76,76,68,67,67,67,32,32,32,42,42,42,23,23,21,71,41,41,41,18,18,44,9,35,35,21,13,0,0],"gold":363,"neow_bonus":"TEN_PERCENT_HP_BONUS","is_daily":false,"chose_seed":false,"campfire_upgraded":5,"win_rate":0.0,"timestamp":1611618217,"path_taken":["M","?","$","M","M","R","?","?","T","M","M","?","R","E","R","BOSS","M","?","?","M","?","R","E","R","T","E","M","M"],"items_purchased_type":["Card","Relic"],"build_version":"2020-12-22","purchased_purges":0,"victory":false,"max_hp_per_floor":[88,88,88,88,88,88,88,88,88,88,88,88,88,88,88,88,88,88,88,88,88,88,88,88,88,88,88,88,88,88],"card_choices":[{"not_picked":["Sever Soul","Body Slam"],"picked":"Burning Pact","floor":1},{"not_picked":["Iron Wave","Warcry"],"picked":"Armaments","floor":4},{"not_picked":["Pommel Strike","Anger"],"picked":"Inflame","floor":5},{"not_picked":["Body Slam","Exhume"],"picked":"Sword Boomerang","floor":10},{"not_picked":["True Grit","Perfected Strike"],"picked":"Sword Boomerang","floor":11},{"not_picked":["Headbutt","Iron Wave"],"picked":"Inflame","floor":14},{"not_picked":["Offering","Juggernaut"],"picked":"Brutality","floor":16},{"not_picked":["Warcry","Burning Pact"],"picked":"Sword Boomerang+1","floor":18},{"not_picked":["Pommel Strike","Battle Trance"],"picked":"hubris:SharpeningStone","floor":21},{"not_picked":["Body Slam","Pommel Strike"],"picked":"Sword Boomerang+1","floor":24},{"not_picked":["Immolate","True Grit"],"picked":"Life Link","floor":27},{"not_picked":["infinitespire:OneForAll","Rampage"],"picked":"Heavy Blade","floor":28}],"player_experience":489528,"relics_obtained":[{"floor":9,"key":"ReplayTheSpireMod:Spearhead"},{"floor":12,"key":"Replay:Arrowhead"},{"floor":14,"key":"Bronze Scales"},{"floor":24,"key":"Happy Flower"},{"floor":26,"key":"Red Skull"},{"floor":27,"key":"HollowMod:PaleOreRelic"}],"event_choices":[{"damage_healed":0,"gold_gain":0,"player_choice":"Smashed Altar","damage_taken":0,"max_hp_gain":0,"max_hp_loss":0,"event_name":"Forgotten Altar","floor":19,"gold_loss":0,"cards_obtained":["Decay"]}],"is_beta":false,"boss_relics":[{"not_picked":["Pandora\u0027s Box","Calling Bell"],"picked":"SlaversCollar"}],"items_purged_floors":[],"is_endless":false,"potions_floor_spawned":[1,4,11,24,28],"killed_by":"Chosen and Byrds","ascension_level":9}}