{"host":"uy3vg6glkp8m6iit","time":1611562246,"event":{"mods":["AchievementEnabler","BaseMod","Colored Map","DeckTracker","Highlight Path","Keyboard Shortcuts","Minty Spire (QoL Compilation)","Quick Restart","Random Character Button","Rare Cards Sparkle","Relic Stats","StSLib","everything is the same but u backflip on backflip"],"gold_per_floor":[119,67,83,44,44,44,54,73,73,90,108,108,108,142,142,218,218,234,159,169,94,94,94,6,6,33,33,65,80,80,94,94,171,171,186,206,131,131,131,131,150,165,165,165,165,165],"floor_reached":45,"language":"KOR","playtime":1376,"items_purged":["Grand Finale+1"],"score":761,"play_id":"25168616-6503-4ee0-a7a6-3e1101aee39f","local_time":"20210125171046","is_ascension_mode":true,"campfire_choices":[{"data":"Neutralize","floor":6.0,"key":"SMITH"},{"data":"Blade Dance","floor":12.0,"key":"SMITH"},{"floor":15.0,"key":"REST"},{"data":"Malaise","floor":23.0,"key":"SMITH"},{"data":"Footwork","floor":25.0,"key":"SMITH"},{"floor":30.0,"key":"REST"},{"floor":32.0,"key":"REST"},{"floor":40,"key":"REST"}],"circlet_count":0,"master_deck":["AscendersBane","Survivor","Neutralize+1","Flying Knee","Slice","Terror","Blade Dance+1","Predator+1","Malaise+1","Accuracy","RitualDagger+1","Footwork+1","Dodge and Roll","Crippling Poison","PiercingWail","Wraith Form v2","Flechettes+1","Malaise","Grand Finale+1","Finisher+1","Storm of Steel","Dagger Throw+1","Jack Of All Trades","Parasite"],"relics":["Ring of the Snake","Calipers","Molten Egg 2","Mummified Hand","Busted Crown","Happy Flower","Pen Nib","Pandora\u0027s Box"],"acts_visited":["Exordium","TheCity","TheBeyond"],"potions_floor_usage":[33],"damage_taken":[{"damage":0.0,"enemies":"Small Slimes","floor":1.0,"turns":4.0},{"damage":0.0,"enemies":"2 Louse","floor":3.0,"turns":2.0},{"damage":0.0,"enemies":"Cultist","floor":7.0,"turns":4.0},{"damage":1.0,"enemies":"Looter","floor":8.0,"turns":4.0},{"damage":14.0,"enemies":"Large Slime","floor":10.0,"turns":9.0},{"damage":0.0,"enemies":"2 Fungi Beasts","floor":11.0,"turns":4.0},{"damage":0.0,"enemies":"3 Louse","floor":13.0,"turns":1.0},{"damage":7.0,"enemies":"Lagavulin","floor":14.0,"turns":5.0},{"damage":21.0,"enemies":"Slime Boss","floor":16.0,"turns":12.0},{"damage":17.0,"enemies":"2 Thieves","floor":18.0,"turns":5.0},{"damage":0.0,"enemies":"3 Byrds","floor":20.0,"turns":5.0},{"damage":17.0,"enemies":"Book of Stabbing","floor":28.0,"turns":8.0},{"damage":8.0,"enemies":"Snecko","floor":29.0,"turns":7.0},{"damage":9.0,"enemies":"Centurion and Healer","floor":31.0,"turns":6.0},{"damage":1,"enemies":"Automaton","floor":33,"turns":10},{"damage":0,"enemies":"Orb Walker","floor":35,"turns":2},{"damage":44,"enemies":"3 Darklings","floor":36,"turns":6},{"damage":17,"enemies":"Writhing Mass","floor":41,"turns":5},{"damage":15,"enemies":"4 Shapes","floor":42,"turns":7},{"damage":10,"enemies":"Reptomancer","floor":45,"turns":3}],"seed_played":"-2382857494123084951","potions_obtained":[{"floor":3.0,"key":"SmokeBomb"},{"floor":5.0,"key":"Energy Potion"},{"floor":8.0,"key":"Fire Potion"},{"floor":14.0,"key":"Strength Potion"},{"floor":16.0,"key":"Energy Potion"},{"floor":20.0,"key":"DuplicationPotion"},{"floor":42,"key":"Block Potion"}],"is_trial":false,"path_per_floor":["M","$","M","?","?","R","M","M","T","M","M","R","M","E","R","B",null,"M","?","M","$","?","R","$","R","T","?","E","M","R","M","R","B",null,"M","M","$","?","?","R","M","M","T","?","E"],"character_chosen":"THE_SILENT","items_purchased":["Slice","Accuracy","Footwork","Dodge and Roll"],"campfire_rested":4,"item_purchase_floors":[2,21,24,24],"current_hp_per_floor":[44,44,44,44,44,44,44,43,43,29,29,29,29,22,41,20,55,38,38,38,38,32,32,32,32,32,32,15,7,26,17,36,35,58,58,14,14,14,14,33,16,1,1,1,0,0],"gold":165,"neow_bonus":"ONE_RARE_RELIC","is_daily":false,"chose_seed":false,"campfire_upgraded":4,"win_rate":0.0,"timestamp":1611562246,"path_taken":["M","$","M","?","?","R","M","M","T","?","M","R","M","E","R","BOSS","M","?","M","$","?","R","$","R","T","?","E","M","R","M","R","BOSS","M","M","$","?","?","R","M","M","T","?","E"],"items_purchased_type":["Card","Card","Card","Card"],"build_version":"2020-12-22","purchased_purges":1,"victory":false,"max_hp_per_floor":[66,66,66,66,66,66,66,66,66,66,66,66,66,66,66,66,66,66,66,66,66,66,66,66,66,66,66,66,66,66,66,66,66,66,66,66,66,66,66,66,66,66,66,66,66,66],"relic_stats":{"Busted Crown":22,"Happy Flower":[18],"counters":[20,109],"Mummified Hand":[24],"Pandora\u0027s Box":["A Thousand Cuts","Wraith Form v2","Flechettes","Grand Finale","Malaise","Grand Finale","Finisher","Storm of Steel","Dagger Throw"],"Pen Nib":[12],"obtain_stats":[{"Calipers":0,"Busted Crown":17,"Happy Flower":26,"Mummified Hand":14,"Molten Egg 2":9,"Pandora\u0027s Box":34,"Pen Nib":28,"Ring of the Snake":0},{"Calipers":0,"Busted Crown":9,"Happy Flower":11,"Mummified Hand":8,"Molten Egg 2":4,"Pandora\u0027s Box":15,"Pen Nib":12,"Ring of the Snake":0},{"Calipers":0,"Busted Crown":45,"Happy Flower":55,"Mummified Hand":33,"Molten Egg 2":14,"Pandora\u0027s Box":86,"Pen Nib":63,"Ring of the Snake":0}],"Ring of the Snake":[40]},"card_choices":[{"not_picked":["Slice","Sucker Punch"],"picked":"Flying Knee","floor":1.0},{"not_picked":["Outmaneuver","Poisoned Stab","Bouncing Flask"],"picked":"SKIP","floor":3.0},{"not_picked":["Choke","Bane","Dodge and Roll"],"picked":"SKIP","floor":7.0},{"not_picked":["Blur","Deflect","Choke"],"picked":"SKIP","floor":8.0},{"not_picked":["Expertise","Catalyst"],"picked":"Terror","floor":10.0},{"not_picked":["Terror","Flying Knee+1"],"picked":"Blade Dance","floor":11.0},{"not_picked":["PiercingWail","Deadly Poison"],"picked":"Predator+1","floor":14.0},{"not_picked":["Storm of Steel","Adrenaline"],"picked":"Malaise","floor":16.0},{"not_picked":["Outmaneuver"],"picked":"SKIP","floor":18.0},{"not_picked":["Slice+1"],"picked":"SKIP","floor":20.0},{"not_picked":[],"picked":"PiercingWail","floor":28.0},{"not_picked":["Quick Slash+1"],"picked":"SKIP","floor":29.0},{"not_picked":["Deadly Poison"],"picked":"SKIP","floor":31.0},{"not_picked":["Outmaneuver+1"],"picked":"SKIP","floor":35},{"not_picked":["Riddle With Holes+1"],"picked":"SKIP","floor":36},{"not_picked":[],"picked":"Jack Of All Trades","floor":39},{"not_picked":["Dagger Throw+1"],"picked":"SKIP","floor":41},{"not_picked":["Catalyst"],"picked":"SKIP","floor":42}],"player_experience":1495454,"relics_obtained":[{"floor":9.0,"key":"Molten Egg 2"},{"floor":14.0,"key":"Mummified Hand"},{"floor":26.0,"key":"Happy Flower"},{"floor":28.0,"key":"Pen Nib"}],"event_choices":[{"damage_healed":0.0,"max_hp_gain":0.0,"max_hp_loss":0.0,"gold_gain":0.0,"event_name":"World of Goop","player_choice":"Left Gold","floor":4.0,"gold_loss":39.0,"damage_taken":0.0},{"damage_healed":0.0,"max_hp_gain":0.0,"max_hp_loss":0.0,"gold_gain":0.0,"event_name":"Lab","player_choice":"Got Potions","floor":5.0,"gold_loss":0.0,"damage_taken":0.0},{"cards_removed":["Strike_G"],"damage_healed":0.0,"max_hp_gain":0.0,"max_hp_loss":0.0,"gold_gain":0.0,"event_name":"Beggar","player_choice":"Gave Gold","floor":19.0,"gold_loss":75.0,"damage_taken":0.0},{"damage_healed":0.0,"max_hp_gain":0.0,"max_hp_loss":0.0,"gold_gain":0.0,"event_name":"Nest","player_choice":"Joined the Cult","floor":22.0,"gold_loss":0.0,"damage_taken":6.0,"cards_obtained":["RitualDagger"]},{"damage_healed":0.0,"max_hp_gain":0.0,"max_hp_loss":0.0,"gold_gain":0.0,"event_name":"The Library","player_choice":"Read","floor":27.0,"gold_loss":0.0,"damage_taken":0.0,"cards_obtained":["Crippling Poison"]},{"cards_removed":["A Thousand Cuts"],"damage_healed":0,"gold_gain":0,"player_choice":"Removed Power","damage_taken":0,"max_hp_gain":0,"max_hp_loss":0,"event_name":"Falling","floor":38,"gold_loss":0},{"damage_healed":0,"gold_gain":0,"player_choice":"Memory 1","damage_taken":0,"max_hp_gain":0,"max_hp_loss":0,"event_name":"SensoryStone","floor":39,"gold_loss":0},{"damage_healed":0,"gold_gain":0,"player_choice":"Ignored","damage_taken":0,"max_hp_gain":0,"max_hp_loss":0,"event_name":"Tomb of Lord Red Mask","floor":44,"gold_loss":0}],"is_beta":false,"boss_relics":[{"not_picked":["Velvet Choker","Sozu"],"picked":"Busted Crown"},{"not_picked":["Snecko Eye","Tiny House"],"picked":"Pandora\u0027s Box"}],"items_purged_floors":[37],"is_endless":false,"potions_floor_spawned":[3,8,13,14,16,18,20,42],"killed_by":"Reptomancer","ascension_level":15}}