{"host":"dvpvhz1t6etneyb3","time":1611614984,"event":{"mods":["AchievementEnabler","BaseMod","Colored Map","Highlight Path","Minty Spire (QoL Compilation)","Permanent Neow","Quick Restart"],"gold_per_floor":[11,27,45,59,59,89,89,124,124,124,124],"floor_reached":10,"language":"ENG","playtime":345,"items_purged":[],"score":156,"play_id":"e024b74b-574e-4c68-b931-ca9760d0ae04","local_time":"20210125174944","is_ascension_mode":true,"campfire_choices":[{"floor":7,"key":"REST"}],"circlet_count":0,"master_deck":["AscendersBane","Strike_B","Strike_B","Strike_B","Strike_B","Defend_B","Defend_B+1","Defend_B","Defend_B","Zap+1","Dualcast","Compile Driver","Genetic Algorithm","Glacier","Sweeping Beam","Hologram"],"relics":["Cracked Core","Incense Burner","Vajra","Tiny Chest","Darkstone Periapt"],"acts_visited":["Exordium"],"potions_floor_usage":[8,10],"damage_taken":[{"damage":4.0,"enemies":"Jaw Worm","floor":1.0,"turns":4.0},{"damage":7,"enemies":"Small Slimes","floor":2,"turns":3},{"damage":1,"enemies":"Cultist","floor":3,"turns":4},{"damage":1,"enemies":"Exordium Wildlife","floor":4,"turns":5},{"damage":29,"enemies":"Gremlin Nob","floor":6,"turns":4},{"damage":6,"enemies":"Lagavulin","floor":8,"turns":6},{"damage":24,"enemies":"Gremlin Nob","floor":10,"turns":3}],"seed_played":"4667641345521120249","potions_obtained":[{"floor":6,"key":"Fire Potion"},{"floor":8,"key":"ColorlessPotion"}],"is_trial":false,"path_per_floor":["M","M","M","M","?","E","R","E","T","E"],"character_chosen":"DEFECT","items_purchased":[],"campfire_rested":1,"item_purchase_floors":[],"current_hp_per_floor":[60,53,52,51,30,1,22,16,16,0,0],"gold":124,"neow_bonus":"ONE_RARE_RELIC","is_daily":false,"chose_seed":false,"campfire_upgraded":0,"win_rate":0.0,"timestamp":1611614984,"path_taken":["M","M","M","M","?","E","R","E","T","E"],"items_purchased_type":[],"build_version":"2020-12-22","purchased_purges":0,"victory":false,"max_hp_per_floor":[71,71,71,71,71,71,71,71,71,71,71],"card_choices":[{"not_picked":["Conserve Battery","Beam Cell"],"picked":"Compile Driver","floor":1.0},{"not_picked":["Sweeping Beam","Coolheaded"],"picked":"Genetic Algorithm","floor":2},{"not_picked":["Reinforced Body","Blizzard","Darkness"],"picked":"SKIP","floor":3},{"not_picked":["Reinforced Body","Blizzard","Darkness"],"picked":"SKIP","floor":3},{"not_picked":["Reinforced Body","Blizzard","Darkness"],"picked":"SKIP","floor":3},{"not_picked":["Blizzard","Lockon"],"picked":"Glacier","floor":4},{"not_picked":["Coolheaded","Multi-Cast"],"picked":"Sweeping Beam","floor":6},{"not_picked":["Leap","Reinforced Body"],"picked":"Hologram","floor":8}],"player_experience":2075005,"relics_obtained":[{"floor":6,"key":"Vajra"},{"floor":8,"key":"Tiny Chest"},{"floor":9,"key":"Darkstone Periapt"}],"event_choices":[{"damage_healed":0,"gold_gain":0,"player_choice":"Entered Light","damage_taken":21,"max_hp_gain":0,"max_hp_loss":0,"event_name":"Shining Light","floor":5,"gold_loss":0,"cards_upgraded":["Defend_B","Zap"]}],"is_beta":false,"boss_relics":[],"items_purged_floors":[],"is_endless":false,"potions_floor_spawned":[6,8],"killed_by":"Gremlin Nob","ascension_level":20}}