{"host":"1a9bbjeis3rg03b1","time":1611600597,"event":{"mods":["BaseMod","FTL Soundtrack","Googly Eyes","Mimic Mod","Minty Spire (QoL Compilation)","Robot Space Explorer","StSLib","everything is the same but u backflip on backflip"],"gold_per_floor":[114,126,126,146,321,321,351,369,449,449,499,499,514,514,514,616,616,627,627,542,542,552,577,577,502,525,525,538,538,75,86,86,191,191,202,31,31,50,50,76,76,76,109,123,123,156,31,49,49,49,49,49,0,31,31],"floor_reached":56,"language":"ENG","playtime":5873,"items_purged":["Writhe"],"score":1273,"play_id":"2deb11c8-4657-41ba-b29a-140d3a71cb9e","local_time":"20210125114957","is_ascension_mode":false,"campfire_choices":[{"data":"RobotSpaceExplorer:FrostMissile","floor":6.0,"key":"SMITH"},{"floor":10.0,"key":"REST"},{"floor":15.0,"key":"REST"},{"floor":24.0,"key":"REST"},{"floor":29.0,"key":"REST"},{"floor":32.0,"key":"REST"},{"data":"RobotSpaceExplorer:Accelerator","floor":42,"key":"SMITH"},{"floor":45,"key":"REST"},{"floor":49,"key":"RECALL"},{"data":"RobotSpaceExplorer:MiniBoosters","floor":52,"key":"SMITH"}],"circlet_count":0,"master_deck":["RobotSpaceExplorer:Strike","RobotSpaceExplorer:Strike","RobotSpaceExplorer:Strike","RobotSpaceExplorer:Strike","RobotSpaceExplorer:Defend+1","RobotSpaceExplorer:Defend","RobotSpaceExplorer:Defend","RobotSpaceExplorer:Defend","RobotSpaceExplorer:Scan","RobotSpaceExplorer:MiniLasers+1","RobotSpaceExplorer:FrostMissile+1","RobotSpaceExplorer:MiniDrones","RobotSpaceExplorer:ShovelStrike+1","Doubt","RobotSpaceExplorer:Reload","RobotSpaceExplorer:FranticSearch","RobotSpaceExplorer:Fix","RobotSpaceExplorer:Accelerator+1","RobotSpaceExplorer:DoubleFind","RobotSpaceExplorer:FranticSearch","RobotSpaceExplorer:MiniBoosters","RobotSpaceExplorer:ImprovisedAttack","RobotSpaceExplorer:HighVoltage","RobotSpaceExplorer:MiniBoosters+1","Deep Breath","RobotSpaceExplorer:ShovelStrike+1","RobotSpaceExplorer:Ammunition+1","Decay","RobotSpaceExplorer:ImprovisedAttack","RobotSpaceExplorer:PlasmaMissile","RobotSpaceExplorer:SlimeMissile","RobotSpaceExplorer:MiniBoosters+1","Panacea","RobotSpaceExplorer:JunkDive+1","RobotSpaceExplorer:JunkDive+1"],"relics":["RobotSpaceExplorer:RoboCore","StoneCalendar","Nunchaku","RobotSpaceExplorer:BottledGravity","Cursed Key","Singing Bowl","Happy Flower","Bottled Flame","Enchiridion","RobotSpaceExplorer:ToughPlating","RobotSpaceExplorer:SearchSpecs","Turnip","Dead Branch","Blue Candle","Vajra"],"acts_visited":["Exordium","TheCity","TheBeyond","TheEnding"],"potions_floor_usage":[41,48,55,55],"damage_taken":[{"damage":11.0,"enemies":"Jaw Worm","floor":1.0,"turns":4.0},{"damage":0.0,"enemies":"2 Louse","floor":2.0,"turns":2.0},{"damage":0.0,"enemies":"Cultist","floor":4.0,"turns":3.0},{"damage":23.0,"enemies":"3 Sentries","floor":7.0,"turns":7.0},{"damage":7.0,"enemies":"Looter","floor":8.0,"turns":2.0},{"damage":0.0,"enemies":"3 Louse","floor":13.0,"turns":3.0},{"damage":24.0,"enemies":"The Guardian","floor":16.0,"turns":9.0},{"damage":0.0,"enemies":"Spheric Guardian","floor":18.0,"turns":3.0},{"damage":2.0,"enemies":"Chosen","floor":22.0,"turns":6.0},{"damage":84.0,"enemies":"Slavers","floor":23.0,"turns":7.0},{"damage":11.0,"enemies":"Snecko","floor":28.0,"turns":5.0},{"damage":10.0,"enemies":"Shelled Parasite and Fungi","floor":31.0,"turns":5.0},{"damage":1.0,"enemies":"Champ","floor":33.0,"turns":8.0},{"damage":3.0,"enemies":"3 Darklings","floor":35.0,"turns":2.0},{"damage":16.0,"enemies":"Orb Walker","floor":38.0,"turns":3.0},{"damage":27.0,"enemies":"Nemesis","floor":40.0,"turns":7.0},{"damage":14,"enemies":"Maw","floor":41,"turns":4},{"damage":16,"enemies":"Transient","floor":43,"turns":8},{"damage":15,"enemies":"Transient","floor":44,"turns":5},{"damage":4,"enemies":"Giant Head","floor":46,"turns":7},{"damage":4,"enemies":"Sphere and 2 Shapes","floor":48,"turns":2},{"damage":39,"enemies":"Donu and Deca","floor":50,"turns":9},{"damage":26,"enemies":"Shield and Spear","floor":54,"turns":6},{"damage":64,"enemies":"The Heart","floor":55,"turns":9}],"seed_played":"8535722752291144372","potions_obtained":[{"floor":7.0,"key":"Fruit Juice"},{"floor":8.0,"key":"DistilledChaos"},{"floor":16.0,"key":"Explosive Potion"},{"floor":28.0,"key":"Block Potion"},{"floor":31.0,"key":"FearPotion"},{"floor":33.0,"key":"Explosive Potion"},{"floor":38.0,"key":"Strength Potion"},{"floor":40.0,"key":"SmokeBomb"},{"floor":48,"key":"Fruit Juice"}],"is_trial":false,"path_per_floor":["M","M","?","M","?","R","E","M","T","R","?","?","M","?","R","B",null,"M","?","?","?","M","E","R","?","T","?","M","R","$","M","R","B",null,"M","$","?","M","?","E","M","R","MIM","M","R","E","$","M","R","B",null,"R","$","E","B",null],"character_chosen":"RobotSpaceExplorer","items_purchased":["RobotSpaceExplorer:ToughPlating","RobotSpaceExplorer:MiniBoosters","Magnetism","RobotSpaceExplorer:MiniBoosters","Panacea","RobotSpaceExplorer:RecyclePotion"],"campfire_rested":6,"item_purchase_floors":[30,30,36,47,47,53],"current_hp_per_floor":[71,71,59,59,59,59,41,34,34,60,60,60,60,43,69,49,87,87,87,87,87,87,7,33,33,33,17,12,39,39,29,56,59,91,88,88,88,76,101,74,64,64,52,41,71,71,71,72,72,37,106,106,106,80,20],"gold":31,"neow_bonus":"TEN_PERCENT_HP_BONUS","is_daily":false,"chose_seed":false,"campfire_upgraded":3,"win_rate":0.0,"timestamp":1611600597,"path_taken":["M","M","?","M","?","R","E","?","T","R","?","?","?","?","R","BOSS","M","?","?","?","M","E","R","?","T","?","M","R","$","M","R","BOSS","M","$","?","M","?","E","?","R","MIM","M","R","E","?","M","R","BOSS","R","$","E","BOSS"],"items_purchased_type":["Relic","Card","Card","Card","Card","Potion"],"build_version":"2020-12-22","purchased_purges":1,"victory":true,"max_hp_per_floor":[82,82,82,82,82,82,87,87,87,87,87,87,87,87,87,87,87,87,87,87,87,89,89,89,89,89,89,91,91,91,91,91,91,91,91,91,91,91,101,101,101,101,101,101,101,101,101,106,106,106,106,106,106,106,106],"card_choices":[{"not_picked":["RobotSpaceExplorer:SurgingShield","RobotSpaceExplorer:Electroshield"],"picked":"RobotSpaceExplorer:FrostMissile","floor":1.0},{"not_picked":["RobotSpaceExplorer:SurgingStrike","RobotSpaceExplorer:GlueShot"],"picked":"RobotSpaceExplorer:MiniDrones","floor":2.0},{"not_picked":["RobotSpaceExplorer:Explosion","RobotSpaceExplorer:RigExplosive"],"picked":"RobotSpaceExplorer:ShovelStrike","floor":4.0},{"not_picked":["RobotSpaceExplorer:ScrapMissile","RobotSpaceExplorer:Blitz"],"picked":"RobotSpaceExplorer:Reload","floor":7.0},{"not_picked":["RobotSpaceExplorer:Jetpack","RobotSpaceExplorer:ShockMissile"],"picked":"RobotSpaceExplorer:FranticSearch","floor":8.0},{"not_picked":["RobotSpaceExplorer:Counterblock","RobotSpaceExplorer:ShockKick"],"picked":"RobotSpaceExplorer:Fix","floor":13.0},{"not_picked":["RobotSpaceExplorer:Comet","RobotSpaceExplorer:Scanner"],"picked":"RobotSpaceExplorer:Accelerator","floor":16.0},{"not_picked":["RobotSpaceExplorer:FranticSearch+1","RobotSpaceExplorer:MiniDrones"],"picked":"RobotSpaceExplorer:DoubleFind","floor":18.0},{"not_picked":["RobotSpaceExplorer:Discharger","RobotSpaceExplorer:Jetpack","RobotSpaceExplorer:GearShield+1"],"picked":"Singing Bowl","floor":22.0},{"not_picked":["RobotSpaceExplorer:ScrapMissile","RobotSpaceExplorer:Exploration"],"picked":"RobotSpaceExplorer:FranticSearch","floor":23.0},{"not_picked":["RobotSpaceExplorer:FreezeRay","RobotSpaceExplorer:Counterblock","RobotSpaceExplorer:GlueSpray"],"picked":"Singing Bowl","floor":28.0},{"not_picked":["RobotSpaceExplorer:SurgingShield+1","RobotSpaceExplorer:Discharger"],"picked":"RobotSpaceExplorer:ImprovisedAttack","floor":31.0},{"not_picked":["RobotSpaceExplorer:Explosion","RobotSpaceExplorer:BlastShield"],"picked":"RobotSpaceExplorer:HighVoltage","floor":33.0},{"not_picked":["RobotSpaceExplorer:FrostMissile","RobotSpaceExplorer:Probe"],"picked":"RobotSpaceExplorer:MiniBoosters+1","floor":35.0},{"not_picked":["Blind","Metamorphosis"],"picked":"Deep Breath","floor":37.0},{"not_picked":["RobotSpaceExplorer:Discharger+1","RobotSpaceExplorer:GlueShot"],"picked":"RobotSpaceExplorer:ShovelStrike+1","floor":38.0},{"not_picked":["RobotSpaceExplorer:ScrapToss+1","RobotSpaceExplorer:TrailblazerForm"],"picked":"RobotSpaceExplorer:Ammunition+1","floor":40.0},{"not_picked":["RobotSpaceExplorer:SurgingShield+1","RobotSpaceExplorer:FreezingShield"],"picked":"RobotSpaceExplorer:ImprovisedAttack","floor":43},{"not_picked":["RobotSpaceExplorer:Smokescreen","RobotSpaceExplorer:ScrapMissile+1"],"picked":"RobotSpaceExplorer:PlasmaMissile","floor":44},{"not_picked":["RobotSpaceExplorer:Explosion","RobotSpaceExplorer:Fix+1"],"picked":"RobotSpaceExplorer:SlimeMissile","floor":46},{"not_picked":["RobotSpaceExplorer:ScrapShield","RobotSpaceExplorer:TurboDodge+1"],"picked":"RobotSpaceExplorer:JunkDive+1","floor":48},{"not_picked":["RobotSpaceExplorer:MetalStrike","RobotSpaceExplorer:TurboDodge"],"picked":"RobotSpaceExplorer:JunkDive+1","floor":54}],"player_experience":637622,"relics_obtained":[{"floor":7.0,"key":"Nunchaku"},{"floor":9.0,"key":"RobotSpaceExplorer:BottledGravity"},{"floor":23.0,"key":"Bottled Flame"},{"floor":27.0,"key":"Enchiridion"},{"floor":40.0,"key":"Turnip"},{"floor":43,"key":"Dead Branch"},{"floor":46,"key":"Blue Candle"},{"floor":54,"key":"Vajra"}],"event_choices":[{"damage_healed":0.0,"max_hp_gain":0.0,"max_hp_loss":0.0,"gold_gain":0.0,"event_name":"Scrap Ooze","player_choice":"Success","floor":3.0,"gold_loss":0.0,"damage_taken":12.0,"relics_obtained":["StoneCalendar"]},{"damage_healed":0.0,"max_hp_gain":0.0,"max_hp_loss":0.0,"gold_gain":175.0,"event_name":"Liars Game","player_choice":"AGREE","floor":5.0,"gold_loss":0.0,"damage_taken":0.0,"cards_obtained":["Doubt"]},{"damage_healed":0.0,"max_hp_gain":0.0,"max_hp_loss":0.0,"gold_gain":50.0,"event_name":"Golden Wing","player_choice":"Gained Gold","floor":11.0,"gold_loss":0.0,"damage_taken":0.0},{"damage_healed":0.0,"max_hp_gain":0.0,"max_hp_loss":0.0,"gold_gain":0.0,"event_name":"Upgrade Shrine","player_choice":"Upgraded","floor":12.0,"gold_loss":0.0,"damage_taken":0.0,"cards_upgraded":["RobotSpaceExplorer:ShovelStrike"]},{"damage_healed":0.0,"max_hp_gain":0.0,"max_hp_loss":0.0,"gold_gain":0.0,"event_name":"Shining Light","player_choice":"Entered Light","floor":14.0,"gold_loss":0.0,"damage_taken":17.0,"cards_upgraded":["RobotSpaceExplorer:MiniLasers","RobotSpaceExplorer:Defend"]},{"damage_healed":0.0,"max_hp_gain":0.0,"max_hp_loss":0.0,"gold_gain":0.0,"event_name":"The Mausoleum","player_choice":"Opened","floor":19.0,"gold_loss":0.0,"damage_taken":0.0,"relics_obtained":["Singing Bowl"],"cards_obtained":["Writhe"]},{"damage_healed":0.0,"max_hp_gain":0.0,"max_hp_loss":0.0,"gold_gain":0.0,"event_name":"Addict","player_choice":"Obtained Relic","floor":20.0,"gold_loss":85.0,"damage_taken":0.0,"relics_obtained":["Happy Flower"]},{"damage_healed":0.0,"max_hp_gain":0.0,"max_hp_loss":0.0,"gold_gain":0.0,"event_name":"Ghosts","player_choice":"Ignored","floor":21.0,"gold_loss":0.0,"damage_taken":0.0},{"cards_removed":["Writhe"],"damage_healed":0.0,"max_hp_gain":0.0,"max_hp_loss":0.0,"gold_gain":0.0,"event_name":"Beggar","player_choice":"Gave Gold","floor":25.0,"gold_loss":75.0,"damage_taken":0.0},{"damage_healed":0.0,"max_hp_gain":0.0,"max_hp_loss":0.0,"gold_gain":0.0,"event_name":"Cursed Tome","player_choice":"Obtained Book","floor":27.0,"gold_loss":0.0,"damage_taken":16.0},{"damage_healed":0.0,"max_hp_gain":0.0,"max_hp_loss":0.0,"gold_gain":0.0,"event_name":"SensoryStone","player_choice":"Memory 1","floor":37.0,"gold_loss":0.0,"damage_taken":0.0},{"cards_removed":["Magnetism"],"damage_healed":15.0,"max_hp_gain":10.0,"max_hp_loss":0.0,"gold_gain":0.0,"event_name":"Bonfire Elementals","player_choice":"Offered Rare","floor":39.0,"gold_loss":0.0,"damage_taken":0.0}],"is_beta":false,"boss_relics":[{"not_picked":["Tiny House","Snecko Eye"],"picked":"Cursed Key"},{"not_picked":["Runic Dome","Calling Bell"],"picked":"RobotSpaceExplorer:SearchSpecs"}],"items_purged_floors":[30],"is_endless":false,"potions_floor_spawned":[7,8,16,28,31,33,38,40,48],"ascension_level":0}}