{"host":"Rich","time":1611599602,"event":{"mods":["AchievementEnabler","BaseMod","Highlight Path","Minty Spire (QoL Compilation)","Relic Stats"],"gold_per_floor":[117,3,13,13,13,13,13],"floor_reached":6,"language":"ENG","playtime":115,"items_purged":["Strike_G"],"score":68,"play_id":"211f39cc-9726-4399-9409-e3387af4e6e3","local_time":"20210125133322","is_ascension_mode":true,"campfire_choices":[],"circlet_count":0,"master_deck":["AscendersBane","Strike_G","Strike_G","Strike_G","Defend_G","Defend_G","Defend_G","Defend_G","Defend_G","Survivor","Neutralize","Crippling Poison","Caltrops"],"relics":["Ring of the Snake","Art of War","Bag of Marbles"],"acts_visited":[],"potions_floor_usage":[],"damage_taken":[{"damage":0.0,"enemies":"Small Slimes","floor":1.0,"turns":4.0},{"damage":7,"enemies":"2 Louse","floor":3,"turns":4},{"damage":0,"enemies":"Lagavulin","floor":6,"turns":1}],"seed_played":"-4944839376162047057","potions_obtained":[{"floor":1.0,"key":"SteroidPotion"}],"is_trial":false,"path_per_floor":["M","$","M","?","?","E"],"character_chosen":"THE_SILENT","items_purchased":["Caltrops"],"campfire_rested":0,"item_purchase_floors":[2],"current_hp_per_floor":[59,59,52,17,10,10,10],"gold":13,"neow_bonus":"RANDOM_COMMON_RELIC","is_daily":false,"chose_seed":false,"campfire_upgraded":0,"win_rate":0.0,"timestamp":1611599602,"path_taken":["M","$","M","?","?","E"],"items_purchased_type":["Card"],"build_version":"2020-12-18","purchased_purges":1,"victory":false,"max_hp_per_floor":[66,66,66,66,66,66,66],"relic_stats":{"counters":[2,5],"Art of War":[2],"obtain_stats":[{"Art of War":0,"Bag of Marbles":4,"Ring of the Snake":0},{"Art of War":0,"Bag of Marbles":1,"Ring of the Snake":0},{"Art of War":0,"Bag of Marbles":4,"Ring of the Snake":0}],"Ring of the Snake":[4]},"card_choices":[{"not_picked":["Dagger Throw","Cloak And Dagger"],"picked":"Crippling Poison","floor":1.0},{"not_picked":["Sucker Punch","Accuracy","Setup"],"picked":"SKIP","floor":3}],"player_experience":2016127,"relics_obtained":[],"event_choices":[{"damage_healed":0,"gold_gain":0,"player_choice":"Success","damage_taken":35,"relics_obtained":["Bag of Marbles"],"max_hp_gain":0,"max_hp_loss":0,"event_name":"Scrap Ooze","floor":4,"gold_loss":0},{"cards_removed":["Strike_G"],"damage_healed":0,"gold_gain":0,"player_choice":"Card Removal","damage_taken":7,"max_hp_gain":0,"max_hp_loss":0,"event_name":"Golden Wing","floor":5,"gold_loss":0}],"is_beta":true,"boss_relics":[],"items_purged_floors":[2],"is_endless":false,"potions_floor_spawned":[1],"killed_by":"Lagavulin","ascension_level":20}}