{"host":"y1oqg7uy0jc6f5mb","time":1611557142,"event":{"mods":["BaseMod","Better Altar","Better Match","Better Note","Better Sensory Stone","Better Skull","Better Third Choice","BetterRewards","Block Reminder","Colored Map","Colored Powertips","Custom Start","DeckTracker","Displayed Cursed Tome","Highlight Path","Ironclad Rager","Minty Spire (QoL Compilation)","Permanent Neow","Quick Restart","Relic Sorter","Relic Stats","Replay The Spire","Shop Mod","StSLib","The Blue Laboratory"],"gold_per_floor":[114,129,97,97,97,97,126,51,51,68,68,34,34,44,44,44,44],"floor_reached":16,"language":"ENG","playtime":1050,"items_purged":["Decay"],"score":142,"play_id":"7e41ede2-f6d1-4916-bb92-26e917170a8c","local_time":"20210125144542","is_ascension_mode":true,"campfire_choices":[{"data":"Neutralize","floor":6.0,"key":"SMITH"},{"floor":11.0,"key":"REST"}],"circlet_count":0,"master_deck":["Strike_G","Strike_G","Strike_G","Strike_G","Defend_G","Defend_G","Defend_G","Defend_G+1","Survivor","Neutralize+1","Terror","Dagger Spray","Blade Dance","Dodge and Roll","ReplayTheSpireMod:Tripwire+1","Expertise","Terror"],"relics":["Ring of the Snake","Replay:Accelerometer","betterThird:SlimedRelic","Snack Pack"],"acts_visited":[],"potions_floor_usage":[],"damage_taken":[{"damage":4.0,"enemies":"Small Slimes","floor":1.0,"turns":5.0},{"damage":1.0,"enemies":"2 Louse","floor":2.0,"turns":3.0},{"damage":42.0,"enemies":"Lagavulin","floor":7.0,"turns":12.0},{"damage":0.0,"enemies":"Cultist","floor":10.0,"turns":3.0},{"damage":4.0,"enemies":"Lots of Slimes","floor":14.0,"turns":3.0},{"damage":31,"enemies":"Fading Forest","floor":16,"turns":7}],"seed_played":"3848336252916105251","potions_obtained":[{"floor":2.0,"key":"ColorlessPotion"},{"floor":10.0,"key":"AttackPotion"},{"floor":14.0,"key":"FearPotion"}],"is_trial":false,"path_per_floor":["M","M","?","?","?","R","E","$","T","M","R","$","?","M","R_BF","B"],"character_chosen":"THE_SILENT","items_purchased":["ReplayTheSpireMod:Tripwire"],"campfire_rested":1,"item_purchase_floors":[12],"current_hp_per_floor":[59,58,47,52,52,52,10,10,10,14,36,36,21,19,19,0,0],"gold":44,"neow_bonus":"REMOVE_CARD","is_daily":false,"chose_seed":false,"campfire_upgraded":1,"win_rate":0.0,"timestamp":1611557142,"path_taken":["M","M","?","?","?","R","E","$","T","?","R","?","?","M","R_BF","BOSS"],"items_purchased_type":["Card"],"build_version":"2020-12-22","purchased_purges":1,"victory":false,"max_hp_per_floor":[70,70,70,75,75,75,75,75,75,75,75,75,75,75,75,75,75],"relic_stats":{"counters":[6,33],"obtain_stats":[{"Replay:Accelerometer":9,"betterThird:SlimedRelic":3,"Snack Pack":7,"Ring of the Snake":0},{"Replay:Accelerometer":3,"betterThird:SlimedRelic":2,"Snack Pack":3,"Ring of the Snake":0},{"Replay:Accelerometer":20,"betterThird:SlimedRelic":8,"Snack Pack":20,"Ring of the Snake":0}],"Ring of the Snake":[12]},"card_choices":[{"not_picked":["Prepared","Outmaneuver"],"picked":"Terror","floor":1.0},{"not_picked":["Prepared","Distraction"],"picked":"Dagger Spray","floor":2.0},{"not_picked":["Bane","Underhanded Strike"],"picked":"Blade Dance","floor":7.0},{"not_picked":["Setup","Underhanded Strike"],"picked":"Dodge and Roll","floor":10.0},{"not_picked":["Bane","Sucker Punch"],"picked":"Expertise","floor":14.0}],"player_experience":198192,"relics_obtained":[{"floor":7.0,"key":"Snack Pack"},{"floor":9.0,"key":"Replay:Accelerometer"}],"event_choices":[{"damage_healed":0.0,"max_hp_gain":0.0,"max_hp_loss":0.0,"gold_gain":0.0,"event_name":"betterThird:BetterGoop","player_choice":"Slimed","floor":3.0,"gold_loss":32.0,"damage_taken":11.0},{"damage_healed":0.0,"max_hp_gain":5.0,"max_hp_loss":0.0,"gold_gain":0.0,"event_name":"Big Fish","player_choice":"Donut","floor":4.0,"gold_loss":0.0,"damage_taken":0.0},{"damage_healed":0.0,"max_hp_gain":0.0,"max_hp_loss":0.0,"gold_gain":0.0,"event_name":"Wheel of Change","player_choice":"Cursed","floor":5.0,"gold_loss":0.0,"damage_taken":0.0,"cards_obtained":["Decay"]},{"damage_healed":36.0,"max_hp_gain":0.0,"max_hp_loss":75.0,"gold_gain":0.0,"event_name":"betterThird:BetterShining","player_choice":"Upgrade","floor":13.0,"gold_loss":0.0,"damage_taken":15.0,"cards_upgraded":["ReplayTheSpireMod:Tripwire","Defend_G"]}],"is_beta":false,"boss_relics":[],"items_purged_floors":[8],"is_endless":false,"potions_floor_spawned":[2,10,14],"killed_by":"Fading Forest","ascension_level":9}}