{"host":"78zdngn0u28jm0pp","time":1611550127,"event":{"mods":["BaseMod","Jorbs\u0027s Wanderer Trilogy","Minty Spire (QoL Compilation)","Permanent Neow","Quick Restart","Relic Stats","StSLib","Unceasing Turn Reminder"],"gold_per_floor":[114,8,23,97,116,116,142,157,180,4,15,15,15,29,29,103,103,114,114,114,125,138,138,138,138],"floor_reached":24,"language":"ENG","playtime":1038,"items_purged":[],"score":421,"play_id":"a27373fd-641e-4c03-8f4b-e50969c56f47","local_time":"20210124214847","is_ascension_mode":true,"campfire_choices":[{"data":"Unload","floor":6,"key":"SMITH"},{"data":"Flechettes","floor":15,"key":"SMITH"},{"data":"Phantasmal Killer","floor":23,"key":"SMITH"}],"circlet_count":0,"master_deck":["AscendersBane","Strike_G","Strike_G","Strike_G","Strike_G","Strike_G","Defend_G","Defend_G+1","Defend_G","Defend_G","Defend_G","Survivor","Neutralize","Flying Knee","Dagger Throw","Footwork","Unload+1","Flechettes+1","Calculated Gamble","After Image","Tactician","Blade Dance","Flechettes","Acrobatics+1","Phantasmal Killer+1","CurseOfTheBell","Deflect","After Image","Ghostly","Ghostly","Ghostly","Blade Dance","Acrobatics+1","Escape Plan","Blur"],"relics":["Ring of the Snake","NeowsBlessing","HornCleat","Prayer Wheel","Happy Flower","Calling Bell","Ornamental Fan","Thread and Needle","War Paint"],"acts_visited":["Exordium","TheCity"],"potions_floor_usage":[16,16,24],"damage_taken":[{"damage":0,"enemies":"Cultist","floor":1,"turns":1},{"damage":0,"enemies":"Small Slimes","floor":3,"turns":1},{"damage":0,"enemies":"Jaw Worm","floor":5,"turns":1},{"damage":32,"enemies":"3 Sentries","floor":7,"turns":11},{"damage":0,"enemies":"Large Slime","floor":8,"turns":4},{"damage":1,"enemies":"Looter","floor":11,"turns":3},{"damage":12,"enemies":"Red Slaver","floor":14,"turns":4},{"damage":6,"enemies":"Hexaghost","floor":16,"turns":8},{"damage":16,"enemies":"Shell Parasite","floor":18,"turns":7},{"damage":1,"enemies":"Chosen","floor":21,"turns":6},{"damage":5,"enemies":"Snake Plant","floor":22,"turns":5},{"damage":28,"enemies":"Book of Stabbing","floor":24,"turns":8}],"seed_played":"-2763419052734195328","potions_obtained":[{"floor":3,"key":"SpeedPotion"},{"floor":8,"key":"PowerPotion"},{"floor":16,"key":"PowerPotion"},{"floor":18,"key":"Strength Potion"}],"is_trial":false,"path_per_floor":["M","$","M","T","M","R","E","M","T","$","M","?","$","M","R","B",null,"M","?","?","M","M","R","E"],"character_chosen":"THE_SILENT","items_purchased":["Dagger Throw","Footwork","After Image"],"campfire_rested":0,"item_purchase_floors":[2,2,10],"current_hp_per_floor":[59,59,59,59,59,59,27,27,27,27,26,26,26,14,14,8,52,36,33,33,32,27,27,0,0],"gold":138,"neow_bonus":"THREE_ENEMY_KILL","is_daily":false,"chose_seed":false,"campfire_upgraded":3,"win_rate":0.0,"timestamp":1611550127,"path_taken":["M","$","?","?","M","R","E","M","T","?","M","?","?","M","R","BOSS","M","?","?","?","M","R","E"],"items_purchased_type":["Card","Card","Card"],"build_version":"2020-12-22","purchased_purges":0,"victory":false,"max_hp_per_floor":[66,66,66,66,66,66,66,66,66,66,66,66,66,66,66,66,66,66,33,33,33,33,33,33,33],"relic_stats":{"Happy Flower":[13],"counters":[12,59],"Ornamental Fan":[56],"Prayer Wheel":6,"War Paint":["Defend_G","Acrobatics"],"obtain_stats":[{"Calling Bell":17,"HornCleat":4,"NeowsBlessing":0,"Happy Flower":9,"Ornamental Fan":17,"Prayer Wheel":7,"Thread and Needle":17,"War Paint":17,"Ring of the Snake":0},{"Calling Bell":8,"HornCleat":2,"NeowsBlessing":0,"Happy Flower":5,"Ornamental Fan":8,"Prayer Wheel":4,"Thread and Needle":8,"War Paint":8,"Ring of the Snake":0},{"Calling Bell":33,"HornCleat":2,"NeowsBlessing":0,"Happy Flower":18,"Ornamental Fan":33,"Prayer Wheel":14,"Thread and Needle":33,"War Paint":33,"Ring of the Snake":0}],"Ring of the Snake":[24]},"card_choices":[{"not_picked":["Outmaneuver","Acrobatics"],"picked":"Flying Knee","floor":1},{"not_picked":["Quick Slash","Outmaneuver","Expertise"],"picked":"SKIP","floor":3},{"not_picked":["Slice","PiercingWail"],"picked":"Unload","floor":5},{"not_picked":["Escape Plan","Deadly Poison"],"picked":"Flechettes","floor":7},{"not_picked":["Bane","Cloak And Dagger"],"picked":"Calculated Gamble","floor":8},{"not_picked":["Eviscerate","Underhanded Strike","Infinite Blades"],"picked":"SKIP","floor":8},{"not_picked":["Flying Knee","Heel Hook"],"picked":"Tactician","floor":11},{"not_picked":["Dodge and Roll","Slice"],"picked":"Blade Dance","floor":11},{"not_picked":["Bouncing Flask","Concentrate"],"picked":"Flechettes","floor":14},{"not_picked":["Catalyst","Predator"],"picked":"Acrobatics","floor":14},{"not_picked":["Venomology","Grand Finale"],"picked":"Phantasmal Killer","floor":16},{"not_picked":["Dodge and Roll","Noxious Fumes"],"picked":"Deflect","floor":18},{"not_picked":["Predator","Accuracy"],"picked":"After Image","floor":18},{"not_picked":["Setup","Dagger Throw+1"],"picked":"Acrobatics+1","floor":21},{"not_picked":["Cloak And Dagger","Dagger Throw","Underhanded Strike+1"],"picked":"SKIP","floor":21},{"not_picked":["Dagger Spray","Grand Finale"],"picked":"Escape Plan","floor":22},{"not_picked":["PiercingWail","Prepared"],"picked":"Blur","floor":22}],"player_experience":239374,"relics_obtained":[{"floor":4,"key":"HornCleat"},{"floor":7,"key":"Prayer Wheel"},{"floor":9,"key":"Happy Flower"},{"floor":17,"key":"Ornamental Fan"},{"floor":17,"key":"Thread and Needle"},{"floor":17,"key":"War Paint"}],"event_choices":[{"damage_healed":0,"gold_gain":0,"player_choice":"Ignored","damage_taken":0,"max_hp_gain":0,"max_hp_loss":0,"event_name":"Liars Game","floor":12,"gold_loss":0},{"damage_healed":0,"gold_gain":0,"player_choice":"Became a Ghost","damage_taken":0,"max_hp_gain":0,"max_hp_loss":33,"event_name":"Ghosts","floor":19,"gold_loss":0,"cards_obtained":["Ghostly","Ghostly","Ghostly"]},{"damage_healed":0,"gold_gain":0,"player_choice":"1 cards matched","damage_taken":0,"max_hp_gain":0,"max_hp_loss":0,"event_name":"Match and Keep!","floor":20,"gold_loss":0,"cards_obtained":["Blade Dance"]}],"is_beta":false,"boss_relics":[{"not_picked":["Ectoplasm","Busted Crown"],"picked":"Calling Bell"}],"items_purged_floors":[],"is_endless":false,"potions_floor_spawned":[3,8,16,18],"killed_by":"Book of Stabbing","ascension_level":20}}