{"host":"w3q5ijqu8eoknil3","time":1611615451,"event":{"mods":["AchievementEnabler","BaseMod","Block Reminder","Colored Map","Colored Powertips","Curses Come First","Dark Map","Minty Spire (QoL Compilation)","Quick Restart","Relic Stats","StSLib","ojb\u0027s Better Paths Mod","ojb\u0027s Info Mod","slay the spire mod where everything is the same but ironclad has a cowboy hat"],"gold_per_floor":[118,118,137,150,164,193,26,26,26,26,26],"floor_reached":10,"language":"ENG","playtime":273,"items_purged":[],"score":129,"play_id":"967d4a60-48dc-4cd5-b787-ac38a7fcdcec","local_time":"20210125225731","is_ascension_mode":true,"campfire_choices":[{"data":"Eviscerate","floor":8,"key":"SMITH"}],"circlet_count":0,"master_deck":["AscendersBane","Strike_G","Strike_G","Strike_G","Strike_G","Strike_G","Defend_G","Defend_G","Defend_G+1","Defend_G+1","Defend_G","Survivor","Neutralize","Riddle With Holes","Dagger Throw","Eviscerate+1"],"relics":["Ring of the Snake","NeowsBlessing","Unceasing Top","Potion Belt","Pocketwatch"],"acts_visited":["Exordium"],"potions_floor_usage":[6,6],"damage_taken":[{"damage":0,"enemies":"Jaw Worm","floor":1,"turns":1},{"damage":0,"enemies":"2 Louse","floor":3,"turns":1},{"damage":0,"enemies":"Small Slimes","floor":4,"turns":1},{"damage":3,"enemies":"Looter","floor":5,"turns":4},{"damage":16,"enemies":"3 Sentries","floor":6,"turns":7},{"damage":23,"enemies":"Lagavulin","floor":10,"turns":6}],"seed_played":"3227813151665366178","potions_obtained":[{"floor":1,"key":"PowerPotion"},{"floor":3,"key":"Poison Potion"},{"floor":4,"key":"CultistPotion"}],"is_trial":false,"path_per_floor":["M","?","M","M","M","E","$","R","T","E"],"character_chosen":"THE_SILENT","items_purchased":["Potion Belt"],"campfire_rested":0,"item_purchase_floors":[7],"current_hp_per_floor":[59,39,39,39,36,20,20,20,20,0,0],"gold":26,"neow_bonus":"THREE_ENEMY_KILL","is_daily":false,"chose_seed":false,"campfire_upgraded":1,"win_rate":0.0,"timestamp":1611615451,"path_taken":["M","?","M","M","M","E","$","R","T","E"],"items_purchased_type":["Relic"],"build_version":"2020-12-22","purchased_purges":0,"victory":false,"max_hp_per_floor":[66,66,66,66,66,66,66,66,66,66,66],"relic_stats":{"counters":[6,20],"obtain_stats":[{"Potion Belt":7,"NeowsBlessing":0,"Unceasing Top":6,"Ring of the Snake":0,"Pocketwatch":9},{"Potion Belt":5,"NeowsBlessing":0,"Unceasing Top":5,"Ring of the Snake":0,"Pocketwatch":5},{"Potion Belt":14,"NeowsBlessing":0,"Unceasing Top":14,"Ring of the Snake":0,"Pocketwatch":14}],"Unceasing Top":[0],"Ring of the Snake":[12],"Pocketwatch":[9]},"card_choices":[{"not_picked":["Endless Agony","Expertise","PiercingWail"],"picked":"SKIP","floor":1},{"not_picked":["Dodge and Roll","Reflex","Outmaneuver"],"picked":"SKIP","floor":3},{"not_picked":["Underhanded Strike","Flechettes"],"picked":"Riddle With Holes","floor":4},{"not_picked":["Endless Agony","Footwork"],"picked":"Dagger Throw","floor":5},{"not_picked":["Endless Agony","Setup"],"picked":"Eviscerate","floor":6}],"player_experience":1015481,"relics_obtained":[{"floor":6,"key":"Unceasing Top"},{"floor":9,"key":"Pocketwatch"}],"event_choices":[{"damage_healed":0,"gold_gain":0,"player_choice":"Entered Light","damage_taken":20,"max_hp_gain":0,"max_hp_loss":0,"event_name":"Shining Light","floor":2,"gold_loss":0,"cards_upgraded":["Defend_G","Defend_G"]}],"is_beta":false,"boss_relics":[],"items_purged_floors":[],"is_endless":false,"potions_floor_spawned":[1,3,4],"killed_by":"Lagavulin","ascension_level":18}}