{"host":"w01zow3jg16g8jdh","time":1611584144,"event":{"mods":["AchievementEnabler","BaseMod","DeckTracker","Keyboard Shortcuts","Minty Spire (QoL Compilation)","Permanent Neow","StSLib","SuperFastMode"],"gold_per_floor":[117,117,129,145,145,145,165,185,185,214,231,261,290,300,300,377,377,391,408,164,176,101,132,164,196,196,196,244,284,296,318,330,414,426,452,192,192,211,236,261,261,278,278,305,170,189,241,254,254,254,254,254,254,31,66,66,66],"floor_reached":56,"language":"KOR","playtime":1698,"items_purged":["Strike_P","Defend_P+1","Strike_P+1","Defend_P+1"],"score":2194,"play_id":"2fb04272-7a91-48b0-80fe-4ffb92f2f347","local_time":"20210125231544","is_ascension_mode":true,"campfire_choices":[{"data":"LessonLearned","floor":6.0,"key":"SMITH"},{"floor":15.0,"key":"REST"},{"floor":27.0,"key":"REST"},{"floor":32.0,"key":"RECALL"},{"floor":49.0,"key":"REST"},{"floor":53.0,"key":"REST"}],"circlet_count":0,"master_deck":["AscendersBane","Eruption+1","Vigilance+1","LessonLearned+1","Wallop+1","Indignation+1","Adaptation+1","EmptyBody+1","FearNoEvil+1","InnerPeace+1","Tantrum+1","TalkToTheHand+1","Adaptation+1","TalkToTheHand+1","TalkToTheHand+1"],"relics":["HolyWater","Lantern","Tiny Chest","Odd Mushroom","Shuriken","Lee\u0027s Waffle","WingedGreaves","Akabeko","Du-Vu Doll","Eternal Feather","MawBank","CaptainsWheel","SlaversCollar","DollysMirror","CloakClasp","Smiling Mask","InkBottle","Juzu Bracelet","StoneCalendar","Medical Kit","Oddly Smooth Stone"],"acts_visited":["Exordium","TheCity","TheBeyond","TheEnding"],"potions_floor_usage":[],"damage_taken":[{"damage":4.0,"enemies":"Small Slimes","floor":1.0,"turns":4.0},{"damage":0.0,"enemies":"Cultist","floor":3.0,"turns":4.0},{"damage":0.0,"enemies":"Jaw Worm","floor":4.0,"turns":3.0},{"damage":3.0,"enemies":"Looter","floor":7.0,"turns":4.0},{"damage":8.0,"enemies":"Blue Slaver","floor":8.0,"turns":6.0},{"damage":0.0,"enemies":"Gremlin Nob","floor":10.0,"turns":2.0},{"damage":0.0,"enemies":"Large Slime","floor":11.0,"turns":3.0},{"damage":0.0,"enemies":"The Mushroom Lair","floor":12.0,"turns":2.0},{"damage":25.0,"enemies":"Lagavulin","floor":13.0,"turns":7.0},{"damage":0.0,"enemies":"2 Fungi Beasts","floor":14.0,"turns":3.0},{"damage":9.0,"enemies":"The Guardian","floor":16.0,"turns":9.0},{"damage":24.0,"enemies":"Shell Parasite","floor":18.0,"turns":4.0},{"damage":16.0,"enemies":"3 Byrds","floor":19.0,"turns":5.0},{"damage":10.0,"enemies":"Cultist and Chosen","floor":21.0,"turns":7.0},{"damage":7.0,"enemies":"Slavers","floor":23.0,"turns":6.0},{"damage":8.0,"enemies":"Book of Stabbing","floor":24.0,"turns":5.0},{"damage":10.0,"enemies":"Gremlin Leader","floor":25.0,"turns":5.0},{"damage":0.0,"enemies":"Book of Stabbing","floor":29.0,"turns":3.0},{"damage":7.0,"enemies":"Shelled Parasite and Fungi","floor":31.0,"turns":4.0},{"damage":42.0,"enemies":"Automaton","floor":33.0,"turns":8.0},{"damage":0.0,"enemies":"Orb Walker","floor":35.0,"turns":2.0},{"damage":3.0,"enemies":"3 Darklings","floor":38.0,"turns":3.0},{"damage":0.0,"enemies":"Mind Bloom Boss Battle","floor":39.0,"turns":2.0},{"damage":0.0,"enemies":"Nemesis","floor":40.0,"turns":1.0},{"damage":0.0,"enemies":"Maw","floor":42.0,"turns":2.0},{"damage":11.0,"enemies":"Reptomancer","floor":44.0,"turns":4.0},{"damage":0.0,"enemies":"Transient","floor":46.0,"turns":3.0},{"damage":0.0,"enemies":"2 Orb Walkers","floor":47.0,"turns":2.0},{"damage":11.0,"enemies":"Writhing Mass","floor":48.0,"turns":3.0},{"damage":0.0,"enemies":"Time Eater","floor":50.0,"turns":3.0},{"damage":35.0,"enemies":"Donu and Deca","floor":51.0,"turns":5.0},{"damage":16.0,"enemies":"Shield and Spear","floor":55.0,"turns":3.0},{"damage":54,"enemies":"The Heart","floor":56,"turns":2}],"seed_played":"3436238282564106229","potions_obtained":[{"floor":1.0,"key":"LiquidBronze"},{"floor":3.0,"key":"SpeedPotion"},{"floor":5.0,"key":"Fire Potion"},{"floor":14.0,"key":"Block Potion"},{"floor":16.0,"key":"BottledMiracle"},{"floor":18.0,"key":"SmokeBomb"},{"floor":19.0,"key":"Fire Potion"},{"floor":23.0,"key":"AttackPotion"},{"floor":42.0,"key":"Swift Potion"}],"is_trial":false,"path_per_floor":["M","?","M","M","?","R","M","M","T","E","M","?","E","M","R","B",null,"M","M","$","M","?","E","E","E","T","R","T","E","?","M","R","B",null,"M","$","?","M","?","E","T","M","T","E","$","M","?","M","R","B","B",null,"R","$","E","B"],"character_chosen":"WATCHER","items_purchased":["Lee\u0027s Waffle","DollysMirror","TalkToTheHand","Medical Kit"],"campfire_rested":4,"item_purchase_floors":[20,36,45,54],"current_hp_per_floor":[57,57,57,57,57,57,54,46,46,46,46,46,21,21,39,30,54,30,14,69,59,59,52,44,34,34,63,63,63,63,56,65,23,58,58,58,58,55,55,55,55,55,55,44,44,44,44,33,62,62,27,59,69,69,53,0,0],"gold":66,"neow_bonus":"THREE_RARE_CARDS","is_daily":false,"chose_seed":false,"campfire_upgraded":1,"win_rate":0.0,"timestamp":1611584144,"path_taken":["M","?","M","M","?","R","M","M","T","E","?","?","E","M","R","BOSS","M","M","$","M","?","E","E","E","T","R","?","E","?","M","R","BOSS","M","$","?","M","?","E","?","M","T","E","$","M","?","M","R","BOSS","BOSS","R","$","E","BOSS"],"items_purchased_type":["Relic","Relic","Card","Relic"],"build_version":"2020-12-22","purchased_purges":4,"victory":false,"max_hp_per_floor":[62,62,62,62,62,62,62,62,62,62,62,62,62,62,62,62,62,62,62,69,69,69,69,69,69,69,69,69,69,69,69,69,69,69,69,69,69,69,69,69,69,69,69,69,69,69,69,69,69,69,69,69,69,69,69,69,69],"card_choices":[{"not_picked":["Blasphemy","Establishment"],"picked":"LessonLearned","floor":0.0},{"not_picked":["Worship","SashWhip"],"picked":"Wallop","floor":1.0},{"not_picked":["FollowUp","WindmillStrike","Wallop"],"picked":"SKIP","floor":3.0},{"not_picked":["Protect","Consecrate","JustLucky"],"picked":"SKIP","floor":4.0},{"not_picked":["CrushJoints","BowlingBash","ClearTheMind"],"picked":"SKIP","floor":7.0},{"not_picked":["Wireheading","Consecrate","FollowUp"],"picked":"SKIP","floor":8.0},{"not_picked":["DevaForm","Pray"],"picked":"Indignation","floor":10.0},{"not_picked":["DeceiveReality","Consecrate","Halt"],"picked":"SKIP","floor":11.0},{"not_picked":["Nirvana","JustLucky"],"picked":"Adaptation","floor":13.0},{"not_picked":["CrushJoints","Crescendo","Wireheading"],"picked":"SKIP","floor":14.0},{"not_picked":["Crescendo","ClearTheMind"],"picked":"EmptyBody","floor":18.0},{"not_picked":["SashWhip","SandsOfTime","FollowUp"],"picked":"SKIP","floor":19.0},{"not_picked":["EmptyBody","Study","Vengeance"],"picked":"SKIP","floor":21.0},{"not_picked":["Halt","LessonLearned"],"picked":"FearNoEvil","floor":23.0},{"not_picked":["Blasphemy","ClearTheMind"],"picked":"InnerPeace","floor":24.0},{"not_picked":["Collect","Prostrate"],"picked":"Tantrum","floor":25.0},{"not_picked":["Crescendo","LessonLearned"],"picked":"TalkToTheHand","floor":29.0},{"not_picked":["BattleHymn","Wireheading","Consecrate"],"picked":"SKIP","floor":31.0},{"not_picked":["Prostrate+1","JustLucky","Wireheading"],"picked":"SKIP","floor":35.0},{"not_picked":["Nirvana","EmptyBody+1","ClearTheMind+1"],"picked":"SKIP","floor":38.0},{"not_picked":["ClearTheMind+1","FlyingSleeves"],"picked":"TalkToTheHand+1","floor":39.0},{"not_picked":["Swivel","Indignation","Wish"],"picked":"SKIP","floor":40.0},{"not_picked":["Prostrate+1","ClearTheMind","PathToVictory+1"],"picked":"SKIP","floor":42.0},{"not_picked":["Fasting2","CutThroughFate","FlurryOfBlows+1"],"picked":"SKIP","floor":44.0},{"not_picked":["Consecrate+1","WheelKick+1","FlyingSleeves+1"],"picked":"SKIP","floor":46.0},{"not_picked":["DeusExMachina","FlyingSleeves+1","Adaptation"],"picked":"SKIP","floor":48.0},{"not_picked":["WreathOfFlame+1","Alpha","CrushJoints+1"],"picked":"SKIP","floor":55.0}],"player_experience":318424,"relics_obtained":[{"floor":9.0,"key":"Lantern"},{"floor":10.0,"key":"Tiny Chest"},{"floor":12.0,"key":"Odd Mushroom"},{"floor":13.0,"key":"Shuriken"},{"floor":23.0,"key":"WingedGreaves"},{"floor":24.0,"key":"Akabeko"},{"floor":25.0,"key":"Du-Vu Doll"},{"floor":26.0,"key":"Eternal Feather"},{"floor":28.0,"key":"MawBank"},{"floor":29.0,"key":"CaptainsWheel"},{"floor":39.0,"key":"CloakClasp"},{"floor":40.0,"key":"Smiling Mask"},{"floor":41.0,"key":"InkBottle"},{"floor":44.0,"key":"Juzu Bracelet"},{"floor":47.0,"key":"StoneCalendar"},{"floor":55.0,"key":"Oddly Smooth Stone"}],"event_choices":[{"cards_removed":["Strike_P"],"damage_healed":0.0,"max_hp_gain":0.0,"max_hp_loss":0.0,"gold_gain":0.0,"event_name":"Living Wall","player_choice":"Forget","floor":2.0,"gold_loss":0.0,"damage_taken":0.0},{"damage_healed":0.0,"max_hp_gain":0.0,"max_hp_loss":0.0,"gold_gain":0.0,"event_name":"Lab","player_choice":"Got Potions","floor":5.0,"gold_loss":0.0,"damage_taken":0.0},{"damage_healed":0.0,"max_hp_gain":0.0,"max_hp_loss":0.0,"gold_gain":0.0,"event_name":"Mushrooms","player_choice":"Fought Mushrooms","floor":12.0,"gold_loss":0.0,"damage_taken":0.0},{"cards_removed":["Defend_P"],"damage_healed":0.0,"max_hp_gain":0.0,"max_hp_loss":0.0,"gold_gain":0.0,"event_name":"Beggar","player_choice":"Gave Gold","floor":22.0,"gold_loss":75.0,"damage_taken":0.0},{"cards_removed":["Strike_P"],"damage_healed":0.0,"max_hp_gain":0.0,"max_hp_loss":0.0,"gold_gain":0.0,"event_name":"Back to Basics","player_choice":"Elegance","floor":30.0,"gold_loss":0.0,"damage_taken":0.0},{"cards_removed":["Defend_P"],"damage_healed":0.0,"max_hp_gain":0.0,"max_hp_loss":0.0,"gold_gain":0.0,"event_name":"Falling","player_choice":"Removed Skill","floor":37.0,"gold_loss":0.0,"damage_taken":0.0},{"damage_healed":0.0,"max_hp_gain":0.0,"max_hp_loss":0.0,"gold_gain":0.0,"event_name":"MindBloom","player_choice":"Fight","floor":39.0,"gold_loss":0.0,"damage_taken":0.0},{"damage_healed":0.0,"max_hp_gain":0.0,"max_hp_loss":0.0,"gold_gain":0.0,"event_name":"Mysterious Sphere","player_choice":"Fight","floor":47.0,"gold_loss":0.0,"damage_taken":0.0}],"is_beta":false,"boss_relics":[{"not_picked":["Busted Crown","Velvet Choker"],"picked":"HolyWater"},{"not_picked":["Pandora\u0027s Box","Tiny House"],"picked":"SlaversCollar"}],"items_purged_floors":[20,36,45,54],"is_endless":false,"potions_floor_spawned":[1,3,8,14,16,18,19,23,42,44,46,47],"killed_by":"The Heart","ascension_level":20}}