{"host":"fligtxqnrbjmaaid","time":1611565645,"event":{"mods":["ATMod(°¢èªMod)","AchievementEnabler","Act Like it!","BaseMod","Dota2Spire","Downfall","Hallownest","Infinite Spire","Lobotomy","Marisa£¨ìFÓê¡¡Ä§ÀíÉ³£©","Minty Spire (QoL Compilation)","Replay The Spire","StSLib","The Blackbeard","The Construct","The Cursed","The Gatherer","The Runesmith","[IsaacMod]ÒÔÈö¼âËþ"],"gold_per_floor":[113,129,129,142,63,63,63,63,63,78,88,16,16,91,91,186,186,196,213,53,70,80,106,106,123,146,72,91,91,109,127,127,224,224,244,260,272,291,311,311,311,311],"floor_reached":41,"language":"ZHS","playtime":3124,"items_purged":[],"score":411,"play_id":"393efa6f-3dc8-42d4-8b2a-15780792a860","local_time":"20210125170725","is_ascension_mode":false,"campfire_choices":[{"data":"Rupture","floor":6,"key":"SMITH"},{"data":"Fire Breathing","floor":8,"key":"SMITH"},{"floor":13,"key":"REST"},{"floor":15,"key":"RECALL"},{"data":"AT_Dispersion","floor":29,"key":"SMITH"},{"floor":32,"key":"REST"},{"floor":40,"key":"REST"}],"circlet_count":0,"master_deck":["Strike_R+1","Strike_R+1","Strike_R+1","Strike_R+1","Strike_R+1","Defend_R+1","Defend_R+1","Defend_R+1","Defend_R+1","Bash","Rupture+1","AT_ShrugMaster+1","Fire Breathing+1","Anger","Metallicize","AT_Dispersion+1","Dark Embrace","Berserk","Burning Pact+1","Iron Wave","Life Link","Combust","Dark Embrace","Demon Form","Flex+1","Life Link","Seeing Red+1","Life Link+1","Ghostly Armor"],"relics":["Burning Blood","HushsDoor","AT_ATBox","BelialBook","Quantum Egg","Mark of Pain","Lantern","Pen Nib","bronze:MakeshiftBattery"],"acts_visited":["Exordium","TheCity","TheBeyond"],"potions_floor_usage":[16,16,33,33,39,39],"damage_taken":[{"damage":9,"enemies":"Small Slimes","floor":1,"turns":5},{"damage":2,"enemies":"Cultist","floor":2,"turns":4},{"damage":13,"enemies":"Jaw Worm","floor":4,"turns":4},{"damage":11,"enemies":"Exordium Thugs","floor":10,"turns":8},{"damage":16,"enemies":"Exordium Wildlife","floor":11,"turns":5},{"damage":20,"enemies":"Hexaghost","floor":16,"turns":9},{"damage":5,"enemies":"Spheric Guardian","floor":18,"turns":6},{"damage":2,"enemies":"Chosen","floor":19,"turns":5},{"damage":5,"enemies":"Snecko","floor":21,"turns":8},{"damage":10,"enemies":"Shelled Parasite and Fungi","floor":22,"turns":6},{"damage":24,"enemies":"Nightmare","floor":23,"turns":10},{"damage":0,"enemies":"3 Cultists","floor":25,"turns":4},{"damage":9,"enemies":"Cultist and Chosen","floor":28,"turns":4},{"damage":17,"enemies":"Shelled Parasite and Fungi","floor":30,"turns":5},{"damage":10,"enemies":"Snecko","floor":31,"turns":5},{"damage":8,"enemies":"Automaton","floor":33,"turns":8},{"damage":8,"enemies":"3 Shapes","floor":35,"turns":5},{"damage":5,"enemies":"Orb Walker","floor":36,"turns":5},{"damage":36,"enemies":"3 Darklings","floor":37,"turns":5},{"damage":8,"enemies":"Sphere and 2 Shapes","floor":38,"turns":5},{"damage":60,"enemies":"Transient","floor":39,"turns":5},{"damage":41,"enemies":"Nightmare","floor":41,"turns":4}],"seed_played":"-359762274831585344","potions_obtained":[{"floor":1,"key":"DuplicationPotion"},{"floor":4,"key":"Milkshake"},{"floor":10,"key":"Milkshake"},{"floor":18,"key":"Weak Potion"},{"floor":21,"key":"LiquidMemories"},{"floor":28,"key":"Dexterity Potion"},{"floor":31,"key":"Swift Potion"},{"floor":33,"key":"Weak Potion"},{"floor":37,"key":"BloodPotion"},{"floor":39,"key":"SpeedPotion"}],"is_trial":false,"path_per_floor":["M","M","?","M","$","R","T","R","T","M","M","$","R","?","R","B",null,"M","M","$","M","M","NM","?","M","T","$","M","R","M","M","R","B",null,"M","M","M","M","M","R","NM"],"character_chosen":"IRONCLAD","items_purchased":["Fire Breathing","Metallicize","Berserk","Combust"],"campfire_rested":3,"item_purchase_floors":[5,12,20,27],"current_hp_per_floor":[77,80,80,73,73,73,73,73,73,68,58,58,80,69,69,55,80,80,80,80,80,76,58,58,64,64,64,61,61,50,46,70,68,80,78,79,49,47,9,33,0,0],"gold":311,"neow_bonus":"THREE_CARDS","is_daily":false,"chose_seed":false,"campfire_upgraded":3,"win_rate":0.0,"timestamp":1611565645,"path_taken":["M","M","?","M","$","R","?","R","T","M","?","$","R","?","R","BOSS","M","M","$","M","M","NM","?","M","T","?","M","R","?","M","R","BOSS","M","M","M","M","M","R","NM"],"items_purchased_type":["Card","Card","Card","Card"],"build_version":"2020-12-22","purchased_purges":0,"victory":false,"max_hp_per_floor":[80,80,80,80,80,80,80,80,80,80,80,80,80,80,80,80,80,80,80,80,80,80,80,80,80,80,80,80,80,80,80,80,80,80,80,80,80,80,80,80,80,80],"card_choices":[{"not_picked":["Heavy Blade","Replay:Undeath\u0027s Touch"],"picked":"Rupture","floor":0},{"not_picked":["Spot Weakness","Headbutt"],"picked":"AT_ShrugMaster","floor":1},{"not_picked":["Warcry","AT_IchimonjiDouble","Thunderclap"],"picked":"SKIP","floor":2},{"not_picked":["Wild Strike","ReplayTheSpireMod:Strike From Hell"],"picked":"Bomb","floor":4},{"not_picked":["Limit Break","Thunderclap","Cleave"],"picked":"SKIP","floor":10},{"not_picked":["Wild Strike","AT_BodySlamDance"],"picked":"Anger","floor":11},{"not_picked":["Demonic Infusion","Replay:Many Hands"],"picked":"AT_Dispersion","floor":16},{"not_picked":["Body Slam+1","Massacre","ReplayTheSpireMod:Strike From Hell"],"picked":"SKIP","floor":18},{"not_picked":["Pommel Strike","Perfected Strike+1"],"picked":"Dark Embrace","floor":19},{"not_picked":["AT_IchimonjiDouble","ReplayTheSpireMod:Strike From Hell"],"picked":"Burning Pact+1","floor":21},{"not_picked":["Flex","Thunderclap","Clothesline"],"picked":"SKIP","floor":22},{"not_picked":["ReplayTheSpireMod:LeadingStrike","infinitespire:OneForAll+1"],"picked":"Iron Wave","floor":23},{"not_picked":["Iron Wave","Havoc+1"],"picked":"Life Link","floor":25},{"not_picked":["Headbutt","Twin Strike","Sword Boomerang"],"picked":"SKIP","floor":28},{"not_picked":["Replay:Many Hands","Cleave"],"picked":"Dark Embrace","floor":30},{"not_picked":["Clothesline","Sword Boomerang","Pommel Strike"],"picked":"SKIP","floor":31},{"not_picked":["Hemogenesis","Limit Break"],"picked":"Demon Form","floor":33},{"not_picked":["Disarm+1","Cleave"],"picked":"Flex+1","floor":35},{"not_picked":["Massacre","Cleave+1"],"picked":"Life Link","floor":36},{"not_picked":["Twin Strike","Clash+1"],"picked":"Seeing Red+1","floor":37},{"not_picked":["Replay:Undeath\u0027s Touch","Perfected Strike+1"],"picked":"Life Link+1","floor":38},{"not_picked":["Heavy Blade","True Grit+1"],"picked":"Ghostly Armor","floor":39}],"player_experience":79643,"relics_obtained":[{"floor":9,"key":"Quantum Egg"},{"floor":23,"key":"Lantern"},{"floor":26,"key":"Pen Nib"}],"event_choices":[{"damage_healed":0,"gold_gain":0,"player_choice":"Upgraded","damage_taken":0,"max_hp_gain":0,"max_hp_loss":0,"event_name":"Upgrade Shrine","floor":3,"gold_loss":0,"cards_upgraded":["AT_ShrugMaster"]},{"damage_healed":0,"gold_gain":75,"player_choice":"Gather Gold","damage_taken":11,"max_hp_gain":0,"max_hp_loss":0,"event_name":"World of Goop","floor":14,"gold_loss":0},{"damage_healed":0,"gold_gain":0,"player_choice":"Simplicity","damage_taken":0,"max_hp_gain":0,"max_hp_loss":0,"event_name":"Back to Basics","floor":24,"gold_loss":0,"cards_upgraded":["Strike_R","Strike_R","Strike_R","Strike_R","Strike_R","Defend_R","Defend_R","Defend_R","Defend_R"]}],"is_beta":false,"boss_relics":[{"not_picked":["infinitespire:Cupcake","ReplayTheSpireMod:DimensionalGlitch"],"picked":"Mark of Pain"},{"not_picked":[]},{"not_picked":["Tiny House","Runesmith:UraniumAnvil"],"picked":"bronze:MakeshiftBattery"},{"not_picked":[]}],"items_purged_floors":[],"is_endless":true,"potions_floor_spawned":[1,4,10,18,21,28,31,33,37,39],"killed_by":"Nightmare","ascension_level":0}}