{"host":"sc0o2qwpf9j16a4i","time":1611567332,"event":{"mods":["AchievementEnabler","BaseMod","BetterRewards","Block Reminder","Colored Map","Colored Powertips","Custom Start","Highlight Path","Minty Spire (QoL Compilation)","Relic Stats"],"gold_per_floor":[116,129,129,146,146,173,173,199,269,269,284,19,53,72,72,146,146,161,161,161,171,189,189,189,189],"floor_reached":24,"language":"ENG","playtime":735,"items_purged":[],"score":682,"play_id":"248d7c31-5876-4140-a938-f4d7035aa08f","local_time":"20210125113532","is_ascension_mode":true,"campfire_choices":[{"floor":7,"key":"REST"},{"data":"Beam Cell","floor":10,"key":"SMITH"},{"floor":15,"key":"REST"},{"data":"Hologram","floor":23,"key":"SMITH"}],"circlet_count":0,"master_deck":["AscendersBane","Strike_B","Strike_B","Strike_B","Strike_B","Defend_B","Defend_B","Defend_B","Defend_B","Zap","Dualcast","Defragment","Gash","Coolheaded","Beam Cell+1","Streamline","Rip and Tear","Ball Lightning","Conserve Battery","Hologram+1","Chill","Biased Cognition","Cold Snap","Defragment","Chill"],"relics":["Cracked Core","Kunai","Lantern","Pocketwatch","Torii","Boot","Bottled Flame","Sling","StrikeDummy","Philosopher\u0027s Stone"],"acts_visited":["Exordium","TheCity"],"potions_floor_usage":[8,13],"damage_taken":[{"damage":0,"enemies":"Cultist","floor":1,"turns":4},{"damage":0,"enemies":"2 Louse","floor":2,"turns":4},{"damage":0,"enemies":"Jaw Worm","floor":4,"turns":5},{"damage":20,"enemies":"3 Sentries","floor":6,"turns":11},{"damage":0,"enemies":"Gremlin Nob","floor":8,"turns":2},{"damage":8,"enemies":"3 Louse","floor":11,"turns":2},{"damage":1,"enemies":"Lagavulin","floor":13,"turns":5},{"damage":1,"enemies":"Exordium Thugs","floor":14,"turns":3},{"damage":33,"enemies":"Slime Boss","floor":16,"turns":6},{"damage":0,"enemies":"Chosen","floor":18,"turns":3},{"damage":0,"enemies":"2 Thieves","floor":21,"turns":3},{"damage":23,"enemies":"Centurion and Healer","floor":22,"turns":5},{"damage":48,"enemies":"Gremlin Leader","floor":24,"turns":6}],"seed_played":"-4393667154435931584","potions_obtained":[{"floor":2,"key":"Energy Potion"},{"floor":4,"key":"FairyPotion"},{"floor":6,"key":"SteroidPotion"},{"floor":14,"key":"EssenceOfSteel"},{"floor":21,"key":"Strength Potion"}],"is_trial":false,"path_per_floor":["M","M","?","M","?","E","R","E","T","R","M","$","E","M","R","B",null,"M","?","?","M","M","R","E"],"character_chosen":"DEFECT","items_purchased":["Kunai","Lantern","Defragment","Pocketwatch","Ball Lightning","Sling","Conserve Battery"],"campfire_rested":2,"item_purchase_floors":[0,0,0,0,12,12,12],"current_hp_per_floor":[35,35,35,35,58,38,59,59,59,59,51,51,50,49,70,37,63,63,63,71,71,48,48,0,0],"gold":189,"neow_bonus":"","is_daily":false,"chose_seed":false,"campfire_upgraded":2,"win_rate":0.0,"timestamp":1611567332,"path_taken":["M","M","?","M","?","E","R","E","T","R","M","?","E","M","R","BOSS","M","?","?","M","M","R","E"],"items_purchased_type":["Relic","Relic","Card","Relic","Card","Relic","Card"],"build_version":"2020-12-22","purchased_purges":0,"victory":false,"max_hp_per_floor":[71,71,71,71,71,71,71,71,71,71,71,71,71,71,71,71,71,71,71,71,71,71,71,71,71],"relic_stats":{"Torii":12,"counters":[40,224],"Kunai":[21],"Boot":[22],"obtain_stats":[{"Ice Cream":49,"Regal Pillow":30,"Lantern":0,"Singing Bowl":40,"Torii":6,"Ginger":45,"Smiling Mask":2,"Boot":8,"Sling":12,"ClockworkSouvenir":20,"FrozenCore":34,"Centennial Puzzle":6,"Nunchaku":8,"Shovel":23,"Tiny Chest":12,"Philosopher\u0027s Stone":17,"Red Mask":47,"Kunai":0,"Cracked Core":0,"Frozen Egg 2":26,"Bottled Flame":9,"Turnip":9,"Bag of Marbles":10,"Bottled Lightning":43,"Symbiotic Virus":39,"StrikeDummy":13,"Pocketwatch":0},{"Ice Cream":26,"Regal Pillow":15,"Lantern":27,"Singing Bowl":21,"Torii":31,"Ginger":25,"Smiling Mask":1,"Boot":32,"Sling":33,"ClockworkSouvenir":10,"FrozenCore":17,"Centennial Puzzle":3,"Nunchaku":3,"Shovel":12,"Tiny Chest":6,"Philosopher\u0027s Stone":9,"Red Mask":25,"Kunai":27,"Cracked Core":0,"Frozen Egg 2":13,"Bottled Flame":32,"Turnip":3,"Bag of Marbles":4,"Bottled Lightning":23,"Symbiotic Virus":20,"StrikeDummy":34,"Pocketwatch":27},{"Ice Cream":147,"Regal Pillow":70,"Lantern":165,"Singing Bowl":109,"Torii":189,"Ginger":141,"Smiling Mask":3,"Boot":191,"Sling":193,"ClockworkSouvenir":38,"FrozenCore":85,"Centennial Puzzle":9,"Nunchaku":9,"Shovel":53,"Tiny Chest":16,"Philosopher\u0027s Stone":34,"Red Mask":141,"Kunai":165,"Cracked Core":0,"Frozen Egg 2":60,"Bottled Flame":191,"Turnip":9,"Bag of Marbles":12,"Bottled Lightning":123,"Symbiotic Virus":104,"StrikeDummy":198,"Pocketwatch":165}],"Pocketwatch":[87]},"card_choices":[{"not_picked":["Turbo","Reprogram"],"picked":"Gash","floor":1},{"not_picked":["Fusion","Leap"],"picked":"Coolheaded","floor":2},{"not_picked":["Barrage","Hello World"],"picked":"Beam Cell","floor":4},{"not_picked":["Auto Shields","Meteor Strike","Force Field"],"picked":"SKIP","floor":6},{"not_picked":["Force Field","Leap"],"picked":"Streamline","floor":8},{"not_picked":["Force Field","Streamline"],"picked":"Rip and Tear","floor":11},{"not_picked":["Turbo","Consume"],"picked":"Hologram","floor":13},{"not_picked":["Force Field","Scrape"],"picked":"Chill","floor":14},{"not_picked":["Fission","Multi-Cast"],"picked":"Biased Cognition","floor":16},{"not_picked":["Double Energy","Steam Power"],"picked":"Cold Snap","floor":18},{"not_picked":["Turbo+1","Streamline","Redo"],"picked":"SKIP","floor":21},{"not_picked":["Steam Power","Fusion"],"picked":"Chill","floor":22}],"player_experience":930851,"relics_obtained":[{"floor":6,"key":"Torii"},{"floor":8,"key":"Boot"},{"floor":9,"key":"Bottled Flame"},{"floor":13,"key":"StrikeDummy"}],"event_choices":[{"damage_healed":0,"gold_gain":0,"player_choice":"Ignored","damage_taken":0,"max_hp_gain":0,"max_hp_loss":0,"event_name":"Liars Game","floor":3,"gold_loss":0},{"damage_healed":23,"gold_gain":0,"player_choice":"Banana","damage_taken":0,"max_hp_gain":0,"max_hp_loss":0,"event_name":"Big Fish","floor":5,"gold_loss":0},{"damage_healed":0,"gold_gain":0,"player_choice":"Read","damage_taken":0,"max_hp_gain":0,"max_hp_loss":0,"event_name":"The Library","floor":19,"gold_loss":0,"cards_obtained":["Defragment"]},{"damage_healed":8,"gold_gain":0,"player_choice":"Full Heal","damage_taken":0,"max_hp_gain":0,"max_hp_loss":0,"event_name":"Wheel of Change","floor":20,"gold_loss":0}],"is_beta":false,"boss_relics":[{"not_picked":["Fusion Hammer","Snecko Eye"],"picked":"Philosopher\u0027s Stone"}],"items_purged_floors":[],"is_endless":false,"potions_floor_spawned":[2,4,6,14,21,22],"killed_by":"Gremlin Leader","ascension_level":20}}