{"host":"cgwysqtmt736mr58","time":1611537736,"event":{"mods":["2.2 Compatiblity","Aspiration","BaseMod","Beaked The Cultist","Colored Map","Colored Powertips","Downfall","Googly Eyes","Halation","Hermit","Hubris","Infinite Spire","Lobotomy","LobotomyExtend","Marisa????????","Minty Spire (QoL Compilation)","Relic Stats","Replay The Spire","Shade Mod","StSLib","The Bug Knight","The Construct","The Cursed","The Disciple","The Exalted","The Jungle","The Necromancer","The Runesmith","The Servant 0.9.4","The Wild Card","Waifu the Spire","Yuri Mod","[IsaacMod]????"],"gold_per_floor":[199,210,55,75,92,92,92,92,107,107,127,139,139,239,250,348,398,298,314,67,67,67,67,143,160,160,160,160,160,160,160],"floor_reached":29,"language":"ENG","playtime":1512,"items_purged":[],"score":224,"play_id":"9186743f-111b-41ea-8fb1-e8fb3bd5bfc7","local_time":"20210125122216","is_ascension_mode":true,"campfire_choices":[{"floor":1,"key":"RECALL"},{"data":"bronze:ItsAFeature","floor":6,"key":"SMITH"},{"data":"bronze:FineTuning","floor":8,"key":"SMITH"},{"floor":10,"key":"REST"},{"floor":13,"key":"REST"},{"data":"bronze:HardenedForm","floor":18,"key":"SMITH"},{"floor":26,"key":"REST"},{"data":"bronze:InfiniteBeams","floor":28,"key":"SMITH"}],"circlet_count":0,"master_deck":["Shade:PotionOfRestlessness+1","bronze:Strike","bronze:Strike","bronze:Defend","bronze:Defend+1","bronze:Defend","bronze:Defend","bronze:Replicate","bronze:Goto","bronze:Break","bronze:ItsAFeature+1","bronze:Flail","bronze:Separator","bronze:FineTuning+1","bronze:Overload","bronze:Backtrace","bronze:Overheat","bronze:DelayedSlice","bronze:Boost","bronze:HardenedForm+1","bronze:RecursiveStrike","bronze:ChosenStrike","bronze:Separator+1","bronze:InfiniteBeams+1","bronze:FineTuning+1"],"relics":["bronze:BronzeCore","HushsDoor","GuppysTail","LetterFromLob","Bromod:ArcanePulse","Tiny House","downfall:HeartBlessingRed","HandDrill","The Courier","Bromod:ArcaneEnergize","aspiration:HiddenCompartment","Replay:Bottled Snecko"],"acts_visited":["Exordium","TheCity"],"potions_floor_usage":[14,16,25,29],"damage_taken":[{"damage":6,"enemies":"Jaw Worm","floor":2,"turns":4},{"damage":0,"enemies":"downfall:FleeingMerchant","floor":3,"turns":4},{"damage":0,"enemies":"Small Slimes","floor":4,"turns":2},{"damage":2,"enemies":"2 Louse","floor":5,"turns":2},{"damage":16,"enemies":"Lots of Slimes","floor":9,"turns":4},{"damage":20,"enemies":"Exordium Thugs","floor":11,"turns":4},{"damage":11,"enemies":"Large Slime","floor":12,"turns":2},{"damage":17,"enemies":"downfall:Heads","floor":14,"turns":3},{"damage":0,"enemies":"Blue Slaver","floor":15,"turns":1},{"damage":1,"enemies":"IC_STATUS_ARCHETYPE","floor":16,"turns":4},{"damage":0,"enemies":"Spheric Guardian","floor":19,"turns":2},{"damage":7,"enemies":"downfall:FleeingMerchant","floor":20,"turns":4},{"damage":0,"enemies":"Shell Parasite","floor":25,"turns":1},{"damage":110,"enemies":"Centurion and Healer","floor":29,"turns":3}],"seed_played":"5382555249851412605","potions_obtained":[{"floor":5,"key":"Energy Potion"},{"floor":11,"key":"Fire Potion"},{"floor":15,"key":"Reflective Coating"},{"floor":16,"key":"AttackPotion"},{"floor":17,"key":"sneckomod:MuddlingPotion"},{"floor":25,"key":"SteroidPotion"}],"is_trial":false,"path_per_floor":["R","M","$","M","M","R","T","R","M","R","M","M","R","?","M","B",null,"R","M","$","?","$","AVR","T","M","R","?","R","M"],"character_chosen":"THE_AUTOMATON","items_purchased":["bronze:ItsAFeature","bronze:Flail","bronze:InfiniteBeams","HandDrill","The Courier"],"campfire_rested":3,"item_purchase_floors":[3,3,20,20,22],"current_hp_per_floor":[70,64,64,64,62,62,62,62,46,68,48,37,59,42,42,41,75,75,75,68,68,52,52,52,52,75,75,75,0,0,0],"gold":160,"neow_bonus":"HUNDRED_GOLD","is_daily":false,"chose_seed":false,"campfire_upgraded":4,"win_rate":0.0,"timestamp":1611537736,"path_taken":["R","M","$","M","M","R","T","R","M","R","M","M","R","?","M","BOSS","R","M","$","?","?","AVR","T","M","R","?","R","M"],"items_purchased_type":["Card","Card","Card","Relic","Relic"],"build_version":"2020-12-22","purchased_purges":0,"victory":false,"max_hp_per_floor":[70,70,70,70,70,70,70,70,70,70,70,70,70,70,70,70,75,75,75,75,75,75,75,75,75,75,75,75,75,75,75],"relic_stats":{"counters":[14,40],"HandDrill":[2],"obtain_stats":[{"KeepersGift":0,"GuppysTail":0,"bronze:BronzeCore":0,"Tiny House":17,"Bromod:ArcanePulse":7,"downfall:HeartBlessingRed":18,"The Courier":22,"aspiration:HiddenCompartment":23,"Bromod:ArcaneEnergize":23,"LetterFromLob":2,"HandDrill":20,"Replay:Bottled Snecko":24,"HushsDoor":0},{"KeepersGift":0,"GuppysTail":0,"bronze:BronzeCore":0,"Tiny House":10,"Bromod:ArcanePulse":4,"downfall:HeartBlessingRed":10,"The Courier":12,"aspiration:HiddenCompartment":12,"Bromod:ArcaneEnergize":12,"LetterFromLob":1,"HandDrill":12,"Replay:Bottled Snecko":12,"HushsDoor":0},{"KeepersGift":0,"GuppysTail":0,"bronze:BronzeCore":0,"Tiny House":30,"Bromod:ArcanePulse":12,"downfall:HeartBlessingRed":30,"The Courier":36,"aspiration:HiddenCompartment":36,"Bromod:ArcaneEnergize":36,"LetterFromLob":4,"HandDrill":36,"Replay:Bottled Snecko":36,"HushsDoor":0}]},"card_choices":[{"not_picked":["bronze:CutThrough","bronze:Safeguard","bronze:NullPointer"],"picked":"SKIP","floor":2},{"not_picked":["bronze:ForceShield","bronze:DelayedGuard"],"picked":"bronze:Break","floor":3},{"not_picked":["bronze:BitShift","bronze:MaxOutput"],"picked":"bronze:Separator","floor":4},{"not_picked":["Bomb","bronze:Deprecate"],"picked":"bronze:FineTuning","floor":5},{"not_picked":["bronze:Turbo","bronze:Constructor"],"picked":"bronze:Overload","floor":9},{"not_picked":["bronze:Terminator","bronze:Turbo"],"picked":"bronze:Backtrace","floor":11},{"not_picked":["bronze:CleanCode","bronze:NullPointer","bronze:FollowUp"],"picked":"SKIP","floor":12},{"not_picked":["bronze:FollowUp","bronze:Invalidate"],"picked":"bronze:DelayedSlice","floor":14},{"not_picked":["bronze:Philosophize","bronze:CutThrough"],"picked":"bronze:Boost","floor":15},{"not_picked":["bronze:Assembly","bronze:HyperBeam"],"picked":"bronze:HardenedForm","floor":16},{"not_picked":["bronze:Invalidate","bronze:DelayedGuard"],"picked":"bronze:RecursiveStrike","floor":17},{"not_picked":["bronze:CutThrough","bronze:Invalidate"],"picked":"bronze:ChosenStrike","floor":19},{"not_picked":["bronze:DarkDash+1","bronze:CloningBeam+1"],"picked":"bronze:Separator+1","floor":20},{"not_picked":["bronze:BugBarrage","bronze:Deprecate"],"picked":"bronze:FineTuning+1","floor":25}],"player_experience":1031764,"relics_obtained":[{"floor":2,"key":"LetterFromLob"},{"floor":7,"key":"Bromod:ArcanePulse"},{"floor":24,"key":"Replay:Bottled Snecko"}],"event_choices":[{"damage_healed":0,"gold_gain":0,"player_choice":"Ignored","damage_taken":0,"max_hp_gain":0,"max_hp_loss":0,"event_name":"Vampires","floor":27,"gold_loss":0}],"is_beta":false,"boss_relics":[{"not_picked":["hubris:RunicObelisk","ReplayTheSpireMod:DimensionalGlitch"],"picked":"Tiny House"},{"not_picked":[]}],"items_purged_floors":[],"is_endless":false,"potions_floor_spawned":[5,11,15,16,19,25],"killed_by":"Centurion and Healer","ascension_level":1}}