{"host":"jzehok24c0182h89","time":1611596201,"event":{"mods":["Bard","BaseMod","Bestiary","Colored Map","Colored Powertips","Downfall","Hermit","Marisa????????","Minty Spire (QoL Compilation)","Random Character Button","Shade Mod","StSLib","The Blackbeard","The Bug Knight","The Construct","The Cursed","The Disciple","The Dragon Tamer","The Hierophant","The Necromancer","The Servant 0.9.4"],"gold_per_floor":[111,111,129,129,144,171,171,246,246,246,256,256,289,304,304,403,403,418,418,430,21,21,48,48,79,104,203,203,203,203],"floor_reached":29,"language":"ENG","playtime":1335,"items_purged":["Shade:Strike_Shade"],"score":378,"play_id":"920f7d1c-130c-4a6a-a225-1b0e6730d0d9","local_time":"20210125123641","is_ascension_mode":true,"campfire_choices":[{"floor":7,"key":"DIG"},{"floor":12,"key":"REST"},{"floor":15,"key":"DIG"},{"floor":24,"key":"DIG"},{"floor":28,"key":"DIG"}],"circlet_count":0,"master_deck":["Shade:Strike_Shade","Shade:Strike_Shade","Shade:Strike_Shade","Shade:Defend_Shade","Shade:Defend_Shade+1","Shade:Defend_Shade","Shade:Defend_Shade","Shade:AnimateDead","Shade:CarefulCut","TheCursedMod:Dregs","Shade:Bonestorm+1","Shade:AuraOfUnlife","Shade:FreshBones","Shade:FingerOfDeath","Shade:Brains","Shade:FreshBones","Shade:DarkOfNight","Shade:StitchTogether","Shade:Brains+1","Shade:FleshToFlesh","Shade:Carnophage","Decay"],"relics":["Shade:YorickSkull","Shovel","Happy Flower","Bag of Preparation","The Courier","Question Card","HollowMod:PaleOreRelic","Coffee Dripper","Nilry\u0027s Codex","Oddly Smooth Stone","Vajra","Bottled Tornado","Nunchaku","Gremlin Horn","Omamori","HollowMod:StagPassRelic"],"acts_visited":["Exordium","TheCity"],"potions_floor_usage":[16,16,20,29,29,29],"damage_taken":[{"damage":0,"enemies":"Jaw Worm","floor":1,"turns":4},{"damage":1,"enemies":"2 Louse","floor":3,"turns":3},{"damage":0,"enemies":"Small Slimes","floor":5,"turns":3},{"damage":22,"enemies":"Lagavulin","floor":6,"turns":6},{"damage":0,"enemies":"Looter","floor":11,"turns":3},{"damage":23,"enemies":"Gremlin Nob","floor":13,"turns":4},{"damage":0,"enemies":"Large Slime","floor":14,"turns":5},{"damage":0,"enemies":"The Guardian","floor":16,"turns":8},{"damage":2,"enemies":"Spheric Guardian","floor":18,"turns":3},{"damage":18,"enemies":"2 Thieves","floor":20,"turns":3},{"damage":0,"enemies":"HollowMod:Nosk","floor":23,"turns":7},{"damage":41,"enemies":"Slavers","floor":25,"turns":7},{"damage":14,"enemies":"Book of Stabbing","floor":29,"turns":5}],"seed_played":"2782208203546721938","potions_obtained":[{"floor":5,"key":"EssenceOfSteel"},{"floor":6,"key":"PowerPotion"},{"floor":13,"key":"EssenceOfSteel"},{"floor":16,"key":"bronze:BurnAndBuffPotion"},{"floor":18,"key":"ColorlessPotion"},{"floor":25,"key":"Swift Potion"}],"is_trial":false,"path_per_floor":["M","?","M","?","M","E","R","?","T","?","M","R","E","M","R","B",null,"M","?","M","$","?","E","R","E","T","?","R","E"],"character_chosen":"SHADE","items_purchased":["Shade:FleshToFlesh","Shade:Carnophage","Oddly Smooth Stone","Vajra"],"campfire_rested":1,"item_purchase_floors":[21,21,21,21],"current_hp_per_floor":[65,70,69,55,55,33,33,22,22,22,22,43,20,20,20,20,70,68,52,34,34,34,41,41,7,7,7,7,0,0],"gold":203,"neow_bonus":"ONE_RARE_RELIC","is_daily":false,"chose_seed":false,"campfire_upgraded":0,"win_rate":0.0,"timestamp":1611596201,"path_taken":["M","?","M","?","M","E","R","?","T","?","M","R","E","M","R","BOSS","M","?","M","$","?","E","R","E","T","?","R","E"],"items_purchased_type":["Card","Card","Relic","Relic"],"build_version":"2020-12-22","purchased_purges":1,"victory":false,"max_hp_per_floor":[65,70,70,70,70,70,70,70,70,70,70,70,70,70,70,70,70,70,70,70,70,70,70,70,70,70,70,70,70,70],"card_choices":[{"not_picked":["Shade:GreyBargain","Shade:Premonition","Shade:Asphyxiate"],"picked":"SKIP","floor":1},{"not_picked":["Shade:AncientSpear","Shade:SkeletonHug"],"picked":"Shade:Bonestorm","floor":3},{"not_picked":["Shade:Doomsay","Shade:RitualOffering"],"picked":"Shade:AuraOfUnlife","floor":5},{"not_picked":["Shade:Doomsay","Shade:FingerOfDeath"],"picked":"Shade:FreshBones","floor":6},{"not_picked":["Shade:FeralStrike","Shade:GoDigging"],"picked":"Shade:FingerOfDeath","floor":11},{"not_picked":["Shade:SoulToxin","Shade:Consume"],"picked":"Shade:Brains","floor":13},{"not_picked":["Shade:TouchOfTheGrave","Shade:FuneraryArmor","Shade:Awaken"],"picked":"Shade:FreshBones","floor":14},{"not_picked":["Shade:Tombstone","Shade:SoulPierce","Shade:LastGasp"],"picked":"Shade:DarkOfNight","floor":16},{"not_picked":["Shade:FingerOfDeath","Shade:WallOfFlesh+1","Shade:CoffinDance"],"picked":"Shade:StitchTogether","floor":18},{"not_picked":["Shade:SanguineRitual","Shade:WallOfFlesh","Shade:Excise"],"picked":"Shade:Brains+1","floor":20},{"not_picked":["Shade:Brains","Shade:ScuttlingHand","Shade:SanguineRitual+1","Shade:RitualOffering"],"picked":"SKIP","floor":23},{"not_picked":["Shade:SkeletonHug","Shade:AuraOfUnlife","Shade:Trample","Shade:BoneShards"],"picked":"SKIP","floor":25}],"player_experience":808467,"relics_obtained":[{"floor":6,"key":"Happy Flower"},{"floor":7,"key":"Bag of Preparation"},{"floor":9,"key":"The Courier"},{"floor":13,"key":"Question Card"},{"floor":15,"key":"HollowMod:PaleOreRelic"},{"floor":19,"key":"Nilry\u0027s Codex"},{"floor":23,"key":"Bottled Tornado"},{"floor":24,"key":"Nunchaku"},{"floor":25,"key":"Gremlin Horn"},{"floor":26,"key":"Omamori"},{"floor":28,"key":"HollowMod:StagPassRelic"}],"event_choices":[{"damage_healed":0,"gold_gain":0,"player_choice":"Donut","damage_taken":0,"max_hp_gain":5,"max_hp_loss":0,"event_name":"Big Fish","floor":2,"gold_loss":0},{"damage_healed":0,"gold_gain":0,"player_choice":"Entered Light","damage_taken":14,"max_hp_gain":0,"max_hp_loss":0,"event_name":"Shining Light","floor":4,"gold_loss":0,"cards_upgraded":["Shade:Bonestorm","Shade:Defend_Shade"]},{"damage_healed":0,"gold_gain":75,"player_choice":"Gather Gold","damage_taken":11,"max_hp_gain":0,"max_hp_loss":0,"event_name":"World of Goop","floor":8,"gold_loss":0},{"damage_healed":0,"gold_gain":0,"player_choice":"Ignored","damage_taken":0,"max_hp_gain":0,"max_hp_loss":0,"event_name":"Liars Game","floor":10,"gold_loss":0},{"damage_healed":0,"gold_gain":0,"player_choice":"Obtained Book","damage_taken":16,"max_hp_gain":0,"max_hp_loss":0,"event_name":"Cursed Tome","floor":19,"gold_loss":0},{"damage_healed":0,"gold_gain":0,"player_choice":"Smashed Altar","damage_taken":0,"max_hp_gain":0,"max_hp_loss":0,"event_name":"Forgotten Altar","floor":22,"gold_loss":0,"cards_obtained":["Decay"]},{"damage_healed":0,"gold_gain":99,"player_choice":"Stole From Cult","damage_taken":0,"max_hp_gain":0,"max_hp_loss":0,"event_name":"Nest","floor":27,"gold_loss":0}],"is_beta":false,"boss_relics":[{"not_picked":["Pandora\u0027s Box","Velvet Choker"],"picked":"Coffee Dripper"}],"items_purged_floors":[21],"is_endless":false,"potions_floor_spawned":[5,6,13,16,18,25],"killed_by":"Book of Stabbing","ascension_level":2}}