{"host":"ecaj4hn004xnnrw9","time":1611530873,"event":{"mods":["AchievementEnabler","BaseMod","Better Third Choice","Card Forge","Hermit","Hubris","Infinite Spire","Jorbs\u0027s Wanderer Trilogy","Minty Spire (QoL Compilation)","Quick Restart","Relic Stats","Shop Mod","StSLib","The Construct","The Jungle","The Runesmith"],"gold_per_floor":[12,25,40,58,58,58,93,93,93,121,121,132,181,181,181,259,259,279,279,306,89,109,109,120,120,147,179,179,205,205,215,215,287,287,299,318,364,380,9,43,61,61,61,88,113,127,127,153,153,153],"floor_reached":51,"language":"ENG","playtime":4052,"items_purged":["Strike_R","Strike_R","Strike_R"],"score":1676,"play_id":"b5d90c8a-16b2-4a35-8418-481361880e7c","local_time":"20210124232753","is_ascension_mode":true,"campfire_choices":[{"floor":6,"key":"REST"},{"floor":8,"key":"REST"},{"data":"Inflame","floor":11,"key":"SMITH"},{"data":"hubris:StunningStrike","floor":15,"key":"SMITH"},{"data":"Whirlwind","floor":23,"key":"SMITH"},{"data":"Disarm","floor":25,"key":"SMITH"},{"data":"Bash","floor":32,"key":"SMITH"},{"floor":42,"key":"REST"},{"data":"infinitespire:UltimateForm","floor":49,"key":"SMITH"}],"circlet_count":0,"master_deck":["AscendersBane","Strike_R","Strike_R","Defend_R","Defend_R","Defend_R+1","Defend_R","Bash+1","hubris:StunningStrike+1","Havoc","Anger","Inflame+1","Carnage","Perfected Strike","Whirlwind+1","Clothesline","Dash","Feed","Shrug It Off+1","Disarm+1","infinitespire:UltimateForm+1","Strike_R","infinitespire:UltimateForm","Barricade","Shrug It Off","Shockwave","Reaper","hubris:Gluttony","Apotheosis"],"relics":["Burning Blood","Hammer of Thor","Seething Fire","Anvil of the Gods","Vajra","Pear","Question Card","hubris:SlimyHat","Smiling Mask","Snecko Eye","hubris:Towel","Ancient Tea Set","Lee\u0027s Waffle","hubris:ChampionShield","construct:FoamFinger","hubris:TenFootPole","DollysMirror","Cursed Key","Black Star","Turnip","Blood Vial","War Paint","PreservedInsect","hubris:SphereOfDissonance","hubris:PeanutButter","Juzu Bracelet","Dead Branch","Bronze Scales","Sundial"],"acts_visited":["Exordium","TheCity","TheBeyond"],"potions_floor_usage":[4,10,12,24,27,37,40,45,50,50],"damage_taken":[{"damage":12,"enemies":"Cultist","floor":1,"turns":5},{"damage":11,"enemies":"2 Louse","floor":2,"turns":3},{"damage":19,"enemies":"Jaw Worm","floor":3,"turns":5},{"damage":27,"enemies":"Exordium Thugs","floor":4,"turns":6},{"damage":30,"enemies":"3 Sentries","floor":7,"turns":8},{"damage":8,"enemies":"Gremlin Nob","floor":10,"turns":3},{"damage":0,"enemies":"Exordium Wildlife","floor":12,"turns":3},{"damage":30,"enemies":"Slime Boss","floor":16,"turns":9},{"damage":12,"enemies":"Chosen","floor":18,"turns":4},{"damage":48,"enemies":"3 Byrds","floor":22,"turns":7},{"damage":2,"enemies":"Snake Plant","floor":24,"turns":3},{"damage":7,"enemies":"Book of Stabbing","floor":27,"turns":4},{"damage":0,"enemies":"Nightmare","floor":29,"turns":7},{"damage":12,"enemies":"3 Cultists","floor":31,"turns":4},{"damage":9,"enemies":"Automaton","floor":33,"turns":7},{"damage":2,"enemies":"3 Darklings","floor":35,"turns":3},{"damage":25,"enemies":"3 Shapes","floor":36,"turns":3},{"damage":19,"enemies":"2 Orb Walkers","floor":37,"turns":4},{"damage":22,"enemies":"Maw","floor":38,"turns":6},{"damage":8,"enemies":"Nightmare","floor":40,"turns":8},{"damage":0,"enemies":"Sphere and 2 Shapes","floor":41,"turns":4},{"damage":0,"enemies":"Nemesis","floor":44,"turns":3},{"damage":8,"enemies":"Mind Bloom Boss Battle","floor":45,"turns":5},{"damage":0,"enemies":"Transient","floor":46,"turns":6},{"damage":0,"enemies":"Giant Head","floor":48,"turns":6},{"damage":33,"enemies":"Awakened One","floor":50,"turns":9}],"seed_played":"-3283984800494412084","potions_obtained":[{"floor":2,"key":"Weak Potion"},{"floor":7,"key":"Energy Potion"},{"floor":10,"key":"LiquidMemories"},{"floor":12,"key":"construct:ShiftPotion"},{"floor":16,"key":"EssenceOfSteel"},{"floor":22,"key":"Block Potion"},{"floor":27,"key":"Dexterity Potion"},{"floor":33,"key":"DuplicationPotion"},{"floor":35,"key":"Block Potion"},{"floor":38,"key":"Ancient Potion"},{"floor":40,"key":"DistilledChaos"},{"floor":45,"key":"Weak Potion"}],"is_trial":false,"path_per_floor":["M","M","M","M","$","R","E","R","T","E","R","M","T","?","R","B",null,"M","?","T","$","M","R","M","R","T","E","?","NM","AVR","M","R","B",null,"M","M","?","M","$","NM","M","R","T","E","?","M","?","E","R","B",null],"character_chosen":"IRONCLAD","items_purchased":["Lee\u0027s Waffle","Blood Vial","War Paint"],"campfire_rested":3,"item_purchase_floors":[21,39,39],"current_hp_per_floor":[62,57,44,23,23,45,21,43,53,51,51,57,57,34,34,10,66,60,60,60,92,50,50,54,54,54,53,30,39,39,36,36,36,85,89,70,60,44,44,47,63,95,95,107,105,107,102,107,107,83],"gold":153,"neow_bonus":"THREE_RARE_CARDS","is_daily":false,"chose_seed":false,"campfire_upgraded":6,"win_rate":0.0,"timestamp":1611530873,"path_taken":["M","M","M","M","$","R","E","R","T","E","R","M","?","?","R","BOSS","M","?","?","$","?","R","M","R","T","E","?","NM","AVR","M","R","BOSS","M","M","?","M","$","NM","M","R","T","E","?","M","?","E","R","BOSS"],"items_purchased_type":["Relic","Relic","Relic"],"build_version":"2020-12-22","purchased_purges":3,"victory":true,"max_hp_per_floor":[75,75,75,75,75,75,75,75,85,85,85,85,85,85,85,85,85,85,85,85,92,92,92,92,92,92,92,92,95,95,98,98,101,101,101,101,104,104,104,107,107,107,107,107,107,107,107,107,107,110],"relic_stats":{"Lee\u0027s Waffle":32,"counters":[26,135],"Dead Branch":[53],"PreservedInsect":180,"Juzu Bracelet":0,"War Paint":["Defend_R","Shrug It Off"],"Question Card":61,"Smiling Mask":75,"Cursed Key":1,"Burning Blood":141,"Blood Vial":10,"Sundial":[0],"Bronze Scales":[42],"Snecko Eye":[161,157,183,152],"Turnip":[5],"Black Star":3,"obtain_stats":[{"construct:FoamFinger":27,"Vajra":7,"Hammer of Thor":0,"hubris:SlimyHat":13,"Juzu Bracelet":44,"Smiling Mask":14,"Ancient Tea Set":20,"Cursed Key":30,"Burning Blood":0,"Blood Vial":39,"DollysMirror":30,"Sundial":48,"hubris:ChampionShield":26,"Lee\u0027s Waffle":21,"Pear":9,"Dead Branch":45,"hubris:SphereOfDissonance":40,"PreservedInsect":40,"Seething Fire":0,"hubris:Towel":19,"War Paint":39,"Question Card":10,"Anvil of the Gods":0,"Bronze Scales":48,"Snecko Eye":17,"hubris:PeanutButter":44,"Turnip":37,"hubris:TenFootPole":29,"Black Star":34},{"construct:FoamFinger":12,"Vajra":5,"Hammer of Thor":0,"hubris:SlimyHat":7,"Juzu Bracelet":22,"Smiling Mask":7,"Ancient Tea Set":9,"Cursed Key":13,"Burning Blood":0,"Blood Vial":19,"DollysMirror":13,"Sundial":25,"hubris:ChampionShield":11,"Lee\u0027s Waffle":9,"Pear":5,"Dead Branch":23,"hubris:SphereOfDissonance":20,"PreservedInsect":20,"Seething Fire":0,"hubris:Towel":9,"War Paint":19,"Question Card":6,"Anvil of the Gods":0,"Bronze Scales":25,"Snecko Eye":8,"hubris:PeanutButter":22,"Turnip":18,"hubris:TenFootPole":13,"Black Star":15},{"construct:FoamFinger":60,"Vajra":27,"Hammer of Thor":0,"hubris:SlimyHat":33,"Juzu Bracelet":109,"Smiling Mask":33,"Ancient Tea Set":46,"Cursed Key":67,"Burning Blood":0,"Blood Vial":94,"DollysMirror":67,"Sundial":126,"hubris:ChampionShield":56,"Lee\u0027s Waffle":46,"Pear":27,"Dead Branch":114,"hubris:SphereOfDissonance":102,"PreservedInsect":102,"Seething Fire":0,"hubris:Towel":46,"War Paint":94,"Question Card":30,"Anvil of the Gods":0,"Bronze Scales":126,"Snecko Eye":42,"hubris:PeanutButter":109,"Turnip":88,"hubris:TenFootPole":67,"Black Star":78}]},"card_choices":[{"not_picked":["Fiend Fire","Offering"],"picked":"hubris:StunningStrike","floor":0},{"not_picked":["Second Wind","Clash"],"picked":"Havoc","floor":1},{"not_picked":["Disarm","Body Slam"],"picked":"Anger","floor":2},{"not_picked":["Intimidate","Pummel"],"picked":"Inflame","floor":3},{"not_picked":["Body Slam","Thunderclap"],"picked":"Carnage","floor":4},{"not_picked":["Fire Breathing","Anger"],"picked":"Perfected Strike","floor":7},{"not_picked":["Rampage","Carnage"],"picked":"Whirlwind","floor":10},{"not_picked":["Armaments","hubris:ReadiedAction","Whirlwind"],"picked":"Clothesline","floor":12},{"not_picked":["Demon Form","Exhume","Bludgeon"],"picked":"Feed","floor":16},{"not_picked":["Spot Weakness","Havoc","True Grit"],"picked":"Shrug It Off","floor":18},{"not_picked":["Armaments+1","Flex","Carnage"],"picked":"Disarm","floor":22},{"not_picked":["Anger","Armaments","Evolve","Dual Wield"],"picked":"SKIP","floor":24},{"not_picked":["Clothesline","Clash","Headbutt+1","Wild Strike"],"picked":"SKIP","floor":27},{"not_picked":["infinitespire:DeathsTouch","infinitespire:Punishment"],"picked":"infinitespire:UltimateForm","floor":28},{"not_picked":["Havoc","Inflame","Second Wind","hubris:SharpeningStone"],"picked":"SKIP","floor":29},{"not_picked":["Sentinel","Iron Wave","Evolve","Sword Boomerang"],"picked":"SKIP","floor":31},{"not_picked":["Berserk","Brutality","Corruption"],"picked":"Barricade","floor":33},{"not_picked":["Cleave","Sword Boomerang","Battle Trance+1","Warcry+1"],"picked":"SKIP","floor":35},{"not_picked":["Perfected Strike","Pummel","Clothesline+1"],"picked":"Shrug It Off","floor":36},{"not_picked":["Disarm","Battle Trance","Ghostly Armor+1"],"picked":"Shockwave","floor":37},{"not_picked":["Inflame","Blood for Blood","Perfected Strike+1","Heavy Blade"],"picked":"SKIP","floor":38},{"not_picked":["Second Wind+1","Iron Wave","Feel No Pain"],"picked":"Reaper","floor":40},{"not_picked":["Bloodletting","Evolve","Wild Strike+1","Intimidate"],"picked":"SKIP","floor":41},{"not_picked":["Carnage","Havoc","Corruption","Armaments+1"],"picked":"SKIP","floor":44},{"not_picked":["Battle Trance","Wild Strike","Evolve","True Grit"],"picked":"SKIP","floor":46},{"not_picked":["Trip","Panacea","Thinking Ahead"],"picked":"Apotheosis","floor":47},{"not_picked":["Juggernaut","Reckless Charge","Headbutt","Clothesline"],"picked":"SKIP","floor":48}],"player_experience":404361,"relics_obtained":[{"floor":7,"key":"Vajra"},{"floor":9,"key":"Pear"},{"floor":10,"key":"Question Card"},{"floor":13,"key":"hubris:SlimyHat"},{"floor":20,"key":"Ancient Tea Set"},{"floor":26,"key":"hubris:ChampionShield"},{"floor":27,"key":"construct:FoamFinger"},{"floor":29,"key":"hubris:TenFootPole"},{"floor":37,"key":"Turnip"},{"floor":40,"key":"PreservedInsect"},{"floor":40,"key":"hubris:SphereOfDissonance"},{"floor":44,"key":"hubris:PeanutButter"},{"floor":44,"key":"Juzu Bracelet"},{"floor":45,"key":"Dead Branch"},{"floor":48,"key":"Bronze Scales"},{"floor":48,"key":"Sundial"}],"event_choices":[{"damage_healed":0,"gold_gain":0,"player_choice":"Fight","damage_taken":0,"max_hp_gain":0,"max_hp_loss":0,"event_name":"Mysterious Sphere","floor":37,"gold_loss":0},{"damage_healed":0,"gold_gain":0,"player_choice":"Fight","damage_taken":0,"max_hp_gain":0,"max_hp_loss":0,"event_name":"MindBloom","floor":45,"gold_loss":0},{"damage_healed":0,"gold_gain":0,"player_choice":"Memory 3","damage_taken":10,"max_hp_gain":0,"max_hp_loss":0,"event_name":"SensoryStone","floor":47,"gold_loss":0}],"is_beta":false,"boss_relics":[{"not_picked":["hubris:VirtuousBlindfold","Coffee Dripper"],"picked":"Snecko Eye"},{"not_picked":["hubris:BlackHole","Runic Pyramid"],"picked":"Black Star"}],"items_purged_floors":[21,30,39],"is_endless":false,"potions_floor_spawned":[2,7,10,12,16,22,27,33,35,38,40,45,46],"ascension_level":19}}