{"host":"sc0o2qwpf9j16a4i","time":1611572078,"event":{"mods":["AchievementEnabler","BaseMod","BetterRewards","Block Reminder","Colored Map","Colored Powertips","Custom Start","Highlight Path","Minty Spire (QoL Compilation)","Relic Stats"],"gold_per_floor":[113,123,123,134,209,209,243,258,284,298,327,354,379,4,4,102,102,121,121,135,13,25,57,69,114,126,138,161,202,246,269,281,391,403,425,437,749,790,821,860,872,900,912,941,913,941,970,1017,1029,1041],"floor_reached":51,"language":"ENG","playtime":1656,"items_purged":[],"score":997,"play_id":"42340239-74e4-46dd-8973-98b9c81f75cf","local_time":"20210125125438","daily_mods":["Specialized","Blue Cards","DeadlyEvents"],"is_ascension_mode":false,"campfire_choices":[{"data":"Bash","floor":6,"key":"SMITH"},{"data":"Inflame","floor":15,"key":"SMITH"},{"data":"Panache","floor":24,"key":"SMITH"},{"data":"True Grit","floor":27,"key":"SMITH"},{"floor":32,"key":"REST"},{"floor":41,"key":"REST"},{"data":"Shockwave","floor":49,"key":"SMITH"}],"circlet_count":0,"master_deck":["Strike_R","Strike_R+1","Strike_R","Strike_R","Strike_R","Defend_R","Defend_R+1","Defend_R","Defend_R","Bash+1","Twin Strike","Twin Strike","Twin Strike+1","Twin Strike","Twin Strike","BootSequence","Gash","Regret","FTL","Gash","Impervious+1","Inflame+1","Flex","Panache+1","Perfected Strike+1","RitualDagger","Perfected Strike","Genetic Algorithm+1","True Grit+1","Conserve Battery","Shockwave+1","Headbutt","Impervious","Leap+1","Whirlwind","Echo Form+1","Recycle+1","Exhume+1"],"relics":["Burning Blood","Regal Pillow","Whetstone","Red Skull","War Paint","The Courier","Happy Flower","Eternal Feather","Runic Pyramid","Membership Card","MawBank","Champion Belt","Unceasing Top","Art of War","Strawberry","Sozu","Smiling Mask","Paper Frog","Toxic Egg 2","Anchor"],"acts_visited":["Exordium","TheCity","TheBeyond"],"potions_floor_usage":[7,11,12,23,29,33,40],"damage_taken":[{"damage":11,"enemies":"Jaw Worm","floor":1,"turns":3},{"damage":0,"enemies":"Cultist","floor":2,"turns":2},{"damage":0,"enemies":"Small Slimes","floor":4,"turns":3},{"damage":29,"enemies":"Lagavulin","floor":7,"turns":5},{"damage":2,"enemies":"3 Louse","floor":8,"turns":3},{"damage":10,"enemies":"Looter","floor":10,"turns":2},{"damage":14,"enemies":"3 Sentries","floor":11,"turns":4},{"damage":4,"enemies":"Lagavulin","floor":12,"turns":5},{"damage":9,"enemies":"Gremlin Nob","floor":13,"turns":3},{"damage":38,"enemies":"Hexaghost","floor":16,"turns":6},{"damage":3,"enemies":"3 Byrds","floor":18,"turns":5},{"damage":0,"enemies":"Chosen","floor":20,"turns":3},{"damage":29,"enemies":"Snake Plant","floor":22,"turns":5},{"damage":31,"enemies":"Book of Stabbing","floor":23,"turns":5},{"damage":31,"enemies":"Slavers","floor":25,"turns":5},{"damage":21,"enemies":"Snecko","floor":28,"turns":4},{"damage":5,"enemies":"Gremlin Leader","floor":29,"turns":5},{"damage":34,"enemies":"Slavers","floor":30,"turns":6},{"damage":0,"enemies":"Chosen and Byrds","floor":31,"turns":5},{"damage":35,"enemies":"Champ","floor":33,"turns":10},{"damage":0,"enemies":"3 Shapes","floor":35,"turns":4},{"damage":48,"enemies":"Nemesis","floor":38,"turns":5},{"damage":0,"enemies":"Orb Walker","floor":39,"turns":4},{"damage":37,"enemies":"Reptomancer","floor":40,"turns":8},{"damage":0,"enemies":"Transient","floor":42,"turns":5},{"damage":20,"enemies":"Maw","floor":44,"turns":7},{"damage":4,"enemies":"Writhing Mass","floor":46,"turns":6},{"damage":13,"enemies":"Jaw Worm Horde","floor":47,"turns":7},{"damage":3,"enemies":"Nemesis","floor":48,"turns":7},{"damage":30,"enemies":"Awakened One","floor":50,"turns":15}],"seed_played":"-3411026247588818758","potions_obtained":[{"floor":2,"key":"Swift Potion"},{"floor":7,"key":"ColorlessPotion"},{"floor":8,"key":"FearPotion"},{"floor":12,"key":"ElixirPotion"},{"floor":13,"key":"ElixirPotion"},{"floor":16,"key":"Regen Potion"},{"floor":23,"key":"EssenceOfSteel"},{"floor":30,"key":"ElixirPotion"},{"floor":31,"key":"SkillPotion"},{"floor":33,"key":"Ancient Potion"}],"is_trial":true,"path_per_floor":["M","M","?","M","?","R","E","M","T","M","E","E","E","$","R","B",null,"M","?","M","$","M","E","R","E","T","R","M","E","E","M","R","B",null,"M","?","?","E","M","E","R","M","T","M","?","M","M","E","R","B",null],"character_chosen":"IRONCLAD","items_purchased":["Eternal Feather","Panache","BlessingOfTheForge","Membership Card"],"campfire_rested":2,"item_purchase_floors":[14,14,14,21],"current_hp_per_floor":[75,80,80,80,69,69,46,50,50,46,38,40,37,37,49,17,80,80,74,80,80,57,46,61,36,36,51,36,37,16,22,81,52,87,87,83,83,41,47,16,76,82,82,68,68,70,63,66,83,59],"gold":1053,"neow_bonus":"","is_daily":false,"chose_seed":false,"campfire_upgraded":5,"win_rate":0.0,"timestamp":1611572078,"path_taken":["M","M","?","M","?","R","?","?","T","M","E","?","E","?","R","BOSS","M","?","M","?","?","E","R","?","T","R","?","E","?","M","R","BOSS","M","?","?","?","M","E","R","M","T","?","?","M","M","E","R","BOSS"],"items_purchased_type":["Relic","Card","Potion","Relic"],"build_version":"2020-12-22","purchased_purges":0,"victory":true,"max_hp_per_floor":[80,80,80,80,80,80,80,80,80,80,80,80,80,80,80,80,80,80,80,80,80,80,80,80,80,80,80,80,80,87,87,87,87,87,87,83,83,83,83,83,83,83,83,83,83,83,83,83,83,83],"relic_stats":{"Regal Pillow":30,"Happy Flower":[42],"counters":[30,157],"Eternal Feather":98,"Whetstone":["Strike_R","Twin Strike"],"War Paint":["Impervious","Defend_R"],"MawBank":336,"Smiling Mask":0,"Burning Blood":164,"Sozu":4,"Art of War":[7],"Champion Belt":[30],"obtain_stats":[{"Regal Pillow":3,"Happy Flower":13,"Eternal Feather":14,"The Courier":12,"Whetstone":7,"War Paint":11,"MawBank":23,"Smiling Mask":38,"Burning Blood":0,"Sozu":34,"Anchor":48,"Strawberry":30,"Art of War":29,"Membership Card":21,"Champion Belt":25,"Toxic Egg 2":43,"Red Skull":9,"Unceasing Top":26,"Runic Pyramid":17,"Paper Frog":40},{"Regal Pillow":2,"Happy Flower":9,"Eternal Feather":9,"The Courier":8,"Whetstone":4,"War Paint":7,"MawBank":14,"Smiling Mask":22,"Burning Blood":0,"Sozu":20,"Anchor":29,"Strawberry":18,"Art of War":17,"Membership Card":12,"Champion Belt":15,"Toxic Egg 2":25,"Red Skull":5,"Unceasing Top":15,"Runic Pyramid":10,"Paper Frog":24},{"Regal Pillow":5,"Happy Flower":30,"Eternal Feather":30,"The Courier":27,"Whetstone":13,"War Paint":22,"MawBank":54,"Smiling Mask":98,"Burning Blood":0,"Sozu":89,"Anchor":142,"Strawberry":74,"Art of War":68,"Membership Card":44,"Champion Belt":59,"Toxic Egg 2":115,"Red Skull":16,"Unceasing Top":59,"Runic Pyramid":36,"Paper Frog":110}],"Unceasing Top":[4]},"card_choices":[{"not_picked":["Barrage","Streamline"],"picked":"BootSequence","floor":1},{"not_picked":["Scrape","Hologram"],"picked":"Gash","floor":2},{"not_picked":["True Grit","Sweeping Beam"],"picked":"FTL","floor":4},{"not_picked":["Fusion","Beam Cell"],"picked":"Gash","floor":7},{"not_picked":["Infernal Blade","Barrage","Sweeping Beam"],"picked":"SKIP","floor":8},{"not_picked":["Steam","Thunderclap"],"picked":"Impervious","floor":10},{"not_picked":["Ball Lightning","Flame Barrier"],"picked":"Inflame","floor":11},{"not_picked":["Heavy Blade","Pummel","Sweeping Beam"],"picked":"SKIP","floor":12},{"not_picked":["Intimidate","Body Slam"],"picked":"Flex","floor":13},{"not_picked":["Twin Strike+1","Chaos"],"picked":"Perfected Strike+1","floor":18},{"not_picked":["Gash","Ball Lightning"],"picked":"Perfected Strike","floor":20},{"not_picked":["Heavy Blade","Dark Embrace","Ball Lightning+1"],"picked":"SKIP","floor":22},{"not_picked":["Streamline","Body Slam"],"picked":"Genetic Algorithm+1","floor":23},{"not_picked":["Ball Lightning+1","Clothesline"],"picked":"True Grit","floor":25},{"not_picked":["Go for the Eyes","Anger"],"picked":"Conserve Battery","floor":28},{"not_picked":["Rupture","Lockon","Fission"],"picked":"SKIP","floor":29},{"not_picked":["Leap","Warcry+1"],"picked":"Shockwave","floor":30},{"not_picked":["Body Slam","Steam+1"],"picked":"Headbutt","floor":31},{"not_picked":["Buffer","Offering"],"picked":"Impervious","floor":33},{"not_picked":["Headbutt","Iron Wave+1","Wild Strike+1"],"picked":"SKIP","floor":35},{"not_picked":["Bloodletting+1","Immolate"],"picked":"Leap+1","floor":38},{"not_picked":["Sweeping Beam","Warcry"],"picked":"Whirlwind","floor":39},{"not_picked":["Conserve Battery+1","Clash+1"],"picked":"Echo Form","floor":40},{"not_picked":["FTL+1","Chill","Redo+1"],"picked":"SKIP","floor":42},{"not_picked":["Pommel Strike","Flex+1"],"picked":"Recycle+1","floor":44},{"not_picked":["Flex+1","Steam+1"],"picked":"Exhume+1","floor":46},{"not_picked":["Iron Wave+1","Sweeping Beam+1","Flex+1"],"picked":"SKIP","floor":47},{"not_picked":["Battle Trance+1","Carnage+1","Dark Embrace"],"picked":"SKIP","floor":48}],"player_experience":934511,"relics_obtained":[{"floor":7,"key":"Whetstone"},{"floor":9,"key":"Red Skull"},{"floor":11,"key":"War Paint"},{"floor":12,"key":"The Courier"},{"floor":13,"key":"Happy Flower"},{"floor":23,"key":"MawBank"},{"floor":25,"key":"Champion Belt"},{"floor":26,"key":"Unceasing Top"},{"floor":29,"key":"Art of War"},{"floor":30,"key":"Strawberry"},{"floor":38,"key":"Smiling Mask"},{"floor":40,"key":"Paper Frog"},{"floor":43,"key":"Toxic Egg 2"},{"floor":48,"key":"Anchor"}],"event_choices":[{"damage_healed":0,"gold_gain":0,"player_choice":"Box","damage_taken":0,"relics_obtained":["Regal Pillow"],"max_hp_gain":0,"max_hp_loss":0,"event_name":"Big Fish","floor":3,"gold_loss":0,"cards_obtained":["Regret"]},{"damage_healed":0,"gold_gain":75,"player_choice":"Gather Gold","damage_taken":11,"max_hp_gain":0,"max_hp_loss":0,"event_name":"World of Goop","floor":5,"gold_loss":0},{"damage_healed":0,"gold_gain":0,"player_choice":"Joined the Cult","damage_taken":6,"max_hp_gain":0,"max_hp_loss":0,"event_name":"Nest","floor":19,"gold_loss":0,"cards_obtained":["RitualDagger"]},{"damage_healed":0,"gold_gain":0,"player_choice":"Max HP","damage_taken":0,"max_hp_gain":0,"max_hp_loss":4,"event_name":"Winding Halls","floor":36,"gold_loss":0},{"damage_healed":0,"gold_gain":300,"player_choice":"Gold","damage_taken":0,"max_hp_gain":0,"max_hp_loss":0,"event_name":"Wheel of Change","floor":37,"gold_loss":0},{"damage_healed":0,"gold_gain":0,"player_choice":"Upgrade","damage_taken":0,"max_hp_gain":0,"max_hp_loss":0,"event_name":"Designer","floor":45,"gold_loss":40,"cards_upgraded":["Echo Form"]}],"is_beta":false,"boss_relics":[{"not_picked":["Snecko Eye","Coffee Dripper"],"picked":"Runic Pyramid"},{"not_picked":["Mark of Pain","Pandora\u0027s Box"],"picked":"Sozu"}],"items_purged_floors":[],"is_endless":false,"potions_floor_spawned":[2,7,8,12,13,16,22,23,28,30,31,33,39,40,42,44],"ascension_level":0}}