{"host":"9l4mw5jqza9qz9hr","time":1611586683,"event":{"mods":["AchievementEnabler","Always Whale","BaseMod","Colored Map","Minty Spire (QoL Compilation)","StSLib","SuperFastMode"],"gold_per_floor":[112,112,135,24,24,58,58,73,73,73,93,120,130,130,130,207,207,223,223,223,238,40,74,94,112,112,131,6,6,32,46,46,46,46],"floor_reached":33,"language":"KOR","playtime":1221,"items_purged":["Strike_B","Strike_B","Defend_B"],"score":516,"play_id":"abdb3206-65f6-483d-91aa-cc766d9e35c2","local_time":"20210125235803","is_ascension_mode":true,"campfire_choices":[{"data":"Zap","floor":7.0,"key":"SMITH"},{"data":"Dualcast","floor":10.0,"key":"SMITH"},{"data":"Beam Cell","floor":15.0,"key":"SMITH"},{"data":"Deep Breath","floor":29,"key":"SMITH"},{"data":"Steam Power","floor":32,"key":"SMITH"}],"circlet_count":0,"master_deck":["AscendersBane","Defend_B+1","Defend_B+1","Defend_B","Zap+1","Dualcast+1","All For One","Conserve Battery","FTL","Go for the Eyes","Gash","Melter","Beam Cell+1","Gash","Seek","Steam","Deep Breath+1","Self Repair","Sweeping Beam","Go for the Eyes","Steam Power+1","Reinforced Body+1"],"relics":["Cracked Core","Lantern","Gremlin Horn","Pear","War Paint","Empty Cage","MutagenicStrength","InkBottle","Question Card","Smiling Mask"],"acts_visited":["Exordium","TheCity"],"potions_floor_usage":[33],"damage_taken":[{"damage":4.0,"enemies":"Jaw Worm","floor":1.0,"turns":3.0},{"damage":11.0,"enemies":"Lagavulin","floor":6.0,"turns":7.0},{"damage":6.0,"enemies":"Small Slimes","floor":8.0,"turns":3.0},{"damage":0.0,"enemies":"Cultist","floor":11.0,"turns":2.0},{"damage":18.0,"enemies":"3 Sentries","floor":12.0,"turns":4.0},{"damage":4.0,"enemies":"Exordium Wildlife","floor":13.0,"turns":4.0},{"damage":25.0,"enemies":"The Guardian","floor":16.0,"turns":9.0},{"damage":0.0,"enemies":"Spheric Guardian","floor":18.0,"turns":2.0},{"damage":0,"enemies":"Shell Parasite","floor":21,"turns":1},{"damage":38,"enemies":"Book of Stabbing","floor":23,"turns":5},{"damage":22,"enemies":"Shelled Parasite and Fungi","floor":24,"turns":4},{"damage":15,"enemies":"Snake Plant","floor":25,"turns":4},{"damage":2,"enemies":"Chosen and Byrds","floor":27,"turns":2},{"damage":11,"enemies":"Slavers","floor":30,"turns":4},{"damage":8,"enemies":"Shelled Parasite and Fungi","floor":31,"turns":3},{"damage":65,"enemies":"Automaton","floor":33,"turns":6}],"seed_played":"5565394063202108704","potions_obtained":[{"floor":5.0,"key":"Dexterity Potion"},{"floor":5.0,"key":"LiquidBronze"},{"floor":6.0,"key":"Explosive Potion"},{"floor":12.0,"key":"LiquidMemories"},{"floor":21,"key":"SteroidPotion"}],"is_trial":false,"path_per_floor":["M","?","T","$","?","E","R","M","T","R","M","E","M","?","R","B",null,"M","?","?","M","$","E","M","M","T","M","$","R","E","M","R","B"],"character_chosen":"DEFECT","items_purchased":["FTL","Deep Breath"],"campfire_rested":0,"item_purchase_floors":[4,22],"current_hp_per_floor":[60,65,65,65,65,54,54,48,58,58,58,40,36,36,36,11,62,62,62,62,62,62,24,9,51,51,49,49,49,45,44,44,0,0],"gold":46,"neow_bonus":"THREE_RARE_CARDS","is_daily":false,"chose_seed":false,"campfire_upgraded":5,"win_rate":0.0,"timestamp":1611586683,"path_taken":["M","?","?","$","?","E","R","M","T","R","M","E","?","?","R","BOSS","M","?","?","M","$","E","M","M","T","M","$","R","E","M","R","BOSS"],"items_purchased_type":["Card","Card"],"build_version":"2020-12-22","purchased_purges":3,"victory":false,"max_hp_per_floor":[64,69,69,69,69,69,69,69,79,79,79,79,79,79,79,79,79,79,79,79,79,79,79,79,79,79,79,79,79,79,79,79,79,79],"card_choices":[{"not_picked":["Fission","Biased Cognition"],"picked":"All For One","floor":0.0},{"not_picked":["Redo","Leap"],"picked":"Conserve Battery","floor":1.0},{"not_picked":["Double Energy","Sweeping Beam"],"picked":"Go for the Eyes","floor":6.0},{"not_picked":["Leap","Blizzard"],"picked":"Gash","floor":8.0},{"not_picked":["Rainbow","Stack"],"picked":"Melter","floor":11.0},{"not_picked":["Redo","Barrage"],"picked":"Beam Cell","floor":12.0},{"not_picked":["Blizzard","Sweeping Beam"],"picked":"Gash","floor":13.0},{"not_picked":["Buffer","Fission"],"picked":"Seek","floor":16.0},{"not_picked":["Capacitor","Blizzard"],"picked":"Steam","floor":18.0},{"not_picked":["Ball Lightning","BootSequence","Undo"],"picked":"SKIP","floor":21},{"not_picked":["Force Field+1","Barrage+1"],"picked":"Self Repair","floor":23},{"not_picked":["Defragment","Redo","Recycle"],"picked":"SKIP","floor":24},{"not_picked":["BootSequence","Auto Shields"],"picked":"Sweeping Beam","floor":25},{"not_picked":["Chaos+1","Steam","Streamline"],"picked":"Go for the Eyes","floor":27},{"not_picked":["Lockon","Rip and Tear","Fission"],"picked":"Steam Power","floor":30},{"not_picked":["Steam","Hologram","Streamline"],"picked":"Reinforced Body+1","floor":31}],"player_experience":243766,"relics_obtained":[{"floor":3.0,"key":"Lantern"},{"floor":6.0,"key":"Gremlin Horn"},{"floor":9.0,"key":"Pear"},{"floor":12.0,"key":"War Paint"},{"floor":23,"key":"InkBottle"},{"floor":26,"key":"Question Card"},{"floor":30,"key":"Smiling Mask"}],"event_choices":[{"damage_healed":0.0,"max_hp_gain":5.0,"max_hp_loss":0.0,"gold_gain":0.0,"event_name":"Big Fish","player_choice":"Donut","floor":2.0,"gold_loss":0.0,"damage_taken":0.0},{"damage_healed":0.0,"max_hp_gain":0.0,"max_hp_loss":0.0,"gold_gain":0.0,"event_name":"Lab","player_choice":"Got Potions","floor":5.0,"gold_loss":0.0,"damage_taken":0.0},{"damage_healed":0.0,"max_hp_gain":0.0,"max_hp_loss":0.0,"gold_gain":0.0,"event_name":"Liars Game","player_choice":"Ignored","floor":14.0,"gold_loss":0.0,"damage_taken":0.0},{"damage_healed":0,"gold_gain":0,"player_choice":"Inject Mutagens","damage_taken":0,"relics_obtained":["MutagenicStrength"],"max_hp_gain":0,"max_hp_loss":0,"event_name":"Drug Dealer","floor":19,"gold_loss":0},{"damage_healed":0,"gold_gain":0,"player_choice":"Ignored","damage_taken":0,"max_hp_gain":0,"max_hp_loss":0,"event_name":"Vampires","floor":20,"gold_loss":0}],"is_beta":false,"boss_relics":[{"not_picked":["Busted Crown","Coffee Dripper"],"picked":"Empty Cage"}],"items_purged_floors":[4,22,28],"is_endless":false,"potions_floor_spawned":[6,8,12,13,21,25,30],"killed_by":"Automaton","ascension_level":15}}