{"host":"7qoz5gmva6til3yp","time":1611579784,"event":{"mods":["AchievementEnabler","BaseMod","Minty Spire (QoL Compilation)","StSLib","SuperFastMode"],"gold_per_floor":[113,34,109,109,130,165,165,90,90,90,90,129,160,173,173,292,292,278,298,298,118,118,118,118,118,118],"floor_reached":25,"language":"KOR","playtime":11134,"items_purged":["Defend_P","Defend_P"],"score":318,"play_id":"91ddb639-1000-4cd9-83bc-46871daaff5d","local_time":"20210125220304","is_ascension_mode":true,"campfire_choices":[{"data":"Eruption","floor":7.0,"key":"SMITH"},{"data":"MentalFortress","floor":11.0,"key":"SMITH"},{"floor":15.0,"key":"REST"},{"data":"Fasting2","floor":23,"key":"SMITH"}],"circlet_count":0,"master_deck":["AscendersBane","Strike_P","Strike_P","Defend_P","Eruption+1","Vigilance","MentalFortress+1","DevaForm","Fasting2+1","Scrawl","MentalFortress"],"relics":["PureWater","Golden Idol","Blue Candle","Yang","Pen Nib","Odd Mushroom","Cursed Key"],"acts_visited":["Exordium","TheCity"],"potions_floor_usage":[],"damage_taken":[{"damage":0.0,"enemies":"2 Louse","floor":1.0,"turns":2.0},{"damage":13.0,"enemies":"Jaw Worm","floor":5.0,"turns":5.0},{"damage":50.0,"enemies":"Gremlin Nob","floor":6.0,"turns":5.0},{"damage":40.0,"enemies":"Lagavulin","floor":12.0,"turns":6.0},{"damage":26.0,"enemies":"The Mushroom Lair","floor":13.0,"turns":6.0},{"damage":5.0,"enemies":"Small Slimes","floor":14.0,"turns":4.0},{"damage":31.0,"enemies":"The Guardian","floor":16.0,"turns":11.0},{"damage":21.0,"enemies":"2 Thieves","floor":18.0,"turns":5.0},{"damage":31.0,"enemies":"3 Byrds","floor":19.0,"turns":3.0},{"damage":135,"enemies":"Slavers","floor":25,"turns":8}],"seed_played":"7136825511560660245","potions_obtained":[{"floor":6.0,"key":"Weak Potion"},{"floor":12.0,"key":"SkillPotion"},{"floor":16.0,"key":"EntropicBrew"},{"floor":18.0,"key":"LiquidBronze"},{"floor":19.0,"key":"LiquidBronze"}],"is_trial":false,"path_per_floor":["M","$","?","?","M","E","R","$","T","?","R","E","?","M","R","B",null,"M","M","?","$","$","R","?","E"],"character_chosen":"WATCHER","items_purchased":["MentalFortress","MentalFortress"],"campfire_rested":1,"item_purchase_floors":[2,21],"current_hp_per_floor":[47,47,36,18,5,22,22,22,22,15,15,42,16,11,32,1,54,33,64,64,64,64,64,64,0,0],"gold":118,"neow_bonus":"REMOVE_TWO","is_daily":false,"chose_seed":false,"campfire_upgraded":3,"win_rate":0.0,"timestamp":1611579784,"path_taken":["M","$","?","?","M","E","R","$","T","?","R","E","?","M","R","BOSS","M","M","?","$","?","R","?","E"],"items_purchased_type":["Card","Card"],"build_version":"2020-12-22","purchased_purges":2,"victory":false,"max_hp_per_floor":[72,72,72,72,72,72,72,72,72,72,72,72,72,72,72,72,72,72,72,72,72,72,72,72,72,72],"card_choices":[{"not_picked":["SashWhip","Crescendo","Evaluate"],"picked":"SKIP","floor":1.0},{"not_picked":["Prostrate","BowlingBash","Evaluate"],"picked":"SKIP","floor":5.0},{"not_picked":["Wallop","BowlingBash","Crescendo"],"picked":"SKIP","floor":6.0},{"not_picked":["ForeignInfluence","Fasting2"],"picked":"DevaForm","floor":12.0},{"not_picked":["Indignation","Weave"],"picked":"Fasting2","floor":13.0},{"not_picked":["CutThroughFate","JustLucky","Halt"],"picked":"SKIP","floor":14.0},{"not_picked":["Judgement","Ragnarok"],"picked":"Scrawl","floor":16.0},{"not_picked":["BowlingBash","ClearTheMind","EmptyBody"],"picked":"SKIP","floor":18.0},{"not_picked":["Prostrate","EmptyBody+1","Crescendo"],"picked":"SKIP","floor":19.0}],"player_experience":432465,"relics_obtained":[{"floor":6.0,"key":"Blue Candle"},{"floor":9.0,"key":"Yang"},{"floor":12.0,"key":"Pen Nib"},{"floor":13.0,"key":"Odd Mushroom"}],"event_choices":[{"damage_healed":0.0,"max_hp_gain":0.0,"max_hp_loss":0.0,"gold_gain":75.0,"event_name":"World of Goop","player_choice":"Gather Gold","floor":3.0,"gold_loss":0.0,"damage_taken":11.0},{"damage_healed":0.0,"max_hp_gain":0.0,"max_hp_loss":0.0,"gold_gain":0.0,"event_name":"Golden Idol","player_choice":"Take Damage","floor":4.0,"gold_loss":0.0,"damage_taken":18.0,"relics_obtained":["Golden Idol"]},{"cards_removed":["Strike_P"],"damage_healed":0.0,"max_hp_gain":0.0,"max_hp_loss":0.0,"gold_gain":0.0,"event_name":"Golden Wing","player_choice":"Card Removal","floor":10.0,"gold_loss":0.0,"damage_taken":7.0},{"damage_healed":0.0,"max_hp_gain":0.0,"max_hp_loss":0.0,"gold_gain":0.0,"event_name":"Mushrooms","player_choice":"Fought Mushrooms","floor":13.0,"gold_loss":0.0,"damage_taken":0.0},{"damage_healed":0.0,"max_hp_gain":0.0,"max_hp_loss":0.0,"gold_gain":0.0,"event_name":"Vampires","player_choice":"Ignored","floor":20.0,"gold_loss":0.0,"damage_taken":0.0},{"damage_healed":0,"gold_gain":0,"player_choice":"Ignored","damage_taken":0,"max_hp_gain":0,"max_hp_loss":0,"event_name":"Ghosts","floor":24,"gold_loss":0}],"is_beta":false,"boss_relics":[{"not_picked":["Snecko Eye","VioletLotus"],"picked":"Cursed Key"}],"items_purged_floors":[8,21],"is_endless":false,"potions_floor_spawned":[6,12,16,18,19],"killed_by":"Slavers","ascension_level":11}}