{"host":"d4km6p8r92tm3vpl","time":1611601841,"event":{"mods":["AchievementEnabler","BaseMod","Colored Map","Colored Powertips","DeckTracker","Minty Spire (QoL Compilation)","Relic Stats","StSLib"],"gold_per_floor":[119,119,43,43,57,88,88,117,144,162,162,172,26,43,43,148,148,168,43,43,43,43,43,73,73,73,99,110,143,143,162,162,258,258,268,281,298,348,364,364,364,163,163,174,174,174,194,209,209,209,209],"floor_reached":50,"language":"ENG","playtime":1807,"items_purged":["Phantasmal Killer"],"score":808,"play_id":"e18bb219-74cc-4767-b667-1cf256b09182","local_time":"20210125141041","is_ascension_mode":true,"campfire_choices":[{"data":"Sucker Punch","floor":7.0,"key":"SMITH"},{"data":"Neutralize","floor":15,"key":"SMITH"},{"data":"Footwork","floor":23,"key":"SMITH"},{"data":"Well Laid Plans","floor":25,"key":"SMITH"},{"floor":32,"key":"REST"},{"floor":40,"key":"REST"},{"floor":46,"key":"DIG"},{"floor":49,"key":"RECALL"}],"circlet_count":0,"master_deck":["AscendersBane","Survivor","Neutralize+1","Sucker Punch+1","Deflect","Footwork+1","Predator","Deadly Poison","Well Laid Plans+1","Corpse Explosion","Flying Knee","Backflip","Glass Knife","Night Terror","Cloak And Dagger","Poisoned Stab+1","Dodge and Roll","Noxious Fumes","Blur","Bullet Time","Blur","PiercingWail","Wraith Form v2","Dagger Throw+1","Leg Sweep","Escape Plan"],"relics":["Ring of the Snake","NeowsBlessing","Happy Flower","Juzu Bracelet","Odd Mushroom","Centennial Puzzle","TwistedFunnel","Pandora\u0027s Box","Tingsha","Ornamental Fan","Pen Nib","Red Mask","Sundial","Busted Crown","Shovel","Snake Skull","Bag of Preparation"],"acts_visited":["Exordium","TheCity","TheBeyond"],"potions_floor_usage":[16,27,27,29,33,39,50,50],"damage_taken":[{"damage":0.0,"enemies":"2 Louse","floor":1.0,"turns":1.0},{"damage":0.0,"enemies":"Jaw Worm","floor":5.0,"turns":1.0},{"damage":0.0,"enemies":"3 Sentries","floor":6.0,"turns":1.0},{"damage":24,"enemies":"The Mushroom Lair","floor":8,"turns":6},{"damage":0,"enemies":"Cultist","floor":10,"turns":3},{"damage":0,"enemies":"Blue Slaver","floor":12,"turns":6},{"damage":1,"enemies":"Exordium Thugs","floor":14,"turns":5},{"damage":5,"enemies":"The Guardian","floor":16,"turns":9},{"damage":2,"enemies":"Chosen","floor":18,"turns":4},{"damage":10,"enemies":"Book of Stabbing","floor":24,"turns":5},{"damage":6,"enemies":"Slavers","floor":27,"turns":4},{"damage":17,"enemies":"2 Thieves","floor":28,"turns":3},{"damage":2,"enemies":"Masked Bandits","floor":29,"turns":2},{"damage":18,"enemies":"Cultist and Chosen","floor":31,"turns":5},{"damage":11,"enemies":"Collector","floor":33,"turns":12},{"damage":14,"enemies":"3 Darklings","floor":35,"turns":3},{"damage":0,"enemies":"3 Shapes","floor":36,"turns":3},{"damage":6,"enemies":"Jaw Worm Horde","floor":37,"turns":5},{"damage":0,"enemies":"Mind Bloom Boss Battle","floor":38,"turns":9},{"damage":17,"enemies":"Spire Growth","floor":39,"turns":6},{"damage":0,"enemies":"Sphere and 2 Shapes","floor":44,"turns":5},{"damage":5,"enemies":"Maw","floor":47,"turns":7},{"damage":0,"enemies":"4 Shapes","floor":48,"turns":2},{"damage":38,"enemies":"Awakened One","floor":50,"turns":5}],"seed_played":"2521369708707094607","potions_obtained":[{"floor":5.0,"key":"Energy Potion"},{"floor":8,"key":"SpeedPotion"},{"floor":16,"key":"Block Potion"},{"floor":27,"key":"Fire Potion"},{"floor":31,"key":"Dexterity Potion"},{"floor":33,"key":"Explosive Potion"},{"floor":35,"key":"PowerPotion"}],"is_trial":false,"path_per_floor":["M","?","$","?","M","E","R","?","T","M","?","M","$","M","R","B",null,"M","$","?","$","?","R","E","R","T","E","M","?","T","M","R","B",null,"M","M","M","?","M","R","?","$","T","M","?","R","M","M","R","B"],"character_chosen":"THE_SILENT","items_purchased":["Heel Hook","TwistedFunnel","Dodge and Roll","SkillPotion","Snake Skull"],"campfire_rested":2,"item_purchase_floors":[3,13,19,42,42],"current_hp_per_floor":[63,56,56,56,56,56,56,32,32,32,32,32,32,31,31,26,59,57,57,57,57,57,57,47,47,47,41,24,22,22,4,25,14,56,42,42,36,36,19,40,40,40,40,40,40,40,35,35,35,0,0],"gold":209,"neow_bonus":"THREE_ENEMY_KILL","is_daily":false,"chose_seed":false,"campfire_upgraded":4,"win_rate":0.0,"timestamp":1611601841,"path_taken":["M","?","$","?","M","E","R","?","T","M","?","M","$","M","R","BOSS","M","$","?","$","?","R","E","R","T","E","M","?","?","M","R","BOSS","M","M","M","?","M","R","?","$","T","M","?","R","M","M","R","BOSS"],"items_purchased_type":["Card","Relic","Card","Potion","Relic"],"build_version":"2020-12-22","purchased_purges":1,"victory":false,"max_hp_per_floor":[70,70,70,70,70,70,70,70,70,70,70,70,70,70,70,70,70,70,70,70,70,70,70,70,70,70,70,70,70,70,70,70,70,70,70,70,70,70,70,70,66,66,66,66,66,66,66,66,66,66,66],"relic_stats":{"Happy Flower":[37],"counters":[24,112],"Tingsha":[9],"Pen Nib":[11],"Snake Skull":[35],"Juzu Bracelet":3,"Bag of Preparation":[6],"Centennial Puzzle":[42],"Busted Crown":16,"Shovel":1,"Ornamental Fan":[84],"Sundial":[8],"Pandora\u0027s Box":["Flying Knee","Backflip","Glass Knife","Infinite Blades","Phantasmal Killer","Night Terror","Cloak And Dagger","Endless Agony"],"obtain_stats":[{"TwistedFunnel":13,"NeowsBlessing":0,"Happy Flower":2,"Tingsha":24,"Pen Nib":27,"Snake Skull":42,"Juzu Bracelet":6,"Bag of Preparation":46,"Odd Mushroom":8,"Centennial Puzzle":9,"Busted Crown":34,"Shovel":38,"Ornamental Fan":26,"Sundial":30,"Pandora\u0027s Box":17,"Red Mask":29,"Ring of the Snake":0},{"TwistedFunnel":6,"NeowsBlessing":0,"Happy Flower":1,"Tingsha":10,"Pen Nib":11,"Snake Skull":20,"Juzu Bracelet":3,"Bag of Preparation":21,"Odd Mushroom":4,"Centennial Puzzle":4,"Busted Crown":15,"Shovel":19,"Ornamental Fan":10,"Sundial":13,"Pandora\u0027s Box":8,"Red Mask":13,"Ring of the Snake":0},{"TwistedFunnel":18,"NeowsBlessing":0,"Happy Flower":1,"Tingsha":41,"Pen Nib":45,"Snake Skull":93,"Juzu Bracelet":3,"Bag of Preparation":98,"Odd Mushroom":9,"Centennial Puzzle":9,"Busted Crown":67,"Shovel":87,"Ornamental Fan":41,"Sundial":50,"Pandora\u0027s Box":32,"Red Mask":50,"Ring of the Snake":0}],"Ring of the Snake":[49]},"card_choices":[{"not_picked":["Blade Dance","Cloak And Dagger"],"picked":"Sucker Punch","floor":1.0},{"not_picked":["Cloak And Dagger","Flying Knee"],"picked":"Deflect","floor":5.0},{"not_picked":["Quick Slash","Doppelganger"],"picked":"Footwork","floor":6.0},{"not_picked":["Quick Slash","Prepared"],"picked":"Predator","floor":8},{"not_picked":["Catalyst","Concentrate"],"picked":"Deadly Poison","floor":10},{"not_picked":["Backflip","Deadly Poison"],"picked":"Well Laid Plans","floor":12},{"not_picked":["Cloak And Dagger","Bane","Endless Agony"],"picked":"SKIP","floor":14},{"not_picked":["Venomology","A Thousand Cuts"],"picked":"Corpse Explosion","floor":16},{"not_picked":["Cloak And Dagger","Heel Hook"],"picked":"Poisoned Stab+1","floor":18},{"not_picked":["Outmaneuver","Burst","Dagger Spray"],"picked":"SKIP","floor":24},{"not_picked":["Expertise","Deadly Poison"],"picked":"Blur","floor":27},{"not_picked":["Deadly Poison","Backflip"],"picked":"PiercingWail","floor":28},{"not_picked":["Blade Dance","Accuracy","Bane"],"picked":"SKIP","floor":31},{"not_picked":["Glass Knife","Venomology"],"picked":"Wraith Form v2","floor":33},{"not_picked":["Flying Knee"],"picked":"SKIP","floor":35},{"not_picked":[],"picked":"Dagger Throw+1","floor":36},{"not_picked":["Deadly Poison"],"picked":"SKIP","floor":37},{"not_picked":["Dagger Throw"],"picked":"SKIP","floor":39},{"not_picked":["Poisoned Stab"],"picked":"SKIP","floor":44},{"not_picked":[],"picked":"Leg Sweep","floor":47},{"not_picked":[],"picked":"Escape Plan","floor":48}],"player_experience":827063,"relics_obtained":[{"floor":6.0,"key":"Juzu Bracelet"},{"floor":8,"key":"Odd Mushroom"},{"floor":9,"key":"Centennial Puzzle"},{"floor":24,"key":"Tingsha"},{"floor":26,"key":"Ornamental Fan"},{"floor":27,"key":"Pen Nib"},{"floor":29,"key":"Red Mask"},{"floor":30,"key":"Sundial"},{"floor":38,"key":"Shovel"},{"floor":46,"key":"Bag of Preparation"}],"event_choices":[{"damage_healed":0.0,"max_hp_gain":0.0,"max_hp_loss":0.0,"gold_gain":0.0,"event_name":"Scrap Ooze","player_choice":"Success","floor":2.0,"gold_loss":0.0,"damage_taken":7.0,"relics_obtained":["Happy Flower"]},{"cards_removed":["Strike_G"],"damage_healed":0.0,"max_hp_gain":0.0,"max_hp_loss":0.0,"gold_gain":0.0,"event_name":"Purifier","player_choice":"Purged","floor":4.0,"gold_loss":0.0,"damage_taken":0.0},{"damage_healed":0,"gold_gain":0,"player_choice":"Fought Mushrooms","damage_taken":0,"max_hp_gain":0,"max_hp_loss":0,"event_name":"Mushrooms","floor":8,"gold_loss":0},{"cards_removed":["Strike_G"],"damage_healed":0,"gold_gain":0,"player_choice":"Purged","damage_taken":0,"max_hp_gain":0,"max_hp_loss":0,"event_name":"Purifier","floor":11,"gold_loss":0},{"damage_healed":0,"gold_gain":0,"player_choice":"Read","damage_taken":0,"max_hp_gain":0,"max_hp_loss":0,"event_name":"The Library","floor":20,"gold_loss":0,"cards_obtained":["Noxious Fumes"]},{"damage_healed":0,"gold_gain":0,"cards_transformed":["Endless Agony","Infinite Blades"],"player_choice":"Became Test Subject","damage_taken":0,"max_hp_gain":0,"max_hp_loss":0,"event_name":"Drug Dealer","floor":22,"gold_loss":0,"cards_obtained":["Blur","Bullet Time"]},{"damage_healed":0,"gold_gain":0,"player_choice":"Fought Bandits","damage_taken":0,"max_hp_gain":0,"max_hp_loss":0,"event_name":"Masked Bandits","floor":29,"gold_loss":0},{"damage_healed":0,"gold_gain":0,"player_choice":"Fight","damage_taken":0,"max_hp_gain":0,"max_hp_loss":0,"event_name":"MindBloom","floor":38,"gold_loss":0},{"damage_healed":0,"gold_gain":0,"player_choice":"Max HP","damage_taken":0,"max_hp_gain":0,"max_hp_loss":4,"event_name":"Winding Halls","floor":41,"gold_loss":0},{"cards_removed":["Heel Hook"],"damage_healed":0,"gold_gain":0,"player_choice":"Removed Attack","damage_taken":0,"max_hp_gain":0,"max_hp_loss":0,"event_name":"Falling","floor":45,"gold_loss":0}],"is_beta":false,"boss_relics":[{"not_picked":["SacredBark","Snecko Eye"],"picked":"Pandora\u0027s Box"},{"not_picked":["SlaversCollar","Fusion Hammer"],"picked":"Busted Crown"}],"items_purged_floors":[19],"is_endless":false,"potions_floor_spawned":[5,8,10,16,27,31,33,35,47],"killed_by":"Awakened One","ascension_level":12}}