{"host":"4evnc443c98ww2zl","time":1611543901,"event":{"mods":["BaseMod","Better Third Choice","Hermit","Koishi","Luminous","Minty Spire (QoL Compilation)","Remilia??????","Robot Space Explorer","StSLib","The Administrix","The Bug Knight","The Cursed","TheSwordswoman"],"gold_per_floor":[114,114,189,245,245,245,280,293,339,373,393,422,439,464,464,560,560,574,574,246,296,45,74,74,109,135,163,198,228,327,357,357,460,460,480,491,83,83,101,141,141,166,193,219,219,239,239,268,268,268,268,268,23,49,49],"floor_reached":56,"language":"ENG","playtime":4526,"items_purged":[],"score":1525,"play_id":"d816fa0b-0fd6-425f-b4a0-f6208360dce2","local_time":"20210124210501","daily_mods":["SealedDeck","Diverse","Colorless Cards","Heirloom","DeadlyEvents","Elite Swarm"],"is_ascension_mode":false,"campfire_choices":[{"floor":6,"key":"RECALL"},{"floor":15,"key":"REST"},{"data":"AdministrixMod:StarSwordSoul","floor":24,"key":"SMITH"},{"data":"AdministrixMod:LifeforceNet","floor":32,"key":"SMITH"},{"data":"Apotheosis","floor":41,"key":"SMITH"},{"data":"AdministrixMod:PassageOfAges","floor":45,"key":"SMITH"},{"data":"Blind","floor":47,"key":"SMITH"},{"data":"TheCursedMod:NeowsMight","floor":49,"key":"SMITH"},{"data":"RobotSpaceExplorer:ShockMissile","floor":52,"key":"SMITH"}],"circlet_count":0,"master_deck":["Koishi:BloodcurdlingScream","Luminous:Flash_Blink_Luminous+1","Koishi:PhantomBarrier","Streamline+1","RobotSpaceExplorer:GlueShot","TheCursedMod:TacticalStrike","AdministrixMod:PassageOfAges+1","hermit:Quickdraw","UnderTheZenith+1","Blur","hermit:Horror+1","Secret Weapon","hermit:Quickdraw","AdministrixMod:AmassedMasks","TheCursedMod:TacticalStrike","RobotSpaceExplorer:ShockMissile+1","AdministrixMod:ExtolVirtue","Feed+1","Koishi:StingingMind+1","JustLucky","AdministrixMod:StarSwordSoul+1","RobotSpaceExplorer:ChargingLaser+1","Reaper","AdministrixMod:LifeforceNet+1","TheCursedMod:DemonSword","TheCursedMod:NeowsMight+1","Glass Knife","TheCursedMod:TacticalStrike","Apotheosis+1","Blind+1","HollowMod:SlysStrikes+1","hermit:SprayPray+1"],"relics":["AdministrixMod:ConductorRitualBaton","Turnip","The Courier","Ornamental Fan","Vajra","MealTicket","Blue Candle","Torii","Coffee Dripper","HornCleat","War Paint","Bottled Flame","Akabeko","AntiCross","Lantern","Meat on the Bone","Shuriken","Bronze Scales","Bottled Tornado","Busted Crown","Lee\u0027s Waffle","AdministrixMod:GoldenChickadee","CeramicFish","Bag of Preparation","Pen Nib","Unceasing Top","Anchor"],"acts_visited":["Exordium","TheCity","TheBeyond","TheEnding"],"potions_floor_usage":[7,12,14,18,23,25,29,29,36,55,55],"damage_taken":[{"damage":0,"enemies":"2 Louse","floor":1,"turns":2},{"damage":0,"enemies":"3 Sentries","floor":7,"turns":4},{"damage":0,"enemies":"Small Slimes","floor":8,"turns":3},{"damage":0,"enemies":"HollowMod:MossKnight","floor":10,"turns":3},{"damage":0,"enemies":"Jaw Worm","floor":11,"turns":2},{"damage":3,"enemies":"Lagavulin","floor":12,"turns":4},{"damage":0,"enemies":"2 Fungi Beasts","floor":13,"turns":2},{"damage":3,"enemies":"3 Sentries","floor":14,"turns":3},{"damage":16,"enemies":"Slime Boss","floor":16,"turns":8},{"damage":6,"enemies":"Spheric Guardian","floor":18,"turns":4},{"damage":8,"enemies":"Slavers","floor":23,"turns":3},{"damage":0,"enemies":"HollowMod:Nosk","floor":25,"turns":5},{"damage":8,"enemies":"Slavers","floor":27,"turns":3},{"damage":17,"enemies":"HollowMod:Nosk","floor":28,"turns":4},{"damage":8,"enemies":"Book of Stabbing","floor":29,"turns":4},{"damage":20,"enemies":"HollowMod:Nosk","floor":31,"turns":4},{"damage":12,"enemies":"Collector","floor":33,"turns":4},{"damage":0,"enemies":"Orb Walker","floor":35,"turns":3},{"damage":11,"enemies":"3 Darklings","floor":36,"turns":2},{"damage":13,"enemies":"Writhing Mass","floor":39,"turns":5},{"damage":1,"enemies":"Reptomancer","floor":40,"turns":3},{"damage":25,"enemies":"Nemesis","floor":42,"turns":5},{"damage":0,"enemies":"Reptomancer","floor":44,"turns":3},{"damage":0,"enemies":"Jaw Worm Horde","floor":46,"turns":2},{"damage":2,"enemies":"Transient","floor":48,"turns":5},{"damage":14,"enemies":"Time Eater","floor":50,"turns":6},{"damage":13,"enemies":"Shield and Spear","floor":54,"turns":4},{"damage":47,"enemies":"The Heart","floor":55,"turns":6}],"seed_played":"4528786135369752892","potions_obtained":[{"floor":1,"key":"Explosive Potion"},{"floor":8,"key":"Explosive Potion"},{"floor":10,"key":"FearPotion"},{"floor":11,"key":"EssenceOfSteel"},{"floor":16,"key":"FearPotion"},{"floor":18,"key":"BlessingOfTheForge"},{"floor":23,"key":"Fire Potion"},{"floor":25,"key":"Weak Potion"},{"floor":28,"key":"LiquidBronze"},{"floor":33,"key":"Strength Potion"},{"floor":35,"key":"Energy Potion"},{"floor":40,"key":"LiquidBronze"}],"is_trial":true,"path_per_floor":["M","?","?","?","T","R","E","M","T","E","M","E","M","E","R","B",null,"M","?","$","?","$","E","R","E","T","E","E","E","?","E","R","B",null,"M","M","$","?","M","E","R","E","T","E","R","M","R","M","R","B",null,"R","$","E","B",null],"character_chosen":"TheAdministrix","items_purchased":["HornCleat","War Paint","Bottled Flame","JustLucky","Lee\u0027s Waffle","Apotheosis","AdministrixMod:GoldenChickadee","Unceasing Top"],"campfire_rested":1,"item_purchase_floors":[20,20,22,22,37,37,37,53],"current_hp_per_floor":[65,52,41,41,41,41,41,41,41,41,41,38,38,35,54,41,68,65,65,71,71,71,70,70,77,77,72,62,74,74,75,75,74,92,95,91,105,105,100,113,113,96,96,100,100,108,108,121,121,111,125,125,125,129,86],"gold":49,"neow_bonus":"","is_daily":false,"chose_seed":false,"campfire_upgraded":7,"win_rate":0.0,"timestamp":1611543901,"path_taken":["M","?","?","?","?","R","E","M","T","E","M","E","M","?","R","BOSS","M","?","$","?","$","E","R","E","T","E","?","E","?","E","R","BOSS","M","M","$","?","?","E","R","E","T","E","R","?","R","?","R","BOSS","R","$","E","BOSS"],"items_purchased_type":["Relic","Relic","Relic","Card","Relic","Card","Relic","Relic"],"build_version":"2020-12-22","purchased_purges":0,"victory":true,"max_hp_per_floor":[65,65,65,65,65,65,65,65,65,65,65,65,65,65,65,68,68,71,71,71,71,71,74,74,77,77,80,83,86,86,89,89,92,92,95,98,105,105,109,113,113,117,117,117,117,121,121,121,121,125,125,125,125,129,129],"card_choices":[{"not_picked":["blazmod:Lockswords","TheCursedMod:RavingStaff"],"picked":"hermit:Horror","floor":1},{"not_picked":["Luminous:Freud_Wisdom1_Luminous","DemonKingCradle"],"picked":"Secret Weapon","floor":7},{"not_picked":["Koishi:Prune","Stigmanizer"],"picked":"hermit:Quickdraw","floor":8},{"not_picked":["Electrodynamics","AdministrixMod:NewbornDivinity"],"picked":"AdministrixMod:AmassedMasks","floor":10},{"not_picked":["blazmod:BlindBlade","Protect"],"picked":"TheCursedMod:TacticalStrike","floor":11},{"not_picked":["blazmod:EightLifePilgrimage","AdministrixMod:CosmosControl"],"picked":"RobotSpaceExplorer:ShockMissile","floor":12},{"not_picked":["blazmod:QuickBlade","Lockon"],"picked":"AdministrixMod:ExtolVirtue","floor":13},{"not_picked":["Exhume","AdministrixMod:FearOfDeath"],"picked":"Feed","floor":14},{"not_picked":["Protect+1","Prostrate"],"picked":"Koishi:StingingMind+1","floor":18},{"not_picked":["Immolate","blazmod:NaturesBeauty"],"picked":"AdministrixMod:StarSwordSoul","floor":23},{"not_picked":["Rainbow","Venomology"],"picked":"RobotSpaceExplorer:ChargingLaser","floor":25},{"not_picked":["Koishi:HeartStoppingHorror","blazmod:MindAtPeace"],"picked":"Reaper","floor":27},{"not_picked":["Thunder Strike","Bludgeon"],"picked":"AdministrixMod:LifeforceNet","floor":28},{"not_picked":["All For One","blazmod:ButterflyForm"],"picked":"TheCursedMod:DemonSword","floor":29},{"not_picked":["Immolate","Juggernaut"],"picked":"TheCursedMod:NeowsMight","floor":31},{"not_picked":["Judgement","Brutality"],"picked":"Glass Knife","floor":33},{"not_picked":[],"picked":"TheCursedMod:TacticalStrike","floor":35},{"not_picked":["Luminous:Tune_Luminous"],"picked":"SKIP","floor":36},{"not_picked":[],"picked":"Blind","floor":38},{"not_picked":["Flying Knee"],"picked":"SKIP","floor":39},{"not_picked":[],"picked":"HollowMod:SlysStrikes","floor":40},{"not_picked":["Koishi:Heartbroken"],"picked":"SKIP","floor":42},{"not_picked":["Buffer"],"picked":"SKIP","floor":44},{"not_picked":["Forethought"],"picked":"SKIP","floor":46},{"not_picked":[],"picked":"hermit:SprayPray+1","floor":48},{"not_picked":["blazmod:PerennialBeauty"],"picked":"SKIP","floor":54}],"player_experience":1098520,"relics_obtained":[{"floor":5,"key":"The Courier"},{"floor":7,"key":"Ornamental Fan"},{"floor":9,"key":"Vajra"},{"floor":10,"key":"MealTicket"},{"floor":12,"key":"Blue Candle"},{"floor":14,"key":"Torii"},{"floor":23,"key":"Akabeko"},{"floor":25,"key":"AntiCross"},{"floor":26,"key":"Lantern"},{"floor":27,"key":"Meat on the Bone"},{"floor":28,"key":"Shuriken"},{"floor":29,"key":"Bronze Scales"},{"floor":31,"key":"Bottled Tornado"},{"floor":40,"key":"CeramicFish"},{"floor":42,"key":"Bag of Preparation"},{"floor":44,"key":"Pen Nib"},{"floor":54,"key":"Anchor"}],"event_choices":[{"damage_healed":65,"gold_gain":0,"player_choice":"Upgrade","damage_taken":13,"max_hp_gain":0,"max_hp_loss":65,"event_name":"betterThird:BetterShining","floor":2,"gold_loss":0,"cards_upgraded":["UnderTheZenith","Streamline"]},{"damage_healed":0,"gold_gain":75,"player_choice":"Gold","damage_taken":11,"max_hp_gain":0,"max_hp_loss":0,"event_name":"betterThird:BetterGoop","floor":3,"gold_loss":0},{"damage_healed":0,"gold_gain":56,"player_choice":"Gained Gold","damage_taken":0,"max_hp_gain":0,"max_hp_loss":0,"event_name":"Golden Wing","floor":4,"gold_loss":0},{"damage_healed":0,"gold_gain":0,"player_choice":"Ignored","damage_taken":0,"max_hp_gain":0,"max_hp_loss":0,"event_name":"Ghosts","floor":19,"gold_loss":0},{"damage_healed":0,"gold_gain":100,"player_choice":"Bet on Murderer","damage_taken":0,"max_hp_gain":0,"max_hp_loss":0,"event_name":"The Joust","floor":21,"gold_loss":50},{"damage_healed":0,"gold_gain":99,"player_choice":"Steal","damage_taken":0,"max_hp_gain":0,"max_hp_loss":0,"event_name":"betterThird:BetterNest","floor":30,"gold_loss":0},{"damage_healed":0,"gold_gain":0,"player_choice":"Memory 1","damage_taken":0,"max_hp_gain":0,"max_hp_loss":0,"event_name":"SensoryStone","floor":38,"gold_loss":0}],"is_beta":false,"boss_relics":[{"not_picked":["Fusion Hammer","Philosopher\u0027s Stone"],"picked":"Coffee Dripper"},{"not_picked":["Velvet Choker","AdministrixMod:ElixirOfImmorality"],"picked":"Busted Crown"}],"items_purged_floors":[],"is_endless":false,"potions_floor_spawned":[1,8,10,11,16,18,23,25,28,33,35,40,46],"ascension_level":0}}