{"host":"l5zfpd2l2htson6l","time":1611589797,"event":{"mods":["AchievementEnabler","BaseMod","Colored Map","Colored Powertips","Minty Spire (QoL Compilation)","Permanent Neow","Quick Restart","Rare Cards Sparkle","Relic Stats","SuperFastMode"],"gold_per_floor":[118,138,138,149,160,160,195,195,195,226,251,267,305,328,328,441,441,453,86,103,119,149,184,109,109,185,194,214,214,239,264,264,371,398,418,427,449,671,685,685,698,728,755,755,435,457,457,457,457,457],"floor_reached":51,"language":"ENG","playtime":4754,"items_purged":["Strike_R","Writhe"],"score":746,"play_id":"164c4c6c-3584-4b24-9c3a-41a8c9941896","local_time":"20210125074957","is_ascension_mode":true,"campfire_choices":[{"data":"Hemokinesis","floor":6.0,"key":"SMITH"},{"data":"Cleave","floor":8.0,"key":"SMITH"},{"data":"Uppercut","floor":15.0,"key":"SMITH"},{"data":"Clothesline","floor":25.0,"key":"SMITH"},{"data":"RitualDagger","floor":29.0,"key":"SMITH"},{"data":"Immolate","floor":32.0,"key":"SMITH"},{"data":"Demon Form","floor":40,"key":"SMITH"},{"data":"Limit Break","floor":44,"key":"SMITH"},{"data":"Impervious","floor":47,"key":"SMITH"},{"data":"Shrug It Off","floor":49,"key":"SMITH"}],"circlet_count":0,"master_deck":["Defend_R","Defend_R","Bash","Impervious+1","Shrug It Off+1","Hemokinesis+1","Pommel Strike","Blood for Blood","Cleave+1","Uppercut+1","Body Slam","Clothesline+1","Battle Trance","Thunderclap","Demon Form+1","Entrench","RitualDagger+1","Immolate+1","Limit Break+1","Battle Trance+1","Offering+1","Dropkick+1","Bloodletting+1","PanicButton","Power Through+1"],"relics":["Burning Blood","Meat on the Bone","Kunai","White Beast Statue","Odd Mushroom","CeramicFish","Snecko Eye","TungstenRod","Red Mask","Prayer Wheel","Oddly Smooth Stone","Astrolabe","Pantograph","Red Skull","Membership Card","Pen Nib"],"acts_visited":["Exordium","TheCity","TheBeyond"],"potions_floor_usage":[],"damage_taken":[{"damage":1.0,"enemies":"Cultist","floor":1.0,"turns":4.0},{"damage":5.0,"enemies":"Jaw Worm","floor":2.0,"turns":4.0},{"damage":0.0,"enemies":"2 Louse","floor":4.0,"turns":3.0},{"damage":16.0,"enemies":"Large Slime","floor":5.0,"turns":9.0},{"damage":30.0,"enemies":"Gremlin Nob","floor":7.0,"turns":4.0},{"damage":12.0,"enemies":"3 Sentries","floor":10.0,"turns":7.0},{"damage":6.0,"enemies":"The Mushroom Lair","floor":11.0,"turns":3.0},{"damage":4.0,"enemies":"2 Fungi Beasts","floor":12.0,"turns":4.0},{"damage":15.0,"enemies":"Lagavulin","floor":13.0,"turns":6.0},{"damage":3.0,"enemies":"Exordium Wildlife","floor":14.0,"turns":3.0},{"damage":49.0,"enemies":"Slime Boss","floor":16.0,"turns":11.0},{"damage":11.0,"enemies":"Shell Parasite","floor":18.0,"turns":4.0},{"damage":0.0,"enemies":"3 Byrds","floor":20.0,"turns":4.0},{"damage":2.0,"enemies":"Centurion and Healer","floor":21.0,"turns":5.0},{"damage":1.0,"enemies":"Masked Bandits","floor":22.0,"turns":2.0},{"damage":28.0,"enemies":"Book of Stabbing","floor":23.0,"turns":5.0},{"damage":13.0,"enemies":"Snake Plant","floor":28.0,"turns":4.0},{"damage":21.0,"enemies":"Slavers","floor":30.0,"turns":5.0},{"damage":1.0,"enemies":"3 Cultists","floor":31.0,"turns":4.0},{"damage":36.0,"enemies":"Collector","floor":33.0,"turns":8.0},{"damage":32.0,"enemies":"3 Darklings","floor":35.0,"turns":6.0},{"damage":10,"enemies":"3 Shapes","floor":37,"turns":7},{"damage":8,"enemies":"Transient","floor":39,"turns":5},{"damage":32,"enemies":"Writhing Mass","floor":41,"turns":8},{"damage":21,"enemies":"Nemesis","floor":42,"turns":5},{"damage":18,"enemies":"Jaw Worm Horde","floor":46,"turns":4},{"damage":46,"enemies":"Awakened One","floor":50,"turns":10}],"seed_played":"5830023944125803644","potions_obtained":[{"floor":1.0,"key":"AttackPotion"},{"floor":4.0,"key":"LiquidBronze"},{"floor":7.0,"key":"SteroidPotion"},{"floor":10.0,"key":"Explosive Potion"},{"floor":13.0,"key":"BloodPotion"},{"floor":21.0,"key":"SkillPotion"},{"floor":23.0,"key":"Ancient Potion"},{"floor":35.0,"key":"EssenceOfSteel"}],"is_trial":false,"path_per_floor":["M","M","?","M","M","R","E","R","T","E","?","M","E","M","R","B",null,"M","$","M","M","?","E","?","R","T","?","M","R","E","M","R","B",null,"M","?","M","?","M","R","M","E","T","R","$","M","R","?","R","B",null],"character_chosen":"IRONCLAD","items_purchased":["TungstenRod","Membership Card","Pen Nib","PanicButton"],"campfire_rested":0,"item_purchase_floors":[19,45,45,45],"current_hp_per_floor":[80,80,73,79,69,69,45,45,45,51,51,53,56,59,59,28,80,75,75,80,80,80,58,58,58,58,53,58,58,55,60,60,42,80,54,74,70,70,68,68,54,51,51,51,51,51,51,51,51,48],"gold":457,"neow_bonus":"ONE_RANDOM_RARE_CARD","is_daily":false,"chose_seed":false,"campfire_upgraded":10,"win_rate":0.0,"timestamp":1611589797,"path_taken":["M","M","?","M","M","R","E","R","T","E","?","M","E","M","R","BOSS","M","$","M","M","?","E","?","R","T","?","?","R","E","M","R","BOSS","M","?","M","?","M","R","M","E","T","R","$","M","R","?","R","BOSS"],"items_purchased_type":["Relic","Relic","Relic","Card"],"build_version":"2020-12-22","purchased_purges":2,"victory":true,"max_hp_per_floor":[80,80,80,80,80,80,80,80,80,80,80,80,80,80,80,80,80,80,80,80,80,80,80,80,80,80,80,80,80,80,80,80,80,80,80,80,80,80,80,80,80,80,80,80,80,80,80,80,80,80],"relic_stats":{"counters":[27,144],"CeramicFish":126,"Astrolabe":["Battle Trance","Offering","Dropkick"],"Pantograph":25,"Snecko Eye":[182,157,168,157],"Prayer Wheel":7,"Pen Nib":[2],"Kunai":[29],"obtain_stats":[{"CeramicFish":13,"Astrolabe":34,"Oddly Smooth Stone":30,"Pen Nib":45,"Odd Mushroom":11,"Burning Blood":0,"White Beast Statue":10,"Pantograph":42,"Snecko Eye":17,"Prayer Wheel":23,"Red Mask":22,"Kunai":9,"Membership Card":45,"TungstenRod":19,"Red Skull":43,"Meat on the Bone":7},{"CeramicFish":9,"Astrolabe":20,"Oddly Smooth Stone":18,"Pen Nib":25,"Odd Mushroom":7,"Burning Blood":0,"White Beast Statue":6,"Pantograph":25,"Snecko Eye":11,"Prayer Wheel":16,"Red Mask":15,"Kunai":5,"Membership Card":25,"TungstenRod":12,"Red Skull":25,"Meat on the Bone":5},{"CeramicFish":44,"Astrolabe":99,"Oddly Smooth Stone":87,"Pen Nib":130,"Odd Mushroom":34,"Burning Blood":0,"White Beast Statue":31,"Pantograph":130,"Snecko Eye":58,"Prayer Wheel":78,"Red Mask":73,"Kunai":24,"Membership Card":130,"TungstenRod":62,"Red Skull":130,"Meat on the Bone":24}],"Burning Blood":146,"TungstenRod":67,"Meat on the Bone":120},"card_choices":[{"not_picked":["Second Wind","Power Through"],"picked":"Shrug It Off","floor":1.0},{"not_picked":["Sever Soul","Spot Weakness"],"picked":"Hemokinesis","floor":2.0},{"not_picked":["Flame Barrier","Warcry"],"picked":"Pommel Strike","floor":4.0},{"not_picked":["Sentinel","Iron Wave"],"picked":"Blood for Blood","floor":5.0},{"not_picked":["Pummel","Perfected Strike"],"picked":"Cleave","floor":7.0},{"not_picked":["Pommel Strike","Feel No Pain"],"picked":"Uppercut","floor":10.0},{"not_picked":["Pommel Strike","Twin Strike"],"picked":"Body Slam","floor":11.0},{"not_picked":["Havoc","Headbutt"],"picked":"Clothesline","floor":12.0},{"not_picked":["Perfected Strike","Heavy Blade"],"picked":"Battle Trance","floor":13.0},{"not_picked":["Cleave","Searing Blow"],"picked":"Thunderclap","floor":14.0},{"not_picked":["Limit Break","Double Tap"],"picked":"Demon Form","floor":16.0},{"not_picked":["Sentinel+1","Pommel Strike","Inflame"],"picked":"SKIP","floor":18.0},{"not_picked":["Cleave","Flame Barrier","Fire Breathing"],"picked":"SKIP","floor":20.0},{"not_picked":["Havoc+1","Anger","Sword Boomerang+1"],"picked":"SKIP","floor":21.0},{"not_picked":["Havoc+1","Anger+1"],"picked":"Entrench","floor":23.0},{"not_picked":["Clothesline","Sentinel","Cleave"],"picked":"SKIP","floor":28.0},{"not_picked":["Flex+1","Twin Strike","Thunderclap"],"picked":"SKIP","floor":28.0},{"not_picked":["Evolve","Clothesline","Wild Strike"],"picked":"SKIP","floor":30.0},{"not_picked":["Clothesline+1","Shrug It Off"],"picked":"Immolate","floor":31.0},{"not_picked":["Wild Strike","Headbutt","Twin Strike+1"],"picked":"SKIP","floor":31.0},{"not_picked":["Reaper","Corruption"],"picked":"Limit Break","floor":33.0},{"not_picked":["Searing Blow+1","Anger+1","Wild Strike"],"picked":"SKIP","floor":35.0},{"not_picked":["Shrug It Off","Havoc+1","Pommel Strike+1"],"picked":"SKIP","floor":35.0},{"not_picked":["Intimidate+1","Second Wind"],"picked":"Bloodletting+1","floor":37},{"not_picked":["Infernal Blade","Perfected Strike+1","Iron Wave"],"picked":"SKIP","floor":37},{"not_picked":["Evolve+1","Armaments+1","Warcry+1"],"picked":"SKIP","floor":39},{"not_picked":["Twin Strike+1","Clash","Rage+1"],"picked":"SKIP","floor":39},{"not_picked":["Cleave+1","Rage","Shrug It Off+1"],"picked":"SKIP","floor":41},{"not_picked":["Armaments+1","Shrug It Off","Clothesline+1"],"picked":"SKIP","floor":41},{"not_picked":["Cleave","Uppercut+1","Power Through"],"picked":"SKIP","floor":42},{"not_picked":["Warcry+1","Anger+1"],"picked":"Power Through+1","floor":46},{"not_picked":["Flex","Warcry","Perfected Strike"],"picked":"SKIP","floor":46},{"not_picked":["Flex","Warcry","Perfected Strike"],"picked":"SKIP","floor":46}],"player_experience":670381,"relics_obtained":[{"floor":7.0,"key":"Meat on the Bone"},{"floor":9.0,"key":"Kunai"},{"floor":10.0,"key":"White Beast Statue"},{"floor":11.0,"key":"Odd Mushroom"},{"floor":13.0,"key":"CeramicFish"},{"floor":22.0,"key":"Red Mask"},{"floor":23.0,"key":"Prayer Wheel"},{"floor":30.0,"key":"Oddly Smooth Stone"},{"floor":42,"key":"Pantograph"},{"floor":43,"key":"Red Skull"}],"event_choices":[{"cards_removed":["Defend_R"],"damage_healed":0.0,"max_hp_gain":0.0,"max_hp_loss":0.0,"gold_gain":0.0,"event_name":"Golden Wing","player_choice":"Card Removal","floor":3.0,"gold_loss":0.0,"damage_taken":7.0},{"damage_healed":0.0,"max_hp_gain":0.0,"max_hp_loss":0.0,"gold_gain":0.0,"event_name":"Mushrooms","player_choice":"Fought Mushrooms","floor":11.0,"gold_loss":0.0,"damage_taken":0.0},{"damage_healed":0.0,"max_hp_gain":0.0,"max_hp_loss":0.0,"gold_gain":0.0,"event_name":"Masked Bandits","player_choice":"Fought Bandits","floor":22.0,"gold_loss":0.0,"damage_taken":0.0},{"cards_removed":["Strike_R"],"damage_healed":0.0,"max_hp_gain":0.0,"max_hp_loss":0.0,"gold_gain":0.0,"event_name":"Beggar","player_choice":"Gave Gold","floor":24.0,"gold_loss":75.0,"damage_taken":0.0},{"damage_healed":0.0,"max_hp_gain":0.0,"max_hp_loss":0.0,"gold_gain":0.0,"event_name":"Nest","player_choice":"Joined the Cult","floor":27.0,"gold_loss":0.0,"damage_taken":6.0,"cards_obtained":["RitualDagger"]},{"damage_healed":20.0,"max_hp_gain":0.0,"max_hp_loss":0.0,"gold_gain":0.0,"event_name":"Winding Halls","player_choice":"Writhe","floor":36.0,"gold_loss":0.0,"damage_taken":0.0,"cards_obtained":["Writhe"]},{"damage_healed":0,"gold_gain":222,"player_choice":"Wore Mask","damage_taken":0,"max_hp_gain":0,"max_hp_loss":0,"event_name":"Tomb of Lord Red Mask","floor":38,"gold_loss":0},{"cards_removed":["Defend_R"],"damage_healed":0,"gold_gain":0,"player_choice":"Offered Basic","damage_taken":0,"max_hp_gain":0,"max_hp_loss":0,"event_name":"Bonfire Elementals","floor":48,"gold_loss":0}],"is_beta":false,"boss_relics":[{"not_picked":["Coffee Dripper","Sozu"],"picked":"Snecko Eye"},{"not_picked":["Busted Crown","Runic Pyramid"],"picked":"Astrolabe"}],"items_purged_floors":[19,45],"is_endless":false,"potions_floor_spawned":[1,4,7,10,11,12,13,14,16,18,20,21,22,23,28,30,31,33,35,37,39,41,42,46],"ascension_level":1}}