{"host":"ecaj4hn004xnnrw9","time":1611530437,"event":{"mods":["AchievementEnabler","BaseMod","Better Third Choice","Card Forge","Hermit","Hubris","Infinite Spire","Jorbs\u0027s Wanderer Trilogy","Minty Spire (QoL Compilation)","Quick Restart","Relic Stats","Shop Mod","StSLib","The Construct","The Jungle","The Runesmith"],"gold_per_floor":[58,95,148,206,239,239,269,303,329,382,482,482,501,531,531,531,531],"floor_reached":16,"language":"ENG","playtime":615,"items_purged":[],"score":298,"play_id":"35faac71-ea8b-4f9a-a5c8-22cadf56bcce","local_time":"20210124232037","is_ascension_mode":true,"campfire_choices":[{"floor":6,"key":"REST"},{"floor":12,"key":"REST"},{"floor":15,"key":"REST"}],"circlet_count":0,"master_deck":["AscendersBane","Strike_R","Strike_R","Strike_R","Strike_R","Strike_R","Defend_R","Defend_R","Defend_R+1","Defend_R","Bash","HandOfGreed","Thunderclap","Cleave","Bludgeon","Dark Embrace","Feel No Pain","Sentinel+1","Corruption+1","Inflame+1","Sword Boomerang"],"relics":["Burning Blood","Hammer of Thor","Seething Fire","Anvil of the Gods","Frozen Egg 2","infinitespire:Beetle Shell","PreservedInsect","War Paint"],"acts_visited":["Exordium"],"potions_floor_usage":[8,8],"damage_taken":[{"damage":7,"enemies":"Small Slimes","floor":1,"turns":5},{"damage":0,"enemies":"Cultist","floor":2,"turns":2},{"damage":13,"enemies":"2 Louse","floor":3,"turns":7},{"damage":25,"enemies":"Large Slime","floor":4,"turns":5},{"damage":24,"enemies":"3 Louse","floor":5,"turns":4},{"damage":1,"enemies":"2 Fungi Beasts","floor":7,"turns":3},{"damage":25,"enemies":"Lagavulin","floor":8,"turns":6},{"damage":29,"enemies":"3 Sentries","floor":10,"turns":8},{"damage":21,"enemies":"Looter","floor":13,"turns":4},{"damage":0,"enemies":"Gremlin Nob","floor":14,"turns":2},{"damage":55,"enemies":"The Guardian","floor":16,"turns":10}],"seed_played":"1320096633045652472","potions_obtained":[{"floor":3,"key":"SpeedPotion"},{"floor":5,"key":"Strength Potion"},{"floor":10,"key":"SpeedPotion"}],"is_trial":false,"path_per_floor":["M","M","M","M","M","R","M","E","T","E","?","R","M","E","R","B"],"character_chosen":"IRONCLAD","items_purchased":[],"campfire_rested":3,"item_purchase_floors":[],"current_hp_per_floor":[67,73,66,47,29,51,56,37,37,14,14,36,21,27,49,0,0],"gold":531,"neow_bonus":"RANDOM_COLORLESS_2","is_daily":false,"chose_seed":false,"campfire_upgraded":0,"win_rate":0.0,"timestamp":1611530437,"path_taken":["M","M","M","M","M","R","M","E","T","E","?","R","M","E","R","BOSS"],"items_purchased_type":[],"build_version":"2020-12-22","purchased_purges":0,"victory":false,"max_hp_per_floor":[75,75,75,75,75,75,75,75,75,75,75,75,75,75,75,75,75],"relic_stats":{"counters":[11,56],"PreservedInsect":22,"War Paint":["Defend_R","Sentinel"],"obtain_stats":[{"Anvil of the Gods":0,"Hammer of Thor":0,"infinitespire:Beetle Shell":9,"PreservedInsect":10,"Seething Fire":0,"Frozen Egg 2":8,"War Paint":14,"Burning Blood":0},{"Anvil of the Gods":0,"Hammer of Thor":0,"infinitespire:Beetle Shell":7,"PreservedInsect":8,"Seething Fire":0,"Frozen Egg 2":7,"War Paint":10,"Burning Blood":0},{"Anvil of the Gods":0,"Hammer of Thor":0,"infinitespire:Beetle Shell":32,"PreservedInsect":40,"Seething Fire":0,"Frozen Egg 2":32,"War Paint":46,"Burning Blood":0}],"Burning Blood":60},"card_choices":[{"not_picked":["Sadistic Nature","hubris:EnhanceAbility"],"picked":"HandOfGreed","floor":0},{"not_picked":["Sword Boomerang","Iron Wave"],"picked":"Thunderclap","floor":1},{"not_picked":["Iron Wave","Flex"],"picked":"Cleave","floor":2},{"not_picked":["Perfected Strike","Infernal Blade"],"picked":"Bludgeon","floor":3},{"not_picked":["Thunderclap","Warcry"],"picked":"Dark Embrace","floor":4},{"not_picked":["Pommel Strike","Thunderclap"],"picked":"Feel No Pain","floor":5},{"not_picked":["Shrug It Off","Twin Strike"],"picked":"Sentinel","floor":7},{"not_picked":["Shockwave","Armaments"],"picked":"Corruption+1","floor":8},{"not_picked":["Seeing Red","Second Wind"],"picked":"Inflame+1","floor":10},{"not_picked":["Perfected Strike","Twin Strike"],"picked":"Sword Boomerang","floor":13},{"not_picked":["Rupture+1","Iron Wave","Body Slam"],"picked":"SKIP","floor":14}],"player_experience":409390,"relics_obtained":[{"floor":8,"key":"Frozen Egg 2"},{"floor":9,"key":"infinitespire:Beetle Shell"},{"floor":10,"key":"PreservedInsect"},{"floor":14,"key":"War Paint"}],"event_choices":[{"damage_healed":0,"gold_gain":100,"player_choice":"Gold","damage_taken":0,"max_hp_gain":0,"max_hp_loss":0,"event_name":"Wheel of Change","floor":11,"gold_loss":0}],"is_beta":false,"boss_relics":[],"items_purged_floors":[],"is_endless":false,"potions_floor_spawned":[3,5,10],"killed_by":"The Guardian","ascension_level":20}}