{"host":"b995t17pt6d05w8c","time":1611599964,"event":{"mods":["AchievementEnabler","BaseMod","Colored Map","DeckTracker","Keyboard Shortcuts","Minty Spire (QoL Compilation)","Permanent Neow","SuperFastMode"],"gold_per_floor":[219,144,154,49,60,60,60,80,80,80,80,95,113,147,147,219,219,234,234,234],"floor_reached":19,"language":"KOR","playtime":450,"items_purged":[],"score":338,"play_id":"91ddfb55-f66d-4e39-b6f7-d35d5f6190d1","local_time":"20210126033924","is_ascension_mode":true,"campfire_choices":[{"data":"Defragment","floor":6,"key":"SMITH"},{"floor":11,"key":"REST"},{"data":"Zap","floor":15,"key":"SMITH"}],"circlet_count":0,"master_deck":["AscendersBane","Strike_B","Strike_B","Strike_B","Defend_B+1","Defend_B","Defend_B","Defend_B","Zap+1","Dualcast","Cold Snap","Defragment+1","Coolheaded","Defragment+1","BootSequence","Double Energy","Conserve Battery","White Noise"],"relics":["Cracked Core","Du-Vu Doll","The Courier","Unceasing Top","Philosopher\u0027s Stone"],"acts_visited":["TheCity"],"potions_floor_usage":[16,19],"damage_taken":[{"damage":1,"enemies":"Cultist","floor":1,"turns":3},{"damage":6,"enemies":"2 Louse","floor":3,"turns":2},{"damage":6,"enemies":"Jaw Worm","floor":5,"turns":4},{"damage":0,"enemies":"Red Slaver","floor":8,"turns":4},{"damage":10,"enemies":"Exordium Wildlife","floor":12,"turns":4},{"damage":3,"enemies":"Looter","floor":13,"turns":4},{"damage":10,"enemies":"3 Sentries","floor":14,"turns":9},{"damage":20,"enemies":"Hexaghost","floor":16,"turns":12},{"damage":12,"enemies":"Spheric Guardian","floor":18,"turns":8},{"damage":61,"enemies":"Masked Bandits","floor":19,"turns":3}],"seed_played":"3656976684697658572","potions_obtained":[{"floor":5,"key":"Strength Potion"},{"floor":12,"key":"LiquidMemories"}],"is_trial":false,"path_per_floor":["M","?","M","$","M","R","?","M","T","T","R","M","M","E","R","B",null,"M","?"],"character_chosen":"DEFECT","items_purchased":["Coolheaded","Defragment"],"campfire_rested":1,"item_purchase_floors":[4,4],"current_hp_per_floor":[63,63,57,57,51,51,30,30,30,30,51,41,38,28,28,8,55,43,0,0],"gold":234,"neow_bonus":"HUNDRED_GOLD","is_daily":false,"chose_seed":false,"campfire_upgraded":2,"win_rate":0.0,"timestamp":1611599964,"path_taken":["M","?","M","$","M","R","?","M","T","?","R","M","M","E","R","BOSS","M","?"],"items_purchased_type":["Card","Card"],"build_version":"2020-12-22","purchased_purges":0,"victory":false,"max_hp_per_floor":[71,71,71,71,71,71,71,71,71,71,71,71,71,71,71,71,71,71,71,71],"card_choices":[{"not_picked":["Leap","Hologram"],"picked":"Cold Snap","floor":1},{"not_picked":["Gash","Steam"],"picked":"Defragment","floor":3},{"not_picked":["Reprogram","Defragment"],"picked":"BootSequence","floor":5},{"not_picked":["Stack","Turbo","Darkness"],"picked":"SKIP","floor":8},{"not_picked":["Coolheaded","Barrage"],"picked":"Double Energy","floor":12},{"not_picked":["Gash","Turbo"],"picked":"Conserve Battery","floor":13},{"not_picked":["Hologram","BootSequence"],"picked":"White Noise","floor":14},{"not_picked":["Leap","Storm","Cold Snap"],"picked":"SKIP","floor":18}],"player_experience":171665,"relics_obtained":[{"floor":9,"key":"Du-Vu Doll"},{"floor":10,"key":"The Courier"},{"floor":14,"key":"Unceasing Top"}],"event_choices":[{"cards_removed":["Strike_B"],"damage_healed":0,"gold_gain":0,"player_choice":"Card Removal","damage_taken":0,"max_hp_gain":0,"max_hp_loss":0,"event_name":"The Cleric","floor":2,"gold_loss":75},{"damage_healed":0,"gold_gain":0,"player_choice":"Entered Light","damage_taken":21,"max_hp_gain":0,"max_hp_loss":0,"event_name":"Shining Light","floor":7,"gold_loss":0,"cards_upgraded":["Defragment","Defend_B"]},{"damage_healed":0,"gold_gain":0,"player_choice":"Fought Bandits","damage_taken":0,"max_hp_gain":0,"max_hp_loss":0,"event_name":"Masked Bandits","floor":19,"gold_loss":0}],"is_beta":false,"boss_relics":[{"not_picked":["Nuclear Battery","Cursed Key"],"picked":"Philosopher\u0027s Stone"}],"items_purged_floors":[],"is_endless":false,"potions_floor_spawned":[5,12],"killed_by":"Masked Bandits","ascension_level":20}}