{"host":"f5n4tidiz2n5sooh","time":1611576637,"event":{"mods":["BaseMod","Colored Map","Minty Spire (QoL Compilation)","Relic Stats","Slay the Relics Exporter","StSLib"],"gold_per_floor":[114,133,146,163,180,180,52,52,52,95,95,108,146,146,146,242,242,267,267,267,288,301,301,324,324,324],"floor_reached":25,"language":"ENG","playtime":970,"items_purged":["Strike_R"],"score":430,"play_id":"91512d69-7602-46c7-9399-57a78519f019","local_time":"20210125061037","is_ascension_mode":true,"campfire_choices":[{"floor":6,"key":"REST"},{"data":"Feel No Pain","floor":11,"key":"SMITH"},{"data":"Bash","floor":15,"key":"SMITH"},{"floor":23,"key":"REST"}],"circlet_count":0,"master_deck":["AscendersBane","Defend_R","Defend_R","Defend_R","Defend_R","Bash+1","Hemokinesis","Headbutt","Pummel","True Grit","Sever Soul","Feel No Pain+1","Pommel Strike","Whirlwind","Feed","Warcry+1","Heavy Blade+1","Rage+1","Disarm","Writhe"],"relics":["SlaversCollar","Golden Idol","Gremlin Horn","Mango","Astrolabe","Dead Branch","MutagenicStrength"],"acts_visited":["Exordium","TheCity"],"potions_floor_usage":[4,5,12,16,18,24,25],"damage_taken":[{"damage":1,"enemies":"2 Louse","floor":1,"turns":2},{"damage":9,"enemies":"Jaw Worm","floor":2,"turns":2},{"damage":17,"enemies":"Small Slimes","floor":3,"turns":3},{"damage":6,"enemies":"2 Fungi Beasts","floor":4,"turns":3},{"damage":18,"enemies":"Gremlin Gang","floor":5,"turns":5},{"damage":6,"enemies":"Gremlin Nob","floor":10,"turns":3},{"damage":13,"enemies":"Red Slaver","floor":12,"turns":4},{"damage":12,"enemies":"3 Sentries","floor":13,"turns":6},{"damage":34,"enemies":"Slime Boss","floor":16,"turns":9},{"damage":25,"enemies":"2 Thieves","floor":18,"turns":4},{"damage":18,"enemies":"Spheric Guardian","floor":21,"turns":5},{"damage":15,"enemies":"Snake Plant","floor":22,"turns":4},{"damage":35,"enemies":"3 Cultists","floor":24,"turns":6},{"damage":12,"enemies":"Slavers","floor":25,"turns":1}],"seed_played":"-7751179788640169284","potions_obtained":[{"floor":1,"key":"BlessingOfTheForge"},{"floor":2,"key":"GamblersBrew"},{"floor":10,"key":"BloodPotion"},{"floor":16,"key":"ColorlessPotion"},{"floor":18,"key":"Fire Potion"},{"floor":24,"key":"SpeedPotion"}],"is_trial":false,"path_per_floor":["M","M","M","M","M","R","$","?","T","E","R","M","E","?","R","B",null,"M","?","?","M","M","R","M","E"],"character_chosen":"IRONCLAD","items_purchased":["Explosive Potion"],"campfire_rested":2,"item_purchase_floors":[7],"current_hp_per_floor":[67,58,41,35,17,39,39,39,39,33,33,20,22,22,22,4,63,41,41,41,26,11,37,5,0,0],"gold":324,"neow_bonus":"BOSS_RELIC","is_daily":false,"chose_seed":false,"campfire_upgraded":2,"win_rate":0.0,"timestamp":1611576637,"path_taken":["M","M","M","M","M","R","$","?","T","E","R","M","E","?","R","BOSS","M","?","?","M","M","R","?","E"],"items_purchased_type":["Potion"],"build_version":"2020-12-22","purchased_purges":1,"victory":false,"max_hp_per_floor":[75,75,75,75,75,75,75,68,68,68,68,68,82,82,82,82,82,85,85,85,88,88,88,91,91,91],"relic_stats":{"Gremlin Horn":[7,7],"counters":[14,57],"Golden Idol":56,"Astrolabe":["Warcry","Heavy Blade","Rage"],"Dead Branch":[22],"obtain_stats":[{"SlaversCollar":0,"Gremlin Horn":10,"Golden Idol":8,"Astrolabe":17,"Dead Branch":19,"MutagenicStrength":20,"Mango":13,"Burning Blood":0},{"SlaversCollar":0,"Gremlin Horn":6,"Golden Idol":5,"Astrolabe":9,"Dead Branch":10,"MutagenicStrength":10,"Mango":8,"Burning Blood":0},{"SlaversCollar":0,"Gremlin Horn":18,"Golden Idol":15,"Astrolabe":37,"Dead Branch":41,"MutagenicStrength":41,"Mango":28,"Burning Blood":0}]},"card_choices":[{"not_picked":["Evolve","Dark Embrace"],"picked":"Hemokinesis","floor":1},{"not_picked":["Wild Strike","Thunderclap"],"picked":"Headbutt","floor":2},{"not_picked":["Flex","Blood for Blood"],"picked":"Pummel","floor":3},{"not_picked":["Rage","True Grit","Perfected Strike"],"picked":"SKIP","floor":4},{"not_picked":["Rage","Perfected Strike"],"picked":"True Grit","floor":4},{"not_picked":["Body Slam","Warcry"],"picked":"Sever Soul","floor":5},{"not_picked":["Metallicize","Dropkick"],"picked":"Feel No Pain","floor":10},{"not_picked":["Wild Strike","Seeing Red"],"picked":"Pommel Strike","floor":12},{"not_picked":["Hemokinesis","Infernal Blade","Berserk"],"picked":"SKIP","floor":13},{"not_picked":["Impervious","Demon Form"],"picked":"Feed","floor":16},{"not_picked":["Anger","Havoc+1"],"picked":"Disarm","floor":18},{"not_picked":["Flex","Cleave+1","Twin Strike"],"picked":"SKIP","floor":21},{"not_picked":["Dropkick","Body Slam","Anger"],"picked":"SKIP","floor":22},{"not_picked":["Combust","Warcry","Havoc"],"picked":"SKIP","floor":24}],"player_experience":2027231,"relics_obtained":[{"floor":10,"key":"Gremlin Horn"},{"floor":13,"key":"Mango"}],"event_choices":[{"damage_healed":0,"gold_gain":0,"player_choice":"Lose Max HP","damage_taken":0,"relics_obtained":["Golden Idol"],"max_hp_gain":0,"max_hp_loss":7,"event_name":"Golden Idol","floor":8,"gold_loss":0},{"damage_healed":0,"gold_gain":0,"cards_transformed":["Strike_R"],"player_choice":"Change","damage_taken":0,"max_hp_gain":0,"max_hp_loss":0,"event_name":"Living Wall","floor":14,"gold_loss":0,"cards_obtained":["Whirlwind"]},{"damage_healed":0,"gold_gain":0,"player_choice":"Opened","damage_taken":0,"relics_obtained":["Dead Branch"],"max_hp_gain":0,"max_hp_loss":0,"event_name":"The Mausoleum","floor":19,"gold_loss":0,"cards_obtained":["Writhe"]},{"damage_healed":0,"gold_gain":0,"player_choice":"Inject Mutagens","damage_taken":0,"relics_obtained":["MutagenicStrength"],"max_hp_gain":0,"max_hp_loss":0,"event_name":"Drug Dealer","floor":20,"gold_loss":0}],"is_beta":false,"boss_relics":[{"not_picked":["Fusion Hammer","Mark of Pain"],"picked":"Astrolabe"}],"items_purged_floors":[7],"is_endless":false,"potions_floor_spawned":[1,2,10,16,18,24],"killed_by":"Slavers","ascension_level":20}}