{"host":"gobyjzz6xbwq9f9i","time":1611556135,"event":{"mods":["AchievementEnabler","BaseMod","Bestiary","Colored Map","Minty Spire (QoL Compilation)"],"gold_per_floor":[112,112,132,148,148,148,176,176,176,191,191,221,233,233,233,233,233],"floor_reached":16,"language":"ENG","playtime":445,"items_purged":[],"score":165,"play_id":"6ad2a347-0aba-4695-849f-9aeb7e8fd55a","local_time":"20210124222855","is_ascension_mode":true,"campfire_choices":[{"data":"Quick Slash","floor":6,"key":"SMITH"},{"data":"Neutralize","floor":8,"key":"SMITH"},{"data":"Blade Dance","floor":11,"key":"SMITH"},{"data":"Skewer","floor":15,"key":"SMITH"}],"circlet_count":0,"master_deck":["AscendersBane","Strike_G","Strike_G","Strike_G","Strike_G","Strike_G","Defend_G","Defend_G","Defend_G","Defend_G","Defend_G","Survivor","Neutralize+1","Quick Slash+1","Dagger Spray+1","Blade Dance","Backstab","Blade Dance+1","Skewer+1"],"relics":["Ring of the Snake","Darkstone Periapt","Mummified Hand","Bottled Flame"],"acts_visited":["Exordium"],"potions_floor_usage":[7,12,16,16],"damage_taken":[{"damage":2,"enemies":"2 Louse","floor":1,"turns":3},{"damage":7,"enemies":"Small Slimes","floor":3,"turns":3},{"damage":6,"enemies":"Jaw Worm","floor":4,"turns":5},{"damage":19,"enemies":"Gremlin Nob","floor":7,"turns":4},{"damage":0,"enemies":"Large Slime","floor":10,"turns":4},{"damage":12,"enemies":"Lagavulin","floor":12,"turns":5},{"damage":13,"enemies":"Exordium Thugs","floor":13,"turns":4},{"damage":10,"enemies":"Slime Boss","floor":16,"turns":5}],"seed_played":"-2440463944842549897","potions_obtained":[{"floor":0,"key":"PowerPotion"},{"floor":0,"key":"Weak Potion"},{"floor":0,"key":"SpeedPotion"},{"floor":1,"key":"DuplicationPotion"},{"floor":7,"key":"Explosive Potion"},{"floor":12,"key":"Dexterity Potion"}],"is_trial":false,"path_per_floor":["M","?","M","M","?","R","E","R","T","M","R","E","M","?","R","B"],"character_chosen":"THE_SILENT","items_purchased":[],"campfire_rested":0,"item_purchase_floors":[],"current_hp_per_floor":[61,61,54,48,48,48,29,29,29,29,29,17,4,4,4,0,0],"gold":233,"neow_bonus":"THREE_SMALL_POTIONS","is_daily":false,"chose_seed":false,"campfire_upgraded":4,"win_rate":0.0,"timestamp":1611556135,"path_taken":["M","?","M","M","?","R","E","R","T","M","R","E","M","?","R","BOSS"],"items_purchased_type":[],"build_version":"2020-12-22","purchased_purges":0,"victory":false,"max_hp_per_floor":[70,70,70,70,70,70,70,70,70,70,70,70,70,70,70,70,70],"card_choices":[{"not_picked":["Slice","Crippling Poison"],"picked":"Quick Slash","floor":1},{"not_picked":["Poisoned Stab","Deflect"],"picked":"Dagger Spray","floor":3},{"not_picked":["PiercingWail","Choke"],"picked":"Blade Dance","floor":4},{"not_picked":["Sucker Punch","Dagger Spray"],"picked":"Backstab","floor":7},{"not_picked":["Deflect","Heel Hook"],"picked":"Blade Dance","floor":10},{"not_picked":["Dash","Setup"],"picked":"Skewer","floor":12},{"not_picked":["Outmaneuver","Underhanded Strike","Quick Slash"],"picked":"SKIP","floor":13}],"player_experience":1164943,"relics_obtained":[{"floor":7,"key":"Darkstone Periapt"},{"floor":9,"key":"Mummified Hand"},{"floor":12,"key":"Bottled Flame"}],"event_choices":[{"damage_healed":0,"gold_gain":0,"player_choice":"Ignored","damage_taken":0,"max_hp_gain":0,"max_hp_loss":0,"event_name":"Liars Game","floor":2,"gold_loss":0},{"damage_healed":0,"gold_gain":0,"player_choice":"Grow","damage_taken":0,"max_hp_gain":0,"max_hp_loss":0,"event_name":"Living Wall","floor":5,"gold_loss":0,"cards_upgraded":["Dagger Spray"]},{"damage_healed":0,"gold_gain":0,"player_choice":"Ignored","damage_taken":0,"max_hp_gain":0,"max_hp_loss":0,"event_name":"Shining Light","floor":14,"gold_loss":0}],"is_beta":false,"boss_relics":[],"items_purged_floors":[],"is_endless":false,"potions_floor_spawned":[1,7,12],"killed_by":"Slime Boss","ascension_level":10}}