{"host":"aj7el8l5kufbk20z","time":1611556005,"event":{"mods":["AchievementEnabler","BaseMod","Colored Map","Colored Powertips","Curses Come First","Highlight Path","Minty Spire (QoL Compilation)","Permanent Neow","Poor People Problems","Quick Restart","Rare Cards Sparkle","Relic Stats","StSLib","SuperFastMode","Waifu the Spire"],"gold_per_floor":[119,136,55,68,102,102,102,102,129,147,147,147,147,167,167,167,167],"floor_reached":16,"language":"ZHS","playtime":342,"items_purged":["Strike_R"],"score":158,"play_id":"b579223e-a00f-4f06-bbd7-6b2807f5f4b0","local_time":"20210125142645","is_ascension_mode":true,"campfire_choices":[{"data":"Heavy Blade","floor":6.0,"key":"SMITH"},{"data":"Spot Weakness","floor":8.0,"key":"SMITH"},{"data":"Body Slam","floor":12.0,"key":"SMITH"},{"data":"Flame Barrier","floor":15.0,"key":"SMITH"}],"circlet_count":0,"master_deck":["AscendersBane","Strike_R","Strike_R","Strike_R","Strike_R","Defend_R","Defend_R","Defend_R","Defend_R","Bash","Spot Weakness+1","Iron Wave","Flame Barrier+1","Heavy Blade+1","Ghostly Armor","Injury","Body Slam+1","Regret"],"relics":["Burning Blood","NeowsBlessing","Juzu Bracelet","Lantern","Golden Idol","Bronze Scales","Centennial Puzzle","Bag of Preparation"],"acts_visited":["Exordium"],"potions_floor_usage":[],"damage_taken":[{"damage":0.0,"enemies":"Jaw Worm","floor":1.0,"turns":1.0},{"damage":0.0,"enemies":"Small Slimes","floor":2.0,"turns":1.0},{"damage":0.0,"enemies":"2 Louse","floor":4.0,"turns":1.0},{"damage":1.0,"enemies":"Looter","floor":10.0,"turns":3.0},{"damage":3.0,"enemies":"Gremlin Gang","floor":14.0,"turns":5.0},{"damage":0,"enemies":"Hexaghost","floor":16,"turns":1}],"seed_played":"-6623644494402208105","potions_obtained":[{"floor":1.0,"key":"LiquidBronze"},{"floor":2.0,"key":"ColorlessPotion"}],"is_trial":false,"path_per_floor":["M","M","$","M","$","R","?","R","T","M","?","R","?","M","R","B"],"character_chosen":"IRONCLAD","items_purchased":["Flame Barrier","AttackPotion","Juzu Bracelet","Ghostly Armor","Lantern"],"campfire_rested":0,"item_purchase_floors":[3,5,5,5,5],"current_hp_per_floor":[74,75,75,75,75,75,75,75,75,75,75,75,64,67,67,67,67],"gold":167,"neow_bonus":"THREE_ENEMY_KILL","is_daily":false,"chose_seed":false,"campfire_upgraded":4,"win_rate":0.0,"timestamp":1611556005,"path_taken":["M","M","$","M","$","R","?","R","T","M","?","R","?","M","R","BOSS"],"items_purchased_type":["Card","Potion","Relic","Card","Relic"],"build_version":"2020-12-22","purchased_purges":1,"victory":false,"max_hp_per_floor":[75,75,75,75,75,75,75,75,75,75,75,75,75,75,75,75,75],"relic_stats":{"Centennial Puzzle":[3],"counters":[6,12],"Golden Idol":8,"Bronze Scales":[18],"Juzu Bracelet":0,"Bag of Preparation":[4],"obtain_stats":[{"Lantern":5,"Centennial Puzzle":11,"NeowsBlessing":0,"Golden Idol":7,"Bronze Scales":9,"Juzu Bracelet":5,"Bag of Preparation":13,"Burning Blood":0},{"Lantern":3,"Centennial Puzzle":4,"NeowsBlessing":0,"Golden Idol":3,"Bronze Scales":3,"Juzu Bracelet":3,"Bag of Preparation":4,"Burning Blood":0},{"Lantern":3,"Centennial Puzzle":6,"NeowsBlessing":0,"Golden Idol":3,"Bronze Scales":3,"Juzu Bracelet":3,"Bag of Preparation":6,"Burning Blood":0}],"Burning Blood":14},"card_choices":[{"not_picked":["Uppercut","Sentinel"],"picked":"Spot Weakness","floor":1.0},{"not_picked":["Clash","Rupture"],"picked":"Iron Wave","floor":2.0},{"not_picked":["Sever Soul","Whirlwind"],"picked":"Heavy Blade","floor":4.0},{"not_picked":["True Grit","Headbutt"],"picked":"Body Slam","floor":10.0},{"not_picked":["Clothesline","Perfected Strike","Anger"],"picked":"SKIP","floor":14.0}],"player_experience":382271,"relics_obtained":[{"floor":9.0,"key":"Bronze Scales"}],"event_choices":[{"damage_healed":0.0,"max_hp_gain":0.0,"max_hp_loss":0.0,"gold_gain":0.0,"event_name":"Golden Idol","player_choice":"Take Wound","floor":7.0,"gold_loss":0.0,"damage_taken":0.0,"relics_obtained":["Golden Idol"],"cards_obtained":["Injury"]},{"damage_healed":0.0,"max_hp_gain":0.0,"max_hp_loss":0.0,"gold_gain":0.0,"event_name":"Big Fish","player_choice":"Box","floor":11.0,"gold_loss":0.0,"damage_taken":0.0,"relics_obtained":["Centennial Puzzle"],"cards_obtained":["Regret"]},{"damage_healed":0.0,"max_hp_gain":0.0,"max_hp_loss":0.0,"gold_gain":0.0,"event_name":"Scrap Ooze","player_choice":"Success","floor":13.0,"gold_loss":0.0,"damage_taken":11.0,"relics_obtained":["Bag of Preparation"]}],"is_beta":false,"boss_relics":[],"items_purged_floors":[5],"is_endless":false,"potions_floor_spawned":[1,2],"killed_by":"Hexaghost","ascension_level":15}}