{"host":"y5qp6htmbma6fehg","time":1611579085,"event":{"mods":["Arknights The Spire","BaseMod","Hero for Fun","Minty Spire (QoL Compilation)","StSLib"],"gold_per_floor":[21,171,182,2,2,37,83,113,113,148,148,167,199,212,212,289,289,308,328,344,21,34,67,67,95,149,184,184,212,240,20,20,91,91,108,119,134,148,163,193,193,226,226,257,257,282,310,310,310,386,462,462,476,476,476,489,532,532,567,606,632,651,691,233,72,107,107,205,205,205],"floor_reached":69,"language":"ZHS","playtime":788,"items_purged":["Writhe"],"score":5124,"play_id":"9a1a8f14-7fdf-49c3-8bfe-6018b13322f4","local_time":"20210125205125","daily_mods":["DeadlyEvents","Cursed Run","Elite Swarm"],"is_ascension_mode":true,"campfire_choices":[{"data":"Serious_Punch","floor":11,"key":"SMITH"},{"floor":15,"key":"REST"},{"data":"ats:Disruption Kick","floor":28,"key":"SMITH"},{"data":"ats:Shadow Assault","floor":32,"key":"SMITH"},{"data":"ats:Dogmatic Field","floor":41,"key":"SMITH"},{"data":"Serious_Punch","floor":49,"key":"SMITH"},{"data":"Serious_Punch","floor":58,"key":"SMITH"},{"data":"ats:Dogmatic Field","floor":67,"key":"SMITH"}],"circlet_count":0,"master_deck":["AscendersBane","Consecutive_Normal_Punch","Doubt","Consecutive_Normal_Punch","Hop","Hip_Strike","Clumsy","Serious_Punch+1","Normality","Get_Hopes_Up+1","Toss_Stone","Serious_Punch+1","Normal_Punch","Clumsy","Serious_Punch+1","Toss_Stone","Slap+1","Hip_Strike","JustLucky+1","ats:Disruption Kick+1","ats:Shadow Assault+1","Regret","Scrawl+1","Reaper","Shame","ats:Dogmatic Field+1","Shame","Apotheosis+1","Finesse+1","Trip+1","Clumsy","Shame","Reaper","Pain","Oh","Consecutive_Normal_Punch","Yawn+1","Hop+1","Wear_Disguise","Side_Hop+1","Hip_Strike","Hip_Strike","Hip_Strike","Toss_Stone","ats:Durian+1","Limit Break+1","Feed","Master of Strategy+1","ats:Dogmatic Field+1"],"relics":["Cursed Key","Darkstone Periapt","Du-Vu Doll","Membership Card","Boot","CaptainsWheel","Ancient Tea Set","Potion Belt","Toxic Egg 2","StoneCalendar","Toy Ornithopter","Philosopher\u0027s Stone","PrismaticShard","Pocketwatch","Sundial","Bronze Scales","Happy Flower","Lizard Tail","White Beast Statue","Tiny Chest","Lee\u0027s Waffle","Bottled Lightning","Runic Dome","InkBottle","StrikeDummy","Ornamental Fan","Smiling Mask","WingedGreaves","Oddly Smooth Stone","Mummified Hand","Pandora\u0027s Box","Golden Idol","Girya","Omamori","Gremlin Horn","Anchor","Medical Kit","Pen Nib","Cauldron","SlaversCollar"],"acts_visited":["Exordium","TheCity","TheBeyond","Exordium","TheCity"],"potions_floor_usage":[65],"damage_taken":[{"damage":0,"enemies":"2 Louse","floor":1,"turns":1},{"damage":0,"enemies":"Jaw Worm","floor":3,"turns":1},{"damage":0,"enemies":"Lagavulin","floor":6,"turns":1},{"damage":0,"enemies":"3 Sentries","floor":8,"turns":1},{"damage":0,"enemies":"Gremlin Nob","floor":10,"turns":1},{"damage":0,"enemies":"Small Slimes","floor":12,"turns":1},{"damage":0,"enemies":"Lagavulin","floor":13,"turns":1},{"damage":0,"enemies":"3 Louse","floor":14,"turns":1},{"damage":0,"enemies":"The Guardian","floor":16,"turns":1},{"damage":0,"enemies":"Chosen","floor":18,"turns":1},{"damage":0,"enemies":"2 Thieves","floor":19,"turns":1},{"damage":0,"enemies":"Snake Plant","floor":20,"turns":1},{"damage":0,"enemies":"Centurion and Healer","floor":22,"turns":1},{"damage":0,"enemies":"Book of Stabbing","floor":23,"turns":1},{"damage":0,"enemies":"Slavers","floor":25,"turns":1},{"damage":0,"enemies":"Book of Stabbing","floor":27,"turns":1},{"damage":0,"enemies":"Gremlin Leader","floor":29,"turns":1},{"damage":0,"enemies":"Slavers","floor":30,"turns":1},{"damage":0,"enemies":"Automaton","floor":33,"turns":1},{"damage":0,"enemies":"Orb Walker","floor":35,"turns":1},{"damage":0,"enemies":"3 Darklings","floor":36,"turns":1},{"damage":0,"enemies":"Maw","floor":37,"turns":1},{"damage":0,"enemies":"Spire Growth","floor":38,"turns":1},{"damage":0,"enemies":"Sphere and 2 Shapes","floor":39,"turns":1},{"damage":0,"enemies":"Reptomancer","floor":40,"turns":1},{"damage":0,"enemies":"Giant Head","floor":42,"turns":1},{"damage":0,"enemies":"Reptomancer","floor":44,"turns":1},{"damage":0,"enemies":"Mind Bloom Boss Battle","floor":46,"turns":1},{"damage":0,"enemies":"Nemesis","floor":47,"turns":1},{"damage":0,"enemies":"Donu and Deca","floor":50,"turns":1},{"damage":0,"enemies":"Time Eater","floor":51,"turns":1},{"damage":0,"enemies":"Cultist","floor":53,"turns":1},{"damage":0,"enemies":"Jaw Worm","floor":56,"turns":1},{"damage":0,"enemies":"Lagavulin","floor":57,"turns":1},{"damage":0,"enemies":"Gremlin Nob","floor":59,"turns":1},{"damage":0,"enemies":"3 Sentries","floor":60,"turns":1},{"damage":0,"enemies":"2 Louse","floor":62,"turns":1},{"damage":0,"enemies":"Lagavulin","floor":63,"turns":1},{"damage":0,"enemies":"3 Sentries","floor":66,"turns":1},{"damage":0,"enemies":"The Guardian","floor":68,"turns":1}],"seed_played":"-6539146909185412737","potions_obtained":[{"floor":3,"key":"SpeedPotion"},{"floor":6,"key":"PowerPotion"},{"floor":20,"key":"EntropicBrew"},{"floor":23,"key":"Block Potion"},{"floor":65,"key":"Fruit Juice"},{"floor":65,"key":"AttackPotion"}],"is_trial":true,"path_per_floor":["M","?","M","$","?","E","T","E","T","E","R","M","E","M","R","B",null,"M","M","M","$","M","E","?","E","T","E","R","E","E","$","R","B",null,"M","M","M","M","M","E","R","E","T","E","?","?","E","T","R","B","B",null,"M","?","?","M","E","R","E","E","T","M","E","$","$","E","R","B",null],"character_chosen":"OPM","items_purchased":["Membership Card","Hop","PrismaticShard","Pocketwatch","Hip_Strike","Lee\u0027s Waffle","Bottled Lightning","Gremlin Horn","Anchor","Medical Kit","Master of Strategy+1","Pen Nib","Cauldron"],"campfire_rested":1,"item_purchase_floors":[4,4,21,21,21,31,31,64,64,64,64,65,65],"current_hp_per_floor":[896,902,902,902,902,902,908,908,914,914,914,914,914,914,1013,1019,1019,1019,1019,1019,1019,1019,1019,1019,1019,1025,1025,1025,1025,1025,1032,1032,1038,1038,1038,1038,1038,1038,1038,1038,1038,1038,1044,1044,1044,1044,1044,1050,1050,1056,1062,1062,1062,1062,1062,1062,1062,1062,1062,1062,1068,1068,1068,1068,1073,1073,1073,1073,1073,1073],"gold":205,"neow_bonus":"","is_daily":false,"chose_seed":false,"campfire_upgraded":7,"win_rate":0.0,"timestamp":1611579085,"path_taken":["M","?","M","$","?","E","?","E","T","E","R","M","E","M","R","BOSS","M","M","M","$","?","E","?","E","T","E","R","E","?","?","R","BOSS","M","M","M","M","M","E","R","E","T","E","?","?","E","?","R","BOSS","BOSS","M","?","?","?","?","R","E","E","T","M","E","$","$","?","R","BOSS"],"items_purchased_type":["Relic","Card","Relic","Relic","Card","Relic","Relic","Relic","Relic","Relic","Card","Relic","Relic"],"build_version":"2020-12-22","purchased_purges":1,"victory":false,"max_hp_per_floor":[995,1001,1001,1001,1001,1001,1007,1007,1013,1013,1013,1013,1013,1013,1013,1019,1019,1019,1019,1019,1019,1019,1019,1019,1019,1025,1025,1025,1025,1025,1032,1032,1038,1038,1038,1038,1038,1038,1038,1038,1038,1038,1044,1044,1044,1044,1044,1050,1050,1056,1062,1062,1062,1062,1062,1062,1062,1062,1062,1062,1068,1068,1068,1068,1073,1073,1073,1073,1073,1073],"card_choices":[{"not_picked":["Slap","Do_Nothing"],"picked":"Consecutive_Normal_Punch","floor":1},{"not_picked":["Normal_Punch","Wear_Disguise"],"picked":"Consecutive_Normal_Punch","floor":3},{"not_picked":["Terrifying_Presence","Serious_Side_Hops"],"picked":"Hip_Strike","floor":6},{"not_picked":["Hip_Strike","Get_Hopes_Up"],"picked":"Serious_Punch","floor":8},{"not_picked":["Serious_Punch","Terrifying_Presence"],"picked":"Get_Hopes_Up+1","floor":10},{"not_picked":["Consecutive_Normal_Punch","Side_Hop+1"],"picked":"Toss_Stone","floor":12},{"not_picked":["Oh","Serious_Side_Hops+1"],"picked":"Serious_Punch","floor":13},{"not_picked":["Hop+1","Side_Hop+1"],"picked":"Normal_Punch","floor":14},{"not_picked":["Hip_Strike","Oh"],"picked":"Serious_Punch","floor":16},{"not_picked":["Hop+1","Side_Hop+1","Yawn+1"],"picked":"SKIP","floor":18},{"not_picked":["Hop+1","Do_Nothing+1"],"picked":"Toss_Stone","floor":19},{"not_picked":["Side_Hop+1","Yawn+1"],"picked":"Slap+1","floor":20},{"not_picked":["Yawn+1","Perseverance+1"],"picked":"JustLucky+1","floor":22},{"not_picked":["The Bomb+1","Thinking Ahead+1"],"picked":"ats:Disruption Kick","floor":23},{"not_picked":["Thinking Ahead+1","After Image"],"picked":"ats:Shadow Assault","floor":25},{"not_picked":["Corruption","Buffer"],"picked":"Scrawl+1","floor":27},{"not_picked":["Secret Weapon+1","Panache"],"picked":"Reaper","floor":29},{"not_picked":["Buffer","Double Tap+1","ats:Volcano"],"picked":"SKIP","floor":30},{"not_picked":["ats:Hook Shot+1","ats:Guard Mode+1","Flying Knee"],"picked":"SKIP","floor":35},{"not_picked":["Sucker Punch","Storm","Protect+1"],"picked":"SKIP","floor":36},{"not_picked":["Clash","Blade Dance+1","ClearTheMind+1"],"picked":"SKIP","floor":37},{"not_picked":["ats:Encircling Forest+1","Escape Plan+1","Perfected Strike"],"picked":"SKIP","floor":38},{"not_picked":["Turbo+1","Gash","Blade Dance+1"],"picked":"SKIP","floor":39},{"not_picked":["Tools of the Trade","ats:Calcification+1"],"picked":"ats:Dogmatic Field","floor":40},{"not_picked":["Venomology+1","Hip_Strike","Mayhem"],"picked":"SKIP","floor":42},{"not_picked":["A Thousand Cuts","Brilliance","Demon Form"],"picked":"SKIP","floor":44},{"not_picked":["Forethought+1","Dramatic Entrance"],"picked":"Apotheosis+1","floor":45},{"not_picked":["Mayhem","Swift Strike"],"picked":"Finesse+1","floor":45},{"not_picked":["Bandage Up+1","Madness+1"],"picked":"Trip+1","floor":45},{"not_picked":["Rainbow+1","Get_Hopes_Up+1","ats:Volcano"],"picked":"SKIP","floor":47},{"not_picked":["Corruption","Malaise+1"],"picked":"Reaper","floor":50},{"not_picked":["A Thousand Cuts","Impervious+1"],"picked":"Oh","floor":51},{"not_picked":["Catalyst+1","Blade Dance+1","Warcry+1"],"picked":"SKIP","floor":53},{"not_picked":["Turbo+1","Fasting2","ats:Guard Mode+1"],"picked":"SKIP","floor":56},{"not_picked":["Grand Finale","ats:Roar Of Ursus"],"picked":"ats:Durian+1","floor":57},{"not_picked":["ats:True Silver Slash","Juggernaut"],"picked":"Limit Break+1","floor":59},{"not_picked":["LessonLearned","Demon Form"],"picked":"Feed","floor":60},{"not_picked":["Concentrate+1","Iron Wave","FTL"],"picked":"SKIP","floor":62},{"not_picked":["Wish+1","Doppelganger+1","Meteor Strike"],"picked":"SKIP","floor":63},{"not_picked":["Burst+1","The Bomb+1"],"picked":"ats:Dogmatic Field","floor":66}],"player_experience":225960,"relics_obtained":[{"floor":6,"key":"CaptainsWheel"},{"floor":7,"key":"Ancient Tea Set"},{"floor":8,"key":"Potion Belt"},{"floor":9,"key":"Toxic Egg 2"},{"floor":10,"key":"StoneCalendar"},{"floor":13,"key":"Toy Ornithopter"},{"floor":23,"key":"Sundial"},{"floor":25,"key":"Bronze Scales"},{"floor":26,"key":"Happy Flower"},{"floor":27,"key":"Lizard Tail"},{"floor":29,"key":"White Beast Statue"},{"floor":30,"key":"Tiny Chest"},{"floor":40,"key":"InkBottle"},{"floor":42,"key":"StrikeDummy"},{"floor":43,"key":"Ornamental Fan"},{"floor":44,"key":"Smiling Mask"},{"floor":46,"key":"WingedGreaves"},{"floor":47,"key":"Oddly Smooth Stone"},{"floor":48,"key":"Mummified Hand"},{"floor":61,"key":"Omamori"}],"event_choices":[{"damage_healed":0,"gold_gain":150,"player_choice":"AGREE","damage_taken":0,"max_hp_gain":0,"max_hp_loss":0,"event_name":"Liars Game","floor":2,"gold_loss":0,"cards_obtained":["Doubt"]},{"damage_healed":0,"gold_gain":0,"player_choice":"Success","damage_taken":5,"relics_obtained":["Boot"],"max_hp_gain":0,"max_hp_loss":0,"event_name":"Scrap Ooze","floor":5,"gold_loss":0},{"cards_removed":["Strike_Y"],"damage_healed":0,"gold_gain":0,"player_choice":"Purged","damage_taken":0,"max_hp_gain":0,"max_hp_loss":0,"event_name":"Purifier","floor":24,"gold_loss":0},{"damage_healed":0,"gold_gain":0,"player_choice":"Memory 3","damage_taken":10,"max_hp_gain":0,"max_hp_loss":0,"event_name":"SensoryStone","floor":45,"gold_loss":0},{"damage_healed":0,"gold_gain":0,"player_choice":"Fight","damage_taken":0,"max_hp_gain":0,"max_hp_loss":0,"event_name":"MindBloom","floor":46,"gold_loss":0},{"damage_healed":0,"gold_gain":0,"player_choice":"Take Damage","damage_taken":371,"relics_obtained":["Golden Idol"],"max_hp_gain":0,"max_hp_loss":0,"event_name":"Golden Idol","floor":54,"gold_loss":0},{"damage_healed":0,"gold_gain":0,"player_choice":"Success","damage_taken":26,"relics_obtained":["Girya"],"max_hp_gain":0,"max_hp_loss":0,"event_name":"Scrap Ooze","floor":55,"gold_loss":0}],"is_beta":false,"boss_relics":[{"not_picked":["SacredBark","Ectoplasm"],"picked":"Philosopher\u0027s Stone"},{"not_picked":["Fusion Hammer","Snecko Eye"],"picked":"Runic Dome"},{"not_picked":["SlaversCollar","Astrolabe"],"picked":"Pandora\u0027s Box"},{"not_picked":["Tiny House","Busted Crown"],"picked":"SlaversCollar"}],"items_purged_floors":[64],"is_endless":true,"potions_floor_spawned":[3,6,20,23,27,30,33,35,36,37,38,39,40,42,44,46,47,50,51,53,56,57,59,60,62,63,66,68],"ascension_level":20}}