{"host":"ELF","time":1611562454,"event":{"mods":["BaseMod","Bestiary","Minty Spire (QoL Compilation)","Relic Stats","Slay the Relics Exporter"],"gold_per_floor":[113,113,113,128,128,159,176,176,176,196,196,209,238,253,253,253,253],"floor_reached":16,"language":"ENG","playtime":421,"items_purged":[],"score":267,"play_id":"535744c4-19c6-4892-9bf5-3c7cbd620890","local_time":"20210125021414","is_ascension_mode":true,"campfire_choices":[{"data":"Dark Embrace","floor":8.0,"key":"SMITH"},{"floor":11.0,"key":"REST"},{"floor":15.0,"key":"REST"}],"circlet_count":0,"master_deck":["AscendersBane","Strike_R","Strike_R","Strike_R","Strike_R","Defend_R","Defend_R","Defend_R","Defend_R","Bash+1","Anger","Double Tap","Cleave+1","Dark Embrace+1","Ghostly Armor","Rupture"],"relics":["Burning Blood","NeowsBlessing","Red Skull","The Courier","Blue Candle"],"acts_visited":["Exordium"],"potions_floor_usage":[16],"damage_taken":[{"damage":0.0,"enemies":"Cultist","floor":1.0,"turns":1.0},{"damage":0.0,"enemies":"Small Slimes","floor":4.0,"turns":1.0},{"damage":0.0,"enemies":"Lagavulin","floor":6.0,"turns":1.0},{"damage":12.0,"enemies":"Jaw Worm","floor":7.0,"turns":4.0},{"damage":17.0,"enemies":"Lots of Slimes","floor":10.0,"turns":4.0},{"damage":9.0,"enemies":"2 Fungi Beasts","floor":12.0,"turns":2.0},{"damage":36.0,"enemies":"Gremlin Nob","floor":13.0,"turns":4.0},{"damage":20.0,"enemies":"3 Louse","floor":14.0,"turns":3.0},{"damage":42,"enemies":"Hexaghost","floor":16,"turns":7}],"seed_played":"-9136025827359541345","potions_obtained":[{"floor":4.0,"key":"Ancient Potion"},{"floor":7.0,"key":"SteroidPotion"},{"floor":12.0,"key":"FearPotion"}],"is_trial":false,"path_per_floor":["M","?","?","M","?","E","M","R","T","M","R","M","E","M","R","B"],"character_chosen":"IRONCLAD","items_purchased":[],"campfire_rested":2,"item_purchase_floors":[],"current_hp_per_floor":[74,67,67,73,50,56,50,50,50,39,61,58,28,14,36,0,0],"gold":253,"neow_bonus":"THREE_ENEMY_KILL","is_daily":false,"chose_seed":false,"campfire_upgraded":1,"win_rate":0.0,"timestamp":1611562454,"path_taken":["M","?","?","?","?","E","M","R","T","M","R","M","E","M","R","BOSS"],"items_purchased_type":[],"build_version":"2020-12-18","purchased_purges":0,"victory":false,"max_hp_per_floor":[75,75,75,75,75,75,75,75,75,75,75,75,75,75,75,75,75],"relic_stats":{"counters":[9,27],"Blue Candle":[1],"obtain_stats":[{"NeowsBlessing":0,"Blue Candle":13,"The Courier":9,"Burning Blood":0,"Red Skull":6},{"NeowsBlessing":0,"Blue Candle":7,"The Courier":4,"Burning Blood":0,"Red Skull":3},{"NeowsBlessing":0,"Blue Candle":17,"The Courier":7,"Burning Blood":0,"Red Skull":3}],"Burning Blood":48},"card_choices":[{"not_picked":["True Grit","Shrug It Off"],"picked":"Anger","floor":1.0},{"not_picked":["Blood for Blood","Perfected Strike"],"picked":"Cleave","floor":4.0},{"not_picked":["Cleave","Iron Wave"],"picked":"Dark Embrace","floor":6.0},{"not_picked":["True Grit","Twin Strike"],"picked":"Ghostly Armor","floor":7.0},{"not_picked":["Armaments","Whirlwind","Anger"],"picked":"SKIP","floor":10.0},{"not_picked":["Perfected Strike","Searing Blow","Cleave"],"picked":"SKIP","floor":12.0},{"not_picked":["Wild Strike","Flame Barrier"],"picked":"Rupture","floor":13.0},{"not_picked":["Body Slam","Metallicize","Perfected Strike"],"picked":"SKIP","floor":14.0}],"player_experience":3267309,"relics_obtained":[{"floor":6.0,"key":"Red Skull"},{"floor":9.0,"key":"The Courier"},{"floor":13.0,"key":"Blue Candle"}],"event_choices":[{"cards_removed":["Strike_R"],"damage_healed":0.0,"max_hp_gain":0.0,"max_hp_loss":0.0,"gold_gain":0.0,"event_name":"Golden Wing","player_choice":"Card Removal","floor":2.0,"gold_loss":0.0,"damage_taken":7.0},{"damage_healed":0.0,"max_hp_gain":0.0,"max_hp_loss":0.0,"gold_gain":0.0,"event_name":"Match and Keep!","player_choice":"1 cards matched","floor":3.0,"gold_loss":0.0,"damage_taken":0.0,"cards_obtained":["Double Tap"]},{"damage_healed":0.0,"max_hp_gain":0.0,"max_hp_loss":0.0,"gold_gain":0.0,"event_name":"Shining Light","player_choice":"Entered Light","floor":5.0,"gold_loss":0.0,"damage_taken":23.0,"cards_upgraded":["Bash","Cleave"]}],"is_beta":true,"boss_relics":[],"items_purged_floors":[],"is_endless":false,"potions_floor_spawned":[4,7,12],"killed_by":"Hexaghost","ascension_level":19}}