{"host":"6r9t33axn0fzb9aq","time":1611604678,"event":{"mods":["Aspiration","BaseMod","Better Altar","Better Match","Better Note","Better Third Choice","CatGirl Mod","Clockwork Mod","Colored Map","Colored Powertips","Conspire","Curses Come First","Custom Start","Energized Spire","Halation","Hubris","Infinite Spire","Marisa????????","Minty Spire (QoL Compilation)","Onozuka Komachi Mod","Poor People Problems","Reliquary","Remilia??????","Replay The Spire","Reworked Bosses","Shade Mod","Spicy Shops","Spire Arcade","StSLib","The Blue Laboratory","The Death Knight","The Hierophant","The Marked","The Necromancer","The Servant 0.9.4","TheHero","Trackpad","Waifu the Spire","Wandering Minibosses"],"gold_per_floor":[118,135,150,150,80,110,121,132,157,157,173,196,196,215,215,325,325,372,374,374],"floor_reached":19,"language":"ENG","playtime":825,"items_purged":[],"score":173,"play_id":"52bb12f2-9750-48e0-be0f-574bdb9a6c29","local_time":"20210125195758","is_ascension_mode":false,"campfire_choices":[{"floor":10.0,"key":"REST"},{"floor":13.0,"key":"REST"},{"floor":15.0,"key":"REST"}],"circlet_count":0,"master_deck":["Strike_B","Strike_B","Strike_B","Strike_B","Defend_B","Defend_B","Defend_B","Defend_B","Zap","Dualcast","Tempest","Storm","Leap","FIFO Queue","Loop","Conserve Battery","Consume","Barrage","Amplify","Crystallizer"],"relics":["Cracked Core","Smiling Mask","Ancient Tea Set","halation:IllGainedPizza","energizedSpire:UnstableMolecules"],"acts_visited":["Exordium","TheCity"],"potions_floor_usage":[],"damage_taken":[{"damage":3.0,"enemies":"Small Slimes","floor":1.0,"turns":3.0},{"damage":0.0,"enemies":"2 Louse","floor":2.0,"turns":2.0},{"damage":0.0,"enemies":"conspire:RoseBush","floor":3.0,"turns":3.0},{"damage":40.0,"enemies":"Gremlin Nob","floor":6.0,"turns":5.0},{"damage":19.0,"enemies":"Large Slime","floor":7.0,"turns":7.0},{"damage":8.0,"enemies":"Red Slaver","floor":8.0,"turns":4.0},{"damage":0.0,"enemies":"conspire:2 RoseBushes","floor":11.0,"turns":4.0},{"damage":2.0,"enemies":"Blue Slaver","floor":12.0,"turns":4.0},{"damage":11.0,"enemies":"Looter","floor":14.0,"turns":3.0},{"damage":23.0,"enemies":"The Guardian","floor":16.0,"turns":11.0},{"damage":53,"enemies":"3 Byrds","floor":18,"turns":5},{"damage":31,"enemies":"conspire:FuzzyDice","floor":19,"turns":3}],"seed_played":"4951635521333098022","potions_obtained":[{"floor":2.0,"key":"Energy Potion"},{"floor":7.0,"key":"blueLaboratory:NullPotion"},{"floor":11.0,"key":"SkillPotion"},{"floor":16.0,"key":"blueLaboratory:FrostheartPotion"}],"is_trial":false,"path_per_floor":["M","M","M","?","$","E","M","M","T","R","M","M","R","M","R","B",null,"M","M"],"character_chosen":"DEFECT","items_purchased":["FIFO Queue"],"campfire_rested":3,"item_purchase_floors":[5],"current_hp_per_floor":[72,72,72,72,72,32,13,5,5,27,27,25,47,36,58,35,75,22,0,0],"gold":374,"neow_bonus":"RANDOM_COMMON_RELIC","is_daily":false,"chose_seed":false,"campfire_upgraded":0,"win_rate":0.0,"timestamp":1611604678,"path_taken":["M","M","M","?","$","E","M","M","T","R","M","M","R","M","R","BOSS","M","M"],"items_purchased_type":["Card"],"build_version":"2020-12-22","purchased_purges":0,"victory":false,"max_hp_per_floor":[75,75,75,75,75,75,75,75,75,75,75,75,75,75,75,75,75,75,75,75],"card_choices":[{"not_picked":["ReplaySort","Rebound"],"picked":"Tempest","floor":1.0},{"not_picked":["hubris:PowerSurge","Sweeping Beam"],"picked":"Storm","floor":2.0},{"not_picked":["hubris:PowerSurge","Consume"],"picked":"Leap","floor":3.0},{"not_picked":["ReplayTheSpireMod:Reroute Power","Glacier","Beam Cell"],"picked":"SKIP","floor":6.0},{"not_picked":["Steam Power","Panic Button","Compile Driver"],"picked":"SKIP","floor":7.0},{"not_picked":["Leap","conspire:SharedLibrary"],"picked":"Loop","floor":8.0},{"not_picked":["Hologram","Steam"],"picked":"Conserve Battery","floor":11.0},{"not_picked":["Reinforced Body","Creative AI"],"picked":"Consume","floor":12.0},{"not_picked":["Sweeping Beam","Beam Cell"],"picked":"Barrage","floor":14.0},{"not_picked":["Multi-Cast","ReplayTheSpireMod:Fabricate Wheel"],"picked":"Amplify","floor":16.0},{"not_picked":["ReplayTheSpireMod:Calculation Training","Sweeping Beam"],"picked":"Crystallizer","floor":18}],"player_experience":387433,"relics_obtained":[{"floor":6.0,"key":"Ancient Tea Set"},{"floor":9.0,"key":"halation:IllGainedPizza"}],"event_choices":[],"is_beta":false,"boss_relics":[{"not_picked":["reliquary:KinkedSpring","Replay:Grab Bag"],"picked":"energizedSpire:UnstableMolecules"}],"items_purged_floors":[],"is_endless":false,"potions_floor_spawned":[2,7,11,16],"killed_by":"conspire:FuzzyDice","ascension_level":0}}