{"host":"0ricjaa7rfq9v76t","time":1611583623,"event":{"mods":["AchievementEnabler","Aspiration","BaseMod","Better Vampires","BetterRewards","Colored Powertips","Downfall","Highlight Path","Hubris","Infinite Spire","Minty Spire (QoL Compilation)","Quick Restart","Rare Cards Sparkle","Relic Sorter","Replay The Spire","StSLib","SuperFastMode","Synergy Search","The Cursed","The Disciple","The Jungle","The Marked","The Runesmith","Uncapped"],"gold_per_floor":[115,115,190,210,210,210,210,210,210],"floor_reached":8,"language":"ENG","playtime":201,"items_purged":["Strike_B"],"score":44,"play_id":"05eaaa8d-dc26-4b41-8f4a-a80311dfb340","local_time":"20210125220703","is_ascension_mode":false,"campfire_choices":[],"circlet_count":0,"master_deck":["Strike_B","Strike_B","Strike_B","Defend_B","Defend_B","Defend_B","Defend_B","Zap","Dualcast","Storm","Injury"],"relics":["Cracked Core","Question Card","Unceasing Top","Frozen Egg 2","infinitespire:SolderingIron"],"acts_visited":["Exordium"],"potions_floor_usage":[],"damage_taken":[{"damage":9,"enemies":"2 Louse","floor":1,"turns":2},{"damage":1,"enemies":"Small Slimes","floor":4,"turns":4},{"damage":49,"enemies":"Gremlin Nob","floor":8,"turns":4}],"seed_played":"8891171813128868413","potions_obtained":[{"floor":4,"key":"Energy Potion"}],"is_trial":false,"path_per_floor":["M","?","?","M","?","?","T","E"],"character_chosen":"DEFECT","items_purchased":["Question Card"],"campfire_rested":0,"item_purchase_floors":[0],"current_hp_per_floor":[41,41,30,29,34,34,34,0,0],"gold":210,"neow_bonus":"","is_daily":false,"chose_seed":false,"campfire_upgraded":0,"win_rate":0.0,"timestamp":1611583623,"path_taken":["M","?","?","M","?","?","?","E"],"items_purchased_type":["Relic"],"build_version":"2020-12-22","purchased_purges":1,"victory":false,"max_hp_per_floor":[75,75,75,75,80,80,80,80,80],"card_choices":[{"not_picked":["Gash","ReplaySort","ReplayTheSpireMod:Calculation Training"],"picked":"Storm","floor":1},{"not_picked":["Hologram","BootSequence","Leap","Coolheaded"],"picked":"SKIP","floor":4}],"player_experience":211049,"relics_obtained":[{"floor":7,"key":"infinitespire:SolderingIron"}],"event_choices":[{"damage_healed":0,"gold_gain":75,"player_choice":"Gather Gold","damage_taken":11,"max_hp_gain":0,"max_hp_loss":0,"event_name":"World of Goop","floor":3,"gold_loss":0},{"damage_healed":0,"gold_gain":0,"player_choice":"Donut","damage_taken":0,"max_hp_gain":5,"max_hp_loss":0,"event_name":"Big Fish","floor":5,"gold_loss":0}],"is_beta":false,"boss_relics":[],"items_purged_floors":[0],"is_endless":false,"potions_floor_spawned":[4],"killed_by":"Gremlin Nob","ascension_level":0}}