{"host":"hwrdjx5eod2cxh09","time":1611570151,"event":{"mods":["AchievementEnabler","BaseMod","Bestiary","Minty Spire (QoL Compilation)","Relic Stats"],"gold_per_floor":[213,228,16,116,126,151,162,191,218,218,232,261,81,145,145,145,145],"floor_reached":16,"language":"ENG","playtime":459,"items_purged":["Strike_R","Strike_R"],"score":120,"play_id":"27599366-b2a5-4246-ad69-e48ddab8eee9","local_time":"20210125192231","is_ascension_mode":false,"campfire_choices":[{"data":"Demon Form","floor":15.0,"key":"SMITH"}],"circlet_count":0,"master_deck":["Strike_R","Strike_R","Strike_R","Defend_R","Defend_R","Defend_R","Defend_R","Bash","Sword Boomerang","Cleave","Demon Form+1","Pummel","Inflame","Feel No Pain","Flame Barrier","Flame Barrier"],"relics":["Burning Blood"],"acts_visited":["Exordium"],"potions_floor_usage":[16],"damage_taken":[{"damage":1.0,"enemies":"Jaw Worm","floor":1.0,"turns":5.0},{"damage":1.0,"enemies":"Cultist","floor":2.0,"turns":3.0},{"damage":7.0,"enemies":"2 Louse","floor":5.0,"turns":2.0},{"damage":16.0,"enemies":"Lagavulin","floor":6.0,"turns":7.0},{"damage":13.0,"enemies":"Lots of Slimes","floor":7.0,"turns":3.0},{"damage":14.0,"enemies":"Gremlin Nob","floor":8.0,"turns":3.0},{"damage":5.0,"enemies":"Looter","floor":11.0,"turns":4.0},{"damage":26.0,"enemies":"Lagavulin","floor":12.0,"turns":6.0},{"damage":20.0,"enemies":"3 Sentries","floor":14.0,"turns":8.0},{"damage":0,"enemies":"Slime Boss","floor":16,"turns":3}],"seed_played":"-4046066918695651341","potions_obtained":[{"floor":5.0,"key":"Swift Potion"},{"floor":6.0,"key":"PowerPotion"},{"floor":8.0,"key":"HeartOfIron"},{"floor":14.0,"key":"FearPotion"}],"is_trial":false,"path_per_floor":["M","M","$","?","M","E","M","E","T","?","M","E","$","?","R","B"],"character_chosen":"IRONCLAD","items_purchased":["Demon Form","Flame Barrier"],"campfire_rested":0,"item_purchase_floors":[3,13],"current_hp_per_floor":[80,80,80,80,79,69,62,54,54,59,60,40,40,26,26,26,26],"gold":145,"neow_bonus":"HUNDRED_GOLD","is_daily":false,"chose_seed":false,"campfire_upgraded":1,"win_rate":0.0,"timestamp":1611570151,"path_taken":["M","M","$","?","M","E","M","E","T","?","M","E","$","?","R","BOSS"],"items_purchased_type":["Card","Card"],"build_version":"2020-12-22","purchased_purges":2,"victory":false,"max_hp_per_floor":[80,80,80,80,80,80,80,80,80,85,85,85,85,85,85,85,85],"relic_stats":{"counters":[10,44],"obtain_stats":[{"Burning Blood":0},{"Burning Blood":0},{"Burning Blood":0}],"Burning Blood":44},"card_choices":[{"not_picked":["Perfected Strike","Warcry"],"picked":"Sword Boomerang","floor":1.0},{"not_picked":["Clash","Twin Strike"],"picked":"Cleave","floor":2.0},{"not_picked":["Flex","Clash"],"picked":"Pummel","floor":5.0},{"not_picked":["Battle Trance","Infernal Blade"],"picked":"Inflame","floor":6.0},{"not_picked":["Pommel Strike","Carnage","Bloodletting"],"picked":"SKIP","floor":7.0},{"not_picked":["Spot Weakness","Twin Strike","Reckless Charge"],"picked":"SKIP","floor":8.0},{"not_picked":["Headbutt","Body Slam","Cleave"],"picked":"SKIP","floor":11.0},{"not_picked":["Body Slam","Sword Boomerang"],"picked":"Feel No Pain","floor":12.0},{"not_picked":["Inflame","Sword Boomerang"],"picked":"Flame Barrier","floor":14.0}],"player_experience":293641,"relics_obtained":[],"event_choices":[{"damage_healed":0.0,"max_hp_gain":0.0,"max_hp_loss":0.0,"gold_gain":100.0,"event_name":"Golden Shrine","player_choice":"Pray","floor":4.0,"gold_loss":0.0,"damage_taken":0.0},{"damage_healed":0.0,"max_hp_gain":5.0,"max_hp_loss":0.0,"gold_gain":0.0,"event_name":"Big Fish","player_choice":"Donut","floor":10.0,"gold_loss":0.0,"damage_taken":0.0},{"damage_healed":0.0,"max_hp_gain":0.0,"max_hp_loss":0.0,"gold_gain":0.0,"event_name":"Dead Adventurer","player_choice":"Searched \u00271\u0027 times","floor":14.0,"gold_loss":0.0,"damage_taken":0.0}],"is_beta":false,"boss_relics":[],"items_purged_floors":[3,13],"is_endless":false,"potions_floor_spawned":[5,6,8,14],"killed_by":"Slime Boss","ascension_level":0}}