{"host":"48dm3tz8j4qwgdv8","time":1611546740,"event":{"mods":["Act Like it!","Aspiration","BaseMod","Bestiary","Better Altar","Better Match","Better Note","Better Sensory Stone","Better Skull","Better Third Choice","Colored Map","Colored Powertips","DeckTracker","Downfall","Energized Spire","Hallownest","Highlight Path","Hubris","Infinite Spire","Mimic Mod","Minty Spire (QoL Compilation)","Permanent Neow","Quick Restart","Relic Sorter","Relic Stats","Replay The Spire","Shop Mod","Spicy Shops","StSLib","SuperFastMode","The Blue Laboratory","Wandering Minibosses"],"gold_per_floor":[99,39,39,39,39,39,69,86,119,219,209,2,2,22,32,132,132,32,49,19,19,119,64,64,44,44,44,56,56,102,115,120,115,115,115],"floor_reached":33,"language":"ENG","playtime":2440,"items_purged":["champ:Strike"],"score":363,"play_id":"1953fcb0-b92c-4684-bc2b-585e8a25a27d","local_time":"20210125045220","is_ascension_mode":false,"campfire_choices":[{"data":"champ:Execute","floor":1.0,"key":"SMITH"},{"data":"champ:Parry","floor":6,"key":"SMITH"},{"data":"champ:Taunt","floor":13,"key":"SMITH"},{"data":"champ:HoldFirm","floor":18,"key":"SMITH"},{"data":"champ:HoldFirm","floor":26,"key":"SMITH"},{"data":"champ:Lariat","floor":26,"key":"SMITH"}],"circlet_count":0,"master_deck":["champ:Strike","champ:Strike","champ:Defend","champ:Defend","champ:Defend","champ:Defend","champ:Execute+1","champ:Taunt+1","champ:Parry+1","champ:ShieldWall+1","champ:ShieldSlam","champ:BringItOn","champ:StanceDance","champ:CalledShot","champ:IronFortress","champ:FalseCounter","champ:Circumvent","champ:PreemptiveStrike","champ:HoldFirm+1","champ:Lariat+1","champ:HoldFirm+1","champ:ShieldWall+1","CurseOfTheBell","CurseOfTheBell","hubris:Despair","champ:Taunt+1","Madness+1"],"relics":["champ:ChampionCrown","downfall:HeartsMalice","hubris:Towel","Smiling Mask","hubris:TenFootPole","Ice Cream","Potion Belt","bronze:MakeshiftBattery","downfall:HeartBlessingBlue","downfall:ExtraCursedBell","Tiny Chest","Mirror","Replay:Multitool","Replay:Arrowhead","PreservedInsect","Thread and Needle"],"acts_visited":["Exordium","TheCity"],"potions_floor_usage":[10,10,12,12,16,16,16,23,31,31,31,32,33],"damage_taken":[{"damage":0.0,"enemies":"downfall:FleeingMerchant","floor":2.0,"turns":1.0},{"damage":0,"enemies":"2 Louse","floor":5,"turns":1},{"damage":0,"enemies":"Small Slimes","floor":7,"turns":1},{"damage":4,"enemies":"Small Slimes","floor":8,"turns":4},{"damage":0,"enemies":"Gremlin Nob","floor":9,"turns":3},{"damage":69,"enemies":"downfall:LadyInBlue","floor":10,"turns":9},{"damage":26,"enemies":"Cultist","floor":11,"turns":6},{"damage":10,"enemies":"downfall:FleeingMerchant","floor":12,"turns":4},{"damage":0,"enemies":"3 Louse","floor":14,"turns":4},{"damage":32,"enemies":"Exordium Thugs","floor":15,"turns":6},{"damage":10,"enemies":"SI_SHIV_ARCHETYPE","floor":16,"turns":9},{"damage":33,"enemies":"Chosen","floor":19,"turns":5},{"damage":26,"enemies":"Snake Plant","floor":20,"turns":5},{"damage":3,"enemies":"Shelled Parasite and Fungi","floor":23,"turns":6},{"damage":9,"enemies":"downfall:FleeingMerchant","floor":25,"turns":4},{"damage":0,"enemies":"Snecko","floor":28,"turns":4},{"damage":40,"enemies":"Slavers","floor":31,"turns":6},{"damage":13,"enemies":"Centurion and Healer","floor":32,"turns":8},{"damage":28,"enemies":"DF_ARCHETYPE_CLAW","floor":33,"turns":4}],"seed_played":"-1650785341550995735","potions_obtained":[{"floor":8,"key":"hexamod:SoulburnPotion"},{"floor":9,"key":"blueLaboratory:BubblePotion"},{"floor":10,"key":"LiquidBronze"},{"floor":10,"key":"blueLaboratory:FrostheartPotion"},{"floor":10,"key":"blueLaboratory:PhilterOfMotion"},{"floor":10,"key":"Milkshake"},{"floor":11,"key":"Doom Potion"},{"floor":14,"key":"PowerPotion"},{"floor":16,"key":"FearPotion"},{"floor":20,"key":"Fire Potion"},{"floor":23,"key":"blueLaboratory:BottledHope"},{"floor":28,"key":"Dexterity Potion"},{"floor":31,"key":"Block Potion"}],"is_trial":false,"path_per_floor":["R","$","?","?","M","R","MIM","M","E","?","M","$","R","M","M","B",null,"R","M","M","?","?","M","T","$","R","?","M","?","T","E","M","B"],"character_chosen":"THE_CHAMP","items_purchased":["champ:ShieldWall+1","champ:HoldFirm"],"campfire_rested":0,"item_purchase_floors":[2,12],"current_hp_per_floor":[90,90,90,90,90,90,90,86,86,47,41,41,41,41,24,24,90,100,87,81,81,81,78,78,69,69,69,69,59,59,29,26,0,0,0],"gold":115,"neow_bonus":"THREE_ENEMY_KILL","is_daily":false,"chose_seed":false,"campfire_upgraded":6,"win_rate":0.0,"timestamp":1611546740,"path_taken":["R","$","?","?","M","R","MIM","M","E","?","M","$","R","?","M","BOSS","R","M","M","?","?","M","T","$","R","?","?","?","?","E","M","BOSS"],"items_purchased_type":["Card","Card"],"build_version":"2020-12-22","purchased_purges":1,"victory":false,"max_hp_per_floor":[90,90,90,90,90,90,90,90,90,90,90,90,90,90,90,90,90,100,100,100,100,100,100,100,100,100,100,100,100,100,100,100,100,100,100],"relic_stats":{"counters":[19,87],"Tiny Chest":1,"PreservedInsect":49,"Smiling Mask":25,"obtain_stats":[{"Ice Cream":9,"Potion Belt":10,"champ:ChampionCrown":0,"downfall:HeartsMalice":0,"Thread and Needle":31,"PreservedInsect":30,"Replay:Multitool":22,"hubris:Towel":3,"Smiling Mask":7,"Replay:Arrowhead":24,"downfall:HeartBlessingBlue":18,"Tiny Chest":22,"hubris:TenFootPole":7,"downfall:ExtraCursedBell":22,"Mirror":22,"bronze:MakeshiftBattery":17},{"Ice Cream":5,"Potion Belt":6,"champ:ChampionCrown":0,"downfall:HeartsMalice":0,"Thread and Needle":17,"PreservedInsect":16,"Replay:Multitool":13,"hubris:Towel":1,"Smiling Mask":3,"Replay:Arrowhead":14,"downfall:HeartBlessingBlue":11,"Tiny Chest":13,"hubris:TenFootPole":3,"downfall:ExtraCursedBell":13,"Mirror":13,"bronze:MakeshiftBattery":11},{"Ice Cream":7,"Potion Belt":16,"champ:ChampionCrown":0,"downfall:HeartsMalice":0,"Thread and Needle":75,"PreservedInsect":69,"Replay:Multitool":55,"hubris:Towel":0,"Smiling Mask":0,"Replay:Arrowhead":61,"downfall:HeartBlessingBlue":45,"Tiny Chest":55,"hubris:TenFootPole":0,"downfall:ExtraCursedBell":55,"Mirror":55,"bronze:MakeshiftBattery":45}]},"card_choices":[{"not_picked":["champ:GladiatorStyle","champ:Haymaker"],"picked":"champ:Parry","floor":2.0},{"not_picked":["champ:AdrenalArmor","champ:GladiatorStyle"],"picked":"champ:BringItOn","floor":5},{"not_picked":["champ:EndlessRage","champ:HeartStrike"],"picked":"champ:StanceDance","floor":7},{"not_picked":["champ:GutPunch","champ:SteelEdge"],"picked":"champ:CalledShot","floor":8},{"not_picked":["champ:RecklessLeap","champ:RisingSlash"],"picked":"champ:IronFortress","floor":9},{"not_picked":["champ:DefensiveShout","champ:Haymaker"],"picked":"champ:FalseCounter","floor":10},{"not_picked":["champ:Backstep","champ:EnGarde"],"picked":"champ:Circumvent","floor":11},{"not_picked":["champ:PerfectedStrike","champ:ArenaPreparation"],"picked":"champ:PreemptiveStrike","floor":12},{"not_picked":["champ:MurderStrike","champ:BringItOn"],"picked":"champ:Lariat","floor":14},{"not_picked":["champ:BladeFlurry","champ:EnGarde","champ:BerserkersShout"],"picked":"SKIP","floor":15},{"not_picked":["champ:VampiricStrike","champ:CheapShot"],"picked":"champ:HoldFirm","floor":16},{"not_picked":["champ:Endure","champ:EnragedBash","champ:BladeFlurry"],"picked":"SKIP","floor":19},{"not_picked":["champ:SkillfulDodge","champ:BerserkersShout"],"picked":"champ:ShieldWall+1","floor":20},{"not_picked":["champ:FalseCounter","champ:BerserkersShout","champ:CrownThrow"],"picked":"SKIP","floor":23},{"not_picked":["champ:Encircle","champ:GutPunch","champ:FancyFootwork"],"picked":"SKIP","floor":25},{"not_picked":["champ:EnGarde","champ:RapidStrikes","champ:Haymaker"],"picked":"SKIP","floor":28},{"not_picked":["champ:Shatter","champ:PreemptiveStrike","champ:BerserkersShout+1"],"picked":"SKIP","floor":31},{"not_picked":["champ:PerfectedStrike","champ:SetATrap","champ:Shatter"],"picked":"SKIP","floor":32}],"player_experience":453384,"relics_obtained":[{"floor":7,"key":"Smiling Mask"},{"floor":7,"key":"hubris:TenFootPole"},{"floor":9,"key":"Ice Cream"},{"floor":10,"key":"Potion Belt"},{"floor":22,"key":"Tiny Chest"},{"floor":22,"key":"Mirror"},{"floor":22,"key":"Replay:Multitool"},{"floor":24,"key":"Replay:Arrowhead"},{"floor":30,"key":"PreservedInsect"},{"floor":31,"key":"Thread and Needle"}],"event_choices":[{"cards_removed":["champ:HoldFirm"],"damage_healed":0,"gold_gain":0,"player_choice":"Give","damage_taken":0,"max_hp_gain":0,"max_hp_loss":0,"event_name":"betterNote:BetterNote","floor":21,"gold_loss":0,"cards_obtained":["None"]},{"damage_healed":0,"gold_gain":2,"player_choice":"2","damage_taken":0,"max_hp_gain":0,"max_hp_loss":20,"event_name":"betterStone:BetterStone","floor":29,"gold_loss":0}],"is_beta":false,"boss_relics":[{"not_picked":["Velvet Choker","hubris:GrandSneckoEye"],"picked":"bronze:MakeshiftBattery"}],"items_purged_floors":[12],"is_endless":false,"potions_floor_spawned":[8,9,10,11,14,16,20,23,28,31],"killed_by":"DF_ARCHETYPE_CLAW","ascension_level":0}}