{"host":"tpad8qsc9e0g0pa5","time":1611579658,"event":{"mods":["BaseMod","Minty Spire (QoL Compilation)","Quick Restart","StSLib","The Cursed"],"gold_per_floor":[115,133,148,51,68,68,93,93,93,127,127,146,146,165,165,267,267,278,99,119,119,132,132,147,147,147,181,181,181,211,224,224,329,329,343,343,343,61,161,187,206,206,206],"floor_reached":42,"language":"ZHS","playtime":3043,"items_purged":["Strike_R","Fire Breathing","Madness"],"score":526,"play_id":"8820065d-c72a-4141-8aaf-2afb8a6ec829","local_time":"20210125210058","is_ascension_mode":true,"campfire_choices":[{"data":"True Grit","floor":6,"key":"SMITH"},{"floor":8,"key":"REST"},{"data":"Brutality","floor":15,"key":"SMITH"},{"data":"Exhume","floor":23,"key":"SMITH"},{"data":"Limit Break","floor":25,"key":"SMITH"},{"data":"Reaper","floor":32,"key":"SMITH"}],"circlet_count":0,"master_deck":["Bash","Brutality+1","True Grit+1","Combust","Iron Wave","Battle Trance","Limit Break+1","Dual Wield","Hemokinesis","Thunderclap","Reaper+1","Offering","Metallicize","Seeing Red","Spot Weakness","Flame Barrier","Clothesline","Second Wind","Exhume+1","Limit Break+1","Impervious","Immolate","Madness","Disarm+1"],"relics":["Burning Blood","Mercury Hourglass","HornCleat","Paper Frog","Mummified Hand","Pandora\u0027s Box","Letter Opener","Mango","Self Forming Clay","SlaversCollar","Red Skull","Smiling Mask"],"acts_visited":["Exordium","TheCity","TheBeyond"],"potions_floor_usage":[7,10,12,20,22,30,33,40,40],"damage_taken":[{"damage":1.0,"enemies":"Cultist","floor":1.0,"turns":3.0},{"damage":7.0,"enemies":"Jaw Worm","floor":2.0,"turns":5.0},{"damage":2,"enemies":"2 Louse","floor":3,"turns":3},{"damage":9,"enemies":"Looter","floor":5,"turns":4},{"damage":56,"enemies":"3 Sentries","floor":7,"turns":10},{"damage":24,"enemies":"Gremlin Nob","floor":10,"turns":4},{"damage":10,"enemies":"Blue Slaver","floor":12,"turns":4},{"damage":8,"enemies":"Exordium Thugs","floor":14,"turns":3},{"damage":53,"enemies":"Hexaghost","floor":16,"turns":9},{"damage":17,"enemies":"Shell Parasite","floor":18,"turns":4},{"damage":5,"enemies":"3 Byrds","floor":20,"turns":3},{"damage":24,"enemies":"Centurion and Healer","floor":22,"turns":6},{"damage":28,"enemies":"Shelled Parasite and Fungi","floor":24,"turns":4},{"damage":28,"enemies":"Gremlin Leader","floor":27,"turns":4},{"damage":32,"enemies":"Slavers","floor":30,"turns":3},{"damage":8,"enemies":"3 Cultists","floor":31,"turns":3},{"damage":60,"enemies":"Automaton","floor":33,"turns":8},{"damage":34,"enemies":"3 Shapes","floor":35,"turns":3},{"damage":59,"enemies":"Nemesis","floor":40,"turns":5},{"damage":18,"enemies":"Orb Walker","floor":41,"turns":4},{"damage":26,"enemies":"Writhing Mass","floor":42,"turns":3}],"seed_played":"996433475844498487","potions_obtained":[{"floor":3,"key":"BloodPotion"},{"floor":7,"key":"CultistPotion"},{"floor":10,"key":"GamblersBrew"},{"floor":16,"key":"Ancient Potion"},{"floor":18,"key":"Weak Potion"},{"floor":20,"key":"DuplicationPotion"},{"floor":30,"key":"DistilledChaos"},{"floor":31,"key":"Regen Potion"},{"floor":33,"key":"SkillPotion"}],"is_trial":false,"path_per_floor":["M","M","M","$","M","R","E","R","T","E","T","M","?","M","R","B",null,"M","$","M","?","M","R","M","R","T","E","?","?","E","M","R","B",null,"M","?","?","$","?","E","M","M"],"character_chosen":"IRONCLAD","items_purchased":["Iron Wave","Exhume","Red Skull"],"campfire_rested":1,"item_purchase_floors":[4,19,38],"current_hp_per_floor":[80,79,80,80,77,77,43,67,67,49,49,45,71,69,69,22,80,79,79,80,80,68,68,80,80,80,89,89,89,87,94,94,50,94,78,78,66,66,66,38,26,0,0],"gold":206,"neow_bonus":"ONE_RANDOM_RARE_CARD","is_daily":false,"chose_seed":false,"campfire_upgraded":5,"win_rate":0.0,"timestamp":1611579658,"path_taken":["M","M","?","?","M","R","E","R","T","E","?","M","?","M","R","BOSS","M","$","M","?","M","R","M","R","T","E","?","?","E","?","R","BOSS","M","?","?","$","?","E","M","?"],"items_purchased_type":["Card","Card","Relic"],"build_version":"2020-12-22","purchased_purges":3,"victory":false,"max_hp_per_floor":[80,80,80,80,80,80,80,80,80,80,80,80,80,80,80,80,80,80,80,80,80,80,80,80,80,80,94,94,94,94,94,94,94,94,94,94,94,94,94,94,94,94,94],"card_choices":[{"not_picked":["Shrug It Off","Feel No Pain"],"picked":"True Grit","floor":1.0},{"not_picked":["Feel No Pain","Infernal Blade"],"picked":"Combust","floor":2.0},{"not_picked":["Wild Strike","Headbutt","Second Wind"],"picked":"SKIP","floor":3},{"not_picked":["Feel No Pain","Anger"],"picked":"Battle Trance","floor":5},{"not_picked":["Carnage","True Grit"],"picked":"Limit Break","floor":7},{"not_picked":["Anger","Burning Pact"],"picked":"Dual Wield","floor":10},{"not_picked":["Disarm","Flex"],"picked":"Hemokinesis","floor":12},{"not_picked":["Wild Strike","Sword Boomerang"],"picked":"Thunderclap","floor":14},{"not_picked":["Juggernaut","Corruption"],"picked":"Reaper","floor":16},{"not_picked":["Cleave","Evolve","Flex"],"picked":"SKIP","floor":18},{"not_picked":["Cleave","Body Slam","Wild Strike"],"picked":"SKIP","floor":20},{"not_picked":["Uppercut","Ghostly Armor","Twin Strike"],"picked":"SKIP","floor":22},{"not_picked":["Feel No Pain+1","Flex+1","Second Wind"],"picked":"SKIP","floor":24},{"not_picked":["Feel No Pain","Cleave","Shrug It Off"],"picked":"SKIP","floor":27},{"not_picked":["Havoc","Wild Strike"],"picked":"Impervious","floor":30},{"not_picked":["Headbutt","Fire Breathing","Body Slam"],"picked":"SKIP","floor":31},{"not_picked":["Impervious","Limit Break"],"picked":"Immolate","floor":33},{"not_picked":["Inflame","Disarm","Clothesline+1"],"picked":"SKIP","floor":35},{"not_picked":["Body Slam","Cleave","Ghostly Armor+1"],"picked":"SKIP","floor":40},{"not_picked":["Flame Barrier+1","Wild Strike+1"],"picked":"Disarm+1","floor":41}],"player_experience":222162,"relics_obtained":[{"floor":7,"key":"Mercury Hourglass"},{"floor":9,"key":"HornCleat"},{"floor":10,"key":"Paper Frog"},{"floor":11,"key":"Mummified Hand"},{"floor":26,"key":"Letter Opener"},{"floor":27,"key":"Mango"},{"floor":30,"key":"Self Forming Clay"},{"floor":40,"key":"Smiling Mask"}],"event_choices":[{"damage_healed":26,"gold_gain":0,"player_choice":"Banana","damage_taken":0,"max_hp_gain":0,"max_hp_loss":0,"event_name":"Big Fish","floor":13,"gold_loss":0},{"damage_healed":0,"gold_gain":0,"player_choice":"Ignored","damage_taken":0,"max_hp_gain":0,"max_hp_loss":0,"event_name":"Vampires","floor":21,"gold_loss":0},{"damage_healed":0,"gold_gain":0,"player_choice":"Ignored","damage_taken":0,"max_hp_gain":0,"max_hp_loss":0,"event_name":"Ghosts","floor":28,"gold_loss":0},{"damage_healed":0,"gold_gain":0,"player_choice":"Copied","damage_taken":0,"max_hp_gain":0,"max_hp_loss":0,"event_name":"Duplicator","floor":29,"gold_loss":0,"cards_obtained":["Limit Break"]},{"damage_healed":0,"gold_gain":0,"player_choice":"Ignored","damage_taken":0,"max_hp_gain":0,"max_hp_loss":0,"event_name":"Tomb of Lord Red Mask","floor":36,"gold_loss":0},{"damage_healed":0,"gold_gain":0,"player_choice":"Embrace Madness","damage_taken":12,"max_hp_gain":0,"max_hp_loss":0,"event_name":"Winding Halls","floor":37,"gold_loss":0,"cards_obtained":["Madness","Madness"]},{"damage_healed":0,"gold_gain":100,"player_choice":"Pray","damage_taken":0,"max_hp_gain":0,"max_hp_loss":0,"event_name":"Golden Shrine","floor":39,"gold_loss":0}],"is_beta":false,"boss_relics":[{"not_picked":["Tiny House","Runic Pyramid"],"picked":"Pandora\u0027s Box"},{"not_picked":["Mark of Pain","Black Blood"],"picked":"SlaversCollar"}],"items_purged_floors":[4,19,38],"is_endless":false,"potions_floor_spawned":[3,7,10,16,18,20,30,31,33],"killed_by":"Writhing Mass","ascension_level":1}}