{"host":"ooa7gbxz3ilj1hm6","time":1611554331,"event":{"mods":["BaseMod","Downfall","Minty Spire (QoL Compilation)","StSLib"],"gold_per_floor":[99,112,129,146,146,178,252,352,381,381,396,132,132,132,149,252,252,252,267,286,286,300,300,300,300,318,318,9,109,109,125,125,125,125],"floor_reached":32,"language":"ENG","playtime":1693,"items_purged":[],"score":250,"play_id":"9765936f-9073-4548-b6ac-94e69507567f","local_time":"20210124225851","is_ascension_mode":false,"campfire_choices":[{"data":"Slimebound:SlimeSlap","floor":1,"key":"SMITH"},{"floor":10,"key":"REST"},{"data":"Slimebound:OozeBath","floor":13,"key":"SMITH"},{"data":"Slimebound:DuplicatedForm","floor":18,"key":"SMITH"},{"floor":30,"key":"REST"}],"circlet_count":0,"master_deck":["Slimebound:Strike_Slimebound","Slimebound:Strike_Slimebound","Slimebound:Strike_Slimebound","Slimebound:Tackle","Slimebound:Defend_Slimebound","Slimebound:Defend_Slimebound","Slimebound:Defend_Slimebound","Slimebound:Defend_Slimebound","Slimebound:Split+1","Slimebound:CorrosiveSpit","Slimebound:SlimeSlap+1","Slimebound:Schlurp+1","Slimebound:Repurpose","Slimebound:GrowthPunch","Slimebound:OozeBath+1","Slimebound:LeechEnergy","Slimebound:LivingWall","Slimebound:MegaLick","Slimebound:PressTheAttack","Slimebound:HauntingLick+1","Slimebound:DuplicatedForm+1","Slimebound:Schlurp","Slimebound:LeadByExample","Necronomicurse","Slimebound:SlimeSpikes+1","Slimebound:HauntingLick+1"],"relics":["Slimebound:AbsorbEndCombat","Boot","Bottled Flame","PreservedInsect","Anchor","SlaversCollar","Necronomicon","War Paint","Membership Card","Unceasing Top"],"acts_visited":["Exordium","TheCity"],"potions_floor_usage":[20],"damage_taken":[{"damage":14,"enemies":"Small Slimes","floor":2,"turns":3},{"damage":6,"enemies":"Cultist","floor":3,"turns":4},{"damage":6,"enemies":"Jaw Worm","floor":4,"turns":3},{"damage":23,"enemies":"3 Sentries","floor":6,"turns":7},{"damage":15,"enemies":"Gremlin Nob","floor":9,"turns":3},{"damage":1,"enemies":"Blue Slaver","floor":11,"turns":4},{"damage":0,"enemies":"downfall:FleeingMerchant","floor":12,"turns":4},{"damage":0,"enemies":"3 Louse","floor":15,"turns":4},{"damage":53,"enemies":"SI_SHIV_ARCHETYPE","floor":16,"turns":9},{"damage":25,"enemies":"Chosen","floor":19,"turns":5},{"damage":2,"enemies":"Centurion and Healer","floor":20,"turns":5},{"damage":11,"enemies":"Snake Plant","floor":22,"turns":4},{"damage":38,"enemies":"Chosen and Byrds","floor":26,"turns":7},{"damage":4,"enemies":"downfall:FleeingMerchant","floor":28,"turns":4},{"damage":32,"enemies":"3 Cultists","floor":31,"turns":6},{"damage":11,"enemies":"Snake Plant","floor":32,"turns":2}],"seed_played":"-6695247300970482324","potions_obtained":[{"floor":2,"key":"DistilledChaos"},{"floor":4,"key":"Explosive Potion"},{"floor":9,"key":"FearPotion"},{"floor":20,"key":"CultistPotion"}],"is_trial":false,"path_per_floor":["R","M","M","M","?","E","T","?","E","R","M","$","R","?","M","B",null,"R","M","M","?","M","?","T","?","M","?","$","?","R","M","M"],"character_chosen":"SLIMEBOUND","items_purchased":["Slimebound:MegaLick","Slimebound:PressTheAttack","Anchor","Membership Card","Unceasing Top"],"campfire_rested":2,"item_purchase_floors":[12,12,12,28,28],"current_hp_per_floor":[65,55,57,57,57,42,42,42,31,50,55,61,61,61,63,18,65,65,57,63,63,56,40,40,40,10,10,14,14,33,9,0,0,0],"gold":125,"neow_bonus":"ONE_RANDOM_RARE_CARD","is_daily":false,"chose_seed":false,"campfire_upgraded":3,"win_rate":0.0,"timestamp":1611554331,"path_taken":["R","M","M","M","?","E","T","?","E","R","M","$","R","?","M","BOSS","R","M","M","?","?","?","T","?","M","?","$","?","R","?","M"],"items_purchased_type":["Card","Card","Relic","Relic","Relic"],"build_version":"2020-12-22","purchased_purges":0,"victory":false,"max_hp_per_floor":[65,65,65,65,65,65,65,65,65,65,65,65,65,65,65,65,65,65,65,65,65,65,65,65,65,65,65,65,65,65,65,65,65,65],"card_choices":[{"not_picked":["Slimebound:Equalize","Slimebound:PressTheAttack"],"picked":"Slimebound:Schlurp","floor":2},{"not_picked":["Slimebound:SlimeBrawl","Slimebound:Equalize"],"picked":"Slimebound:Repurpose","floor":3},{"not_picked":["Slimebound:Nibble","Slimebound:SplitLeeching","Slimebound:BestDefense"],"picked":"SKIP","floor":4},{"not_picked":["Slimebound:Nibble","Slimebound:ComboTackle"],"picked":"Slimebound:GrowthPunch","floor":6},{"not_picked":["Slimebound:RollThrough","Slimebound:FinishingTackle"],"picked":"Slimebound:OozeBath","floor":9},{"not_picked":["Slimebound:ComboTackle","Slimebound:SlimeTap"],"picked":"Slimebound:LeechEnergy","floor":11},{"not_picked":["Slimebound:LeadByExample","Slimebound:RainOfGoop"],"picked":"Slimebound:LivingWall","floor":12},{"not_picked":["Slimebound:LeechEnergy","Slimebound:LivingWall"],"picked":"Slimebound:HauntingLick","floor":15},{"not_picked":["Slimebound:SelfFormingGoo","Slimebound:OneTwoCombo"],"picked":"Slimebound:DuplicatedForm","floor":16},{"not_picked":["Slimebound:Nibble","Slimebound:GoopTackle+1"],"picked":"Slimebound:Schlurp","floor":19},{"not_picked":["Slimebound:SlimeSpikes","Slimebound:ProtectTheBoss","Slimebound:SlimeTap"],"picked":"SKIP","floor":20},{"not_picked":["Slimebound:SlimeBrawl+1","Slimebound:MegaLick"],"picked":"Slimebound:LeadByExample","floor":22},{"not_picked":["Slimebound:SplitBruiser","Slimebound:Schlurp+1","Slimebound:FinishingTackle"],"picked":"SKIP","floor":26},{"not_picked":["Slimebound:MassRepurpose","Slimebound:Prepare+1"],"picked":"Slimebound:SlimeSpikes+1","floor":28},{"not_picked":["Slimebound:FormOfPuddle","Slimebound:ForwardTackle+1"],"picked":"Slimebound:HauntingLick+1","floor":31}],"player_experience":22448,"relics_obtained":[{"floor":6,"key":"Boot"},{"floor":7,"key":"Bottled Flame"},{"floor":9,"key":"PreservedInsect"},{"floor":23,"key":"Necronomicon"},{"floor":24,"key":"War Paint"}],"event_choices":[{"damage_healed":0,"gold_gain":0,"player_choice":"Grow","damage_taken":0,"max_hp_gain":0,"max_hp_loss":0,"event_name":"Living Wall","floor":5,"gold_loss":0,"cards_upgraded":["Slimebound:Split"]},{"damage_healed":0,"gold_gain":0,"player_choice":"Ignored","damage_taken":0,"max_hp_gain":0,"max_hp_loss":0,"event_name":"NoteForYourself","floor":21,"gold_loss":0},{"damage_healed":0,"gold_gain":0,"player_choice":"Ignored","damage_taken":0,"max_hp_gain":0,"max_hp_loss":0,"event_name":"Ghosts","floor":25,"gold_loss":0},{"damage_healed":0,"gold_gain":0,"player_choice":"Ignored","damage_taken":0,"max_hp_gain":0,"max_hp_loss":0,"event_name":"Vampires","floor":27,"gold_loss":0}],"is_beta":false,"boss_relics":[{"not_picked":["Black Star","Cursed Key"],"picked":"SlaversCollar"}],"items_purged_floors":[],"is_endless":false,"potions_floor_spawned":[2,4,9,15,16,20,31],"killed_by":"Snake Plant","ascension_level":0}}