{"host":"pgqkv8mh62pnrbci","time":1611578773,"event":{"mods":["2.2 Compatiblity","AchievementEnabler","BaseMod","Custom Start","DeckTracker","Hermit","Minty Spire (QoL Compilation)","StSLib","SuperFastMode","¡¼?Úª?ø«¡½REMEMod"],"gold_per_floor":[109,59,59,59,80,124,124,159,159,202,202,147,147,147,147,367,367,410,509,424,28,85,135,135,172,172,172,172,238,349,349,349,388,388],"floor_reached":33,"language":"KOR","playtime":1246,"items_purged":[],"score":408,"play_id":"8214f846-968f-4e89-93ee-d9c6ff821cfd","local_time":"20210125214613","is_ascension_mode":true,"campfire_choices":[{"data":"hermit:BlackWind","floor":7.0,"key":"SMITH"},{"data":"hermit:LoneWolf","floor":11.0,"key":"SMITH"},{"data":"hermit:Vantage","floor":15.0,"key":"SMITH"},{"data":"Discovery","floor":24.0,"key":"SMITH"},{"data":"hermit:DeadOrAlive","floor":27.0,"key":"SMITH"},{"floor":32,"key":"REST"}],"circlet_count":0,"master_deck":["hermit:Strike_Hermit","hermit:Strike_Hermit","hermit:Strike_Hermit","hermit:Defend_Hermit","hermit:Defend_Hermit","hermit:Defend_Hermit","hermit:Defend_Hermit","hermit:Snapshot","hermit:Covet","DeusExMachina","hermit:Vantage+1","hermit:LoneWolf+1","hermit:BlackWind+1","hermit:Malice","hermit:Roulette","hermit:BigShot","Regret","hermit:DeadOrAlive+1","hermit:TakeAim","Discovery+1","hermit:Quickdraw","hermit:Ricochet+1","hermit:FlashPowder+1","Normality","hermit:Deadeye","hermit:Combo","Decay"],"relics":["hermit:Momento","REME_ComplimentaryCards","NeowsBlessing","Golden Idol","The Courier","Juzu Bracelet","REME_ArchaeologicalTools","Unceasing Top","Cursed Key","StoneCalendar","Chemical X","White Beast Statue","Pen Nib","Boot","REME_HandOfSuture","Bag of Marbles","hermit:Horseshoe"],"acts_visited":["Exordium","TheCity"],"potions_floor_usage":[30,30,33],"damage_taken":[{"damage":0.0,"enemies":"Small Slimes","floor":1.0,"turns":2.0},{"damage":0.0,"enemies":"2 Louse","floor":5.0,"turns":1.0},{"damage":0.0,"enemies":"Gremlin Nob","floor":6.0,"turns":1.0},{"damage":37.0,"enemies":"3 Sentries","floor":8.0,"turns":12.0},{"damage":2.0,"enemies":"Jaw Worm","floor":10.0,"turns":2.0},{"damage":3.0,"enemies":"Slime Boss","floor":16.0,"turns":5.0},{"damage":24.0,"enemies":"3 Byrds","floor":18.0,"turns":6.0},{"damage":2.0,"enemies":"Shell Parasite","floor":22.0,"turns":2.0},{"damage":18.0,"enemies":"Book of Stabbing","floor":23.0,"turns":3.0},{"damage":0.0,"enemies":"Snake Plant","floor":25.0,"turns":2.0},{"damage":2.0,"enemies":"Shelled Parasite and Fungi","floor":29.0,"turns":4.0},{"damage":16,"enemies":"Gremlin Leader","floor":30,"turns":3},{"damage":27,"enemies":"Automaton","floor":33,"turns":4}],"seed_played":"2833616440700312593","potions_obtained":[{"floor":5.0,"key":"Weak Potion"},{"floor":10.0,"key":"DistilledChaos"},{"floor":18.0,"key":"Dexterity Potion"},{"floor":22.0,"key":"GamblersBrew"},{"floor":23.0,"key":"hermit:Tonic"},{"floor":25.0,"key":"hermit:Tonic"},{"floor":29.0,"key":"Regen Potion"},{"floor":30,"key":"BlessingOfTheForge"}],"is_trial":false,"path_per_floor":["M","?","$","?","M","E","R","E","T","M","R","$","$","?","R","B",null,"M","?","?","$","M","E","R","M","T","R","?","M","E","T","R","B"],"character_chosen":"HERMIT","items_purchased":["hermit:BigShot","Chemical X","White Beast Statue","Discovery"],"campfire_rested":1,"item_purchase_floors":[12,21,21,21],"current_hp_per_floor":[68,68,68,50,50,50,50,13,13,11,11,11,11,11,11,8,58,34,34,34,34,32,14,14,14,14,14,14,12,5,5,27,0,0],"gold":388,"neow_bonus":"THREE_ENEMY_KILL","is_daily":false,"chose_seed":false,"campfire_upgraded":5,"win_rate":0.0,"timestamp":1611578773,"path_taken":["M","?","$","?","M","E","R","E","T","M","R","?","$","?","R","BOSS","M","?","?","$","M","E","R","M","T","R","?","M","E","?","R","BOSS"],"items_purchased_type":["Card","Relic","Relic","Card"],"build_version":"2020-12-22","purchased_purges":0,"victory":false,"max_hp_per_floor":[75,75,75,75,75,75,75,75,75,75,75,75,75,75,75,75,75,75,75,75,75,75,75,75,75,75,75,75,75,75,75,75,75,75],"card_choices":[{"not_picked":["hermit:Midnight","hermit:CalledShot"],"picked":"hermit:Vantage","floor":1.0},{"not_picked":["hermit:Cheat","hermit:Roulette"],"picked":"hermit:LoneWolf","floor":5.0},{"not_picked":["hermit:Ricochet","hermit:Vantage"],"picked":"hermit:BlackWind","floor":6.0},{"not_picked":["hermit:Roulette","hermit:Vantage"],"picked":"hermit:Malice","floor":8.0},{"not_picked":["hermit:Coalescence","hermit:Desperado"],"picked":"hermit:Roulette","floor":10.0},{"not_picked":["hermit:HighNoon","hermit:OverwhelmingPower"],"picked":"hermit:DeadOrAlive","floor":16.0},{"not_picked":["hermit:Roulette","hermit:CalledShot"],"picked":"hermit:TakeAim","floor":18.0},{"not_picked":["hermit:Showdown","hermit:HighCaliber"],"picked":"hermit:Quickdraw","floor":22.0},{"not_picked":["hermit:Virtue","hermit:Coalescence"],"picked":"hermit:Ricochet+1","floor":23.0},{"not_picked":["hermit:NoHoldsBarred","hermit:ItchyTrigger"],"picked":"hermit:FlashPowder+1","floor":25.0},{"not_picked":["hermit:HighCaliber","hermit:SprayPray"],"picked":"hermit:Deadeye","floor":29.0},{"not_picked":["hermit:PistolWhip","hermit:ItchyTrigger"],"picked":"hermit:Combo","floor":30}],"player_experience":672328,"relics_obtained":[{"floor":6.0,"key":"The Courier"},{"floor":8.0,"key":"Juzu Bracelet"},{"floor":9.0,"key":"REME_ArchaeologicalTools"},{"floor":23.0,"key":"Pen Nib"},{"floor":26.0,"key":"Boot"},{"floor":30,"key":"Bag of Marbles"},{"floor":31,"key":"hermit:Horseshoe"}],"event_choices":[{"cards_removed":["hermit:Strike_Hermit"],"damage_healed":0.0,"max_hp_gain":0.0,"max_hp_loss":0.0,"gold_gain":0.0,"event_name":"The Cleric","player_choice":"Card Removal","floor":2.0,"gold_loss":50.0,"damage_taken":0.0},{"damage_healed":0.0,"max_hp_gain":0.0,"max_hp_loss":0.0,"gold_gain":0.0,"event_name":"Golden Idol","player_choice":"Take Damage","floor":4.0,"gold_loss":0.0,"damage_taken":18.0,"relics_obtained":["Golden Idol"]},{"damage_healed":0.0,"max_hp_gain":0.0,"max_hp_loss":0.0,"gold_gain":0.0,"event_name":"Big Fish","player_choice":"Box","floor":14.0,"gold_loss":0.0,"damage_taken":0.0,"relics_obtained":["Unceasing Top"],"cards_obtained":["Regret"]},{"damage_healed":0.0,"max_hp_gain":0.0,"max_hp_loss":0.0,"gold_gain":99.0,"event_name":"Nest","player_choice":"Stole From Cult","floor":19.0,"gold_loss":0.0,"damage_taken":0.0},{"damage_healed":0.0,"max_hp_gain":0.0,"max_hp_loss":0.0,"gold_gain":0.0,"event_name":"Addict","player_choice":"Obtained Relic","floor":20.0,"gold_loss":85.0,"damage_taken":0.0,"relics_obtained":["StoneCalendar"]},{"damage_healed":0.0,"max_hp_gain":0.0,"max_hp_loss":0.0,"gold_gain":0.0,"event_name":"The Mausoleum","player_choice":"Opened","floor":28.0,"gold_loss":0.0,"damage_taken":0.0,"relics_obtained":["REME_HandOfSuture"]}],"is_beta":false,"boss_relics":[{"not_picked":["Tiny House","REME_LowDesire"],"picked":"Cursed Key"}],"items_purged_floors":[],"is_endless":false,"potions_floor_spawned":[5,10,18,22,23,25,29,30],"killed_by":"Automaton","ascension_level":6}}