{"host":"zk71suw73lg2r165","time":1611596406,"event":{"mods":["BaseMod","Colored Map","Minty Spire (QoL Compilation)","Permanent Neow","Relic Stats","StSLib"],"gold_per_floor":[216,226,243,261,279,279,279,289,316,342,342,356,40,59,59,138,138,117,117,117,117,17,27,27,27,27],"floor_reached":25,"language":"ENG","playtime":824,"items_purged":["Strike_B","Pain"],"score":410,"play_id":"fcdc156c-9b9e-4f66-90d0-f3738e6e369e","local_time":"20210125124006","is_ascension_mode":true,"campfire_choices":[{"data":"Compile Driver","floor":6,"key":"SMITH"},{"floor":11,"key":"REST"},{"data":"Consume","floor":15,"key":"SMITH"},{"data":"Self Repair","floor":24,"key":"SMITH"}],"circlet_count":0,"master_deck":["AscendersBane","Strike_B","Strike_B","Strike_B","Defend_B","Defend_B","Defend_B","Defend_B","Zap+1","Dualcast","Cold Snap","Compile Driver+1","Leap","Conserve Battery","Auto Shields+1","Consume+1","Self Repair+1","Undo","Echo Form","Glacier","Meteor Strike+1","Ball Lightning+1","Reinforced Body","FTL+1"],"relics":["Cracked Core","Molten Egg 2","Boot","Happy Flower","War Paint","Sozu","WarpedTongs"],"acts_visited":["Exordium","TheCity"],"potions_floor_usage":[10,16,25],"damage_taken":[{"damage":7,"enemies":"Jaw Worm","floor":1,"turns":4},{"damage":0,"enemies":"Cultist","floor":2,"turns":4},{"damage":0,"enemies":"2 Louse","floor":3,"turns":2},{"damage":11,"enemies":"Large Slime","floor":4,"turns":6},{"damage":13,"enemies":"Lots of Slimes","floor":5,"turns":5},{"damage":13,"enemies":"3 Louse","floor":8,"turns":3},{"damage":11,"enemies":"3 Sentries","floor":10,"turns":10},{"damage":4,"enemies":"Blue Slaver","floor":12,"turns":4},{"damage":1,"enemies":"Looter","floor":14,"turns":4},{"damage":28,"enemies":"Slime Boss","floor":16,"turns":17},{"damage":10,"enemies":"2 Thieves","floor":18,"turns":4},{"damage":15,"enemies":"Spheric Guardian","floor":23,"turns":5},{"damage":35,"enemies":"Gremlin Leader","floor":25,"turns":4}],"seed_played":"2369032528621766548","potions_obtained":[{"floor":2,"key":"DuplicationPotion"},{"floor":4,"key":"FearPotion"},{"floor":8,"key":"BlessingOfTheForge"},{"floor":10,"key":"Energy Potion"}],"is_trial":false,"path_per_floor":["M","M","M","M","M","R","?","M","T","E","R","M","$","M","R","B",null,"M","?","?","?","$","M","R","E"],"character_chosen":"DEFECT","items_purchased":["Echo Form","War Paint"],"campfire_rested":1,"item_purchase_floors":[13,13],"current_hp_per_floor":[57,57,57,46,33,33,33,20,20,9,30,33,33,39,39,18,58,55,35,35,35,35,34,34,0,0],"gold":27,"neow_bonus":"HUNDRED_GOLD","is_daily":false,"chose_seed":false,"campfire_upgraded":3,"win_rate":0.0,"timestamp":1611596406,"path_taken":["M","M","M","M","M","R","?","M","T","E","R","M","$","M","R","BOSS","M","?","?","?","$","M","R","E"],"items_purchased_type":["Card","Relic"],"build_version":"2020-12-22","purchased_purges":2,"victory":false,"max_hp_per_floor":[71,71,71,71,71,71,71,71,71,71,71,71,71,71,71,71,71,71,76,76,76,76,76,76,76,76],"relic_stats":{"Sozu":1,"Happy Flower":[12],"counters":[13,72],"War Paint":["Zap","Auto Shields"],"Boot":[2],"obtain_stats":[{"Sozu":17,"Happy Flower":10,"Molten Egg 2":7,"War Paint":13,"Cracked Core":0,"Boot":9,"WarpedTongs":21},{"Sozu":10,"Happy Flower":7,"Molten Egg 2":5,"War Paint":8,"Cracked Core":0,"Boot":6,"WarpedTongs":11},{"Sozu":59,"Happy Flower":34,"Molten Egg 2":21,"War Paint":38,"Cracked Core":0,"Boot":24,"WarpedTongs":63}],"WarpedTongs":[9]},"card_choices":[{"not_picked":["Barrage","Streamline"],"picked":"Cold Snap","floor":1},{"not_picked":["Leap","Chill"],"picked":"Compile Driver","floor":2},{"not_picked":["Scrape","Force Field"],"picked":"Leap","floor":3},{"not_picked":["Hyperbeam","Double Energy"],"picked":"Conserve Battery","floor":4},{"not_picked":["Compile Driver","Aggregate"],"picked":"Auto Shields","floor":5},{"not_picked":["Cold Snap+1","Redo"],"picked":"Consume","floor":8},{"not_picked":["Rip and Tear+1","Coolheaded"],"picked":"Self Repair","floor":10},{"not_picked":["Redo","Double Energy"],"picked":"Undo","floor":12},{"not_picked":["BootSequence","Streamline+1"],"picked":"Glacier","floor":14},{"not_picked":["Reboot","Rainbow"],"picked":"Meteor Strike+1","floor":16},{"not_picked":["Blizzard+1","Barrage+1"],"picked":"Ball Lightning+1","floor":18},{"not_picked":["Darkness","Steam Power"],"picked":"FTL+1","floor":23}],"player_experience":1369477,"relics_obtained":[{"floor":9,"key":"Boot"},{"floor":10,"key":"Happy Flower"}],"event_choices":[{"damage_healed":0,"gold_gain":0,"player_choice":"Gave Potion","damage_taken":0,"relics_obtained":["Molten Egg 2"],"max_hp_gain":0,"max_hp_loss":0,"event_name":"WeMeetAgain","floor":7,"gold_loss":0},{"damage_healed":0,"gold_gain":0,"player_choice":"Shed Blood","damage_taken":25,"max_hp_gain":5,"max_hp_loss":0,"event_name":"Forgotten Altar","floor":19,"gold_loss":0},{"damage_healed":0,"gold_gain":0,"player_choice":"Read","damage_taken":0,"max_hp_gain":0,"max_hp_loss":0,"event_name":"The Library","floor":20,"gold_loss":0,"cards_obtained":["Reinforced Body"]},{"damage_healed":0,"gold_gain":0,"player_choice":"Rummage","damage_taken":0,"relics_obtained":["WarpedTongs"],"max_hp_gain":0,"max_hp_loss":0,"event_name":"Accursed Blacksmith","floor":21,"gold_loss":0,"cards_obtained":["Pain"]}],"is_beta":false,"boss_relics":[{"not_picked":["Philosopher\u0027s Stone","Empty Cage"],"picked":"Sozu"}],"items_purged_floors":[13,22],"is_endless":false,"potions_floor_spawned":[2,4,8,10,18],"killed_by":"Gremlin Leader","ascension_level":20}}