{"host":"98os2kmzn0twqoyj","time":1611567573,"event":{"mods":["Act Like it!","Arknights The Spire","BaseMod","Colored Powertips","Downfall","Gensokyo","Lobotomy","Minty Spire (QoL Compilation)","Rare Cards Sparkle","StSLib","everything is the same but u backflip on backflip"],"gold_per_floor":[99,118,136,136,136,136,136,136,156,56,73,12,12,24,36,141,141,141,155,155,155,169,33,80,80,100,100,185,204,104,131,143,246,246,246,257,257,274,58,75,98,98,114,114,114,114],"floor_reached":44,"language":"ZHS","playtime":2199,"items_purged":["Slimebound:Strike_Slimebound"],"score":495,"play_id":"5c8bb0f4-c0f2-4eea-ac86-9927e3860b72","local_time":"20210125173933","is_ascension_mode":false,"campfire_choices":[{"data":"Slimebound:Split","floor":1.0,"key":"SMITH"},{"floor":8.0,"key":"RECALL"},{"data":"Slimebound:LeadByExample","floor":10.0,"key":"SMITH"},{"data":"Slimebound:AcidTongue","floor":13.0,"key":"SMITH"},{"data":"Slimebound:CorrosiveSpit","floor":18.0,"key":"SMITH"},{"floor":25.0,"key":"REST"},{"data":"downfall:Bewildered","floor":30.0,"key":"PURGE"},{"data":"Slimebound:LevelUp","floor":35.0,"key":"SMITH"},{"data":"Slimebound:WasteNot","floor":42,"key":"SMITH"}],"circlet_count":0,"master_deck":["Slimebound:Tackle","Slimebound:Split+1","Slimebound:CorrosiveSpit+1","Slimebound:AcidTongue+1","Slimebound:Prepare","Slimebound:LeadByExample+1","Slimebound:LeechingTouch","Slimebound:SplitMire","Slimebound:SplitBruiser","Slimebound:SplitMire","Slimebound:WasteNot+1","CurseOfTheBell","Slimebound:MegaLick","Slimebound:LeechLife","Slimebound:HauntingLick","Slimebound:Schlurp+1","Slimebound:Repurpose","Slimebound:WasteNot","Slimebound:MassFeed","Slimebound:Repurpose","Slimebound:SlimeSpikes","Slimebound:LevelUp+1","Slimebound:FirmFortitude","Slimebound:Nibble","Slimebound:GoopSpray+1","Slimebound:HauntingLick","Slimebound:LeechingTouch+1","Slimebound:SamplingLick"],"relics":["Slimebound:AbsorbEndCombat","Blue Candle","Centennial Puzzle","downfall:HeartBlessingRed","Calling Bell","Lantern","Singing Bowl","Peace Pipe","sneckomod:BabySnecko","downfall:HeartBlessingBlue","Nunchaku","Pandora\u0027s Box","Toolbox","Regal Pillow"],"acts_visited":["Exordium","TheCity","TheBeyond"],"potions_floor_usage":[],"damage_taken":[{"damage":3.0,"enemies":"Jaw Worm","floor":2.0,"turns":3.0},{"damage":10.0,"enemies":"Small Slimes","floor":3.0,"turns":5.0},{"damage":2.0,"enemies":"2 Louse","floor":9.0,"turns":4.0},{"damage":1.0,"enemies":"Large Slime","floor":11.0,"turns":5.0},{"damage":7.0,"enemies":"downfall:FleeingMerchant","floor":12.0,"turns":4.0},{"damage":13.0,"enemies":"2 Fungi Beasts","floor":14.0,"turns":3.0},{"damage":13.0,"enemies":"Red Slaver","floor":15.0,"turns":3.0},{"damage":30.0,"enemies":"DF_ARCHETYPE_STREAMLINE","floor":16.0,"turns":8.0},{"damage":12.0,"enemies":"Shell Parasite","floor":19.0,"turns":4.0},{"damage":0.0,"enemies":"Chosen","floor":20.0,"turns":1.0},{"damage":51.0,"enemies":"Sentry and Sphere","floor":22.0,"turns":6.0},{"damage":6.0,"enemies":"downfall:FleeingMerchant","floor":23.0,"turns":4.0},{"damage":31.0,"enemies":"Snake Plant","floor":26.0,"turns":3.0},{"damage":54.0,"enemies":"Cultist and Chosen","floor":29.0,"turns":7.0},{"damage":32.0,"enemies":"Gremlin Leader","floor":31.0,"turns":6.0},{"damage":26.0,"enemies":"Centurion and Healer","floor":32.0,"turns":8.0},{"damage":64.0,"enemies":"WA_ARCHETYPE_CALM","floor":33.0,"turns":14.0},{"damage":71.0,"enemies":"3 Darklings","floor":36.0,"turns":6.0},{"damage":15,"enemies":"Orb Walker","floor":38,"turns":3},{"damage":9,"enemies":"downfall:FleeingMerchant","floor":39,"turns":4},{"damage":41,"enemies":"Jaw Worm Horde","floor":40,"turns":4},{"damage":21,"enemies":"Writhing Mass","floor":43,"turns":5},{"damage":58,"enemies":"Giant Head","floor":44,"turns":8}],"seed_played":"-8999902380020088160","potions_obtained":[{"floor":2.0,"key":"Fire Potion"},{"floor":11.0,"key":"DuplicationPotion"},{"floor":15.0,"key":"AttackPotion"},{"floor":32.0,"key":"Fire Potion"},{"floor":33.0,"key":"CultistPotion"},{"floor":40,"key":"Swift Potion"}],"is_trial":false,"path_per_floor":["R","M","M","?","?","?","T","R","M","R","M","$","R","M","M","B",null,"R","M","M","?","M","$","T","R","M","?","?","M","R","E","M","B",null,"R","M","?","M","$","M","T","R","M","E"],"character_chosen":"SLIMEBOUND","items_purchased":["Slimebound:SplitBruiser","Slimebound:HauntingLick","Slimebound:HauntingLick","Toolbox"],"campfire_rested":1,"item_purchase_floors":[12,23,39,39],"current_hp_per_floor":[71,71,63,58,58,58,58,58,58,58,65,64,64,53,42,20,71,71,67,67,54,11,13,13,37,67,67,55,32,42,85,94,59,94,94,27,27,77,74,44,44,44,27,0,0,0],"gold":114,"neow_bonus":"TEN_PERCENT_HP_BONUS","is_daily":false,"chose_seed":false,"campfire_upgraded":6,"win_rate":0.0,"timestamp":1611567573,"path_taken":["R","M","M","?","?","?","T","R","M","R","M","$","R","M","M","BOSS","R","M","M","?","M","$","T","R","M","?","?","M","R","E","M","BOSS","R","M","?","M","$","M","T","R","M","E"],"items_purchased_type":["Card","Card","Card","Relic"],"build_version":"2020-12-22","purchased_purges":1,"victory":false,"max_hp_per_floor":[71,71,71,71,71,71,71,71,71,71,71,71,71,71,71,71,71,71,73,73,78,80,80,80,80,82,82,82,84,94,94,94,94,94,94,94,94,94,96,99,99,99,99,99,99,99],"card_choices":[{"not_picked":["Slimebound:TongueLash","Slimebound:LivingWall"],"picked":"Slimebound:AcidTongue","floor":2.0},{"not_picked":["Slimebound:SlimeBrawl","Slimebound:FinishingTackle"],"picked":"Slimebound:Prepare","floor":3.0},{"not_picked":["Slimebound:GrowthPunch","Slimebound:ItLooksTasty"],"picked":"Slimebound:LeadByExample","floor":9.0},{"not_picked":["Slimebound:HauntingLick","Slimebound:Nibble"],"picked":"Slimebound:LeechingTouch","floor":11.0},{"not_picked":["Slimebound:Schlurp","Slimebound:SelfFormingGoo"],"picked":"Slimebound:SplitMire","floor":12.0},{"not_picked":["Slimebound:SlimeBrawl","Slimebound:Schlurp"],"picked":"Slimebound:SplitMire","floor":14.0},{"not_picked":["Slimebound:SlimeBarrage","Slimebound:Schlurp","Slimebound:Nibble"],"picked":"SKIP","floor":15.0},{"not_picked":["Slimebound:MinionMaster","Slimebound:SlimeSlap"],"picked":"Slimebound:WasteNot","floor":16.0},{"not_picked":["Slimebound:SplitLeeching","Slimebound:SlimeSpikes","Slimebound:SplitMire"],"picked":"Singing Bowl","floor":19.0},{"not_picked":["Slimebound:Schlurp","Slimebound:Grow"],"picked":"Slimebound:MegaLick","floor":20.0},{"not_picked":["Slimebound:FormOfPuddle","Slimebound:ComboTackle","Slimebound:RollThrough"],"picked":"Singing Bowl","floor":22.0},{"not_picked":["Slimebound:LivingWall","Slimebound:LeadByExample"],"picked":"Slimebound:LeechLife","floor":23.0},{"not_picked":["Slimebound:AcidTongue","Slimebound:SplitMire","Slimebound:Prepare"],"picked":"Singing Bowl","floor":26.0},{"not_picked":["Slimebound:BestDefense+1","Slimebound:SlimeSpikes","Slimebound:RejuvenatingLick"],"picked":"Singing Bowl","floor":29.0},{"not_picked":["Slimebound:FinishingTackle","Slimebound:ViciousTackle"],"picked":"Slimebound:Schlurp+1","floor":31.0},{"not_picked":["Slimebound:SlimeSpikes","Slimebound:LeechingTouch+1"],"picked":"Slimebound:Repurpose","floor":32.0},{"not_picked":["Slimebound:PrepareCrush","Slimebound:Teamwork"],"picked":"Slimebound:WasteNot","floor":33.0},{"not_picked":["Slimebound:RollThrough+1","Slimebound:ProtectTheBoss+1"],"picked":"Slimebound:Nibble","floor":36.0},{"not_picked":["Slimebound:BestDefense+1","Slimebound:Prepare+1"],"picked":"Slimebound:GoopSpray+1","floor":38},{"not_picked":["Slimebound:Chomp","Slimebound:SplitMire+1","Slimebound:SplitBruiser+1"],"picked":"Singing Bowl","floor":39},{"not_picked":["Slimebound:SplitAcid+1","Slimebound:SplitMire+1"],"picked":"Slimebound:LeechingTouch+1","floor":40},{"not_picked":["Slimebound:LivingWall+1","Slimebound:PressTheAttack+1"],"picked":"Slimebound:SamplingLick","floor":43}],"player_experience":788215,"relics_obtained":[{"floor":7.0,"key":"Centennial Puzzle"},{"floor":17.0,"key":"Lantern"},{"floor":17.0,"key":"Singing Bowl"},{"floor":17.0,"key":"Peace Pipe"},{"floor":31.0,"key":"Nunchaku"},{"floor":41,"key":"Regal Pillow"}],"event_choices":[],"is_beta":false,"boss_relics":[{"not_picked":["Tiny House","bronze:MakeshiftBattery"],"picked":"Calling Bell"},{"not_picked":["Slimebound:AbsorbEndCombatUpgraded","Black Star"],"picked":"Pandora\u0027s Box"}],"items_purged_floors":[23],"is_endless":false,"potions_floor_spawned":[2,11,15,19,22,32,33,36,40],"killed_by":"Giant Head","ascension_level":0}}