{"host":"sc0o2qwpf9j16a4i","time":1611584049,"event":{"mods":["AchievementEnabler","BaseMod","BetterRewards","Block Reminder","Colored Map","Colored Powertips","Custom Start","Highlight Path","Minty Spire (QoL Compilation)","Relic Stats"],"gold_per_floor":[112,72,87,107,32,66,66,93,93,122,132,160,160,191,191,288,288,302,302,312,312,312,312,338,338,338,338,364,378,10,42,42,137,137,149,149,159,38,51,78,78,112,137,137,165,165,215,229,229,229],"floor_reached":51,"language":"ENG","playtime":2298,"items_purged":[],"score":1302,"play_id":"47ef2b89-7ce5-42fe-bd2f-214ec819ef28","local_time":"20210125161409","daily_mods":["Insanity","Hoarder","Elite Swarm"],"is_ascension_mode":false,"campfire_choices":[{"data":"After Image","floor":7,"key":"SMITH"},{"floor":15,"key":"REST"},{"data":"1","floor":23,"key":"LIFT"},{"data":"2","floor":25,"key":"LIFT"},{"data":"3","floor":27,"key":"LIFT"},{"floor":32,"key":"REST"},{"floor":41,"key":"REST"},{"data":"Calculated Gamble","floor":44,"key":"SMITH"},{"data":"Wraith Form v2","floor":49,"key":"SMITH"}],"circlet_count":0,"master_deck":["Acrobatics","Choke","Sucker Punch","Deadly Poison","Infinite Blades","Prepared","Quick Slash","Poisoned Stab","Sucker Punch","Flying Knee","Dagger Spray","Blade Dance","Underhanded Strike","Predator","Slice","Poisoned Stab","Quick Slash","Deadly Poison","Accuracy","Finisher","Quick Slash","Predator","Blur","Acrobatics","Calculated Gamble+1","Sucker Punch","Acrobatics","Deadly Poison","Dagger Spray","Backflip","Backflip","Cloak And Dagger","Deadly Poison","Noxious Fumes","Dagger Spray","Outmaneuver","Flying Knee","Blur","All Out Attack","Poisoned Stab","Cloak And Dagger","Flying Knee","Finisher","Terror","Outmaneuver","Acrobatics","Backflip","Dodge and Roll","Blade Dance","Flying Knee","Flying Knee","Flying Knee","Dagger Throw","Dagger Throw","Dagger Throw","Infinite Blades","Infinite Blades","Infinite Blades","After Image+1","After Image","Envenom","Envenom","Envenom","Wraith Form v2","Wraith Form v2","Wraith Form v2+1","Corpse Explosion","Corpse Explosion","Corpse Explosion","Ghostly","Ghostly","Ghostly","Ghostly","Ghostly","Ghostly","Ghostly","Ghostly","Ghostly","Ghostly","Ghostly","Ghostly","Ghostly","Ghostly","Ghostly","PiercingWail","PiercingWail","PiercingWail","Footwork","Footwork","Footwork","A Thousand Cuts+1","A Thousand Cuts+1","A Thousand Cuts+1","After Image+1","After Image+1","After Image+1","PiercingWail+1","PiercingWail+1","PiercingWail+1","Poisoned Stab","Poisoned Stab","Poisoned Stab","Acrobatics+1","Acrobatics+1","Acrobatics+1","Ghostly","Ghostly","Ghostly","Blur+1","Blur+1","Blur+1","Crippling Poison","Crippling Poison","Crippling Poison","Wraith Form v2+1","Wraith Form v2+1","Wraith Form v2+1","Wraith Form v2+1","Wraith Form v2+1","Wraith Form v2+1","Calculated Gamble+1","Calculated Gamble+1","Calculated Gamble+1"],"relics":["Ring of the Snake","Singing Bowl","Girya","Pantograph","Sundial","Pear","The Courier","Runic Pyramid","White Beast Statue","Pen Nib","Letter Opener","Question Card","Lantern","Frozen Egg 2","Prayer Wheel","Black Star","DollysMirror","StrikeDummy","Omamori","HornCleat","Strawberry","Du-Vu Doll","Kunai","Ginger"],"acts_visited":["Exordium","TheCity","TheBeyond"],"potions_floor_usage":[12,12,14,16,18,29,29,29,29,29,29,40,40,45,50],"damage_taken":[{"damage":5,"enemies":"Small Slimes","floor":1,"turns":2},{"damage":0,"enemies":"2 Louse","floor":3,"turns":2},{"damage":0,"enemies":"Jaw Worm","floor":4,"turns":3},{"damage":19,"enemies":"3 Sentries","floor":6,"turns":6},{"damage":13,"enemies":"Lagavulin","floor":8,"turns":7},{"damage":14,"enemies":"Gremlin Nob","floor":10,"turns":4},{"damage":1,"enemies":"2 Fungi Beasts","floor":11,"turns":3},{"damage":18,"enemies":"Lagavulin","floor":12,"turns":5},{"damage":12,"enemies":"Gremlin Nob","floor":14,"turns":4},{"damage":21,"enemies":"Slime Boss","floor":16,"turns":10},{"damage":26,"enemies":"3 Byrds","floor":18,"turns":5},{"damage":0,"enemies":"Spheric Guardian","floor":20,"turns":8},{"damage":1,"enemies":"Slavers","floor":24,"turns":5},{"damage":0,"enemies":"Book of Stabbing","floor":28,"turns":8},{"damage":19,"enemies":"Snake Plant","floor":29,"turns":4},{"damage":3,"enemies":"Gremlin Leader","floor":31,"turns":7},{"damage":2,"enemies":"Champ","floor":33,"turns":13},{"damage":0,"enemies":"3 Shapes","floor":35,"turns":6},{"damage":3,"enemies":"3 Darklings","floor":37,"turns":6},{"damage":5,"enemies":"Writhing Mass","floor":39,"turns":10},{"damage":5,"enemies":"Giant Head","floor":40,"turns":15},{"damage":0,"enemies":"Nemesis","floor":42,"turns":13},{"damage":0,"enemies":"Giant Head","floor":45,"turns":17},{"damage":0,"enemies":"Mind Bloom Boss Battle","floor":47,"turns":8},{"damage":0,"enemies":"Sphere and 2 Shapes","floor":48,"turns":11},{"damage":0,"enemies":"Donu and Deca","floor":50,"turns":14}],"seed_played":"978523773853811893","potions_obtained":[{"floor":2,"key":"CultistPotion"},{"floor":2,"key":"Weak Potion"},{"floor":2,"key":"Swift Potion"},{"floor":14,"key":"GhostInAJar"},{"floor":16,"key":"Swift Potion"},{"floor":20,"key":"Fire Potion"},{"floor":24,"key":"Explosive Potion"},{"floor":28,"key":"EntropicBrew"},{"floor":29,"key":"SpeedPotion"},{"floor":40,"key":"Energy Potion"},{"floor":42,"key":"CunningPotion"},{"floor":45,"key":"DistilledChaos"},{"floor":47,"key":"Ancient Potion"}],"is_trial":true,"path_per_floor":["M","?","M","M","$","E","R","E","T","E","M","E","?","E","R","B",null,"M","T","M","?","?","R","E","R","T","R","E","M","$","E","R","B",null,"M","?","M","$","M","E","R","E","T","R","E","?","?","M","R","B",null],"character_chosen":"THE_SILENT","items_purchased":["Infinite Blades","Footwork","Lantern","Frozen Egg 2","DollysMirror"],"campfire_rested":3,"item_purchase_floors":[5,30,30,30,38],"current_hp_per_floor":[65,65,65,65,65,46,46,35,35,21,22,14,14,4,29,33,86,62,62,64,45,39,39,40,40,40,40,42,23,23,20,36,52,54,56,56,55,55,50,45,58,60,67,67,67,64,66,68,68,68],"gold":229,"neow_bonus":"","is_daily":false,"chose_seed":false,"campfire_upgraded":3,"win_rate":0.0,"timestamp":1611584049,"path_taken":["M","?","M","?","$","E","R","E","T","E","M","E","?","E","R","BOSS","M","?","M","?","?","R","E","R","T","R","E","M","$","E","R","BOSS","M","?","M","$","?","E","R","E","T","R","E","?","?","M","R","BOSS"],"items_purchased_type":["Card","Card","Relic","Relic","Relic"],"build_version":"2020-12-22","purchased_purges":0,"victory":true,"max_hp_per_floor":[70,70,70,70,70,70,70,72,72,72,74,84,84,86,86,86,86,88,88,90,45,50,50,52,52,52,52,54,54,54,54,54,54,54,56,56,58,58,58,58,58,60,67,67,67,64,66,68,68,68],"relic_stats":{"Singing Bowl":24,"counters":[26,196],"Pen Nib":[14],"Letter Opener":[133],"Ginger":[0],"Question Card":15,"Sundial":[0],"Pantograph":43,"Prayer Wheel":4,"Black Star":3,"Kunai":[5],"obtain_stats":[{"Girya":8,"Lantern":30,"Pear":12,"Singing Bowl":6,"The Courier":14,"Pen Nib":24,"Omamori":40,"Letter Opener":26,"Ginger":47,"Frozen Egg 2":30,"Question Card":28,"White Beast Statue":19,"Du-Vu Doll":45,"HornCleat":42,"Sundial":10,"DollysMirror":38,"Pantograph":9,"Strawberry":43,"Prayer Wheel":31,"Black Star":34,"Kunai":45,"StrikeDummy":40,"Ring of the Snake":0,"Runic Pyramid":17},{"Girya":5,"Lantern":15,"Pear":8,"Singing Bowl":4,"The Courier":9,"Pen Nib":13,"Omamori":21,"Letter Opener":13,"Ginger":24,"Frozen Egg 2":15,"Question Card":14,"White Beast Statue":11,"Du-Vu Doll":23,"HornCleat":22,"Sundial":6,"DollysMirror":19,"Pantograph":5,"Strawberry":22,"Prayer Wheel":16,"Black Star":17,"Kunai":23,"StrikeDummy":21,"Ring of the Snake":0,"Runic Pyramid":10},{"Girya":20,"Lantern":76,"Pear":32,"Singing Bowl":13,"The Courier":36,"Pen Nib":64,"Omamori":133,"Letter Opener":64,"Ginger":171,"Frozen Egg 2":76,"Question Card":72,"White Beast Statue":51,"Du-Vu Doll":163,"HornCleat":146,"Sundial":24,"DollysMirror":108,"Pantograph":20,"Strawberry":146,"Prayer Wheel":83,"Black Star":96,"Kunai":163,"StrikeDummy":133,"Ring of the Snake":0,"Runic Pyramid":46}],"Ring of the Snake":[52]},"card_choices":[{"not_picked":["PiercingWail","Dagger Spray"],"picked":"Flying Knee","floor":1},{"not_picked":["Reflex","Blur"],"picked":"Dagger Throw","floor":3},{"not_picked":["Dagger Throw","Terror","Flying Knee"],"picked":"SKIP","floor":4},{"not_picked":["Corpse Explosion","Doppelganger"],"picked":"After Image","floor":6},{"not_picked":["A Thousand Cuts","Unload","Night Terror"],"picked":"Singing Bowl","floor":8},{"not_picked":["Wraith Form v2","Grand Finale"],"picked":"Envenom","floor":10},{"not_picked":["Underhanded Strike","Setup","Dagger Throw"],"picked":"Singing Bowl","floor":11},{"not_picked":["Venomology","Die Die Die"],"picked":"Wraith Form v2","floor":12},{"not_picked":["Unload","Phantasmal Killer","Grand Finale"],"picked":"Singing Bowl","floor":14},{"not_picked":["A Thousand Cuts","Adrenaline"],"picked":"Corpse Explosion","floor":16},{"not_picked":["Dagger Spray","Quick Slash","Poisoned Stab"],"picked":"Singing Bowl","floor":18},{"not_picked":["Prepared","Setup+1","Deflect"],"picked":"Singing Bowl","floor":20},{"not_picked":["Corpse Explosion","Grand Finale","Tools of the Trade"],"picked":"Singing Bowl","floor":24},{"not_picked":["Die Die Die","Bullet Time","Corpse Explosion"],"picked":"Singing Bowl","floor":28},{"not_picked":["Poisoned Stab+1","Heel Hook","Deadly Poison"],"picked":"PiercingWail","floor":29},{"not_picked":["Storm of Steel","Malaise","Unload"],"picked":"A Thousand Cuts+1","floor":31},{"not_picked":["Burst","Grand Finale","A Thousand Cuts+1"],"picked":"After Image+1","floor":33},{"not_picked":["Dodge and Roll","Bouncing Flask","Predator+1","Leg Sweep"],"picked":"Singing Bowl","floor":35},{"not_picked":["Reflex","Sucker Punch+1","Underhanded Strike"],"picked":"PiercingWail+1","floor":35},{"not_picked":["Dagger Spray","Sucker Punch","Underhanded Strike+1"],"picked":"Acrobatics+1","floor":37},{"not_picked":["Deflect+1","PiercingWail","Slice+1","Backstab+1"],"picked":"Singing Bowl","floor":37},{"not_picked":["Unload","Quick Slash+1","Prepared"],"picked":"Blur+1","floor":39},{"not_picked":["Underhanded Strike","Cloak And Dagger","Reflex"],"picked":"Crippling Poison","floor":39},{"not_picked":["Corpse Explosion","Venomology","Malaise"],"picked":"Wraith Form v2+1","floor":40},{"not_picked":["A Thousand Cuts+1","Corpse Explosion","After Image+1","Burst"],"picked":"Singing Bowl","floor":42},{"not_picked":["Envenom+1","Bullet Time","After Image+1"],"picked":"Wraith Form v2+1","floor":45},{"not_picked":["Heel Hook","Blade Dance","Well Laid Plans+1","Bane+1"],"picked":"Singing Bowl","floor":47},{"not_picked":["Distraction","Deadly Poison+1","Dodge and Roll","Underhanded Strike"],"picked":"Singing Bowl","floor":48},{"not_picked":["Infinite Blades+1","Dodge and Roll","Finisher+1"],"picked":"Calculated Gamble+1","floor":48}],"player_experience":945621,"relics_obtained":[{"floor":6,"key":"Singing Bowl"},{"floor":8,"key":"Girya"},{"floor":9,"key":"Pantograph"},{"floor":10,"key":"Sundial"},{"floor":12,"key":"Pear"},{"floor":14,"key":"The Courier"},{"floor":19,"key":"White Beast Statue"},{"floor":24,"key":"Pen Nib"},{"floor":26,"key":"Letter Opener"},{"floor":28,"key":"Question Card"},{"floor":31,"key":"Prayer Wheel"},{"floor":40,"key":"StrikeDummy"},{"floor":40,"key":"Omamori"},{"floor":42,"key":"HornCleat"},{"floor":43,"key":"Strawberry"},{"floor":45,"key":"Du-Vu Doll"},{"floor":45,"key":"Kunai"},{"floor":47,"key":"Ginger"}],"event_choices":[{"damage_healed":0,"gold_gain":0,"player_choice":"Bought 3 Potions","damage_taken":0,"max_hp_gain":0,"max_hp_loss":0,"event_name":"The Woman in Blue","floor":2,"gold_loss":0},{"cards_removed":["Expertise"],"damage_healed":0,"gold_gain":0,"player_choice":"Purged","damage_taken":0,"max_hp_gain":0,"max_hp_loss":0,"event_name":"Purifier","floor":13,"gold_loss":0},{"damage_healed":0,"gold_gain":0,"player_choice":"Became a Ghost","damage_taken":0,"max_hp_gain":0,"max_hp_loss":45,"event_name":"Ghosts","floor":21,"gold_loss":0,"cards_obtained":["Ghostly","Ghostly","Ghostly","Ghostly","Ghostly"]},{"damage_healed":0,"gold_gain":0,"player_choice":"Shed Blood","damage_taken":11,"max_hp_gain":5,"max_hp_loss":0,"event_name":"Forgotten Altar","floor":22,"gold_loss":0},{"damage_healed":0,"gold_gain":0,"cards_transformed":["After Image"],"player_choice":"Transformed","damage_taken":0,"max_hp_gain":0,"max_hp_loss":0,"event_name":"Transmorgrifier","floor":36,"gold_loss":0,"cards_obtained":["Poisoned Stab"]},{"damage_healed":0,"gold_gain":0,"player_choice":"Max HP","damage_taken":0,"max_hp_gain":0,"max_hp_loss":3,"event_name":"Winding Halls","floor":46,"gold_loss":0},{"damage_healed":0,"gold_gain":0,"player_choice":"Fight","damage_taken":0,"max_hp_gain":0,"max_hp_loss":0,"event_name":"MindBloom","floor":47,"gold_loss":0}],"is_beta":false,"boss_relics":[{"not_picked":["Cursed Key","Ectoplasm"],"picked":"Runic Pyramid"},{"not_picked":["Snecko Eye","Calling Bell"],"picked":"Black Star"}],"items_purged_floors":[],"is_endless":false,"potions_floor_spawned":[3,8,10,14,16,20,24,28,29,31,33,35,37,39,40,42,45,47,48],"ascension_level":0}}