{"host":"fligtxqnrbjmaaid","time":1611588007,"event":{"mods":["ATMod(°¢èªMod)","AchievementEnabler","Act Like it!","BaseMod","Dota2Spire","Downfall","Hallownest","Infinite Spire","Lobotomy","Marisa£¨ìFÓê¡¡Ä§ÀíÉ³£©","Minty Spire (QoL Compilation)","Replay The Spire","StSLib","The Blackbeard","The Construct","The Cursed","The Gatherer","The Runesmith","The Senshi","[IsaacMod]ÒÔÈö¼âËþ"],"gold_per_floor":[119,130,130,143,158,158,158,171,171,171,183,200,200,216,216,315,315,331,344,309,408,408,408,433,433,433,358,358,377,390,390,390,485,485,499,499,499,499,544,544,599,652,723,788,788,850,850,917,917,917],"floor_reached":51,"language":"ZHS","playtime":3604,"items_purged":[],"score":888,"play_id":"c106f6e6-b6f4-46c0-b058-de6b4330d0d2","local_time":"20210125232007","is_ascension_mode":false,"campfire_choices":[{"data":"Seeing Red","floor":6,"key":"SMITH"},{"floor":10,"key":"RECALL"},{"data":"AT_ShrugMaster","floor":13,"key":"SMITH"},{"data":"Metallicize","floor":15,"key":"SMITH"},{"data":"Barricade","floor":23,"key":"SMITH"},{"data":"infinitespire:NeuralNetwork","floor":25,"key":"SMITH"},{"data":"Armaments","floor":28,"key":"SMITH"},{"data":"Flame Barrier","floor":32,"key":"SMITH"},{"data":"Feel No Pain","floor":40,"key":"SMITH"},{"data":"Seeing Red","floor":47,"key":"SMITH"},{"data":"Fire Breathing","floor":49,"key":"SMITH"}],"circlet_count":0,"master_deck":["Strike_R","Strike_R","Strike_R","Defend_R","Defend_R","Defend_R","Defend_R","AT_ShrugMaster+1","Anger","Seeing Red+1","Shrug It Off","Metallicize+1","Barricade+1","Armaments+1","Flame Barrier+1","Fire Breathing+1","infinitespire:NeuralNetwork+1","Warcry+1","Blood for Blood","Feel No Pain+1","Carnage","Rampage","Seeing Red+1","Anger"],"relics":["Burning Blood","HushsDoor","AT_ATBox","HowToJump","SlaversCollar","Dota2Spire:ArcaneBoots","Pear","AT_TrinityForce","infinitespire:EvilPickle","AT_ImmortalShieldbow"],"acts_visited":["Exordium","TheCity","TheBeyond"],"potions_floor_usage":[16,16,46,50,50,50],"damage_taken":[{"damage":0,"enemies":"Small Slimes","floor":1,"turns":4},{"damage":7,"enemies":"2 Louse","floor":2,"turns":3},{"damage":1,"enemies":"Jaw Worm","floor":4,"turns":4},{"damage":6,"enemies":"Large Slime","floor":5,"turns":7},{"damage":9,"enemies":"Red Slaver","floor":8,"turns":5},{"damage":4,"enemies":"Blue Slaver","floor":11,"turns":4},{"damage":3,"enemies":"Exordium Thugs","floor":12,"turns":5},{"damage":0,"enemies":"Large Slime","floor":14,"turns":8},{"damage":24,"enemies":"Hexaghost","floor":16,"turns":10},{"damage":10,"enemies":"3 Byrds","floor":18,"turns":5},{"damage":0,"enemies":"Spheric Guardian","floor":19,"turns":8},{"damage":6,"enemies":"Book of Stabbing","floor":24,"turns":8},{"damage":21,"enemies":"Snake Plant","floor":29,"turns":7},{"damage":2,"enemies":"Centurion and Healer","floor":30,"turns":10},{"damage":11,"enemies":"Pondfish","floor":33,"turns":14},{"damage":0,"enemies":"3 Shapes","floor":35,"turns":5},{"damage":0,"enemies":"Orb Walker","floor":39,"turns":2},{"damage":3,"enemies":"4 Shapes","floor":41,"turns":6},{"damage":0,"enemies":"Maw","floor":42,"turns":8},{"damage":0,"enemies":"3 Darklings","floor":44,"turns":8},{"damage":0,"enemies":"4 Shapes","floor":46,"turns":4},{"damage":3,"enemies":"Sphere and 2 Shapes","floor":48,"turns":4},{"damage":0,"enemies":"Time Eater","floor":50,"turns":13}],"seed_played":"-7678289253791391736","potions_obtained":[{"floor":2,"key":"Fire Potion"},{"floor":4,"key":"Strength Potion"},{"floor":14,"key":"bronze:BurnAndBuffPotion"},{"floor":24,"key":"Energy Potion"},{"floor":39,"key":"Regen Potion"},{"floor":42,"key":"SkillPotion"},{"floor":48,"key":"Strength Potion"}],"is_trial":false,"path_per_floor":["M","M","?","M","M","R","$","M","T","R","M","M","R","M","R","B",null,"M","M","$","?","AVR","R","E","R","T","?","R","M","M","?","R","B",null,"M","?","?","AVR","M","R","M","M","T","M","?","M","R","M","R","B",null],"character_chosen":"IRONCLAD","items_purchased":["Fire Breathing"],"campfire_rested":0,"item_purchase_floors":[20],"current_hp_per_floor":[80,79,79,80,80,80,80,77,77,77,79,80,80,80,80,62,80,76,80,80,80,80,80,80,80,90,90,90,75,79,79,79,74,90,90,90,90,90,90,90,90,90,90,90,90,90,90,90,90,90],"gold":917,"neow_bonus":"REMOVE_CARD","is_daily":false,"chose_seed":false,"campfire_upgraded":10,"win_rate":0.0,"timestamp":1611588007,"path_taken":["M","M","?","M","M","R","$","M","T","R","M","M","R","M","R","BOSS","M","M","$","?","AVR","R","E","R","T","?","R","M","M","?","R","BOSS","M","?","?","AVR","?","R","M","M","T","M","?","M","R","M","R","BOSS"],"items_purchased_type":["Card"],"build_version":"2020-12-22","purchased_purges":0,"victory":true,"max_hp_per_floor":[80,80,80,80,80,80,80,80,80,80,80,80,80,80,80,80,80,80,80,80,80,80,80,80,80,90,90,90,90,90,90,90,90,90,90,90,90,90,90,90,90,90,90,90,90,90,90,90,90,90],"card_choices":[{"not_picked":["Rage","ReplayTheSpireMod:Corrosion Curse","Whirlwind"],"picked":"SKIP","floor":1},{"not_picked":["Havoc","Pummel"],"picked":"Anger","floor":2},{"not_picked":["AT_DrawKnifeCut","ReplayTheSpireMod:Muscle Training","Infernal Blade"],"picked":"SKIP","floor":4},{"not_picked":["Shockwave","Thunderclap"],"picked":"Seeing Red","floor":5},{"not_picked":["Flex","Wild Strike","Sever Soul"],"picked":"SKIP","floor":8},{"not_picked":["Entrench","Eclipse"],"picked":"Shrug It Off","floor":11},{"not_picked":["Intimidate","Run Through"],"picked":"Iron Wave","floor":12},{"not_picked":["Power Through","Clothesline"],"picked":"Metallicize","floor":14},{"not_picked":["Offering","Berserk"],"picked":"Barricade","floor":16},{"not_picked":["AT_IchimonjiDouble","Thunderclap"],"picked":"Armaments","floor":18},{"not_picked":["Carnage","Shockwave"],"picked":"Flame Barrier","floor":19},{"not_picked":["Fiend Fire","Wild Strike"],"picked":"Warcry+1","floor":24},{"not_picked":["Replay:Undeath\u0027s Touch","Clash"],"picked":"Blood for Blood","floor":29},{"not_picked":["Sword Boomerang","Cleave","Flex"],"picked":"SKIP","floor":30},{"not_picked":["Heavy Blade+1","AT_BodySlamDance+1"],"picked":"Feel No Pain","floor":35},{"not_picked":["ReplayTheSpireMod:Strike From Hell+1","AT_BodySlamDance+1","Uppercut"],"picked":"SKIP","floor":39},{"not_picked":["Corruption","Twin Strike+1"],"picked":"Rampage","floor":41},{"not_picked":["Replay:Undeath\u0027s Touch","AT_BodySlamDance+1","Wild Strike+1"],"picked":"SKIP","floor":42},{"not_picked":["Twin Strike","Havoc"],"picked":"Seeing Red","floor":44},{"not_picked":["Inflame+1","Havoc+1"],"picked":"Anger","floor":46},{"not_picked":["Clash","Heavy Blade+1","Reaper"],"picked":"SKIP","floor":48}],"player_experience":87328,"relics_obtained":[{"floor":24,"key":"Dota2Spire:ArcaneBoots"},{"floor":26,"key":"Pear"},{"floor":43,"key":"AT_ImmortalShieldbow"}],"event_choices":[{"damage_healed":0,"gold_gain":0,"player_choice":"Ignored","damage_taken":0,"max_hp_gain":0,"max_hp_loss":0,"event_name":"Golden Idol","floor":3,"gold_loss":0},{"damage_healed":0,"gold_gain":99,"player_choice":"Stole From Cult","damage_taken":0,"max_hp_gain":0,"max_hp_loss":0,"event_name":"Nest","floor":21,"gold_loss":0},{"cards_removed":["Strike_R"],"damage_healed":0,"gold_gain":0,"player_choice":"Gave Gold","damage_taken":0,"max_hp_gain":0,"max_hp_loss":0,"event_name":"Beggar","floor":27,"gold_loss":75},{"damage_healed":0,"gold_gain":0,"cards_transformed":["Strike_R"],"player_choice":"Transformed","damage_taken":0,"max_hp_gain":0,"max_hp_loss":0,"event_name":"Transmorgrifier","floor":36,"gold_loss":0,"cards_obtained":["Carnage"]},{"cards_removed":["Iron Wave"],"damage_healed":0,"gold_gain":0,"player_choice":"Removed Attack","damage_taken":0,"max_hp_gain":0,"max_hp_loss":0,"event_name":"Falling","floor":37,"gold_loss":0}],"is_beta":false,"boss_relics":[{"not_picked":["Philosopher\u0027s Stone","Velvet Choker"],"picked":"SlaversCollar"},{"not_picked":[]},{"not_picked":["Sozu","ReplayTheSpireMod:SealedPack"],"picked":"AT_TrinityForce"},{"not_picked":[]}],"items_purged_floors":[],"is_endless":false,"potions_floor_spawned":[2,4,14,24,39,42,44,48],"ascension_level":0}}