{"host":"344lv32hnei0mdhu","time":1611569873,"event":{"mods":["Act Like it!","BaseMod","Better Match","Better Sensory Stone","Better Skull","Better Third Choice","Better Vampires","Colored Powertips","Highlight Path","Minty Spire (QoL Compilation)","Quick Restart","Random Character Button","Rare Cards Sparkle","StSLib"],"gold_per_floor":[113,33,133,143,153,179,179,204,230,256,256,109,109,127,127,223,273,291,302,302,227,244,244,263,263,263],"floor_reached":25,"language":"ENG","playtime":1388,"items_purged":["Strike_R"],"score":368,"play_id":"65075ef1-83e4-4b73-bc7f-8efc1a043a09","local_time":"20210125041753","is_ascension_mode":true,"campfire_choices":[{"data":"Demon Form","floor":7,"key":"SMITH"},{"floor":11,"key":"REST"},{"floor":15,"key":"REST"},{"data":"Pummel","floor":23,"key":"SMITH"}],"circlet_count":0,"master_deck":["AscendersBane","Strike_R","Strike_R","Strike_R","Strike_R","Defend_R","Defend_R","Defend_R+1","Defend_R","Bash","Cleave","Inflame","Shrug It Off","Shrug It Off","Demon Form+1","Flame Barrier","Power Through","Disarm","Metallicize","Feed","Clothesline","Pummel+1"],"relics":["Burning Blood","NeowsBlessing","Pen Nib","Strawberry","Vajra","Sundial","Tiny House"],"acts_visited":["Exordium","TheCity"],"potions_floor_usage":[6,18,19,24,25],"damage_taken":[{"damage":0,"enemies":"2 Louse","floor":1,"turns":1},{"damage":0,"enemies":"Cultist","floor":4,"turns":1},{"damage":0,"enemies":"Small Slimes","floor":5,"turns":1},{"damage":21,"enemies":"3 Sentries","floor":6,"turns":7},{"damage":14,"enemies":"Lagavulin","floor":8,"turns":7},{"damage":32,"enemies":"Gremlin Nob","floor":10,"turns":4},{"damage":3,"enemies":"Exordium Wildlife","floor":14,"turns":5},{"damage":6,"enemies":"The Guardian","floor":16,"turns":14},{"damage":6,"enemies":"3 Byrds","floor":18,"turns":6},{"damage":25,"enemies":"Shell Parasite","floor":19,"turns":6},{"damage":15,"enemies":"Snecko","floor":22,"turns":5},{"damage":31,"enemies":"Sentry and Sphere","floor":24,"turns":6},{"damage":57,"enemies":"Gremlin Leader","floor":25,"turns":7}],"seed_played":"7927948346942662775","potions_obtained":[{"floor":4,"key":"ColorlessPotion"},{"floor":14,"key":"GamblersBrew"},{"floor":17,"key":"BlessingOfTheForge"},{"floor":18,"key":"SkillPotion"},{"floor":22,"key":"ColorlessPotion"}],"is_trial":false,"path_per_floor":["M","$","?","M","M","E","R","E","T","E","R","$","?","M","R","B",null,"M","M","?","$","M","R","M","E"],"character_chosen":"IRONCLAD","items_purchased":["Inflame","Disarm","Metallicize"],"campfire_rested":2,"item_purchase_floors":[2,12,12],"current_hp_per_floor":[78,78,78,80,80,65,65,64,64,38,64,64,64,67,87,87,92,92,76,76,76,70,70,48,0,0],"gold":263,"neow_bonus":"THREE_ENEMY_KILL","is_daily":false,"chose_seed":false,"campfire_upgraded":2,"win_rate":0.0,"timestamp":1611569873,"path_taken":["M","$","?","?","M","E","R","E","T","E","R","$","?","M","R","BOSS","M","M","?","$","M","R","M","E"],"items_purchased_type":["Card","Card","Card"],"build_version":"2020-12-22","purchased_purges":1,"victory":false,"max_hp_per_floor":[80,80,80,80,80,80,80,87,87,87,87,87,87,87,87,87,92,92,95,95,95,98,98,101,101,101],"card_choices":[{"not_picked":["Clothesline","Pommel Strike"],"picked":"Cleave","floor":1},{"not_picked":["Clothesline","Warcry"],"picked":"Shrug It Off","floor":4},{"not_picked":["Cleave","Pommel Strike"],"picked":"Shrug It Off","floor":5},{"not_picked":["Anger","Metallicize"],"picked":"Demon Form","floor":6},{"not_picked":["Combust","Disarm"],"picked":"Flame Barrier","floor":8},{"not_picked":["Armaments","Hemokinesis"],"picked":"Power Through","floor":10},{"not_picked":["Havoc","Rupture","Shrug It Off"],"picked":"SKIP","floor":14},{"not_picked":["Reaper","Impervious"],"picked":"Feed","floor":16},{"not_picked":["Carnage","Intimidate"],"picked":"Clothesline","floor":17},{"not_picked":["Sentinel","Burning Pact","Battle Trance"],"picked":"SKIP","floor":18},{"not_picked":["Heavy Blade","Anger+1","True Grit"],"picked":"SKIP","floor":19},{"not_picked":["Pommel Strike","Evolve"],"picked":"Pummel","floor":22},{"not_picked":["True Grit","Clash","Second Wind+1"],"picked":"SKIP","floor":24}],"player_experience":380573,"relics_obtained":[{"floor":6,"key":"Pen Nib"},{"floor":8,"key":"Strawberry"},{"floor":9,"key":"Vajra"},{"floor":10,"key":"Sundial"}],"event_choices":[{"damage_healed":0,"gold_gain":100,"player_choice":"Pray","damage_taken":0,"max_hp_gain":0,"max_hp_loss":0,"event_name":"Golden Shrine","floor":3,"gold_loss":0},{"damage_healed":0,"gold_gain":0,"player_choice":"Ignored","damage_taken":0,"max_hp_gain":0,"max_hp_loss":0,"event_name":"Golden Wing","floor":13,"gold_loss":0},{"damage_healed":0,"gold_gain":0,"player_choice":"Ignored","damage_taken":0,"max_hp_gain":0,"max_hp_loss":0,"event_name":"Vampires","floor":20,"gold_loss":0}],"is_beta":false,"boss_relics":[{"not_picked":["Coffee Dripper","Busted Crown"],"picked":"Tiny House"}],"items_purged_floors":[21],"is_endless":false,"potions_floor_spawned":[4,14,18,22],"killed_by":"Gremlin Leader","ascension_level":11}}