{"host":"8is2j71l4wmybkoi","time":1611565295,"event":{"mods":["AchievementEnabler","BaseMod","Colored Map","Minty Spire (QoL Compilation)","Rare Cards Sparkle","StSLib","SuperFastMode"],"gold_per_floor":[112,122,142,153,169,169,186,186,212,212,242,242,254,254,254,254,254],"floor_reached":16,"language":"KOR","playtime":388,"items_purged":[],"score":208,"play_id":"4b8b81ab-db95-4fd3-aaf6-cd41fe637fff","local_time":"20210125180135","is_ascension_mode":true,"campfire_choices":[{"floor":6.0,"key":"REST"},{"data":"Phantasmal Killer","floor":8.0,"key":"SMITH"},{"data":"Crippling Poison","floor":10.0,"key":"SMITH"},{"floor":12,"key":"REST"},{"floor":15,"key":"REST"}],"circlet_count":0,"master_deck":["AscendersBane","Strike_G","Strike_G","Strike_G","Strike_G","Strike_G","Defend_G","Defend_G+1","Defend_G","Defend_G","Defend_G","Survivor","Neutralize+1","Phantasmal Killer+1","Crippling Poison+1","Flying Knee","Catalyst","Distraction","PiercingWail","Dagger Spray","Escape Plan","Die Die Die"],"relics":["Ring of the Snake","Pen Nib","Ginger"],"acts_visited":["Exordium"],"potions_floor_usage":[11],"damage_taken":[{"damage":8.0,"enemies":"2 Louse","floor":1.0,"turns":4.0},{"damage":4.0,"enemies":"Small Slimes","floor":2.0,"turns":3.0},{"damage":0.0,"enemies":"Jaw Worm","floor":3.0,"turns":3.0},{"damage":7.0,"enemies":"3 Louse","floor":4.0,"turns":2.0},{"damage":37.0,"enemies":"Gremlin Gang","floor":5.0,"turns":5.0},{"damage":6.0,"enemies":"Exordium Thugs","floor":7.0,"turns":5.0},{"damage":11,"enemies":"Lagavulin","floor":11,"turns":5},{"damage":6,"enemies":"Blue Slaver","floor":13,"turns":3},{"damage":30,"enemies":"The Guardian","floor":16,"turns":2}],"seed_played":"-8013960625747953292","potions_obtained":[{"floor":1.0,"key":"Poison Potion"},{"floor":4.0,"key":"Fruit Juice"},{"floor":5.0,"key":"BlessingOfTheForge"},{"floor":13,"key":"SteroidPotion"}],"is_trial":false,"path_per_floor":["M","M","M","M","M","R","M","R","T","R","E","R","M","?","R","B"],"character_chosen":"THE_SILENT","items_purchased":[],"campfire_rested":3,"item_purchase_floors":[],"current_hp_per_floor":[51,47,47,40,8,29,23,23,23,23,12,33,27,6,27,0,0],"gold":254,"neow_bonus":"ONE_RANDOM_RARE_CARD","is_daily":false,"chose_seed":false,"campfire_upgraded":2,"win_rate":0.0,"timestamp":1611565295,"path_taken":["M","M","M","M","M","R","M","R","T","R","E","R","M","?","R","BOSS"],"items_purchased_type":[],"build_version":"2020-12-22","purchased_purges":0,"victory":false,"max_hp_per_floor":[66,66,66,66,71,71,71,71,71,71,71,71,71,71,71,71,71],"card_choices":[{"not_picked":["Flying Knee","PiercingWail"],"picked":"Crippling Poison","floor":1.0},{"not_picked":["Dagger Throw","Deadly Poison"],"picked":"Flying Knee","floor":2.0},{"not_picked":["Distraction","Caltrops"],"picked":"Catalyst","floor":3.0},{"not_picked":["Prepared","PiercingWail"],"picked":"Distraction","floor":4.0},{"not_picked":["Outmaneuver","Prepared"],"picked":"PiercingWail","floor":5.0},{"not_picked":["Dodge and Roll","Backflip"],"picked":"Dagger Spray","floor":7.0},{"not_picked":["Underhanded Strike","Dash"],"picked":"Escape Plan","floor":11},{"not_picked":["Dodge and Roll","Footwork"],"picked":"Die Die Die","floor":13}],"player_experience":783087,"relics_obtained":[{"floor":9.0,"key":"Pen Nib"},{"floor":11,"key":"Ginger"}],"event_choices":[{"damage_healed":0,"gold_gain":0,"player_choice":"Entered Light","damage_taken":21,"max_hp_gain":0,"max_hp_loss":0,"event_name":"Shining Light","floor":14,"gold_loss":0,"cards_upgraded":["Defend_G","Neutralize"]}],"is_beta":false,"boss_relics":[],"items_purged_floors":[],"is_endless":false,"potions_floor_spawned":[1,4,5,13],"killed_by":"The Guardian","ascension_level":20}}