{"host":"8is2j71l4wmybkoi","time":1611576861,"event":{"mods":["AchievementEnabler","BaseMod","Colored Map","Minty Spire (QoL Compilation)","Rare Cards Sparkle","StSLib","SuperFastMode"],"gold_per_floor":[116,130,140,150,150,150,178,178,178,203,203,9,9,27,27,98,98,118,168,187,102,102,102,135,135,135,155,51,87,107,147,147,147,147],"floor_reached":33,"language":"KOR","playtime":950,"items_purged":["Defend_B","Strike_B"],"score":595,"play_id":"f88ac56a-bd0e-4426-a84a-40e5922f63fd","local_time":"20210125211421","is_ascension_mode":true,"campfire_choices":[{"floor":6,"key":"REST"},{"data":"Sweeping Beam","floor":8,"key":"SMITH"},{"floor":15,"key":"REST"},{"floor":23,"key":"REST"},{"data":"Dualcast","floor":25,"key":"SMITH"},{"data":"Fission","floor":32,"key":"SMITH"}],"circlet_count":0,"master_deck":["AscendersBane","Strike_B","Defend_B","Defend_B","Defend_B","Zap+1","Dualcast+1","Chaos+1","Gash","Cold Snap","Coolheaded","Sweeping Beam+1","BootSequence","Electrodynamics","Core Surge","Storm+1","Go for the Eyes","Heatsinks","Conserve Battery","Self Repair","Buffer","Fission+1"],"relics":["Cracked Core","The Courier","White Beast Statue","Gambling Chip","Runic Capacitor","Nuclear Battery","Ancient Tea Set","Cables","FossilizedHelix","CeramicFish","Mango"],"acts_visited":["TheCity"],"potions_floor_usage":[7,7,16,16,20,27,29,30,31,31,33],"damage_taken":[{"damage":4,"enemies":"Jaw Worm","floor":1,"turns":4},{"damage":8,"enemies":"Small Slimes","floor":2,"turns":3},{"damage":0,"enemies":"2 Louse","floor":3,"turns":2},{"damage":4,"enemies":"Red Slaver","floor":4,"turns":3},{"damage":8,"enemies":"Lagavulin","floor":7,"turns":7},{"damage":21,"enemies":"3 Sentries","floor":10,"turns":8},{"damage":12,"enemies":"2 Fungi Beasts","floor":14,"turns":3},{"damage":20,"enemies":"Slime Boss","floor":16,"turns":7},{"damage":12,"enemies":"2 Thieves","floor":18,"turns":3},{"damage":0,"enemies":"Spheric Guardian","floor":20,"turns":3},{"damage":8,"enemies":"Gremlin Leader","floor":24,"turns":5},{"damage":14,"enemies":"Snake Plant","floor":27,"turns":3},{"damage":5,"enemies":"Slavers","floor":29,"turns":4},{"damage":17,"enemies":"Shelled Parasite and Fungi","floor":30,"turns":4},{"damage":15,"enemies":"Book of Stabbing","floor":31,"turns":7},{"damage":51,"enemies":"Automaton","floor":33,"turns":6}],"seed_played":"-9156617302644137014","potions_obtained":[{"floor":1,"key":"DistilledChaos"},{"floor":4,"key":"Regen Potion"},{"floor":10,"key":"SkillPotion"},{"floor":14,"key":"Strength Potion"},{"floor":16,"key":"FearPotion"},{"floor":18,"key":"Fire Potion"},{"floor":20,"key":"Swift Potion"},{"floor":24,"key":"AttackPotion"},{"floor":27,"key":"Block Potion"},{"floor":29,"key":"AttackPotion"},{"floor":30,"key":"SkillPotion"},{"floor":31,"key":"Swift Potion"}],"is_trial":false,"path_per_floor":["M","M","M","M","?","R","E","R","T","E","?","$","?","M","R","B",null,"M","?","M","?","?","R","E","R","T","M","$","E","M","E","R","B"],"character_chosen":"DEFECT","items_purchased":["Runic Capacitor","Conserve Battery"],"campfire_rested":3,"item_purchase_floors":[12,28],"current_hp_per_floor":[60,52,52,48,27,48,55,55,55,34,27,27,27,15,36,16,57,45,45,45,45,45,66,58,58,58,44,44,39,29,35,35,0,0],"gold":147,"neow_bonus":"REMOVE_CARD","is_daily":false,"chose_seed":false,"campfire_upgraded":3,"win_rate":0.0,"timestamp":1611576861,"path_taken":["M","M","M","M","?","R","E","R","T","E","?","$","?","?","R","BOSS","M","?","M","?","?","R","E","R","T","M","?","E","M","E","R","BOSS"],"items_purchased_type":["Relic","Card"],"build_version":"2020-12-22","purchased_purges":2,"victory":false,"max_hp_per_floor":[71,71,71,71,71,71,71,71,71,71,71,71,71,71,71,71,71,71,71,71,71,71,71,71,71,71,71,71,71,71,85,85,85,85],"card_choices":[{"not_picked":["Genetic Algorithm","Recycle"],"picked":"Chaos","floor":1},{"not_picked":["Blizzard","Stack"],"picked":"Gash","floor":2},{"not_picked":["Barrage","Force Field"],"picked":"Cold Snap","floor":3},{"not_picked":["Go for the Eyes","Barrage"],"picked":"Coolheaded","floor":4},{"not_picked":["Darkness","Beam Cell"],"picked":"Sweeping Beam","floor":7},{"not_picked":["Recycle","Hologram"],"picked":"BootSequence","floor":10},{"not_picked":["Sunder","Leap"],"picked":"Electrodynamics","floor":14},{"not_picked":["Machine Learning","Hyperbeam"],"picked":"Core Surge","floor":16},{"not_picked":["Hologram","Coolheaded"],"picked":"Storm+1","floor":18},{"not_picked":["Cold Snap","Coolheaded","Sunder"],"picked":"SKIP","floor":20},{"not_picked":["Compile Driver","Coolheaded"],"picked":"Go for the Eyes","floor":24},{"not_picked":["Leap","Compile Driver"],"picked":"Heatsinks","floor":27},{"not_picked":["Hologram","Doom and Gloom"],"picked":"Self Repair","floor":29},{"not_picked":["Gash","Beam Cell"],"picked":"Buffer","floor":30},{"not_picked":["Beam Cell","Steam"],"picked":"Fission","floor":31}],"player_experience":790336,"relics_obtained":[{"floor":7,"key":"The Courier"},{"floor":9,"key":"White Beast Statue"},{"floor":10,"key":"Gambling Chip"},{"floor":24,"key":"Cables"},{"floor":26,"key":"FossilizedHelix"},{"floor":29,"key":"CeramicFish"},{"floor":31,"key":"Mango"}],"event_choices":[{"damage_healed":0,"gold_gain":0,"player_choice":"Entered Light","damage_taken":21,"max_hp_gain":0,"max_hp_loss":0,"event_name":"Shining Light","floor":5,"gold_loss":0,"cards_upgraded":["Chaos","Zap"]},{"cards_removed":["Strike_B"],"damage_healed":0,"gold_gain":0,"player_choice":"Card Removal","damage_taken":7,"max_hp_gain":0,"max_hp_loss":0,"event_name":"Golden Wing","floor":11,"gold_loss":0},{"damage_healed":0,"gold_gain":0,"player_choice":"Ignored","damage_taken":0,"max_hp_gain":0,"max_hp_loss":0,"event_name":"Liars Game","floor":13,"gold_loss":0},{"damage_healed":0,"gold_gain":50,"player_choice":"Stole From Cult","damage_taken":0,"max_hp_gain":0,"max_hp_loss":0,"event_name":"Nest","floor":19,"gold_loss":0},{"damage_healed":0,"gold_gain":0,"player_choice":"Obtained Relic","damage_taken":0,"relics_obtained":["Ancient Tea Set"],"max_hp_gain":0,"max_hp_loss":0,"event_name":"Addict","floor":21,"gold_loss":85},{"damage_healed":0,"gold_gain":0,"player_choice":"Ignored","damage_taken":0,"max_hp_gain":0,"max_hp_loss":0,"event_name":"Ghosts","floor":22,"gold_loss":0}],"is_beta":false,"boss_relics":[{"not_picked":["Astrolabe","Calling Bell"],"picked":"Nuclear Battery"}],"items_purged_floors":[12,28],"is_endless":false,"potions_floor_spawned":[1,4,10,14,16,18,20,24,27,29,30,31],"killed_by":"Automaton","ascension_level":18}}