{"host":"7y32p1l00v3bepzd","time":1611555110,"event":{"mods":["Act Like it!","Arknights The Spire","Ascension Reborn","BaseMod","Colored Powertips","Gensokyo","Minty Spire (QoL Compilation)","Quick Restart","StSLib","The Alterego","The Bug Knight"],"gold_per_floor":[11,11,11,25,37,68,82,94,94,94,127,77,77,87,87,189,189,208,307,307,232,232,257,268,303,303,201,218,238,238,153,153,255,255,274,274,274,291,291,322,322,322,349,364,28,61,37,87,87,87],"floor_reached":51,"language":"ZHS","playtime":2488,"items_purged":["ats:Strike C"],"score":801,"play_id":"276c63c3-cbc4-427e-8871-5bef28d7d17b","local_time":"20210125141150","is_ascension_mode":true,"campfire_choices":[{"data":"ats:Rapid Magazine","floor":10.0,"key":"SMITH"},{"data":"ats:Soul Absorption","floor":13.0,"key":"SMITH"},{"data":"ats:Neurotoxin","floor":15,"key":"SMITH"},{"data":"ats:Calcification","floor":30,"key":"SMITH"},{"floor":32,"key":"REST"},{"data":"ats:Consecutive Shot Auto","floor":42,"key":"SMITH"},{"data":"ats:Poison Spread","floor":49,"key":"SMITH"}],"circlet_count":0,"master_deck":["ats:Armor Crushing Shot","ats:Defend","ats:Defend","ats:Defend","ats:Defend","ats:Emotion Absorption","ats:Steam Pump","ats:Poison Spread","ats:Soul Absorption+1","ats:Neurotoxin+1","ats:Rapid Magazine+1","ats:Apocalypse","ats:Calcification+1","ats:Explosion Area Strengthen","ats:Chain Hook","ats:Consecutive Shot Auto+1","CurseOfTheBell","ats:Poison Spread+1","ats:Explosion Area Strengthen","ats:Shell Defense+1","Master of Strategy","Good Instincts+1","ats:Closed Bolt Burst Fire+1","ats:Poison Spread+1"],"relics":["ats:Sanity","FossilizedHelix","ats:Originium","Anchor","Potion Belt","Vajra","Philosopher\u0027s Stone","Bottled Tornado","Regal Pillow","Blue Candle","Lantern","Calling Bell","Centennial Puzzle","HollowMod:LifeEnderRelic","Turnip","Toxic Egg 2","Happy Flower","Shuriken","Singing Bowl","Incense Burner"],"acts_visited":["Exordium","TheCity","TheBeyond"],"potions_floor_usage":[23,23,25,25,27,33,33,33,35,50,50],"damage_taken":[{"damage":7.0,"enemies":"2 Louse","floor":1.0,"turns":3.0},{"damage":0.0,"enemies":"Small Slimes","floor":4.0,"turns":3.0},{"damage":0.0,"enemies":"Jaw Worm","floor":5.0,"turns":3.0},{"damage":4.0,"enemies":"HollowMod:MossKnight","floor":6.0,"turns":7.0},{"damage":0.0,"enemies":"3 Louse","floor":7.0,"turns":4.0},{"damage":0.0,"enemies":"Looter","floor":8.0,"turns":3.0},{"damage":6.0,"enemies":"Gremlin Nob","floor":11.0,"turns":4.0},{"damage":0,"enemies":"Exordium Wildlife","floor":14,"turns":4},{"damage":24,"enemies":"The Guardian","floor":16,"turns":11},{"damage":7,"enemies":"Shell Parasite","floor":18,"turns":5},{"damage":0,"enemies":"Gremlin Leader","floor":23,"turns":7},{"damage":12,"enemies":"Chosen and Byrds","floor":24,"turns":6},{"damage":27,"enemies":"Book of Stabbing","floor":25,"turns":6},{"damage":27,"enemies":"Sentry and Sphere","floor":28,"turns":6},{"damage":39,"enemies":"Cultist and Chosen","floor":29,"turns":8},{"damage":64,"enemies":"Champ","floor":33,"turns":14},{"damage":0,"enemies":"3 Shapes","floor":35,"turns":4},{"damage":0,"enemies":"Orb Walker","floor":38,"turns":3},{"damage":11,"enemies":"HollowMod:StalkingDevout","floor":40,"turns":7},{"damage":9,"enemies":"Writhing Mass","floor":44,"turns":6},{"damage":14,"enemies":"Giant Head","floor":46,"turns":8},{"damage":0,"enemies":"Mind Bloom Boss Battle","floor":48,"turns":8},{"damage":67,"enemies":"Time Eater","floor":50,"turns":14}],"seed_played":"4105228667129356551","potions_obtained":[{"floor":1.0,"key":"GamblersBrew"},{"floor":4.0,"key":"LiquidMemories"},{"floor":6.0,"key":"EntropicBrew"},{"floor":16,"key":"ats:Emergency Sanity Potion"},{"floor":23,"key":"Fire Potion"},{"floor":33,"key":"Fire Potion"},{"floor":35,"key":"SkillPotion"},{"floor":44,"key":"FairyPotion"},{"floor":48,"key":"SpeedPotion"}],"is_trial":false,"path_per_floor":["M","?","?","M","M","E","M","M","T","R","E","?","R","M","R","B",null,"M","?","?","$","?","E","M","E","T","$","M","M","R","?","R","B",null,"M","?","?","M","?","E","?","R","T","M","$","E","$","?","R","B",null],"character_chosen":"DOCTOR_CLASS","items_purchased":["EntropicBrew","Shuriken","Good Instincts+1","ats:Poison Spread"],"campfire_rested":1,"item_purchase_floors":[27,45,45,47],"current_hp_per_floor":[65,70,70,70,70,66,66,66,66,66,60,60,60,65,65,56,77,75,75,75,75,75,77,65,50,50,50,34,7,7,7,45,7,77,77,77,77,77,77,72,72,72,72,74,74,69,69,78,78,30],"gold":87,"neow_bonus":"ONE_RARE_RELIC","is_daily":false,"chose_seed":false,"campfire_upgraded":6,"win_rate":0.0,"timestamp":1611555110,"path_taken":["M","?","?","M","M","E","M","M","T","R","E","?","R","M","R","BOSS","M","?","?","$","?","E","M","E","T","$","M","?","R","?","R","BOSS","M","?","?","?","?","E","?","R","T","M","?","E","$","?","R","BOSS"],"items_purchased_type":["Potion","Relic","Card","Card"],"build_version":"2020-12-22","purchased_purges":1,"victory":true,"max_hp_per_floor":[72,77,77,77,77,77,77,77,77,77,77,77,77,77,77,77,77,77,77,77,77,77,77,77,77,77,77,77,77,77,77,77,77,77,77,77,77,77,77,77,77,77,77,77,77,77,77,79,79,79],"card_choices":[{"not_picked":["ats:Neurotoxin","ats:Very Hot Blade"],"picked":"ats:Closed Bolt Burst Fire","floor":1.0},{"not_picked":["ats:Automatic Cover","ats:Consecutive Shot Auto"],"picked":"ats:Poison Spread","floor":4.0},{"not_picked":["ats:Leaping Hammer","ats:Encircling Forest"],"picked":"ats:Soul Absorption","floor":5.0},{"not_picked":["ats:Leaping Hammer","ats:Shadow Raid"],"picked":"ats:Neurotoxin","floor":6.0},{"not_picked":["ats:Phantom","ats:True Silver Slash"],"picked":"ats:Cat Scratch","floor":7.0},{"not_picked":["ats:Red Shift","ats:Powerful Strike"],"picked":"ats:Rapid Magazine","floor":8.0},{"not_picked":["ats:Rat Pack","ats:Ignite"],"picked":"ats:Apocalypse","floor":11.0},{"not_picked":["ats:Song Of Battle","ats:Poison Spread","ats:Guard Mode"],"picked":"SKIP","floor":14},{"not_picked":["ats:True Silver Slash","ats:Soul Rend"],"picked":"ats:Calcification","floor":16},{"not_picked":["ats:Apocalypse","ats:Blood Oath"],"picked":"ats:Explosion Area Strengthen","floor":18},{"not_picked":["ats:Rapid Magazine","ats:Guard Mode","ats:Consecutive Shot Auto"],"picked":"SKIP","floor":23},{"not_picked":["ats:Defend Order","ats:LN2 Cannon","ats:Cat Scratch"],"picked":"SKIP","floor":24},{"not_picked":["ats:Support Order+1","ats:Soul Absorption+1","ats:Curse Doll"],"picked":"SKIP","floor":25},{"not_picked":["ats:Assault Order","ats:Very Hot Blade"],"picked":"ats:Consecutive Shot Auto","floor":28},{"not_picked":["ats:Rapid Magazine+1","ats:Steam Pump","ats:Healing Strengthening"],"picked":"SKIP","floor":29},{"not_picked":["ats:Cat Scratch","ats:Rapid Magazine+1"],"picked":"ats:Poison Spread+1","floor":35},{"not_picked":["ats:Powerful Strike","ats:Cat Scratch+1"],"picked":"ats:Shell Defense+1","floor":38},{"not_picked":["Jack Of All Trades","Madness"],"picked":"Master of Strategy","floor":39},{"not_picked":["ats:Blood Oath+1","ats:Defend Order+1","ats:Consecutive Shot Auto"],"picked":"SKIP","floor":40},{"not_picked":["ats:Consecutive Shot Auto","ats:Shadow Raid+1","ats:Explosion Area Strengthen"],"picked":"SKIP","floor":44},{"not_picked":["ats:Very Hot Blade","ats:Guard Mode+1"],"picked":"ats:Closed Bolt Burst Fire+1","floor":46},{"not_picked":["ats:Burning Ground","ats:Poison Spread","ats:Flame Of Heaven+1"],"picked":"Singing Bowl","floor":48}],"player_experience":270548,"relics_obtained":[{"floor":6.0,"key":"ats:Originium"},{"floor":6.0,"key":"Anchor"},{"floor":9.0,"key":"Potion Belt"},{"floor":11.0,"key":"ats:Originium"},{"floor":11.0,"key":"Vajra"},{"floor":23,"key":"ats:Originium"},{"floor":23,"key":"Bottled Tornado"},{"floor":25,"key":"ats:Originium"},{"floor":25,"key":"Regal Pillow"},{"floor":26,"key":"Blue Candle"},{"floor":34,"key":"Centennial Puzzle"},{"floor":34,"key":"HollowMod:LifeEnderRelic"},{"floor":34,"key":"Turnip"},{"floor":40,"key":"Toxic Egg 2"},{"floor":43,"key":"Happy Flower"},{"floor":46,"key":"Singing Bowl"},{"floor":48,"key":"Incense Burner"}],"event_choices":[{"damage_healed":0.0,"max_hp_gain":5.0,"max_hp_loss":0.0,"gold_gain":0.0,"event_name":"Big Fish","player_choice":"Donut","floor":2.0,"gold_loss":0.0,"damage_taken":0.0},{"damage_healed":0.0,"max_hp_gain":0.0,"max_hp_loss":0.0,"gold_gain":0.0,"cards_transformed":["ats:Strike G"],"event_name":"Living Wall","player_choice":"Change","floor":3.0,"gold_loss":0.0,"damage_taken":0.0,"cards_obtained":["ats:Steam Pump"]},{"cards_removed":["ats:Strike V"],"damage_healed":0.0,"max_hp_gain":0.0,"max_hp_loss":0.0,"gold_gain":0.0,"event_name":"The Cleric","player_choice":"Card Removal","floor":12.0,"gold_loss":50.0,"damage_taken":0.0},{"damage_healed":0,"gold_gain":99,"player_choice":"Stole From Cult","damage_taken":0,"max_hp_gain":0,"max_hp_loss":0,"event_name":"Nest","floor":19,"gold_loss":0},{"damage_healed":0,"gold_gain":0,"player_choice":"Read","damage_taken":0,"max_hp_gain":0,"max_hp_loss":0,"event_name":"The Library","floor":20,"gold_loss":0,"cards_obtained":["ats:Chain Hook"]},{"cards_removed":["ats:Strike S"],"damage_healed":0,"gold_gain":0,"player_choice":"Elegance","damage_taken":0,"max_hp_gain":0,"max_hp_loss":0,"event_name":"Back to Basics","floor":22,"gold_loss":0},{"damage_healed":0,"gold_gain":0,"player_choice":"Obtained Relic","damage_taken":0,"relics_obtained":["Lantern"],"max_hp_gain":0,"max_hp_loss":0,"event_name":"Addict","floor":31,"gold_loss":85},{"damage_healed":0,"gold_gain":0,"player_choice":"Ignored","damage_taken":0,"max_hp_gain":0,"max_hp_loss":0,"event_name":"Tomb of Lord Red Mask","floor":36,"gold_loss":0},{"cards_removed":["ats:Cat Scratch"],"damage_healed":0,"gold_gain":0,"player_choice":"Took Card","damage_taken":0,"max_hp_gain":0,"max_hp_loss":0,"event_name":"NoteForYourself","floor":37,"gold_loss":0,"cards_obtained":["ats:Explosion Area Strengthen"]},{"damage_healed":0,"gold_gain":0,"player_choice":"Memory 1","damage_taken":0,"max_hp_gain":0,"max_hp_loss":0,"event_name":"SensoryStone","floor":39,"gold_loss":0},{"cards_removed":["ats:Closed Bolt Burst Fire"],"damage_healed":0,"gold_gain":0,"player_choice":"Removed Attack","damage_taken":0,"max_hp_gain":0,"max_hp_loss":0,"event_name":"Falling","floor":41,"gold_loss":0},{"damage_healed":0,"gold_gain":0,"player_choice":"Fight","damage_taken":0,"max_hp_gain":0,"max_hp_loss":0,"event_name":"MindBloom","floor":48,"gold_loss":0}],"is_beta":false,"boss_relics":[{"not_picked":["Fusion Hammer","Runic Pyramid"],"picked":"Philosopher\u0027s Stone"},{"not_picked":["Sozu","Velvet Choker"],"picked":"Calling Bell"}],"items_purged_floors":[21],"is_endless":false,"potions_floor_spawned":[1,4,6,16,23,33,35,44,48],"ascension_level":0}}