{"host":"Ringo","time":1611582478,"event":{"mods":["BaseMod","Colored Map","Conspire","Dota2Spire","Minty Spire (QoL Compilation)","Replay The Spire","StSLib","The Invoker Mod","[IsaacMod]ÒÔÈö¼âËþ","¡¾ÒÅÎï¿¨ÅÆ¡¿REMEMod"],"gold_per_floor":[119,136,136,164,180,255,255,315,315,171,171,209,235,13,13,171,171,208,208,208,8,34,34,55,90,90,90,126,143,197,219,219,337,337,409,430,430,464,528,568,568,568,614,629,629,65,65,143,143,171],"floor_reached":51,"language":"ZHS","playtime":1499,"items_purged":["Defend_R"],"score":1192,"play_id":"42699216-b58e-4d81-b977-ea768f7b0598","local_time":"20210125214758","is_ascension_mode":true,"campfire_choices":[{"data":"Replay:Undeath\u0027s Touch","floor":7.0,"key":"SMITH"},{"floor":11.0,"key":"REST"},{"data":"REME_Cut","floor":15.0,"key":"SMITH"},{"data":"theInvoker:Exort","floor":23,"key":"SMITH"},{"data":"Clash","floor":27,"key":"SMITH"},{"data":"Replay:Undeath\u0027s Touch","floor":32,"key":"SMITH"},{"data":"Twin Strike","floor":41,"key":"SMITH"},{"data":"ReplayTheSpireMod:LeadingStrike","floor":47,"key":"SMITH"},{"data":"Shrug It Off","floor":49,"key":"SMITH"}],"circlet_count":0,"master_deck":["Strike_R","Strike_R","Strike_R","Strike_R","Strike_R","Defend_R","Defend_R","Defend_R","Bash","Clash+1","REME_Cut+1","Replay:Undeath\u0027s Touch+1","Twin Strike+1","Sword Boomerang+1","Clash+1","Offering","theInvoker:Exort+1","Replay:Undeath\u0027s Touch+1","Sweeping Beam","Replay:Undeath\u0027s Touch+1","Consecrate+1","Shrug It Off+1","Self Repair+1","ReplayTheSpireMod:LeadingStrike+1"],"relics":["Burning Blood","HushsDoor","REME_ComplimentaryCards","NeowsBlessing","SalivaCoin","Leech","Champion Belt","Omamori","Odd Mushroom","Chaos","Dota2Spire:HeartOfTarrasque","PrismaticShard","Dota2Spire:ShivaGuard","Ring of Fury","Whetstone","Dota2Spire:CrimsonGuard","conspire:SpecialSausage","Replay:Ringing Soul","Red Skull","Mercury Hourglass","Self Forming Clay","SatanicBible","Garlic","Smiling Mask"],"acts_visited":["Exordium","TheCity","TheBeyond"],"potions_floor_usage":[25,25,25,29,33,33,40,40,50,50],"damage_taken":[{"damage":0.0,"enemies":"Cultist","floor":1.0,"turns":1.0},{"damage":0.0,"enemies":"Small Slimes","floor":2.0,"turns":1.0},{"damage":0.0,"enemies":"Jaw Worm","floor":5.0,"turns":1.0},{"damage":45.0,"enemies":"3 Sentries","floor":6.0,"turns":7.0},{"damage":20.0,"enemies":"The Mushroom Lair","floor":8.0,"turns":5.0},{"damage":12.0,"enemies":"Gremlin Nob","floor":12.0,"turns":3.0},{"damage":3.0,"enemies":"Blue Slaver","floor":13.0,"turns":3.0},{"damage":43,"enemies":"Hexaghost","floor":16,"turns":5},{"damage":28,"enemies":"2 Thieves","floor":18,"turns":3},{"damage":6,"enemies":"3 Byrds","floor":22,"turns":2},{"damage":6,"enemies":"Cultist and Chosen","floor":24,"turns":3},{"damage":6,"enemies":"Replay:Snechameleon","floor":25,"turns":1},{"damage":6,"enemies":"Slavers","floor":28,"turns":3},{"damage":6,"enemies":"3 Cultists","floor":29,"turns":3},{"damage":30,"enemies":"Snake Plant","floor":30,"turns":3},{"damage":6,"enemies":"Cultist and Chosen","floor":31,"turns":3},{"damage":44,"enemies":"Champ","floor":33,"turns":6},{"damage":33,"enemies":"3 Shapes","floor":35,"turns":3},{"damage":6,"enemies":"3 Darklings","floor":36,"turns":2},{"damage":18,"enemies":"Writhing Mass","floor":38,"turns":3},{"damage":30,"enemies":"4 Shapes","floor":39,"turns":1},{"damage":7,"enemies":"Giant Head","floor":40,"turns":4},{"damage":0,"enemies":"Spire Growth","floor":44,"turns":4},{"damage":24,"enemies":"R_Hoarder","floor":48,"turns":4},{"damage":12,"enemies":"Awakened One","floor":50,"turns":4}],"seed_played":"756426440595332743","potions_obtained":[{"floor":6.0,"key":"SneckoOil"},{"floor":8.0,"key":"SteroidPotion"},{"floor":12.0,"key":"SkillPotion"},{"floor":16,"key":"SteroidPotion"},{"floor":18,"key":"SpeedPotion"},{"floor":28,"key":"Energy Potion"},{"floor":30,"key":"Weak Potion"},{"floor":33,"key":"Fruit Juice"},{"floor":35,"key":"SteroidPotion"},{"floor":36,"key":"PowerPotion"},{"floor":38,"key":"Regen Potion"},{"floor":48,"key":"ColorlessPotion"}],"is_trial":false,"path_per_floor":["M","M","?","?","M","E","R","?","T","$","R","E","M","$","R","B",null,"M","?","?","$","M","R","M","E","T","R","E","M","M","M","R","B",null,"M","M","?","M","M","E","R","?","T","M","?","$","R","E","R","B",null],"character_chosen":"IRONCLAD","items_purchased":["Chaos","PrismaticShard","Whetstone","Replay:Undeath\u0027s Touch","SatanicBible","Garlic","ReplayTheSpireMod:LeadingStrike"],"campfire_rested":1,"item_purchase_floors":[10,14,21,21,46,46,46],"current_hp_per_floor":[78,80,80,62,68,35,35,26,26,26,50,54,59,59,59,26,73,53,53,53,53,55,55,57,57,57,57,62,67,45,47,47,27,81,59,60,60,50,30,40,40,40,40,63,63,66,66,55,55,59],"gold":171,"neow_bonus":"THREE_ENEMY_KILL","is_daily":false,"chose_seed":false,"campfire_upgraded":8,"win_rate":0.0,"timestamp":1611582478,"path_taken":["M","?","?","?","M","E","R","?","T","$","R","E","?","?","R","BOSS","M","?","?","$","M","R","M","E","T","R","E","M","M","?","R","BOSS","M","M","?","M","M","E","R","?","T","M","?","$","R","E","R","BOSS"],"items_purchased_type":["Card","Relic","Relic","Card","Relic","Relic","Card"],"build_version":"2020-12-18","purchased_purges":1,"victory":true,"max_hp_per_floor":[80,80,80,80,80,80,80,80,80,80,80,88,88,88,88,88,88,88,88,88,88,88,88,88,88,88,88,91,94,94,94,94,99,99,102,102,102,102,105,108,108,108,108,108,103,106,106,106,106,106],"card_choices":[{"not_picked":["Body Slam","Feel No Pain","Abandon"],"picked":"SKIP","floor":1.0},{"not_picked":["Armaments","True Grit"],"picked":"Clash","floor":2.0},{"not_picked":["Rupture","Flex"],"picked":"REME_Cut","floor":5.0},{"not_picked":["Thunderclap","Body Slam"],"picked":"Replay:Undeath\u0027s Touch","floor":6.0},{"not_picked":["Anger","Pommel Strike"],"picked":"Twin Strike","floor":8.0},{"not_picked":["Immolate","Fiend Fire","Sword Boomerang"],"picked":"SKIP","floor":12.0},{"not_picked":["Immolate","Fiend Fire"],"picked":"Sword Boomerang","floor":12.0},{"not_picked":["Havoc","Anger"],"picked":"Clash","floor":13.0},{"not_picked":["Unload","REME_MawOfCthun"],"picked":"Offering","floor":16},{"not_picked":["Flex","Crescendo+1"],"picked":"theInvoker:Exort","floor":18},{"not_picked":["Havoc","ReachHeaven","Hello World"],"picked":"SKIP","floor":22},{"not_picked":["Crescendo","Force Field+1","Redo"],"picked":"SKIP","floor":24},{"not_picked":["Inflame","Chaos+1"],"picked":"Jack Of All Trades","floor":25},{"not_picked":["Reinforced Body+1","Sucker Punch"],"picked":"Sweeping Beam","floor":28},{"not_picked":["Hologram","Evaluate+1"],"picked":"Replay:Undeath\u0027s Touch+1","floor":29},{"not_picked":["Abandon","Clothesline","ReplayTheSpireMod:Repulse"],"picked":"SKIP","floor":30},{"not_picked":["PathToVictory","REME_AllRoundStrike","Leap+1"],"picked":"SKIP","floor":31},{"not_picked":["Conserve Battery+1","FlyingSleeves"],"picked":"Consecrate+1","floor":35},{"not_picked":["Crescendo","Replay:BluntJabs","FearNoEvil"],"picked":"SKIP","floor":36},{"not_picked":["ReplaySort","Reinforced Body","Life Link"],"picked":"SKIP","floor":38},{"not_picked":["Evaluate+1","Redo"],"picked":"Shrug It Off","floor":39},{"not_picked":["Glass Knife","Replay:Poison Smokescreen"],"picked":"Self Repair+1","floor":40},{"not_picked":["Blur+1","Shrug It Off+1","Sucker Punch"],"picked":"SKIP","floor":44},{"not_picked":["Sunder","REME_ShortnessOfBreath+1","Loop"],"picked":"SKIP","floor":48}],"player_experience":561497,"relics_obtained":[{"floor":6.0,"key":"Omamori"},{"floor":8.0,"key":"Odd Mushroom"},{"floor":12.0,"key":"Dota2Spire:HeartOfTarrasque"},{"floor":19,"key":"Ring of Fury"},{"floor":25,"key":"Dota2Spire:CrimsonGuard"},{"floor":26,"key":"conspire:SpecialSausage"},{"floor":28,"key":"Replay:Ringing Soul"},{"floor":40,"key":"Mercury Hourglass"},{"floor":43,"key":"Self Forming Clay"},{"floor":48,"key":"Smiling Mask"}],"event_choices":[{"cards_removed":["Crow Ritual"],"damage_healed":0.0,"max_hp_gain":0.0,"max_hp_loss":0.0,"gold_gain":0.0,"event_name":"WeMeetAgain","player_choice":"Gave Card","floor":3.0,"gold_loss":0.0,"damage_taken":0.0,"relics_obtained":["Leech"]},{"damage_healed":0.0,"max_hp_gain":0.0,"max_hp_loss":0.0,"gold_gain":0.0,"event_name":"Scrap Ooze","player_choice":"Success","floor":4.0,"gold_loss":0.0,"damage_taken":18.0,"relics_obtained":["Champion Belt"]},{"damage_healed":0.0,"max_hp_gain":0.0,"max_hp_loss":0.0,"gold_gain":0.0,"event_name":"Mushrooms","player_choice":"Fought Mushrooms","floor":8.0,"gold_loss":0.0,"damage_taken":0.0},{"cards_removed":["Jack Of All Trades"],"damage_healed":0,"gold_gain":0,"player_choice":"Removed Skill","damage_taken":0,"max_hp_gain":0,"max_hp_loss":0,"event_name":"Falling","floor":37,"gold_loss":0},{"damage_healed":0,"gold_gain":0,"player_choice":"Max HP","damage_taken":0,"max_hp_gain":0,"max_hp_loss":5,"event_name":"Winding Halls","floor":45,"gold_loss":0}],"is_beta":true,"boss_relics":[{"not_picked":["Frozen Egg 2","GnawedLeaf"],"picked":"Dota2Spire:ShivaGuard"},{"not_picked":[]},{"not_picked":["Replay:WaspNest","Ice Cream"],"picked":"Red Skull"},{"not_picked":[]}],"items_purged_floors":[14],"is_endless":false,"potions_floor_spawned":[6,8,12,16,18,22,28,30,33,35,36,38,48],"ascension_level":8}}