{"host":"ordk2y2ebcetabk6","time":1611603558,"event":{"mods":["AlwaysNeverKeys","Astrologer","Bard","BaseMod","Better Debug","Colored Map","Colored Powertips","Dark Map","Hermit","Highlight Path","Humility","Minty Spire (QoL Compilation)","Permanent Neow","Rare Cards Sparkle","Spire Arcade","StSLib","Wide Potions"],"gold_per_floor":[114,114,289,302,302,335,335,335,358,358,381,381,223,243,243,373,373,403,303,303,298,328,328,103,131,131,131,161,182,182,195,195,325,325,350,350,129,156,156,177,177,222,246,90,90,113,113,134,134,141],"floor_reached":51,"language":"ENG","playtime":2972,"items_purged":["Doubt","hermit:Strike_Hermit"],"score":702,"play_id":"cf60d47a-767b-400e-bde8-b53dbae4d594","local_time":"20210125123918","is_ascension_mode":false,"campfire_choices":[{"data":"hermit:Scavenge","floor":7,"key":"SMITH"},{"data":"hermit:FlashPowder","floor":10,"key":"SMITH"},{"data":"hermit:Brawl","floor":12,"key":"SMITH"},{"data":"hermit:Snapshot","floor":15,"key":"SMITH"},{"data":"hermit:Dive","floor":23,"key":"SMITH"},{"data":"hermit:FlashPowder","floor":27,"key":"SMITH"},{"data":"hermit:Roughhouse","floor":30,"key":"SMITH"},{"data":"hermit:Midnight","floor":32,"key":"SMITH"},{"floor":41,"key":"REST"},{"floor":49,"key":"REST"}],"circlet_count":0,"master_deck":["hermit:Defend_Hermit+1","hermit:Defend_Hermit","hermit:Defend_Hermit","hermit:Defend_Hermit+1","hermit:Snapshot+1","hermit:Covet","hermit:FlashPowder+1","hermit:PistolWhip+1","hermit:Scavenge+1","hermit:Brawl+1","Flash of Steel","hermit:Roughhouse+1","hermit:FlashPowder+1","hermit:Midnight+1","hermit:Dive+1","hermit:Virtue","hermit:EyeOfTheStorm","hermit:Glare","hermit:FlashPowder+1","hermit:TakeAim","hermit:Determination+1","hermit:Brawl","Parasite"],"relics":["Empty Cage","Art of War","Golden Idol","Oddly Smooth Stone","Vajra","Runic Pyramid","hermit:PetGhost","Question Card","hermit:DentedPlate","hermit:Spyglass","Lizard Tail","Nunchaku","War Paint","FossilizedHelix"],"acts_visited":["Exordium","TheCity","TheBeyond"],"potions_floor_usage":[16,33,35,42,50,50],"damage_taken":[{"damage":0,"enemies":"2 Louse","floor":1,"turns":3},{"damage":0,"enemies":"Small Slimes","floor":4,"turns":4},{"damage":30,"enemies":"Lagavulin","floor":6,"turns":6},{"damage":0,"enemies":"Cultist","floor":11,"turns":4},{"damage":3,"enemies":"Red Slaver","floor":14,"turns":3},{"damage":11,"enemies":"Slime Boss","floor":16,"turns":10},{"damage":3,"enemies":"3 Byrds","floor":18,"turns":5},{"damage":0,"enemies":"2 Thieves","floor":21,"turns":3},{"damage":6,"enemies":"Shelled Parasite and Fungi","floor":22,"turns":4},{"damage":0,"enemies":"Centurion and Healer","floor":25,"turns":7},{"damage":1,"enemies":"Snake Plant","floor":28,"turns":5},{"damage":9,"enemies":"Sentry and Sphere","floor":29,"turns":7},{"damage":6,"enemies":"Centurion and Healer","floor":31,"turns":5},{"damage":47,"enemies":"Collector","floor":33,"turns":11},{"damage":0,"enemies":"Orb Walker","floor":35,"turns":5},{"damage":23,"enemies":"3 Shapes","floor":38,"turns":6},{"damage":0,"enemies":"3 Darklings","floor":40,"turns":12},{"damage":20,"enemies":"Giant Head","floor":42,"turns":9},{"damage":0,"enemies":"Jaw Worm Horde","floor":46,"turns":6},{"damage":0,"enemies":"Writhing Mass","floor":48,"turns":7},{"damage":62,"enemies":"Donu and Deca","floor":50,"turns":13}],"seed_played":"-3195729440503360168","potions_obtained":[{"floor":6,"key":"Explosive Potion"},{"floor":14,"key":"hermit:Tonic"},{"floor":16,"key":"GamblersBrew"},{"floor":38,"key":"Fire Potion"},{"floor":40,"key":"Dexterity Potion"},{"floor":46,"key":"AttackPotion"},{"floor":48,"key":"Regen Potion"}],"is_trial":false,"path_per_floor":["M","?","?","M","?","E","R","?","T","R","M","R","$","M","R","B",null,"M","$","?","M","M","R","$","M","T","R","M","M","R","M","R","B",null,"M","?","$","M","$","M","R","E","T","$","?","M","$","M","R","B",null],"character_chosen":"HERMIT","items_purchased":["Flash of Steel","hermit:PetGhost","hermit:Virtue","hermit:Spyglass","War Paint"],"campfire_rested":2,"item_purchase_floors":[13,24,24,37,44],"current_hp_per_floor":[75,68,68,68,68,38,38,38,38,38,38,38,38,35,35,24,69,66,66,66,66,60,60,60,60,60,60,59,50,50,44,44,1,33,33,33,33,10,10,10,40,20,20,20,20,20,20,20,50,3],"gold":141,"neow_bonus":"BOSS_RELIC","is_daily":false,"chose_seed":false,"campfire_upgraded":8,"win_rate":0.0,"timestamp":1611603558,"path_taken":["M","?","?","M","?","E","R","?","T","R","M","R","$","M","R","BOSS","M","$","?","?","M","R","?","M","T","R","M","M","R","M","R","BOSS","M","?","?","M","$","M","R","E","T","$","?","M","?","?","R","BOSS"],"items_purchased_type":["Card","Relic","Card","Relic","Relic"],"build_version":"2020-12-22","purchased_purges":2,"victory":true,"max_hp_per_floor":[75,75,75,75,69,69,69,69,69,69,69,69,69,69,69,69,69,69,69,69,69,69,69,69,69,69,69,69,69,69,69,69,69,101,101,101,101,101,101,101,101,101,101,101,101,101,101,101,101,101],"card_choices":[{"not_picked":["hermit:Headshot","hermit:NoHoldsBarred"],"picked":"hermit:FlashPowder","floor":1},{"not_picked":["hermit:LuckOfTheDraw","hermit:Glare"],"picked":"hermit:PistolWhip","floor":4},{"not_picked":["hermit:GhostlyPresence","hermit:Enervate"],"picked":"hermit:Scavenge","floor":6},{"not_picked":["hermit:ItchyTrigger","hermit:Roulette"],"picked":"hermit:Brawl","floor":11},{"not_picked":["hermit:Malice","hermit:LowProfile","hermit:BlackWind"],"picked":"SKIP","floor":14},{"not_picked":["hermit:Reprieve","hermit:OverwhelmingPower"],"picked":"hermit:Roughhouse","floor":16},{"not_picked":["hermit:CursedWeapon+1","hermit:Glare"],"picked":"hermit:FlashPowder","floor":18},{"not_picked":["hermit:BodyArmor+1","hermit:Misfire"],"picked":"hermit:Dive","floor":21},{"not_picked":["hermit:Vantage+1","hermit:Spite","hermit:Manifest"],"picked":"SKIP","floor":22},{"not_picked":["hermit:Horror","hermit:Enervate","hermit:Headshot"],"picked":"SKIP","floor":25},{"not_picked":["hermit:CursedWeapon","hermit:HighCaliber","hermit:DeadOrAlive"],"picked":"hermit:EyeOfTheStorm","floor":28},{"not_picked":["hermit:CalledShot+1","hermit:Enervate","hermit:HighCaliber","hermit:LowProfile+1"],"picked":"SKIP","floor":29},{"not_picked":["hermit:HoleUp","hermit:GoldenBullet","hermit:WideOpen","hermit:TrackingShot"],"picked":"SKIP","floor":31},{"not_picked":["hermit:Misfire","hermit:EyeOfTheStorm+1","hermit:Roulette"],"picked":"hermit:Glare","floor":35},{"not_picked":["hermit:NoHoldsBarred","hermit:Desperado","hermit:CalledShot"],"picked":"hermit:FlashPowder+1","floor":38},{"not_picked":["hermit:Midnight","hermit:GoldenBullet+1","hermit:Roulette"],"picked":"hermit:TakeAim","floor":40},{"not_picked":["hermit:Horror+1","hermit:ItchyTrigger","hermit:OverwhelmingPower"],"picked":"hermit:Determination+1","floor":42},{"not_picked":["hermit:HoleUp","hermit:Coalescence+1","hermit:Dive"],"picked":"hermit:Brawl","floor":46},{"not_picked":["hermit:TrackingShot","hermit:BodyArmor+1","hermit:Quickdraw+1","hermit:Dive"],"picked":"SKIP","floor":48}],"player_experience":1057671,"relics_obtained":[{"floor":6,"key":"Oddly Smooth Stone"},{"floor":9,"key":"Vajra"},{"floor":26,"key":"Question Card"},{"floor":42,"key":"Lizard Tail"},{"floor":43,"key":"Nunchaku"},{"floor":45,"key":"FossilizedHelix"}],"event_choices":[{"damage_healed":0,"gold_gain":0,"player_choice":"Success","damage_taken":7,"relics_obtained":["Art of War"],"max_hp_gain":0,"max_hp_loss":0,"event_name":"Scrap Ooze","floor":2,"gold_loss":0},{"damage_healed":0,"gold_gain":175,"player_choice":"AGREE","damage_taken":0,"max_hp_gain":0,"max_hp_loss":0,"event_name":"Liars Game","floor":3,"gold_loss":0,"cards_obtained":["Doubt"]},{"damage_healed":0,"gold_gain":0,"player_choice":"Lose Max HP","damage_taken":0,"relics_obtained":["Golden Idol"],"max_hp_gain":0,"max_hp_loss":6,"event_name":"Golden Idol","floor":5,"gold_loss":0},{"damage_healed":0,"gold_gain":0,"player_choice":"Upgraded","damage_taken":0,"max_hp_gain":0,"max_hp_loss":0,"event_name":"Upgrade Shrine","floor":8,"gold_loss":0,"cards_upgraded":["hermit:PistolWhip"]},{"damage_healed":0,"gold_gain":0,"cards_transformed":["hermit:Strike_Hermit"],"player_choice":"Transformed","damage_taken":0,"max_hp_gain":0,"max_hp_loss":0,"event_name":"Transmorgrifier","floor":20,"gold_loss":0,"cards_obtained":["hermit:Midnight"]},{"damage_healed":0,"gold_gain":0,"player_choice":"Ignored","damage_taken":0,"max_hp_gain":0,"max_hp_loss":0,"event_name":"Tomb of Lord Red Mask","floor":36,"gold_loss":0}],"is_beta":false,"boss_relics":[{"not_picked":["Philosopher\u0027s Stone","Black Star"],"picked":"Runic Pyramid"},{"not_picked":["Coffee Dripper","hermit:BartenderGlass"],"picked":"hermit:DentedPlate"}],"items_purged_floors":[13,19],"is_endless":false,"potions_floor_spawned":[6,14,16,28,31,38,40,46,48],"ascension_level":0,"is_humility":true}}