{"host":"eeb412nj2w7f9cz8","time":1611563195,"event":{"mods":["Act Like it!","BaseMod","Downfall","Minty Spire (QoL Compilation)","StSLib"],"gold_per_floor":[199,218,236,236,236,236,261,62,79,79,108,108,8,20,32,32,32,32],"floor_reached":16,"language":"ZHS","playtime":1278,"items_purged":[],"score":100,"play_id":"8c9a2cc0-38c1-44f6-a955-c13c491eb6b2","local_time":"20210125162634","is_ascension_mode":false,"campfire_choices":[{"data":"Guardian:CurlUp","floor":1,"key":"SMITH"},{"data":"Guardian:ArmoredProtocol","floor":6,"key":"SMITH"},{"floor":13,"key":"RECALL"}],"circlet_count":0,"master_deck":["Guardian:Strike_Guardian","Guardian:Strike_Guardian","Guardian:Strike_Guardian","Guardian:Defend_Guardian","Guardian:Defend_Guardian","Guardian:Defend_Guardian","Guardian:Defend_Guardian","Guardian:CurlUp+1","Guardian:TwinSlam","Guardian:ArmoredProtocol+1","Guardian:Recover","Guardian:RollAttack","Guardian:EvasiveProtocol","Guardian:PrismaticBeam","Guardian:StasisField+1","Guardian:Gem_Lightblue","Guardian:Gem_Green"],"relics":["Guardian:ModeShifter","Toxic Egg 2","downfall:HeartBlessingBlue"],"acts_visited":["Exordium"],"potions_floor_usage":[9,15,16,16],"damage_taken":[{"damage":1,"enemies":"Jaw Worm","floor":2,"turns":4},{"damage":0,"enemies":"2 Louse","floor":3,"turns":3},{"damage":0,"enemies":"Cultist","floor":5,"turns":1},{"damage":0,"enemies":"downfall:FleeingMerchant","floor":8,"turns":4},{"damage":8,"enemies":"Exordium Thugs","floor":9,"turns":6},{"damage":4,"enemies":"Gremlin Nob","floor":11,"turns":5},{"damage":11,"enemies":"Exordium Wildlife","floor":14,"turns":7},{"damage":0,"enemies":"2 Fungi Beasts","floor":15,"turns":4},{"damage":78,"enemies":"SI_SHIV_ARCHETYPE","floor":16,"turns":14}],"seed_played":"5149957354472452333","potions_obtained":[{"floor":2,"key":"Fire Potion"},{"floor":11,"key":"Strength Potion"},{"floor":14,"key":"Fire Potion"},{"floor":15,"key":"FearPotion"}],"is_trial":false,"path_per_floor":["R","M","M","?","M","R","T","$","M","?","E","?","R","M","M","B"],"character_chosen":"GUARDIAN","items_purchased":["Guardian:Gem_Crimson","Guardian:EvasiveProtocol","Guardian:PrismaticBeam"],"campfire_rested":0,"item_purchase_floors":[8,8,8],"current_hp_per_floor":[80,79,79,79,79,79,79,79,71,71,67,67,77,66,66,0,0,0],"gold":32,"neow_bonus":"HUNDRED_GOLD","is_daily":false,"chose_seed":false,"campfire_upgraded":2,"win_rate":0.0,"timestamp":1611563194,"path_taken":["R","M","M","?","M","R","T","$","M","?","E","?","R","M","M","BOSS"],"items_purchased_type":["Card","Card","Card"],"build_version":"2020-12-22","purchased_purges":0,"victory":false,"max_hp_per_floor":[80,80,80,80,80,80,80,80,80,80,80,80,90,90,90,90,90,90],"card_choices":[{"not_picked":["Guardian:FloatingOrbs","Guardian:VentSteam"],"picked":"Guardian:ArmoredProtocol","floor":2},{"not_picked":["Guardian:WalkerClaw","Guardian:DonusPower"],"picked":"Guardian:Recover","floor":3},{"not_picked":["Guardian:Gem_Yellow","Guardian:TemporalStrike"],"picked":"Guardian:Gem_Purple","floor":5},{"not_picked":["Guardian:PolyBeam","Guardian:Gem_Green"],"picked":"Guardian:RollAttack","floor":8},{"not_picked":["Guardian:CrystalBeam","Guardian:TemporalShield","Guardian:WalkerClaw"],"picked":"SKIP","floor":9},{"not_picked":["Guardian:DecasProtection+1","Guardian:FloatingOrbs"],"picked":"Guardian:StasisField+1","floor":11},{"not_picked":["Guardian:ShieldCharger+1","Guardian:GuardianWhirl"],"picked":"Guardian:Gem_Lightblue","floor":14},{"not_picked":["Guardian:ShieldCharger+1","Guardian:RefractedBeam"],"picked":"Guardian:Gem_Green","floor":15}],"player_experience":99999,"relics_obtained":[{"floor":11,"key":"Toxic Egg 2"}],"event_choices":[],"is_beta":false,"boss_relics":[],"items_purged_floors":[],"is_endless":false,"potions_floor_spawned":[2,11,14,15],"killed_by":"SI_SHIV_ARCHETYPE","ascension_level":0}}