{"host":"mi0eibewekhugwl1","time":1611591291,"event":{"mods":["AchievementEnabler","BaseMod","Colored Map","Colored Powertips","DeckTracker","Keyboard Shortcuts","Minty Spire (QoL Compilation)","Quick Restart","Rare Cards Sparkle","Relic Stats","StSLib","SuperFastMode","everything is the same but u backflip on backflip"],"gold_per_floor":[219,235,253,77,21,49,69,69,69],"floor_reached":8,"language":"KOR","playtime":174,"items_purged":["Strike_R"],"score":116,"play_id":"f5814f2c-877b-4d2d-8d36-d7f98a4d5a0b","local_time":"20210126011451","is_ascension_mode":true,"campfire_choices":[],"circlet_count":0,"master_deck":["AscendersBane","Strike_R","Strike_R","Strike_R","Strike_R","Defend_R","Defend_R","Defend_R","Defend_R","Bash","Rampage","Shrug It Off","Evolve","Twin Strike","Wild Strike"],"relics":["Burning Blood","Potion Belt"],"acts_visited":["Exordium"],"potions_floor_usage":[7,8],"damage_taken":[{"damage":13,"enemies":"Cultist","floor":1,"turns":5},{"damage":9,"enemies":"Jaw Worm","floor":2,"turns":4},{"damage":6,"enemies":"2 Louse","floor":3,"turns":3},{"damage":36,"enemies":"Lagavulin","floor":6,"turns":7},{"damage":16,"enemies":"Red Slaver","floor":7,"turns":4},{"damage":19,"enemies":"3 Sentries","floor":8,"turns":4}],"seed_played":"-5660599340324920253","potions_obtained":[{"floor":1,"key":"Strength Potion"}],"is_trial":false,"path_per_floor":["M","M","M","$","$","E","M","E"],"character_chosen":"IRONCLAD","items_purchased":["Evolve","Twin Strike","Explosive Potion"],"campfire_rested":0,"item_purchase_floors":[4,4,5],"current_hp_per_floor":[61,58,58,58,58,28,18,0,0],"gold":69,"neow_bonus":"HUNDRED_GOLD","is_daily":false,"chose_seed":false,"campfire_upgraded":0,"win_rate":0.0,"timestamp":1611591291,"path_taken":["M","M","M","?","$","E","M","E"],"items_purchased_type":["Card","Card","Potion"],"build_version":"2020-12-22","purchased_purges":1,"victory":false,"max_hp_per_floor":[75,75,75,75,75,75,75,75,75],"relic_stats":{"counters":[6,27],"obtain_stats":[{"Potion Belt":6,"Burning Blood":0},{"Potion Belt":4,"Burning Blood":0},{"Potion Belt":19,"Burning Blood":0}],"Burning Blood":30},"card_choices":[{"not_picked":["Rage","Iron Wave"],"picked":"Rampage","floor":1},{"not_picked":["Body Slam","Perfected Strike","Clothesline"],"picked":"SKIP","floor":2},{"not_picked":["Armaments","True Grit"],"picked":"Shrug It Off","floor":3},{"not_picked":["Twin Strike","Berserk","Anger"],"picked":"SKIP","floor":6},{"not_picked":["Second Wind","Heavy Blade"],"picked":"Wild Strike","floor":7}],"player_experience":1757848,"relics_obtained":[{"floor":6,"key":"Potion Belt"}],"event_choices":[],"is_beta":false,"boss_relics":[],"items_purged_floors":[4],"is_endless":false,"potions_floor_spawned":[1],"killed_by":"3 Sentries","ascension_level":20}}