{"host":"7krnriczr1b2ou5r","time":1611557006,"event":{"mods":["BaseMod","Keyboard Shortcuts","Marisa£¨Ùöéë¡¡Øª×âÞÞ£©","Minty Spire (QoL Compilation)","Relic Stats","StSLib"],"gold_per_floor":[113,126,126,136,147,147,182,182,206,206,239,267,267,292,292,369,369,388,388,388,308,326,358,371,371,371,371,383,396,431,431,431,502,502,517,537,551,564,614,614,646,666,666,699,780,107,133,188,188,188,188,188,25,59,59],"floor_reached":56,"language":"KOR","playtime":11047,"items_purged":["Strike_MRS"],"score":2447,"play_id":"e2792f2e-15fc-4054-9397-91142b55bd3a","local_time":"20210125154326","is_ascension_mode":true,"campfire_choices":[{"data":"GalacticHalo","floor":6,"key":"SMITH"},{"data":"DarkMatter","floor":8,"key":"SMITH"},{"data":"UpSweep","floor":10,"key":"SMITH"},{"data":"PowerUp","floor":15,"key":"SMITH"},{"floor":25,"key":"REST"},{"floor":27,"key":"RECALL"},{"floor":32,"key":"REST"},{"floor":40,"key":"REST"},{"floor":49,"key":"REST"},{"floor":52,"key":"REST"}],"circlet_count":0,"master_deck":["AscendersBane","Defend_MRS+1","Defend_MRS+1","MasterSpark","UpSweep+1","UltimateShortwave+1","DarkMatter+1","GalacticHalo+1","StarBarrage+1","Parasite","Parasite","PowerUp+1","Acceleration","OneTimeOff+1","MachineGunSpark","ChargingUp+1","EarthLightRay+1","ChargingUp+1","PowerUp+1"],"relics":["MiniHakkero","Happy Flower","War Paint","Whetstone","Thread and Needle","Fusion Hammer","Enchiridion","Matryoshka","Tiny Chest","Question Card","Gambling Chip","Charon\u0027s Ashes","Pear","ExperimentalFamiliar","Bronze Scales","Toxic Egg 2","Torii","Mummified Hand","BigShroomBag","Lee\u0027s Waffle","Ancient Tea Set","Pocketwatch","Calipers","Vajra","TungstenRod","Calipers"],"acts_visited":["Exordium","TheCity","TheBeyond","TheEnding"],"potions_floor_usage":[7,11,12,12,55,55],"damage_taken":[{"damage":8,"enemies":"Small Slimes","floor":1,"turns":3},{"damage":1,"enemies":"Cultist","floor":2,"turns":3},{"damage":0,"enemies":"Jaw Worm","floor":4,"turns":3},{"damage":0,"enemies":"2 Fungi Beasts","floor":5,"turns":5},{"damage":0,"enemies":"3 Sentries","floor":7,"turns":9},{"damage":22,"enemies":"Gremlin Nob","floor":11,"turns":5},{"damage":4,"enemies":"The Mushroom Lair","floor":12,"turns":5},{"damage":13,"enemies":"Lagavulin","floor":14,"turns":5},{"damage":16,"enemies":"Hexaghost","floor":16,"turns":10},{"damage":0,"enemies":"Chosen","floor":18,"turns":4},{"damage":0,"enemies":"2 Thieves","floor":22,"turns":3},{"damage":0,"enemies":"Gremlin Leader","floor":23,"turns":4},{"damage":2,"enemies":"Shelled Parasite and Fungi","floor":24,"turns":4},{"damage":0,"enemies":"Snake Plant","floor":28,"turns":3},{"damage":0,"enemies":"Centurion and Healer","floor":29,"turns":4},{"damage":0,"enemies":"Book of Stabbing","floor":30,"turns":4},{"damage":4,"enemies":"Collector","floor":33,"turns":4},{"damage":0,"enemies":"3 Darklings","floor":35,"turns":2},{"damage":0,"enemies":"3 Shapes","floor":36,"turns":4},{"damage":0,"enemies":"Jaw Worm Horde","floor":37,"turns":4},{"damage":0,"enemies":"Maw","floor":38,"turns":4},{"damage":0,"enemies":"Reptomancer","floor":41,"turns":2},{"damage":0,"enemies":"Writhing Mass","floor":42,"turns":8},{"damage":0,"enemies":"Nemesis","floor":44,"turns":3},{"damage":0,"enemies":"Reptomancer","floor":47,"turns":2},{"damage":0,"enemies":"2 Orb Walkers","floor":48,"turns":2},{"damage":0,"enemies":"Donu and Deca","floor":50,"turns":3},{"damage":18,"enemies":"Shield and Spear","floor":54,"turns":3},{"damage":40,"enemies":"The Heart","floor":55,"turns":5}],"seed_played":"5114534361523264908","potions_obtained":[{"floor":1,"key":"Block Potion"},{"floor":4,"key":"BlessingOfTheForge"},{"floor":11,"key":"EntropicBrew"},{"floor":14,"key":"FearPotion"},{"floor":18,"key":"StarNLove"}],"is_trial":false,"path_per_floor":["M","M","?","M","M","R","E","R","T","R","E","?","?","E","R","B",null,"M","?","?","$","M","E","M","R","T","R","M","M","E","T","R","B",null,"M","M","M","M","?","R","E","M","T","E","T","$","E","?","R","B",null,"R","$","E","B",null],"character_chosen":"MARISA","items_purchased":["OneTimeOff","BigShroomBag","Lee\u0027s Waffle","Vajra"],"campfire_rested":5,"item_purchase_floors":[21,46,46,53],"current_hp_per_floor":[55,54,54,54,54,54,54,54,54,54,32,42,35,26,26,14,56,60,39,70,70,70,70,68,70,70,70,70,70,70,80,80,76,79,80,80,80,80,80,80,80,80,80,80,80,87,87,87,87,87,87,87,87,69,41],"gold":59,"neow_bonus":"ONE_RANDOM_RARE_CARD","is_daily":false,"chose_seed":false,"campfire_upgraded":4,"win_rate":0.0,"timestamp":1611557006,"path_taken":["M","M","?","M","?","R","E","R","T","R","E","?","?","E","R","BOSS","M","?","?","$","?","E","M","R","T","R","M","M","E","?","R","BOSS","M","?","M","M","?","R","E","M","T","E","?","$","E","?","R","BOSS","R","$","E","BOSS"],"items_purchased_type":["Card","Relic","Relic","Relic"],"build_version":"2020-12-22","purchased_purges":1,"victory":true,"max_hp_per_floor":[70,70,70,70,70,70,70,70,70,70,70,70,70,70,70,70,70,70,70,70,70,70,70,70,70,70,70,70,70,70,80,80,80,80,80,80,80,80,80,80,80,80,80,80,80,87,87,87,87,87,87,87,87,87,87],"relic_stats":{"Lee\u0027s Waffle":7,"Happy Flower":[32],"Torii":30,"counters":[29,119],"Charon\u0027s Ashes":[559],"Whetstone":["StarBarrage","Strike_MRS"],"War Paint":["Defend_MRS","Defend_MRS"],"Question Card":14,"Mummified Hand":[7],"Gambling Chip":[17],"Bronze Scales":[122],"Tiny Chest":1,"obtain_stats":[{"Calipers":51,"Torii":44,"Enchiridion":19,"Vajra":53,"Whetstone":11,"Ancient Tea Set":47,"Matryoshka":23,"Mummified Hand":45,"Gambling Chip":30,"Tiny Chest":26,"Fusion Hammer":17,"Toxic Egg 2":43,"Lee\u0027s Waffle":46,"Pear":31,"Happy Flower":7,"Thread and Needle":14,"Charon\u0027s Ashes":30,"War Paint":9,"Question Card":26,"ShroomBag":12,"ExperimentalFamiliar":34,"Bronze Scales":41,"BigShroomBag":46,"MiniHakkero":0,"TungstenRod":54,"Pocketwatch":48},{"Calipers":27,"Torii":24,"Enchiridion":10,"Vajra":27,"Whetstone":6,"Ancient Tea Set":25,"Matryoshka":12,"Mummified Hand":24,"Gambling Chip":16,"Tiny Chest":13,"Fusion Hammer":9,"Toxic Egg 2":23,"Lee\u0027s Waffle":24,"Pear":16,"Happy Flower":5,"Thread and Needle":8,"Charon\u0027s Ashes":16,"War Paint":5,"Question Card":13,"ShroomBag":7,"ExperimentalFamiliar":17,"Bronze Scales":22,"BigShroomBag":24,"MiniHakkero":0,"TungstenRod":28,"Pocketwatch":26},{"Calipers":112,"Torii":105,"Enchiridion":52,"Vajra":112,"Whetstone":28,"Ancient Tea Set":107,"Matryoshka":59,"Mummified Hand":105,"Gambling Chip":74,"Tiny Chest":63,"Fusion Hammer":48,"Toxic Egg 2":102,"Lee\u0027s Waffle":105,"Pear":74,"Happy Flower":23,"Thread and Needle":38,"Charon\u0027s Ashes":74,"War Paint":23,"Question Card":63,"ShroomBag":33,"ExperimentalFamiliar":78,"Bronze Scales":94,"BigShroomBag":105,"MiniHakkero":0,"TungstenRod":114,"Pocketwatch":109}],"TungstenRod":28,"Pocketwatch":[0]},"card_choices":[{"not_picked":["GasGiant","NonDirectionalLaser","RefractionSpark"],"picked":"SKIP","floor":1},{"not_picked":["IllusionStar","LuminesStrike"],"picked":"DarkMatter","floor":2},{"not_picked":["PowerUp","MysteriousBeam"],"picked":"GalacticHalo","floor":4},{"not_picked":["MysteriousBeam","WitchOfGreed","GalacticHalo"],"picked":"SKIP","floor":5},{"not_picked":["ShootingEcho","DoubleSpark","MeteoricShower"],"picked":"SKIP","floor":7},{"not_picked":["MysteriousBeam","LuminesStrike"],"picked":"StarBarrage","floor":11},{"not_picked":["AsteroidBelt","IllusionStar"],"picked":"PowerUp","floor":12},{"not_picked":["OrrerysSun","OpenUniverse","ChargeUpSpray"],"picked":"SKIP","floor":14},{"not_picked":["WitchOfGreed","SprinkleStarSeal"],"picked":"Acceleration","floor":18},{"not_picked":["WitchLeyline+1","GalacticHalo","AsteroidBelt"],"picked":"SKIP","floor":22},{"not_picked":["MeteoricShower","WitchOfGreed","MillisecondPulsars"],"picked":"SKIP","floor":23},{"not_picked":["DC","ShootTheMoon","DarkMatter+1"],"picked":"SKIP","floor":24},{"not_picked":["LuminesStrike","GrandCross","6A","GravityBeat"],"picked":"SKIP","floor":28},{"not_picked":["StarlightTyphoon","GasGiant","ShootingEcho"],"picked":"MachineGunSpark","floor":29},{"not_picked":["DoubleSpark","GasGiant","DC","ChargeUpSpray"],"picked":"SKIP","floor":30},{"not_picked":["GalacticHalo","ChargeUpSpray","AsteroidBelt"],"picked":"ChargingUp+1","floor":35},{"not_picked":["DarkSpark+1","IllusionStar+1","MilkyWay","GrandCross"],"picked":"SKIP","floor":36},{"not_picked":["MysteriousBeam+1","MilkyWay+1","IllusionStar","DoubleSpark"],"picked":"SKIP","floor":37},{"not_picked":["TreasureHunter","OpenUniverse","WitchLeyline","AsteroidBelt"],"picked":"SKIP","floor":38},{"not_picked":["ShootingEcho","AsteroidBelt","SuperPerseids"],"picked":"EarthLightRay+1","floor":41},{"not_picked":["SprinkleStarSeal","NonDirectionalLaser","PulseMagic","DarkMatter"],"picked":"SKIP","floor":42},{"not_picked":["IllusionStar+1","GravityBeat+1","TreasureHunter"],"picked":"ChargingUp+1","floor":44},{"not_picked":["JA","GalacticHalo+1","DoubleSpark+1","SprinkleStarSeal+1"],"picked":"SKIP","floor":47},{"not_picked":["MeteoricShower","WitchOfGreed","Occultation+1"],"picked":"PowerUp+1","floor":48},{"not_picked":["IllusionStar+1","GravityBeat","MysteriousBeam","DC"],"picked":"SKIP","floor":54}],"player_experience":1127156,"relics_obtained":[{"floor":7,"key":"Happy Flower"},{"floor":9,"key":"War Paint"},{"floor":11,"key":"Whetstone"},{"floor":12,"key":"ShroomBag"},{"floor":14,"key":"Thread and Needle"},{"floor":19,"key":"Enchiridion"},{"floor":23,"key":"Matryoshka"},{"floor":26,"key":"Tiny Chest"},{"floor":26,"key":"Question Card"},{"floor":30,"key":"Gambling Chip"},{"floor":31,"key":"Pear"},{"floor":41,"key":"Bronze Scales"},{"floor":43,"key":"Toxic Egg 2"},{"floor":44,"key":"Torii"},{"floor":45,"key":"Mummified Hand"},{"floor":47,"key":"Ancient Tea Set"},{"floor":48,"key":"Pocketwatch"},{"floor":54,"key":"Calipers"}],"event_choices":[{"damage_healed":0,"gold_gain":0,"player_choice":"Forge","damage_taken":0,"max_hp_gain":0,"max_hp_loss":0,"event_name":"Accursed Blacksmith","floor":3,"gold_loss":0,"cards_upgraded":["UltimateShortwave"]},{"damage_healed":0,"gold_gain":0,"player_choice":"Fought Mushrooms","damage_taken":0,"max_hp_gain":0,"max_hp_loss":0,"event_name":"Mushrooms_MRS","floor":12,"gold_loss":0},{"cards_removed":["Strike_MRS"],"damage_healed":0,"gold_gain":0,"player_choice":"Card Removal","damage_taken":7,"max_hp_gain":0,"max_hp_loss":0,"event_name":"Golden Wing","floor":13,"gold_loss":0},{"damage_healed":0,"gold_gain":0,"player_choice":"Obtained Book","damage_taken":21,"max_hp_gain":0,"max_hp_loss":0,"event_name":"Cursed Tome","floor":19,"gold_loss":0},{"damage_healed":31,"gold_gain":0,"player_choice":"Full Heal","damage_taken":0,"max_hp_gain":0,"max_hp_loss":0,"event_name":"Wheel of Change","floor":20,"gold_loss":0},{"damage_healed":0,"gold_gain":50,"player_choice":"Pray","damage_taken":0,"max_hp_gain":0,"max_hp_loss":0,"event_name":"Golden Shrine","floor":39,"gold_loss":0},{"damage_healed":0,"gold_gain":0,"player_choice":"Fight","damage_taken":0,"max_hp_gain":0,"max_hp_loss":0,"event_name":"Mysterious Sphere","floor":48,"gold_loss":0}],"is_beta":false,"boss_relics":[{"not_picked":["Tiny House","Calling Bell"],"picked":"Fusion Hammer"},{"not_picked":["Cursed Key","Philosopher\u0027s Stone"],"picked":"ExperimentalFamiliar"}],"items_purged_floors":[46],"is_endless":false,"potions_floor_spawned":[1,4,11,14,18,28,30,33,36,38,42,44],"ascension_level":16}}