{"host":"k85go8ir9nelrmt2","time":1611592153,"event":{"mods":["Act Like it!","BaseMod","CapriCore","Chen","Colored Map","GifTheSpireLib","Marisa????????","Minty Spire (QoL Compilation)","StSLib","The Immortal","The Servant 0.9.4"],"gold_per_floor":[118,118,118,118,11,11,47,12,81,120,151,191,266,291,291,305,305],"floor_reached":16,"language":"ENG","playtime":766,"items_purged":[],"score":100,"play_id":"0231e351-844b-4e6d-89ef-91b8920b34fe","local_time":"20210125112913","is_ascension_mode":false,"campfire_choices":[{"floor":6,"key":"REST"},{"floor":15,"key":"REST"}],"circlet_count":0,"master_deck":["Strike_MRS","Strike_MRS","Strike_MRS","Strike_MRS","Defend_MRS","Defend_MRS","Defend_MRS","Defend_MRS","MasterSpark+1","UpSweep","PowerUp+1","Robbery","MilkyWay","GrandCross","StarBarrage","RefractionSpark","PowerUp","SuperPerseids","IllusionStar"],"relics":["MiniHakkero","Gremlin Horn","Golden Idol","Pear","Dream Catcher"],"acts_visited":["Exordium"],"potions_floor_usage":[14,16,16],"damage_taken":[{"damage":11,"enemies":"Jaw Worm","floor":1,"turns":3},{"damage":10,"enemies":"Small Slimes","floor":7,"turns":2},{"damage":5,"enemies":"2 Louse","floor":10,"turns":2},{"damage":11,"enemies":"Lots of Slimes","floor":11,"turns":4},{"damage":31,"enemies":"Lagavulin","floor":12,"turns":5},{"damage":2,"enemies":"Blue Slaver","floor":14,"turns":2},{"damage":31,"enemies":"Hexaghost","floor":16,"turns":7}],"seed_played":"3258341542214733210","potions_obtained":[{"floor":0,"key":"EssenceOfSteel"},{"floor":0,"key":"BottledSpark"},{"floor":0,"key":"Energy Potion"},{"floor":1,"key":"AttackPotion"}],"is_trial":false,"path_per_floor":["M","?","?","?","$","R","M","?","T","M","M","E","?","M","R","B"],"character_chosen":"MARISA","items_purchased":["Robbery","MilkyWay"],"campfire_rested":2,"item_purchase_floors":[5,5],"current_hp_per_floor":[64,57,39,24,24,46,36,54,64,59,48,17,6,4,29,0,0],"gold":305,"neow_bonus":"THREE_SMALL_POTIONS","is_daily":false,"chose_seed":false,"campfire_upgraded":0,"win_rate":0.0,"timestamp":1611592153,"path_taken":["M","?","?","?","$","R","?","?","T","M","M","E","?","M","R","BOSS"],"items_purchased_type":["Card","Card"],"build_version":"2020-12-22","purchased_purges":0,"victory":false,"max_hp_per_floor":[75,75,75,75,75,75,75,75,85,85,85,85,85,85,85,85,85],"card_choices":[{"not_picked":["GravityBeat","ChargeUpSpray"],"picked":"PowerUp","floor":1},{"not_picked":["Acceleration","MagicAbsorber"],"picked":"GrandCross","floor":7},{"not_picked":["GrandCross","MagicAbsorber"],"picked":"StarBarrage","floor":10},{"not_picked":["DeepEcoloBomb","PropBag"],"picked":"RefractionSpark","floor":11},{"not_picked":["AbsoluteMagnitude","DeepEcoloBomb"],"picked":"PowerUp","floor":12},{"not_picked":["GalacticHalo","AlicesGift"],"picked":"SuperPerseids","floor":14},{"not_picked":["DarkMatter","GasGiant"],"picked":"IllusionStar","floor":15}],"player_experience":77375,"relics_obtained":[{"floor":9,"key":"Pear"},{"floor":12,"key":"Dream Catcher"}],"event_choices":[{"damage_healed":0,"gold_gain":0,"player_choice":"Success","damage_taken":7,"relics_obtained":["Gremlin Horn"],"max_hp_gain":0,"max_hp_loss":0,"event_name":"Scrap Ooze","floor":2,"gold_loss":0},{"damage_healed":0,"gold_gain":0,"player_choice":"Take Damage","damage_taken":18,"relics_obtained":["Golden Idol"],"max_hp_gain":0,"max_hp_loss":0,"event_name":"Golden Idol","floor":3,"gold_loss":0},{"damage_healed":0,"gold_gain":0,"player_choice":"Entered Light","damage_taken":15,"max_hp_gain":0,"max_hp_loss":0,"event_name":"Shining Light","floor":4,"gold_loss":0,"cards_upgraded":["PowerUp","MasterSpark"]},{"damage_healed":18,"gold_gain":0,"player_choice":"Healed","damage_taken":0,"max_hp_gain":0,"max_hp_loss":0,"event_name":"The Cleric","floor":8,"gold_loss":35},{"damage_healed":0,"gold_gain":75,"player_choice":"Gather Gold","damage_taken":11,"max_hp_gain":0,"max_hp_loss":0,"event_name":"World of Goop","floor":13,"gold_loss":0}],"is_beta":false,"boss_relics":[],"items_purged_floors":[],"is_endless":false,"potions_floor_spawned":[1,7,11],"killed_by":"Hexaghost","ascension_level":0}}