{"host":"g5zc4ej6zn2at89o","time":1611582483,"event":{"mods":["2.2 Compatiblity","AchievementEnabler","BaseMod","Colored Map","DeckTracker","Highlight Path","KOR Keyword Fix","Keyboard Shortcuts","Minty Spire (QoL Compilation)","Permanent Neow","Quick Restart","Say the Spire","StSLib","SuperFastMode","everything is the same but u backflip on backflip"],"gold_per_floor":[118,293,293,308,321,321,341,351,351,363,313,313,340,265,265,364,364,381,393,413,259,259,286,211,211,238,288,288,298,376,394,394,499,499,515,515,531,531,543,543,543,231,231,231,231,231],"floor_reached":45,"language":"KOR","playtime":1514,"items_purged":["Strike_R"],"score":433,"play_id":"080324fb-4cc8-450e-bafa-6be804aefb0d","local_time":"20210125224802","is_ascension_mode":false,"campfire_choices":[{"data":"Offering","floor":6,"key":"SMITH"},{"floor":12,"key":"REST"},{"floor":15,"key":"REST"},{"data":"Immolate","floor":28,"key":"SMITH"},{"floor":32,"key":"REST"},{"data":"Armaments","floor":40,"key":"SMITH"},{"data":"Double Tap","floor":44,"key":"SMITH"}],"circlet_count":0,"master_deck":["Strike_R+1","Strike_R","Defend_R","Defend_R","Defend_R+1","Defend_R+1","Bash","Offering+1","Cleave+1","Evolve","Hemokinesis","Seeing Red","Anger","Immolate+1","Impervious","Blood for Blood+1","Intimidate","Double Tap+1","Flex+1","Ghostly Armor","Armaments+1","Immolate","Intimidate+1","Power Through+1","Purity","Blind"],"relics":["Burning Blood","Whetstone","War Paint","Philosopher\u0027s Stone","Potion Belt","Pantograph","Omamori","The Courier","Cursed Key","Lantern","HandDrill","Pen Nib"],"acts_visited":["Exordium","TheCity","TheBeyond"],"potions_floor_usage":[31,33,33,45],"damage_taken":[{"damage":7,"enemies":"Jaw Worm","floor":1,"turns":2},{"damage":7,"enemies":"Small Slimes","floor":4,"turns":3},{"damage":7,"enemies":"Cultist","floor":5,"turns":3},{"damage":27,"enemies":"Exordium Wildlife","floor":7,"turns":5},{"damage":7,"enemies":"Looter","floor":8,"turns":2},{"damage":10,"enemies":"Exordium Thugs","floor":10,"turns":3},{"damage":34,"enemies":"Lagavulin","floor":13,"turns":5},{"damage":38,"enemies":"Hexaghost","floor":16,"turns":9},{"damage":10,"enemies":"3 Byrds","floor":18,"turns":3},{"damage":8,"enemies":"Spheric Guardian","floor":19,"turns":3},{"damage":16,"enemies":"Cultist and Chosen","floor":20,"turns":5},{"damage":21,"enemies":"Gremlin Leader","floor":23,"turns":4},{"damage":34,"enemies":"Shelled Parasite and Fungi","floor":29,"turns":4},{"damage":18,"enemies":"Snake Plant","floor":31,"turns":2},{"damage":66,"enemies":"Automaton","floor":33,"turns":10},{"damage":27,"enemies":"3 Darklings","floor":35,"turns":3},{"damage":14,"enemies":"Orb Walker","floor":37,"turns":3},{"damage":6,"enemies":"3 Darklings","floor":39,"turns":1},{"damage":52,"enemies":"Nemesis","floor":45,"turns":5}],"seed_played":"5131193806434196380","potions_obtained":[{"floor":5,"key":"SneckoOil"},{"floor":7,"key":"SpeedPotion"},{"floor":10,"key":"FairyPotion"},{"floor":18,"key":"HeartOfIron"},{"floor":23,"key":"Explosive Potion"},{"floor":35,"key":"Explosive Potion"}],"is_trial":false,"path_per_floor":["M","?","?","M","M","R","M","M","T","M","?","R","E","$","R","B",null,"M","M","M","$","?","E","?","$","T","?","R","M","T","M","R","B",null,"M","?","M","?","M","R","?","$","T","R","E"],"character_chosen":"IRONCLAD","items_purchased":["Potion Belt","Lantern","HandDrill","Weak Potion","Fire Potion"],"campfire_rested":3,"item_purchase_floors":[21,42,42,42,42],"current_hp_per_floor":[71,71,64,63,62,62,41,40,40,36,36,57,29,29,50,18,72,68,66,56,56,56,41,41,41,41,41,41,13,13,27,48,12,72,51,51,43,43,43,43,38,38,38,38,0,0],"gold":231,"neow_bonus":"THREE_RARE_CARDS","is_daily":false,"chose_seed":false,"campfire_upgraded":4,"win_rate":0.0,"timestamp":1611582482,"path_taken":["M","?","?","M","M","R","?","M","T","M","?","R","E","$","R","BOSS","M","M","M","$","?","E","?","$","T","?","R","?","?","M","R","BOSS","M","?","M","?","M","R","?","$","T","R","E"],"items_purchased_type":["Relic","Relic","Relic","Potion","Potion"],"build_version":"2020-12-22","purchased_purges":1,"victory":false,"max_hp_per_floor":[72,72,72,72,72,72,72,72,72,72,72,72,72,72,72,72,72,72,72,72,72,72,72,72,72,72,72,72,72,72,72,72,72,72,72,72,72,72,72,72,72,72,72,72,72,72],"card_choices":[{"not_picked":["Berserk","Reaper"],"picked":"Offering","floor":0},{"not_picked":["Sword Boomerang","Twin Strike"],"picked":"Cleave","floor":1},{"not_picked":["Entrench","Body Slam","Twin Strike"],"picked":"SKIP","floor":4},{"not_picked":["Headbutt","Havoc"],"picked":"Evolve","floor":5},{"not_picked":["Blood for Blood","Anger"],"picked":"Hemokinesis","floor":7},{"not_picked":["Clothesline","Pummel"],"picked":"Seeing Red","floor":8},{"not_picked":["Heavy Blade","Disarm"],"picked":"Anger","floor":10},{"not_picked":["Sword Boomerang","Sentinel"],"picked":"Immolate","floor":13},{"not_picked":["Berserk","Offering"],"picked":"Impervious","floor":16},{"not_picked":["Clothesline+1","Perfected Strike"],"picked":"Blood for Blood+1","floor":18},{"not_picked":["Body Slam","Clothesline"],"picked":"Intimidate","floor":19},{"not_picked":["Wild Strike+1","Entrench"],"picked":"Double Tap","floor":20},{"not_picked":["Twin Strike","Second Wind"],"picked":"Flex+1","floor":23},{"not_picked":["Armaments","Headbutt"],"picked":"Ghostly Armor","floor":29},{"not_picked":["Pommel Strike","Combust"],"picked":"Armaments","floor":31},{"not_picked":["Fiend Fire","Offering"],"picked":"Immolate","floor":33},{"not_picked":["Feel No Pain+1","Uppercut"],"picked":"Intimidate+1","floor":35},{"not_picked":["Body Slam+1","Iron Wave","Twin Strike+1"],"picked":"SKIP","floor":37},{"not_picked":["Combust","Havoc+1"],"picked":"Power Through+1","floor":39},{"not_picked":["Panacea","Chrysalis"],"picked":"Purity","floor":41},{"not_picked":["Master of Strategy","Metamorphosis"],"picked":"Blind","floor":41}],"player_experience":125386,"relics_obtained":[{"floor":9,"key":"Whetstone"},{"floor":13,"key":"War Paint"},{"floor":23,"key":"Pantograph"},{"floor":26,"key":"Omamori"},{"floor":30,"key":"The Courier"},{"floor":43,"key":"Pen Nib"}],"event_choices":[{"damage_healed":0,"gold_gain":175,"player_choice":"AGREE","damage_taken":0,"max_hp_gain":0,"max_hp_loss":0,"event_name":"Liars Game","floor":2,"gold_loss":0,"cards_obtained":["Doubt"]},{"damage_healed":0,"gold_gain":0,"player_choice":"Damaged","damage_taken":7,"max_hp_gain":0,"max_hp_loss":0,"event_name":"Wheel of Change","floor":3,"gold_loss":0},{"cards_removed":["Doubt"],"damage_healed":0,"gold_gain":0,"player_choice":"Card Removal","damage_taken":0,"max_hp_gain":0,"max_hp_loss":0,"event_name":"The Cleric","floor":11,"gold_loss":50},{"damage_healed":0,"gold_gain":0,"player_choice":"Ignored","damage_taken":0,"max_hp_gain":0,"max_hp_loss":0,"event_name":"Vampires","floor":22,"gold_loss":0},{"cards_removed":["Strike_R"],"damage_healed":0,"gold_gain":0,"player_choice":"Gave Gold","damage_taken":0,"max_hp_gain":0,"max_hp_loss":0,"event_name":"Beggar","floor":24,"gold_loss":75},{"damage_healed":0,"gold_gain":100,"player_choice":"Bet on Murderer","damage_taken":0,"max_hp_gain":0,"max_hp_loss":0,"event_name":"The Joust","floor":27,"gold_loss":50},{"damage_healed":0,"gold_gain":0,"player_choice":"Ignored","damage_taken":0,"max_hp_gain":0,"max_hp_loss":0,"event_name":"Tomb of Lord Red Mask","floor":36,"gold_loss":0},{"cards_removed":["Strike_R"],"damage_healed":0,"gold_gain":0,"player_choice":"Removed Attack","damage_taken":0,"max_hp_gain":0,"max_hp_loss":0,"event_name":"Falling","floor":38,"gold_loss":0},{"damage_healed":0,"gold_gain":0,"player_choice":"Memory 2","damage_taken":5,"max_hp_gain":0,"max_hp_loss":0,"event_name":"SensoryStone","floor":41,"gold_loss":0}],"is_beta":false,"boss_relics":[{"not_picked":["Empty Cage","Snecko Eye"],"picked":"Philosopher\u0027s Stone"},{"not_picked":["SlaversCollar","Calling Bell"],"picked":"Cursed Key"}],"items_purged_floors":[14],"is_endless":false,"potions_floor_spawned":[5,7,10,18,20,23,35],"killed_by":"Nemesis","ascension_level":0}}