{"host":"syozzdlzcqop4jia","time":1611615151,"event":{"mods":["BaseMod","Colored Map","Colored Powertips","Minty Spire (QoL Compilation)","Quick Restart"],"gold_per_floor":[18,28,43,43,53,53,84,95,95,95,95,110,120,131,131,236,236,252,177,177,192,210,210,210,210,210,283,295,313,337,357,357,357,357],"floor_reached":33,"language":"ENG","playtime":2169,"items_purged":[],"score":331,"play_id":"00263de2-b1fc-4c68-b5be-edf12cb1f0ff","local_time":"20210125235231","is_ascension_mode":true,"campfire_choices":[{"data":"Heavy Blade","floor":6,"key":"SMITH"},{"data":"Heavy Blade","floor":10,"key":"SMITH"},{"data":"Limit Break","floor":15,"key":"SMITH"},{"floor":23,"key":"REST"},{"floor":25,"key":"REST"},{"data":"Shockwave","floor":32,"key":"SMITH"}],"circlet_count":0,"master_deck":["Strike_R","Strike_R","Strike_R","Defend_R","Defend_R","Defend_R","Bash","Havoc","Demon Form","Flex","Headbutt","Limit Break+1","Heavy Blade+1","Anger","Heavy Blade+1","Heavy Blade","Double Tap","Flex","Immolate","Cleave+1","Shrug It Off","Shockwave+1","Ghostly Armor","Pommel Strike","Anger","Heavy Blade"],"relics":["Burning Blood","Omamori","Bag of Preparation","Calling Bell","Pen Nib","Pear","Pocketwatch","Blood Vial","Kunai","Bag of Marbles"],"acts_visited":["Exordium","TheCity"],"potions_floor_usage":[12,13,16,21,29],"damage_taken":[{"damage":9,"enemies":"2 Louse","floor":1,"turns":4},{"damage":6,"enemies":"Cultist","floor":2,"turns":4},{"damage":7,"enemies":"Jaw Worm","floor":3,"turns":3},{"damage":6,"enemies":"Large Slime","floor":5,"turns":5},{"damage":23,"enemies":"Gremlin Nob","floor":7,"turns":4},{"damage":8,"enemies":"2 Fungi Beasts","floor":8,"turns":4},{"damage":14,"enemies":"Looter","floor":12,"turns":3},{"damage":15,"enemies":"Blue Slaver","floor":13,"turns":3},{"damage":0,"enemies":"Exordium Wildlife","floor":14,"turns":2},{"damage":41,"enemies":"Hexaghost","floor":16,"turns":5},{"damage":25,"enemies":"2 Thieves","floor":18,"turns":3},{"damage":28,"enemies":"Shell Parasite","floor":21,"turns":3},{"damage":22,"enemies":"Chosen and Byrds","floor":22,"turns":4},{"damage":12,"enemies":"3 Cultists","floor":28,"turns":3},{"damage":0,"enemies":"Snecko","floor":29,"turns":3},{"damage":23,"enemies":"Shelled Parasite and Fungi","floor":31,"turns":4},{"damage":90,"enemies":"Automaton","floor":33,"turns":6}],"seed_played":"-8297054523376218844","potions_obtained":[{"floor":2,"key":"GamblersBrew"},{"floor":5,"key":"BloodPotion"},{"floor":7,"key":"SteroidPotion"},{"floor":12,"key":"DuplicationPotion"},{"floor":13,"key":"FearPotion"},{"floor":16,"key":"ElixirPotion"},{"floor":22,"key":"SmokeBomb"},{"floor":31,"key":"Explosive Potion"}],"is_trial":false,"path_per_floor":["M","M","M","?","M","R","E","M","T","R","?","M","M","M","R","B",null,"M","?","?","M","M","R","?","R","T","T","M","M","T","M","R","B"],"character_chosen":"IRONCLAD","items_purchased":[],"campfire_rested":2,"item_purchase_floors":[],"current_hp_per_floor":[77,77,76,76,76,76,59,57,57,57,57,49,56,62,62,27,90,71,71,71,49,33,60,60,87,87,87,83,90,90,73,73,0,0],"gold":357,"neow_bonus":"TRANSFORM_TWO_CARDS","is_daily":false,"chose_seed":false,"campfire_upgraded":4,"win_rate":0.0,"timestamp":1611615151,"path_taken":["M","M","M","?","M","R","E","?","T","R","?","M","M","M","R","BOSS","M","?","?","M","M","R","?","R","T","?","M","?","?","M","R","BOSS"],"items_purchased_type":[],"build_version":"2020-12-22","purchased_purges":0,"victory":false,"max_hp_per_floor":[80,80,80,80,80,80,80,80,80,80,80,80,80,80,80,80,90,90,90,90,90,90,90,90,90,90,90,90,90,90,90,90,90,90],"card_choices":[{"not_picked":["Warcry","Perfected Strike"],"picked":"Flex","floor":1},{"not_picked":["Iron Wave","Pummel"],"picked":"Headbutt","floor":2},{"not_picked":["Clothesline","Sword Boomerang"],"picked":"Limit Break","floor":3},{"not_picked":["True Grit","Clothesline"],"picked":"Heavy Blade","floor":5},{"not_picked":["Rage","Warcry"],"picked":"Anger","floor":7},{"not_picked":["Twin Strike","Clash"],"picked":"Heavy Blade","floor":8},{"not_picked":["Combust","Headbutt"],"picked":"Heavy Blade","floor":12},{"not_picked":["Warcry","Heavy Blade"],"picked":"Double Tap","floor":13},{"not_picked":["Blood for Blood","Wild Strike"],"picked":"Flex","floor":14},{"not_picked":["Offering","Exhume"],"picked":"Immolate","floor":16},{"not_picked":["Havoc","Warcry"],"picked":"Cleave+1","floor":18},{"not_picked":["Thunderclap+1","Body Slam+1"],"picked":"Shockwave","floor":21},{"not_picked":["Pommel Strike","Whirlwind"],"picked":"Ghostly Armor","floor":22},{"not_picked":["Wild Strike","Iron Wave"],"picked":"Pommel Strike","floor":28},{"not_picked":["Juggernaut","Armaments"],"picked":"Anger","floor":29},{"not_picked":["Pommel Strike","Fire Breathing"],"picked":"Heavy Blade","floor":31}],"player_experience":384610,"relics_obtained":[{"floor":7,"key":"Omamori"},{"floor":9,"key":"Bag of Preparation"},{"floor":17,"key":"Pen Nib"},{"floor":17,"key":"Pear"},{"floor":17,"key":"Pocketwatch"},{"floor":26,"key":"Blood Vial"},{"floor":27,"key":"Kunai"},{"floor":30,"key":"Bag of Marbles"}],"event_choices":[{"damage_healed":0,"gold_gain":0,"player_choice":"Cursed","damage_taken":0,"max_hp_gain":0,"max_hp_loss":0,"event_name":"Wheel of Change","floor":4,"gold_loss":0,"cards_obtained":["Decay"]},{"damage_healed":0,"gold_gain":0,"player_choice":"Ignored","damage_taken":0,"max_hp_gain":0,"max_hp_loss":0,"event_name":"Liars Game","floor":11,"gold_loss":0},{"cards_removed":["Decay"],"damage_healed":0,"gold_gain":0,"player_choice":"Gave Gold","damage_taken":0,"max_hp_gain":0,"max_hp_loss":0,"event_name":"Beggar","floor":19,"gold_loss":75},{"damage_healed":0,"gold_gain":0,"player_choice":"Read","damage_taken":0,"max_hp_gain":0,"max_hp_loss":0,"event_name":"The Library","floor":20,"gold_loss":0,"cards_obtained":["Shrug It Off"]},{"cards_removed":["Strike_R"],"damage_healed":0,"gold_gain":0,"player_choice":"Elegance","damage_taken":0,"max_hp_gain":0,"max_hp_loss":0,"event_name":"Back to Basics","floor":24,"gold_loss":0}],"is_beta":false,"boss_relics":[{"not_picked":["Pandora\u0027s Box","Tiny House"],"picked":"Calling Bell"}],"items_purged_floors":[],"is_endless":false,"potions_floor_spawned":[2,5,7,12,13,16,22,31],"killed_by":"Automaton","ascension_level":2}}