{"host":"l84l8xigz5v5foa2","time":1611592280,"event":{"mods":["2.2 Compatiblity","AchievementEnabler","BaseMod","Better Note","Better Vampires","Card Filter","Colored Map","DeckTracker","Gremlin Skip","Highlight Path","Keyboard Shortcuts","Minty Spire (QoL Compilation)","Permanent Neow","Quick Restart","Relic Filter","Relic Stats","Shop Mod","StSLib","SuperFastMode","Transform Curses","Unknown Chances"],"gold_per_floor":[112,112,122,122,71,71,81,107,107,107,121,121,61,61,61,61,61],"floor_reached":16,"language":"KOR","playtime":344,"items_purged":["Strike_G"],"score":259,"play_id":"bc2405e9-6dd8-4345-ac29-3498ecd8ffe8","local_time":"20210126013120","is_ascension_mode":true,"campfire_choices":[{"data":"Prepared","floor":6.0,"key":"SMITH"},{"data":"Cloak And Dagger","floor":10.0,"key":"SMITH"},{"data":"Reflex","floor":12.0,"key":"SMITH"},{"data":"Blade Dance","floor":15.0,"key":"SMITH"}],"circlet_count":0,"master_deck":["AscendersBane","Strike_G","Strike_G","Defend_G","Defend_G","Defend_G","Defend_G","Defend_G","Survivor","Neutralize","Blade Dance+1","Reflex+1","Tactician","Prepared+1","Masterful Stab","Cloak And Dagger+1","Dagger Throw"],"relics":["Ring of the Snake","Juzu Bracelet","The Courier"],"acts_visited":["Exordium"],"potions_floor_usage":[16],"damage_taken":[{"damage":0.0,"enemies":"2 Louse","floor":1.0,"turns":5.0},{"damage":0.0,"enemies":"Small Slimes","floor":3.0,"turns":3.0},{"damage":6.0,"enemies":"Jaw Worm","floor":7.0,"turns":6.0},{"damage":23.0,"enemies":"Gremlin Nob","floor":8.0,"turns":5.0},{"damage":0.0,"enemies":"3 Louse","floor":11.0,"turns":4.0},{"damage":20,"enemies":"Slime Boss","floor":16,"turns":6}],"seed_played":"5669390967502320964","potions_obtained":[{"floor":1.0,"key":"Poison Potion"},{"floor":8.0,"key":"Poison Potion"}],"is_trial":false,"path_per_floor":["M","?","M","?","$","R","M","E","T","R","M","R","$","?","R","B"],"character_chosen":"THE_SILENT","items_purchased":["Prepared"],"campfire_rested":0,"item_purchase_floors":[5],"current_hp_per_floor":[56,49,49,49,49,49,43,20,20,20,20,20,20,20,20,0,0],"gold":61,"neow_bonus":"TWENTY_PERCENT_HP_BONUS","is_daily":false,"chose_seed":false,"campfire_upgraded":4,"win_rate":0.0,"timestamp":1611592280,"path_taken":["M","?","M","?","$","R","M","E","T","R","M","R","$","?","R","BOSS"],"items_purchased_type":["Card"],"build_version":"2020-12-22","purchased_purges":1,"victory":false,"max_hp_per_floor":[78,78,78,78,78,78,78,78,78,78,78,78,78,78,78,78,78],"relic_stats":{"counters":[6,29],"Juzu Bracelet":0,"obtain_stats":[{"The Courier":9,"Juzu Bracelet":8,"Ring of the Snake":0},{"The Courier":4,"Juzu Bracelet":4,"Ring of the Snake":0},{"The Courier":19,"Juzu Bracelet":19,"Ring of the Snake":0}],"Ring of the Snake":[12]},"card_choices":[{"not_picked":["Dash","Dagger Spray"],"picked":"Blade Dance","floor":1.0},{"not_picked":["Escape Plan","Distraction"],"picked":"Reflex","floor":3.0},{"not_picked":["Riddle With Holes","Dagger Spray"],"picked":"Masterful Stab","floor":7.0},{"not_picked":["Terror","Eviscerate"],"picked":"Cloak And Dagger","floor":8.0},{"not_picked":["Finisher","Underhanded Strike"],"picked":"Dagger Throw","floor":11.0}],"player_experience":1464507,"relics_obtained":[{"floor":8.0,"key":"Juzu Bracelet"},{"floor":9.0,"key":"The Courier"}],"event_choices":[{"cards_removed":["Strike_G"],"damage_healed":0.0,"max_hp_gain":0.0,"max_hp_loss":0.0,"gold_gain":0.0,"event_name":"Golden Wing","player_choice":"Card Removal","floor":2.0,"gold_loss":0.0,"damage_taken":7.0},{"damage_healed":0.0,"max_hp_gain":0.0,"max_hp_loss":0.0,"gold_gain":0.0,"cards_transformed":["Strike_G"],"event_name":"Living Wall","player_choice":"Change","floor":4.0,"gold_loss":0.0,"damage_taken":0.0,"cards_obtained":["Tactician"]},{"damage_healed":0.0,"max_hp_gain":0.0,"max_hp_loss":0.0,"gold_gain":0.0,"event_name":"Dead Adventurer","player_choice":"Searched \u00270\u0027 times","floor":14.0,"gold_loss":0.0,"damage_taken":0.0}],"is_beta":false,"boss_relics":[],"items_purged_floors":[13],"is_endless":false,"potions_floor_spawned":[1,8],"killed_by":"Slime Boss","ascension_level":15}}