{"host":"l84l8xigz5v5foa2","time":1611596100,"event":{"mods":["2.2 Compatiblity","AchievementEnabler","BaseMod","Better Note","Better Vampires","Card Filter","Colored Map","DeckTracker","Gremlin Skip","Highlight Path","Keyboard Shortcuts","Minty Spire (QoL Compilation)","Permanent Neow","Quick Restart","Relic Filter","Relic Stats","Shop Mod","StSLib","SuperFastMode","Transform Curses","Unknown Chances"],"gold_per_floor":[114,130,55,55,55,55,66,78,378,27,38,63,63,73,73,148,148,161,178,178,195,145,145,158,158,158,158,184,200,217,217,217,217,217],"floor_reached":33,"language":"KOR","playtime":1285,"items_purged":["Strike_G","Strike_G"],"score":453,"play_id":"35d61d8a-074e-4caf-aebe-00045d92baf6","local_time":"20210126023500","is_ascension_mode":true,"campfire_choices":[{"data":"Blade Dance","floor":6.0,"key":"SMITH"},{"data":"Blade Dance","floor":13.0,"key":"SMITH"},{"data":"Phantasmal Killer","floor":15.0,"key":"SMITH"},{"data":"Concentrate","floor":23.0,"key":"SMITH"},{"data":"Well Laid Plans","floor":25.0,"key":"SMITH"},{"data":"Calculated Gamble","floor":27.0,"key":"SMITH"},{"floor":32,"key":"REST"}],"circlet_count":0,"master_deck":["AscendersBane","Defend_G","Defend_G","Defend_G","Defend_G","Defend_G","Survivor","Neutralize+1","Blade Dance+1","Blur","Leg Sweep","Acrobatics","Blade Dance+1","Well Laid Plans+1","Phantasmal Killer+1","Die Die Die","Blade Dance","Concentrate+1","Calculated Gamble+1","Adrenaline","Dagger Throw+1","PiercingWail","Setup+1","Escape Plan"],"relics":["Ring of the Snake","Orichalcum","Old Coin","OrangePellets","Smiling Mask","Empty Cage","Oddly Smooth Stone"],"acts_visited":["Exordium","TheCity"],"potions_floor_usage":[33],"damage_taken":[{"damage":0.0,"enemies":"Cultist","floor":1.0,"turns":5.0},{"damage":0.0,"enemies":"2 Louse","floor":2.0,"turns":5.0},{"damage":0.0,"enemies":"Small Slimes","floor":7.0,"turns":3.0},{"damage":0.0,"enemies":"3 Louse","floor":8.0,"turns":6.0},{"damage":0.0,"enemies":"Looter","floor":11.0,"turns":3.0},{"damage":0.0,"enemies":"Blue Slaver","floor":14.0,"turns":4.0},{"damage":5.0,"enemies":"Slime Boss","floor":16.0,"turns":6.0},{"damage":9.0,"enemies":"2 Thieves","floor":18.0,"turns":4.0},{"damage":0.0,"enemies":"3 Byrds","floor":19.0,"turns":3.0},{"damage":10.0,"enemies":"Snecko","floor":21.0,"turns":7.0},{"damage":9.0,"enemies":"Shelled Parasite and Fungi","floor":24.0,"turns":5.0},{"damage":19.0,"enemies":"Book of Stabbing","floor":28.0,"turns":6.0},{"damage":4.0,"enemies":"Snake Plant","floor":29.0,"turns":6.0},{"damage":9,"enemies":"Centurion and Healer","floor":30,"turns":6},{"damage":41,"enemies":"Collector","floor":33,"turns":9}],"seed_played":"6105211637833823735","potions_obtained":[{"floor":8.0,"key":"EssenceOfSteel"},{"floor":11.0,"key":"Fruit Juice"},{"floor":14.0,"key":"Energy Potion"},{"floor":16.0,"key":"Block Potion"},{"floor":19.0,"key":"Energy Potion"},{"floor":28.0,"key":"SkillPotion"},{"floor":30,"key":"Block Potion"}],"is_trial":false,"path_per_floor":["M","M","?","?","?","R","M","M","T","$","M","T","R","M","R","B",null,"M","M","?","M","$","R","M","R","T","R","E","M","M","?","R","B"],"character_chosen":"THE_SILENT","items_purchased":["Blade Dance","Well Laid Plans","OrangePellets"],"campfire_rested":1,"item_purchase_floors":[10,10,10],"current_hp_per_floor":[59,59,59,41,41,41,41,41,41,41,46,46,46,46,46,41,64,55,55,55,45,45,45,36,36,36,36,17,13,4,4,25,0,0],"gold":217,"neow_bonus":"UPGRADE_CARD","is_daily":false,"chose_seed":false,"campfire_upgraded":6,"win_rate":0.0,"timestamp":1611596100,"path_taken":["M","?","?","?","?","R","M","M","T","?","M","?","R","M","R","BOSS","M","M","?","M","?","R","M","R","T","R","E","M","M","?","R","BOSS"],"items_purchased_type":["Card","Card","Relic"],"build_version":"2020-12-22","purchased_purges":2,"victory":false,"max_hp_per_floor":[66,66,66,66,66,66,66,66,66,66,71,71,71,71,71,71,71,71,71,71,71,71,71,71,71,71,71,71,71,71,71,71,71,71],"relic_stats":{"OrangePellets":[0],"counters":[15,78],"Orichalcum":[48],"Smiling Mask":50,"obtain_stats":[{"OrangePellets":10,"Oddly Smooth Stone":28,"Orichalcum":4,"Smiling Mask":12,"Empty Cage":17,"Ring of the Snake":0,"Old Coin":9},{"OrangePellets":4,"Oddly Smooth Stone":12,"Orichalcum":2,"Smiling Mask":5,"Empty Cage":7,"Ring of the Snake":0,"Old Coin":4},{"OrangePellets":19,"Oddly Smooth Stone":57,"Orichalcum":10,"Smiling Mask":22,"Empty Cage":32,"Ring of the Snake":0,"Old Coin":19}],"Ring of the Snake":[30]},"card_choices":[{"not_picked":["Prepared","Dagger Spray"],"picked":"Blade Dance","floor":1.0},{"not_picked":["Skewer","Concentrate"],"picked":"Blur","floor":2.0},{"not_picked":["Quick Slash","Dagger Spray"],"picked":"Leg Sweep","floor":7.0},{"not_picked":["Bane","Outmaneuver"],"picked":"Acrobatics","floor":8.0},{"not_picked":["Underhanded Strike","Dodge and Roll","Bane"],"picked":"SKIP","floor":11.0},{"not_picked":["Flying Knee","Calculated Gamble"],"picked":"Phantasmal Killer","floor":14.0},{"not_picked":["Bullet Time","Wraith Form v2"],"picked":"Die Die Die","floor":16.0},{"not_picked":["Quick Slash","PiercingWail"],"picked":"Blade Dance","floor":18.0},{"not_picked":["PiercingWail","Night Terror"],"picked":"Concentrate","floor":19.0},{"not_picked":["Poisoned Stab","Blade Dance"],"picked":"Dagger Throw+1","floor":21.0},{"not_picked":["Dodge and Roll","Skewer","Storm of Steel"],"picked":"SKIP","floor":24.0},{"not_picked":["Blade Dance","Quick Slash"],"picked":"PiercingWail","floor":28.0},{"not_picked":["Choke","Poisoned Stab"],"picked":"Setup+1","floor":29.0},{"not_picked":["Acrobatics+1","Expertise"],"picked":"Escape Plan","floor":30}],"player_experience":1466378,"relics_obtained":[{"floor":9.0,"key":"Old Coin"},{"floor":12.0,"key":"Smiling Mask"},{"floor":28.0,"key":"Oddly Smooth Stone"}],"event_choices":[{"cards_removed":["Strike_G"],"damage_healed":0.0,"max_hp_gain":0.0,"max_hp_loss":0.0,"gold_gain":0.0,"event_name":"The Cleric","player_choice":"Card Removal","floor":3.0,"gold_loss":75.0,"damage_taken":0.0},{"damage_healed":0.0,"max_hp_gain":0.0,"max_hp_loss":0.0,"gold_gain":0.0,"event_name":"Scrap Ooze","player_choice":"Success","floor":4.0,"gold_loss":0.0,"damage_taken":18.0,"relics_obtained":["Orichalcum"]},{"damage_healed":0.0,"max_hp_gain":0.0,"max_hp_loss":0.0,"gold_gain":0.0,"event_name":"Liars Game","player_choice":"Ignored","floor":5.0,"gold_loss":0.0,"damage_taken":0.0},{"damage_healed":0.0,"max_hp_gain":0.0,"max_hp_loss":0.0,"gold_gain":0.0,"event_name":"Match and Keep!","player_choice":"2 cards matched","floor":20.0,"gold_loss":0.0,"damage_taken":0.0,"cards_obtained":["Calculated Gamble","Adrenaline"]},{"damage_healed":0,"gold_gain":0,"player_choice":"Ignored","damage_taken":0,"max_hp_gain":0,"max_hp_loss":0,"event_name":"Ghosts","floor":31,"gold_loss":0}],"is_beta":false,"boss_relics":[{"not_picked":["Velvet Choker","Ring of the Serpent"],"picked":"Empty Cage"}],"items_purged_floors":[10,22],"is_endless":false,"potions_floor_spawned":[8,11,14,16,19,28,30],"killed_by":"Collector","ascension_level":15}}