{"host":"cimxalwyqyblhb3d","time":1611575059,"event":{"mods":["AchievementEnabler","BaseMod","Colored Powertips","Evolution","Minty Spire (QoL Compilation)","Quick Restart","Relic Stats","StSLib"],"gold_per_floor":[119,119,130,148,148,182,182,182,182],"floor_reached":8,"language":"FRA","playtime":176,"items_purged":[],"score":95,"play_id":"1882f6a6-985f-4aa6-b84b-71874951ca86","local_time":"20210125124419","is_ascension_mode":true,"campfire_choices":[{"data":"Feed","floor":7,"key":"SMITH"}],"circlet_count":0,"master_deck":["Thunderclap","Thunderclap","Thunderclap","Thunderclap","Thunderclap","Defend_R","Defend_R","Defend_R","Defend_R","Bash","Reckless Charge+1","Feel No Pain","Feed+1"],"relics":["Burning Blood","EVO:Axolotl","NeowsBlessing","Kunai"],"acts_visited":["Exordium"],"potions_floor_usage":[],"damage_taken":[{"damage":0.0,"enemies":"Jaw Worm","floor":1.0,"turns":1.0},{"damage":0.0,"enemies":"Cultist","floor":3.0,"turns":1.0},{"damage":0.0,"enemies":"Small Slimes","floor":4.0,"turns":1.0},{"damage":66,"enemies":"Lagavulin","floor":6,"turns":7},{"damage":29,"enemies":"Gremlin Nob","floor":8,"turns":3}],"seed_played":"9084417175485497210","potions_obtained":[{"floor":4.0,"key":"ElixirPotion"}],"is_trial":false,"path_per_floor":["M","?","M","M","?","E","R","E"],"character_chosen":"IRONCLAD","items_purchased":[],"campfire_rested":0,"item_purchase_floors":[],"current_hp_per_floor":[80,80,80,80,80,20,20,0,0],"gold":182,"neow_bonus":"THREE_ENEMY_KILL","is_daily":false,"chose_seed":false,"campfire_upgraded":1,"win_rate":0.0,"timestamp":1611575059,"path_taken":["M","?","?","M","?","E","R","E"],"items_purchased_type":[],"build_version":"2020-12-22","purchased_purges":0,"victory":false,"max_hp_per_floor":[80,80,80,80,80,80,80,80,80],"relic_stats":{"counters":[5,13],"Kunai":[1],"obtain_stats":[{"NeowsBlessing":0,"EVO:Axolotl":0,"Kunai":6,"Burning Blood":0},{"NeowsBlessing":0,"EVO:Axolotl":0,"Kunai":4,"Burning Blood":0},{"NeowsBlessing":0,"EVO:Axolotl":0,"Kunai":10,"Burning Blood":0}],"Burning Blood":6},"card_choices":[{"not_picked":["Cleave","Flex"],"picked":"Reckless Charge","floor":1.0},{"not_picked":["Feel No Pain","Twin Strike"],"picked":"Combust","floor":3.0},{"not_picked":["Twin Strike","Cleave"],"picked":"Feel No Pain","floor":4.0},{"not_picked":["True Grit","Cleave"],"picked":"Feed","floor":6}],"player_experience":524191,"relics_obtained":[{"floor":6,"key":"Kunai"}],"event_choices":[{"damage_healed":0.0,"max_hp_gain":0.0,"max_hp_loss":0.0,"gold_gain":0.0,"event_name":"Upgrade Shrine","player_choice":"Upgraded","floor":2.0,"gold_loss":0.0,"damage_taken":0.0,"cards_upgraded":["Reckless Charge"]},{"cards_removed":["Combust"],"damage_healed":0.0,"max_hp_gain":0.0,"max_hp_loss":0.0,"gold_gain":0.0,"event_name":"Bonfire Elementals","player_choice":"Offered Uncommon","floor":5.0,"gold_loss":0.0,"damage_taken":0.0}],"is_beta":false,"boss_relics":[],"items_purged_floors":[],"is_endless":false,"potions_floor_spawned":[4],"killed_by":"Gremlin Nob","ascension_level":5}}