{"host":"w01zow3jg16g8jdh","time":1611582065,"event":{"mods":["AchievementEnabler","BaseMod","DeckTracker","Keyboard Shortcuts","Minty Spire (QoL Compilation)","Permanent Neow","StSLib","SuperFastMode"],"gold_per_floor":[119,130,141,141,153,186,206,236,236,236,236,236,120,131,131,204,204,214,225,241,241,241,241,241],"floor_reached":23,"language":"KOR","playtime":444,"items_purged":["Strike_B"],"score":386,"play_id":"bdcb823c-cedc-4cc4-9448-fb8388acb15f","local_time":"20210125224105","is_ascension_mode":true,"campfire_choices":[{"data":"Coolheaded","floor":10.0,"key":"SMITH"},{"data":"Zap","floor":12.0,"key":"SMITH"},{"data":"Defragment","floor":15.0,"key":"SMITH"}],"circlet_count":0,"master_deck":["AscendersBane","Strike_B","Strike_B","Strike_B","Defend_B","Defend_B","Defend_B","Defend_B","Zap+1","Dualcast","Glacier","Compile Driver","Barrage+1","Coolheaded+1","Defragment+1","Cold Snap","Electrodynamics","Double Energy"],"relics":["Sozu","Omamori","Odd Mushroom","Pantograph","Inserter"],"acts_visited":["Exordium","TheCity"],"potions_floor_usage":[],"damage_taken":[{"damage":7.0,"enemies":"Small Slimes","floor":1.0,"turns":3.0},{"damage":0.0,"enemies":"Cultist","floor":2.0,"turns":5.0},{"damage":8.0,"enemies":"Jaw Worm","floor":3.0,"turns":4.0},{"damage":3.0,"enemies":"3 Louse","floor":5.0,"turns":4.0},{"damage":18.0,"enemies":"Lagavulin","floor":6.0,"turns":8.0},{"damage":11.0,"enemies":"Looter","floor":7.0,"turns":4.0},{"damage":6.0,"enemies":"The Mushroom Lair","floor":8.0,"turns":3.0},{"damage":7.0,"enemies":"Lots of Slimes","floor":14.0,"turns":5.0},{"damage":22.0,"enemies":"The Guardian","floor":16.0,"turns":13.0},{"damage":18.0,"enemies":"Shell Parasite","floor":18.0,"turns":4.0},{"damage":0.0,"enemies":"Chosen","floor":19.0,"turns":5.0},{"damage":18.0,"enemies":"Centurion and Healer","floor":20.0,"turns":7.0},{"damage":31,"enemies":"Book of Stabbing","floor":23,"turns":4}],"seed_played":"8629002827033318919","potions_obtained":[],"is_trial":false,"path_per_floor":["M","M","M","?","M","E","M","?","T","R","?","R","$","M","R","B",null,"M","M","M","?","?","E"],"character_chosen":"DEFECT","items_purchased":["Defragment"],"campfire_rested":0,"item_purchase_floors":[13],"current_hp_per_floor":[57,57,49,49,46,28,17,11,11,11,34,34,34,27,27,30,61,43,43,25,25,25,0,0],"gold":241,"neow_bonus":"BOSS_RELIC","is_daily":false,"chose_seed":false,"campfire_upgraded":3,"win_rate":0.0,"timestamp":1611582065,"path_taken":["M","M","M","?","?","E","M","?","T","R","?","R","$","M","R","BOSS","M","M","M","?","?","E"],"items_purchased_type":["Card"],"build_version":"2020-12-22","purchased_purges":1,"victory":false,"max_hp_per_floor":[71,71,71,71,71,71,71,71,71,71,71,71,71,71,71,71,71,71,71,71,71,71,71,71],"card_choices":[{"not_picked":["Leap","Turbo"],"picked":"Glacier","floor":1.0},{"not_picked":["Leap","Stack"],"picked":"Compile Driver","floor":2.0},{"not_picked":["Streamline","Reprogram"],"picked":"Barrage","floor":3.0},{"not_picked":["Rip and Tear","Compile Driver","Go for the Eyes"],"picked":"SKIP","floor":5.0},{"not_picked":["Auto Shields","Streamline","Go for the Eyes"],"picked":"SKIP","floor":6.0},{"not_picked":["Recycle","Static Discharge","Reprogram"],"picked":"SKIP","floor":7.0},{"not_picked":["Redo","Amplify"],"picked":"Coolheaded","floor":8.0},{"not_picked":["Gash","Undo"],"picked":"Cold Snap","floor":14.0},{"not_picked":["All For One","Meteor Strike"],"picked":"Electrodynamics","floor":16.0},{"not_picked":["Steam+1","Conserve Battery"],"picked":"Double Energy","floor":18.0},{"not_picked":["Leap+1","Redo","Fusion"],"picked":"SKIP","floor":19.0},{"not_picked":["Melter","Steam Power","Hello World"],"picked":"SKIP","floor":20.0}],"player_experience":317793,"relics_obtained":[{"floor":6.0,"key":"Omamori"},{"floor":8.0,"key":"Odd Mushroom"},{"floor":9.0,"key":"Pantograph"}],"event_choices":[{"damage_healed":0.0,"max_hp_gain":0.0,"max_hp_loss":0.0,"gold_gain":0.0,"event_name":"Upgrade Shrine","player_choice":"Upgraded","floor":4.0,"gold_loss":0.0,"damage_taken":0.0,"cards_upgraded":["Barrage"]},{"damage_healed":0.0,"max_hp_gain":0.0,"max_hp_loss":0.0,"gold_gain":0.0,"event_name":"Mushrooms","player_choice":"Fought Mushrooms","floor":8.0,"gold_loss":0.0,"damage_taken":0.0},{"damage_healed":23.0,"max_hp_gain":0.0,"max_hp_loss":0.0,"gold_gain":0.0,"event_name":"Big Fish","player_choice":"Banana","floor":11.0,"gold_loss":0.0,"damage_taken":0.0},{"damage_healed":0.0,"max_hp_gain":0.0,"max_hp_loss":0.0,"gold_gain":0.0,"event_name":"Cursed Tome","player_choice":"Ignored","floor":21.0,"gold_loss":0.0,"damage_taken":0.0},{"damage_healed":0.0,"max_hp_gain":0.0,"max_hp_loss":0.0,"gold_gain":0.0,"event_name":"The Mausoleum","player_choice":"Ignored","floor":22.0,"gold_loss":0.0,"damage_taken":0.0}],"is_beta":false,"boss_relics":[{"not_picked":["SacredBark","Philosopher\u0027s Stone"],"picked":"Inserter"}],"items_purged_floors":[13],"is_endless":false,"potions_floor_spawned":[3,5,6,7,8,20],"killed_by":"Book of Stabbing","ascension_level":20}}