{"host":"0i8dz4ityulxi1rd","time":1611590675,"event":{"mods":["BaseMod","Colored Map","Colored Powertips","Custom Start","Highlight Path","Hubris","Keyboard Shortcuts","Minty Spire (QoL Compilation)","StSLib","SuperFastMode"],"gold_per_floor":[117,267,267,61,73,73,107,123,123,143,143,143],"floor_reached":11,"language":"KOR","playtime":263,"items_purged":["Doubt"],"score":146,"play_id":"50f5cb92-8288-4d70-8ae9-093c806bc273","local_time":"20210126010435","is_ascension_mode":true,"campfire_choices":[{"data":"Blood for Blood","floor":6,"key":"SMITH"}],"circlet_count":0,"master_deck":["AscendersBane","Strike_R","Strike_R","Strike_R","Strike_R","Strike_R","Defend_R","Defend_R","Defend_R","Defend_R","Bash","Exhume","Second Wind","Blood for Blood+1","Fire Breathing","Wild Strike","Body Slam"],"relics":["Burning Blood","Gremlin Horn","hubris:SlimyHat","Paper Frog"],"acts_visited":["Exordium"],"potions_floor_usage":[11],"damage_taken":[{"damage":7,"enemies":"Small Slimes","floor":1,"turns":4},{"damage":2,"enemies":"Jaw Worm","floor":5,"turns":3},{"damage":50,"enemies":"Lagavulin","floor":7,"turns":7},{"damage":7,"enemies":"Cultist","floor":8,"turns":4},{"damage":9,"enemies":"2 Fungi Beasts","floor":10,"turns":4},{"damage":8,"enemies":"Gremlin Nob","floor":11,"turns":3}],"seed_played":"6417038063774424070","potions_obtained":[{"floor":7,"key":"Weak Potion"}],"is_trial":false,"path_per_floor":["M","?","?","$","M","R","E","M","T","M","E"],"character_chosen":"IRONCLAD","items_purchased":["Blood for Blood","Fire Breathing"],"campfire_rested":0,"item_purchase_floors":[4,4],"current_hp_per_floor":[67,67,56,56,60,60,16,15,15,12,4,4],"gold":143,"neow_bonus":"ONE_RANDOM_RARE_CARD","is_daily":false,"chose_seed":false,"campfire_upgraded":1,"win_rate":0.0,"timestamp":1611590675,"path_taken":["M","?","?","$","M","R","E","M","T","M","E"],"items_purchased_type":["Card","Card"],"build_version":"2020-12-22","purchased_purges":1,"victory":false,"max_hp_per_floor":[75,75,75,75,75,75,75,75,75,75,75,75],"card_choices":[{"not_picked":["hubris:ReadiedAction","Cleave"],"picked":"Second Wind","floor":1},{"not_picked":["Thunderclap","Shrug It Off"],"picked":"Wild Strike","floor":5},{"not_picked":["Flex","Armaments","Rage"],"picked":"SKIP","floor":7},{"not_picked":["Perfected Strike","Entrench"],"picked":"Body Slam","floor":8},{"not_picked":["Wild Strike","Juggernaut","Whirlwind"],"picked":"SKIP","floor":10}],"player_experience":1324795,"relics_obtained":[{"floor":7,"key":"hubris:SlimyHat"},{"floor":9,"key":"Paper Frog"}],"event_choices":[{"damage_healed":0,"gold_gain":150,"player_choice":"AGREE","damage_taken":0,"max_hp_gain":0,"max_hp_loss":0,"event_name":"Liars Game","floor":2,"gold_loss":0,"cards_obtained":["Doubt"]},{"damage_healed":0,"gold_gain":0,"player_choice":"Success","damage_taken":11,"relics_obtained":["Gremlin Horn"],"max_hp_gain":0,"max_hp_loss":0,"event_name":"Scrap Ooze","floor":3,"gold_loss":0}],"is_beta":false,"boss_relics":[],"items_purged_floors":[4],"is_endless":false,"potions_floor_spawned":[7],"killed_by":"Gremlin Nob","ascension_level":20}}