{"host":"fuszjwm6fqgjjp4d","time":1611540579,"event":{"mods":["BaseMod","Bestiary","Colored Map","DeckTracker","Minty Spire (QoL Compilation)","Permanent Neow","Relic Sorter","Relic Stats","StSLib"],"gold_per_floor":[115,130,145,161,177,212,164,189,189,189,201,201,214,248,248,322,322,332,345,345,362,277,277,296,324,351,351,351],"floor_reached":27,"language":"ENG","playtime":841,"items_purged":[],"score":722,"play_id":"09017ab1-c1fb-40bf-8002-cd0f47b5fa19","local_time":"20210124200939","is_ascension_mode":true,"campfire_choices":[{"data":"Alpha","floor":12.0,"key":"SMITH"},{"floor":15.0,"key":"REST"},{"floor":23.0,"key":"REST"}],"circlet_count":0,"master_deck":["AscendersBane","Strike_P","Strike_P","Strike_P","Strike_P","Defend_P","Defend_P","Defend_P","Defend_P","Eruption","Vigilance","CutThroughFate","BowlingBash","EmptyBody","Scrawl","Alpha+1","Conclude","Evaluate","Wireheading","Adaptation","DevaForm"],"relics":["SlaversCollar","Damaru","Mummified Hand","TungstenRod","Bird Faced Urn","Velvet Choker","MealTicket","Ice Cream","Pantograph","PreservedInsect"],"acts_visited":["Exordium","TheCity"],"potions_floor_usage":[25,27,27],"damage_taken":[{"damage":4.0,"enemies":"Cultist","floor":1.0,"turns":4.0},{"damage":4.0,"enemies":"2 Louse","floor":2.0,"turns":3.0},{"damage":6.0,"enemies":"Jaw Worm","floor":3.0,"turns":4.0},{"damage":16.0,"enemies":"Blue Slaver","floor":4.0,"turns":5.0},{"damage":6.0,"enemies":"3 Louse","floor":5.0,"turns":3.0},{"damage":0.0,"enemies":"Gremlin Nob","floor":6.0,"turns":2.0},{"damage":7.0,"enemies":"Exordium Thugs","floor":7.0,"turns":5.0},{"damage":0.0,"enemies":"3 Sentries","floor":8.0,"turns":2.0},{"damage":1.0,"enemies":"Red Slaver","floor":10.0,"turns":3.0},{"damage":0.0,"enemies":"Lots of Slimes","floor":11.0,"turns":1.0},{"damage":0.0,"enemies":"Exordium Wildlife","floor":13.0,"turns":2.0},{"damage":9.0,"enemies":"Lagavulin","floor":14.0,"turns":7.0},{"damage":0.0,"enemies":"Slime Boss","floor":16.0,"turns":4.0},{"damage":11.0,"enemies":"3 Byrds","floor":18.0,"turns":3.0},{"damage":22.0,"enemies":"2 Thieves","floor":19.0,"turns":4.0},{"damage":16.0,"enemies":"Centurion and Healer","floor":21.0,"turns":4.0},{"damage":8.0,"enemies":"Chosen and Byrds","floor":24.0,"turns":4.0},{"damage":36,"enemies":"Book of Stabbing","floor":25,"turns":5},{"damage":18,"enemies":"Shelled Parasite and Fungi","floor":27,"turns":2}],"seed_played":"1955862760318146438","potions_obtained":[{"floor":2.0,"key":"Ambrosia"},{"floor":6.0,"key":"SmokeBomb"},{"floor":7.0,"key":"SteroidPotion"},{"floor":11.0,"key":"AttackPotion"},{"floor":18.0,"key":"Fruit Juice"},{"floor":24.0,"key":"PowerPotion"},{"floor":25,"key":"Swift Potion"}],"is_trial":false,"path_per_floor":["M","M","M","M","M","E","M","E","T","M","M","R","M","E","R","B",null,"M","M","T","M","?","R","M","E","T","M"],"character_chosen":"WATCHER","items_purchased":[],"campfire_rested":2,"item_purchase_floors":[],"current_hp_per_floor":[57,53,47,31,25,25,18,18,18,17,17,17,17,8,28,32,59,50,32,32,22,22,42,40,10,10,0,0],"gold":351,"neow_bonus":"BOSS_RELIC","is_daily":false,"chose_seed":false,"campfire_upgraded":1,"win_rate":0.0,"timestamp":1611540579,"path_taken":["M","?","M","M","M","E","M","E","T","M","M","R","M","E","R","BOSS","M","M","?","M","?","R","M","E","T","M"],"items_purchased_type":[],"build_version":"2020-12-22","purchased_purges":0,"victory":false,"max_hp_per_floor":[68,68,68,68,68,68,68,68,68,68,68,68,68,68,68,68,68,68,68,68,68,68,68,68,68,68,73,73],"relic_stats":{"counters":[19,67],"Mummified Hand":[21],"Bird Faced Urn":[30],"Pantograph":0,"MealTicket":0,"PreservedInsect":0,"obtain_stats":[{"Ice Cream":22,"SlaversCollar":0,"Mummified Hand":8,"Bird Faced Urn":14,"Pantograph":25,"Damaru":6,"Velvet Choker":17,"MealTicket":20,"PreservedInsect":26,"PureWater":0,"TungstenRod":9},{"Ice Cream":16,"SlaversCollar":0,"Mummified Hand":8,"Bird Faced Urn":12,"Pantograph":18,"Damaru":6,"Velvet Choker":13,"MealTicket":15,"PreservedInsect":18,"PureWater":0,"TungstenRod":8},{"Ice Cream":56,"SlaversCollar":0,"Mummified Hand":28,"Bird Faced Urn":41,"Pantograph":65,"Damaru":21,"Velvet Choker":45,"MealTicket":52,"PreservedInsect":65,"PureWater":0,"TungstenRod":28}],"TungstenRod":36},"card_choices":[{"not_picked":["Halt","EmptyFist"],"picked":"CutThroughFate","floor":1.0},{"not_picked":["Halt","SashWhip"],"picked":"BowlingBash","floor":2.0},{"not_picked":["InnerPeace","CrushJoints","Collect"],"picked":"SKIP","floor":3.0},{"not_picked":["Consecrate","EmptyFist"],"picked":"EmptyBody","floor":4.0},{"not_picked":["Weave","BattleHymn"],"picked":"Scrawl","floor":5.0},{"not_picked":["Ragnarok","SpiritShield"],"picked":"Alpha","floor":6.0},{"not_picked":["EmptyFist","Pray"],"picked":"Conclude","floor":7.0},{"not_picked":["ThirdEye","Fasting2"],"picked":"Evaluate","floor":8.0},{"not_picked":["Worship","FollowUp","ClearTheMind"],"picked":"SKIP","floor":11.0},{"not_picked":["Fasting2","SignatureMove"],"picked":"Wireheading","floor":13.0},{"not_picked":["ForeignInfluence","Prostrate"],"picked":"Adaptation","floor":14.0},{"not_picked":["Devotion","Ragnarok"],"picked":"DevaForm","floor":16.0},{"not_picked":["Prostrate","ForeignInfluence","SandsOfTime"],"picked":"SKIP","floor":18.0},{"not_picked":["Protect","PathToVictory","Consecrate"],"picked":"SKIP","floor":19.0},{"not_picked":["CarveReality","CutThroughFate","ClearTheMind"],"picked":"SKIP","floor":21.0},{"not_picked":["SandsOfTime+1","Vengeance","FlyingSleeves"],"picked":"SKIP","floor":24.0},{"not_picked":["Conclude","Wallop","EmptyFist"],"picked":"SKIP","floor":25}],"player_experience":1338187,"relics_obtained":[{"floor":6.0,"key":"Damaru"},{"floor":8.0,"key":"Mummified Hand"},{"floor":9.0,"key":"TungstenRod"},{"floor":14.0,"key":"Bird Faced Urn"},{"floor":20.0,"key":"MealTicket"},{"floor":25,"key":"Pantograph"},{"floor":26,"key":"PreservedInsect"}],"event_choices":[{"damage_healed":0.0,"max_hp_gain":0.0,"max_hp_loss":0.0,"gold_gain":0.0,"event_name":"Addict","player_choice":"Obtained Relic","floor":22.0,"gold_loss":85.0,"damage_taken":0.0,"relics_obtained":["Ice Cream"]}],"is_beta":false,"boss_relics":[{"not_picked":["Cursed Key","Ectoplasm"],"picked":"Velvet Choker"}],"items_purged_floors":[],"is_endless":false,"potions_floor_spawned":[2,6,7,10,11,18,24,25],"killed_by":"Shelled Parasite and Fungi","ascension_level":20}}