{"host":"d5i1qeb9dejicw1z","time":1611610921,"event":{"mods":["AchievementEnabler","BaseMod","Better Note","BetterRewards","Gold Saver","Infinite Spire","Minty Spire (QoL Compilation)","StSLib"],"gold_per_floor":[10,10,10,30,40,40,50,50,50,50,68,68,95,95,95,171,171,157,157,72,89,101,101,101,101,125,137,156,170,202,222,222,297,347,366,379,379,479,479,479,505,505,532,547,560,572,572,572,572,572],"floor_reached":51,"language":"ENG","playtime":2917,"items_purged":["Strike_G","Crippling Poison"],"score":1378,"play_id":"406b894a-d88a-47bb-9800-668b75cb6269","local_time":"20210125134201","is_ascension_mode":true,"campfire_choices":[{"data":"Poisoned Stab","floor":6.0,"key":"SMITH"},{"data":"After Image","floor":12.0,"key":"SMITH"},{"data":"Backflip","floor":15.0,"key":"SMITH"},{"data":"infinitespire:NeuralNetwork","floor":23.0,"key":"SMITH"},{"floor":32.0,"key":"REST"},{"floor":40,"key":"REST"},{"floor":49,"key":"REST"}],"circlet_count":0,"master_deck":["AscendersBane","Strike_G","Strike_G","Strike_G","Strike_G","Defend_G","Defend_G","Defend_G","Defend_G","Defend_G+1","Survivor","Neutralize+1","Dagger Spray+1","Poisoned Stab+1","After Image+1","Backflip+1","After Image","CurseOfTheBell","infinitespire:NeuralNetwork+1","Footwork+1","infinitespire:Neurotoxin","Noxious Fumes+1","Backflip","Adrenaline","Dodge and Roll+1","infinitespire:Collect","infinitespire:Collect","Backflip","Slice+1","Terror","Panache+1","Deflect"],"relics":["Ring of the Snake","Thread and Needle","Tingsha","InkBottle","infinitespire:Eraser","Calling Bell","Nunchaku","Pear","Lizard Tail","PreservedInsect","Frozen Egg 2","Regal Pillow","Kunai","Tiny House","Omamori","Mango","Dream Catcher","Potion Belt","Boot"],"acts_visited":["Exordium","TheCity","TheBeyond"],"potions_floor_usage":[41,48,50,50,50],"damage_taken":[{"damage":4.0,"enemies":"Jaw Worm","floor":1.0,"turns":9.0},{"damage":0.0,"enemies":"2 Louse","floor":4.0,"turns":3.0},{"damage":0.0,"enemies":"Cultist","floor":5.0,"turns":3.0},{"damage":0.0,"enemies":"3 Louse","floor":7.0,"turns":2.0},{"damage":0.0,"enemies":"Looter","floor":11.0,"turns":3.0},{"damage":0.0,"enemies":"3 Sentries","floor":13.0,"turns":7.0},{"damage":61.0,"enemies":"Hexaghost","floor":16.0,"turns":13.0},{"damage":2.0,"enemies":"2 Thieves","floor":18.0,"turns":5.0},{"damage":0.0,"enemies":"Shell Parasite","floor":21.0,"turns":6.0},{"damage":15.0,"enemies":"Centurion and Healer","floor":22.0,"turns":11.0},{"damage":0.0,"enemies":"Sentry and Sphere","floor":27.0,"turns":9.0},{"damage":0.0,"enemies":"Snecko","floor":28.0,"turns":6.0},{"damage":2.0,"enemies":"Centurion and Healer","floor":29.0,"turns":8.0},{"damage":10.0,"enemies":"Book of Stabbing","floor":30.0,"turns":7.0},{"damage":9.0,"enemies":"Snake Plant","floor":31.0,"turns":5.0},{"damage":1.0,"enemies":"Automaton","floor":33.0,"turns":11.0},{"damage":0.0,"enemies":"Orb Walker","floor":35.0,"turns":5.0},{"damage":20.0,"enemies":"3 Shapes","floor":36.0,"turns":7.0},{"damage":34.0,"enemies":"infinitespire:Three Voidlings","floor":38.0,"turns":6.0},{"damage":0.0,"enemies":"Nightmare_Alpha","floor":38.0,"turns":11.0},{"damage":1,"enemies":"Nemesis","floor":41,"turns":9},{"damage":29,"enemies":"Jaw Worm Horde","floor":44,"turns":9},{"damage":9,"enemies":"Transient","floor":45,"turns":5},{"damage":0,"enemies":"Maw","floor":46,"turns":6},{"damage":0,"enemies":"infinitespire:MassOfShapes","floor":50,"turns":11}],"seed_played":"-3368524177907719630","potions_obtained":[{"floor":1.0,"key":"Block Potion"},{"floor":4.0,"key":"FairyPotion"},{"floor":11.0,"key":"BlessingOfTheForge"},{"floor":16.0,"key":"DistilledChaos"},{"floor":18.0,"key":"Energy Potion"},{"floor":21.0,"key":"PowerPotion"},{"floor":28.0,"key":"SkillPotion"},{"floor":30.0,"key":"Strength Potion"},{"floor":31.0,"key":"LiquidBronze"},{"floor":34.0,"key":"Ancient Potion"},{"floor":38,"key":"AttackPotion"},{"floor":45,"key":"Block Potion"},{"floor":46,"key":"Weak Potion"},{"floor":48,"key":"Ancient Potion"},{"floor":48,"key":"Fruit Juice"}],"is_trial":false,"path_per_floor":["M","?","?","M","M","R","M","T","T","$","M","R","E","?","R","B",null,"M","AVR","?","M","M","R","?","?","T","M","M","M","E","M","R","B",null,"M","M","AVR","?","?","R","E","T","T","M","M","M","?","?","R","B",null],"character_chosen":"THE_SILENT","items_purchased":[],"campfire_rested":3,"item_purchase_floors":[],"current_hp_per_floor":[55,60,60,60,60,60,60,60,60,60,60,60,60,60,60,21,69,67,67,67,67,52,52,52,52,52,52,52,50,40,31,70,69,83,83,63,63,64,64,100,99,99,99,70,61,61,61,66,105,105],"gold":572,"neow_bonus":"ONE_RARE_RELIC","is_daily":false,"chose_seed":false,"campfire_upgraded":4,"win_rate":0.0,"timestamp":1611610921,"path_taken":["M","?","?","M","M","R","M","?","T","$","M","R","E","?","R","BOSS","M","AVR","?","M","M","R","?","?","T","M","?","M","E","M","R","BOSS","M","M","AVR","?","?","R","E","?","T","M","M","?","?","?","R","BOSS"],"items_purchased_type":[],"build_version":"2020-12-22","purchased_purges":2,"victory":true,"max_hp_per_floor":[66,71,71,71,71,71,71,71,71,71,71,71,71,71,71,71,81,81,81,81,81,81,81,81,81,81,81,81,81,81,81,81,81,86,86,86,86,100,100,100,100,100,100,100,100,100,100,105,105,105],"card_choices":[{"not_picked":["Bane","Quick Slash"],"picked":"Dagger Spray","floor":1.0},{"not_picked":["Bane","Quick Slash"],"picked":"Poisoned Stab","floor":4.0},{"not_picked":["Concentrate","PiercingWail","Sucker Punch"],"picked":"SKIP","floor":5.0},{"not_picked":["Underhanded Strike","Flechettes"],"picked":"After Image","floor":7.0},{"not_picked":["Quick Slash","Distraction"],"picked":"Backflip","floor":11.0},{"not_picked":["Blade Dance","Deadly Poison","Phantasmal Killer"],"picked":"SKIP","floor":13.0},{"not_picked":["infinitespire:Neurotoxin","A Thousand Cuts"],"picked":"After Image","floor":16.0},{"not_picked":["Riddle With Holes","Acrobatics","Backstab"],"picked":"SKIP","floor":18.0},{"not_picked":["Masterful Stab","Dodge and Roll","Riddle With Holes"],"picked":"SKIP","floor":21.0},{"not_picked":["Dagger Spray","Outmaneuver"],"picked":"Footwork+1","floor":22.0},{"not_picked":["Bane+1","Deflect"],"picked":"Crippling Poison","floor":27.0},{"not_picked":["Deadly Poison","Prepared"],"picked":"Noxious Fumes+1","floor":28.0},{"not_picked":["Setup","Dodge and Roll"],"picked":"Backflip","floor":29.0},{"not_picked":["Prepared","Dagger Throw","Dagger Spray"],"picked":"SKIP","floor":30.0},{"not_picked":["Deadly Poison","Concentrate","Dagger Throw"],"picked":"SKIP","floor":31.0},{"not_picked":["Doppelganger","Corpse Explosion"],"picked":"Adrenaline","floor":33.0},{"not_picked":["Bouncing Flask","Sucker Punch+1"],"picked":"Dodge and Roll+1","floor":35.0},{"not_picked":["All Out Attack","Cloak And Dagger","Blade Dance+1"],"picked":"SKIP","floor":36.0},{"not_picked":["infinitespire:UltimateForm","infinitespire:FinalStrike"],"picked":"infinitespire:Collect","floor":38},{"not_picked":["Deadly Poison","Backstab","Bane+1"],"picked":"SKIP","floor":41},{"not_picked":["Accuracy+1","Bouncing Flask","Poisoned Stab"],"picked":"SKIP","floor":44},{"not_picked":["Bouncing Flask","Deadly Poison"],"picked":"Slice+1","floor":45},{"not_picked":["Outmaneuver","Backflip"],"picked":"Terror","floor":46},{"not_picked":["Magnetism+1","Violence"],"picked":"Panache+1","floor":47},{"not_picked":["Dagger Spray","Quick Slash+1"],"picked":"Deflect","floor":49}],"player_experience":1164985,"relics_obtained":[{"floor":8.0,"key":"Tingsha"},{"floor":9.0,"key":"InkBottle"},{"floor":13.0,"key":"infinitespire:Eraser"},{"floor":17.0,"key":"Nunchaku"},{"floor":17.0,"key":"Pear"},{"floor":17.0,"key":"Lizard Tail"},{"floor":26.0,"key":"Regal Pillow"},{"floor":30.0,"key":"Kunai"},{"floor":38,"key":"Mango"},{"floor":41,"key":"Dream Catcher"},{"floor":42,"key":"Potion Belt"},{"floor":43,"key":"Boot"}],"event_choices":[{"damage_healed":0.0,"max_hp_gain":5.0,"max_hp_loss":0.0,"gold_gain":0.0,"event_name":"Big Fish","player_choice":"Donut","floor":2.0,"gold_loss":0.0,"damage_taken":0.0},{"damage_healed":0.0,"max_hp_gain":0.0,"max_hp_loss":0.0,"gold_gain":0.0,"event_name":"Living Wall","player_choice":"Grow","floor":3.0,"gold_loss":0.0,"damage_taken":0.0,"cards_upgraded":["Dagger Spray"]},{"damage_healed":0.0,"max_hp_gain":0.0,"max_hp_loss":0.0,"gold_gain":0.0,"event_name":"Accursed Blacksmith","player_choice":"Forge","floor":14.0,"gold_loss":0.0,"damage_taken":0.0,"cards_upgraded":["Neutralize"]},{"damage_healed":0.0,"max_hp_gain":0.0,"max_hp_loss":0.0,"gold_gain":0.0,"event_name":"Addict","player_choice":"Obtained Relic","floor":20.0,"gold_loss":85.0,"damage_taken":0.0,"relics_obtained":["Frozen Egg 2"]},{"damage_healed":0.0,"max_hp_gain":0.0,"max_hp_loss":0.0,"gold_gain":0.0,"event_name":"The Mausoleum","player_choice":"Ignored","floor":24.0,"gold_loss":0.0,"damage_taken":0.0},{"damage_healed":0.0,"max_hp_gain":0.0,"max_hp_loss":0.0,"gold_gain":0.0,"event_name":"Match and Keep!","player_choice":"1 cards matched","floor":25.0,"gold_loss":0.0,"damage_taken":0.0,"cards_obtained":["infinitespire:Neurotoxin"]},{"damage_healed":0,"gold_gain":0,"player_choice":"1 cards matched","damage_taken":0,"max_hp_gain":0,"max_hp_loss":0,"event_name":"Match and Keep!","floor":38,"gold_loss":0,"cards_obtained":["Backflip"]},{"damage_healed":0,"gold_gain":0,"player_choice":"Ignored","damage_taken":0,"max_hp_gain":0,"max_hp_loss":0,"event_name":"Tomb of Lord Red Mask","floor":39,"gold_loss":0},{"damage_healed":0,"gold_gain":0,"player_choice":"Memory 1","damage_taken":0,"max_hp_gain":0,"max_hp_loss":0,"event_name":"SensoryStone","floor":47,"gold_loss":0},{"damage_healed":0,"gold_gain":0,"player_choice":"Got Potions","damage_taken":0,"max_hp_gain":0,"max_hp_loss":0,"event_name":"Lab","floor":48,"gold_loss":0}],"is_beta":false,"boss_relics":[{"not_picked":["Pandora\u0027s Box","infinitespire:Cupcake"],"picked":"Calling Bell"},{"not_picked":["Cursed Key","Empty Cage"],"picked":"Tiny House"}],"items_purged_floors":[19,37],"is_endless":false,"potions_floor_spawned":[1,4,11,16,18,21,28,30,31,38,38,45,46],"ascension_level":16}}