{"host":"ecaj4hn004xnnrw9","time":1611530986,"event":{"mods":["AchievementEnabler","BaseMod","Better Third Choice","Card Forge","Hermit","Hubris","Infinite Spire","Jorbs\u0027s Wanderer Trilogy","Minty Spire (QoL Compilation)","Quick Restart","Relic Stats","Shop Mod","StSLib","The Construct","The Jungle","The Runesmith"],"gold_per_floor":[116,131,131,145,145,164,164,195,195,195,208,208,243,260,260,331,331,347,347,347,47,47,79,95,95,95,109,509,525,109,125,125,199,199,219,235,246,246,269,269,299,299,299,299,319,333,387,387,387,387,337],"floor_reached":52,"language":"ENG","playtime":1972,"items_purged":["Decay","infinitespire:UltimateForm","Decay"],"score":2549,"play_id":"3e877dcd-bb00-4f9c-93a1-9f6bd7489276","local_time":"20210124232946","is_ascension_mode":true,"campfire_choices":[{"floor":12,"key":"RECALL"},{"data":"Rage","floor":15,"key":"SMITH"},{"floor":25,"key":"REST"},{"data":"infinitespire:Starlight","floor":32,"key":"SMITH"},{"floor":40,"key":"REST"},{"floor":44,"key":"REST"},{"floor":49,"key":"REST"}],"circlet_count":0,"master_deck":["AscendersBane","Disarm+1","Offering+1","Inflame+1","Pummel+1","Reaper+1","Seeing Red+1","hubris:StunningStrike+1","Anger+1","Battle Trance+1","Rage+1","Disarm+1","Pummel+1","Reaper+1","Rage+1","Offering+1","Feed+1","Battle Trance+1","infinitespire:Starlight+1","hubris:DuctTapeCard","Whirlwind+1"],"relics":["Hammer of Thor","Seething Fire","Anvil of the Gods","Philosopher\u0027s Stone","hubris:Icosahedron","Art of War","hubris:DisguiseKit","Pear","Black Star","OrangePellets","hubris:Backtick","hubris:IronBody","hubris:EmptyBottle","Bronze Scales","hubris:BottledRain","Runesmith:Nanobots","Old Coin","hubris:DuctTape","OrangePellets","Ancient Tea Set","Fusion Hammer","hubris:ToyBattleship","Anchor","Runesmith:AutoHammer","Ginger"],"acts_visited":["Exordium","TheCity","TheBeyond"],"potions_floor_usage":[21,21,28,33,51,51,51,51],"damage_taken":[{"damage":0,"enemies":"2 Louse","floor":1,"turns":2},{"damage":5,"enemies":"Small Slimes","floor":2,"turns":3},{"damage":12,"enemies":"Cultist","floor":4,"turns":2},{"damage":6,"enemies":"Large Slime","floor":6,"turns":2},{"damage":12,"enemies":"Lagavulin","floor":8,"turns":2},{"damage":9,"enemies":"2 Fungi Beasts","floor":11,"turns":3},{"damage":6,"enemies":"3 Sentries","floor":13,"turns":1},{"damage":30,"enemies":"Gremlin Gang","floor":14,"turns":3},{"damage":14,"enemies":"The Guardian","floor":16,"turns":3},{"damage":15,"enemies":"2 Thieves","floor":18,"turns":2},{"damage":6,"enemies":"Gremlin Leader","floor":23,"turns":3},{"damage":31,"enemies":"Shell Parasite","floor":24,"turns":4},{"damage":7,"enemies":"Chosen and Byrds","floor":27,"turns":5},{"damage":12,"enemies":"Colosseum Slavers","floor":28,"turns":1},{"damage":12,"enemies":"Colosseum Nobs","floor":28,"turns":2},{"damage":12,"enemies":"Shelled Parasite and Fungi","floor":29,"turns":2},{"damage":6,"enemies":"Snake Plant","floor":31,"turns":3},{"damage":14,"enemies":"hubris:MusketHawk","floor":33,"turns":3},{"damage":0,"enemies":"3 Darklings","floor":35,"turns":1},{"damage":12,"enemies":"Orb Walker","floor":36,"turns":1},{"damage":27,"enemies":"Sphere and 2 Shapes","floor":37,"turns":2},{"damage":12,"enemies":"Nemesis","floor":41,"turns":1},{"damage":6,"enemies":"4 Shapes","floor":45,"turns":1},{"damage":9,"enemies":"Writhing Mass","floor":46,"turns":3},{"damage":6,"enemies":"2 Orb Walkers","floor":47,"turns":1},{"damage":12,"enemies":"Time Eater","floor":50,"turns":4},{"damage":12,"enemies":"Awakened One","floor":51,"turns":5}],"seed_played":"-6603254211139790808","potions_obtained":[{"floor":4,"key":"Fruit Juice"},{"floor":13,"key":"LiquidBronze"},{"floor":33,"key":"ColorlessPotion"}],"is_trial":false,"path_per_floor":["M","M","?","M","$","M","$","E","T","?","M","R","E","M","R","B",null,"M","AVR","?","$","?","E","M","R","T","M","?","M","$","M","R","B",null,"M","M","M","?","T","R","E","?","T","R","M","M","?","?","R","B","B",null],"character_chosen":"IRONCLAD","items_purchased":["hubris:EmptyBottle","Strength Potion","OrangePellets","Ancient Tea Set"],"campfire_rested":4,"item_purchase_floors":[21,21,30,30],"current_hp_per_floor":[74,75,75,73,73,67,67,76,76,76,79,79,83,82,82,99,101,101,101,101,111,111,111,98,115,115,118,113,119,119,119,119,119,119,119,123,102,102,102,123,116,116,116,117,117,121,115,118,124,128,132],"gold":337,"neow_bonus":"BOSS_RELIC","is_daily":false,"chose_seed":false,"campfire_upgraded":2,"win_rate":0.0,"timestamp":1611530986,"path_taken":["M","M","?","M","$","M","$","E","T","?","?","R","E","M","R","BOSS","M","AVR","?","$","?","E","?","R","T","?","?","M","$","M","R","BOSS","M","M","M","?","?","R","E","?","T","R","M","M","?","?","R","BOSS","BOSS"],"items_purchased_type":["Relic","Potion","Relic","Relic"],"build_version":"2020-12-22","purchased_purges":3,"victory":true,"max_hp_per_floor":[75,75,75,75,75,75,75,79,79,79,83,83,93,97,97,101,101,101,101,101,111,111,111,115,115,115,119,119,119,119,119,119,119,119,119,123,123,123,123,123,123,117,117,117,117,121,121,124,124,128,132],"relic_stats":{"OrangePellets":[6],"counters":[27,65],"Bronze Scales":[39],"Art of War":[3],"Black Star":2,"Ginger":[1],"obtain_stats":[{"Hammer of Thor":0,"Ginger":47,"hubris:EmptyBottle":21,"Ancient Tea Set":30,"Burning Blood":0,"Old Coin":28,"hubris:Icosahedron":3,"hubris:Backtick":19,"Philosopher\u0027s Stone":0,"hubris:IronBody":19,"Fusion Hammer":34,"hubris:DisguiseKit":9,"Runesmith:Nanobots":26,"Pear":13,"hubris:DuctTape":28,"Seething Fire":0,"OrangePellets":19,"Anchor":41,"Anvil of the Gods":0,"Bronze Scales":23,"Art of War":8,"Black Star":17,"hubris:ToyBattleship":41,"Runesmith:AutoHammer":43,"hubris:BottledRain":23},{"Hammer of Thor":0,"Ginger":25,"hubris:EmptyBottle":10,"Ancient Tea Set":16,"Burning Blood":0,"Old Coin":15,"hubris:Icosahedron":2,"hubris:Backtick":10,"Philosopher\u0027s Stone":0,"hubris:IronBody":10,"Fusion Hammer":18,"hubris:DisguiseKit":5,"Runesmith:Nanobots":12,"Pear":7,"hubris:DuctTape":15,"Seething Fire":0,"OrangePellets":10,"Anchor":22,"Anvil of the Gods":0,"Bronze Scales":11,"Art of War":5,"Black Star":9,"hubris:ToyBattleship":22,"Runesmith:AutoHammer":22,"hubris:BottledRain":11},{"Hammer of Thor":0,"Ginger":56,"hubris:EmptyBottle":23,"Ancient Tea Set":40,"Burning Blood":0,"Old Coin":38,"hubris:Icosahedron":5,"hubris:Backtick":23,"Philosopher\u0027s Stone":0,"hubris:IronBody":23,"Fusion Hammer":46,"hubris:DisguiseKit":11,"Runesmith:Nanobots":30,"Pear":15,"hubris:DuctTape":38,"Seething Fire":0,"OrangePellets":23,"Anchor":51,"Anvil of the Gods":0,"Bronze Scales":26,"Art of War":11,"Black Star":21,"hubris:ToyBattleship":51,"Runesmith:AutoHammer":51,"hubris:BottledRain":26}]},"card_choices":[{"not_picked":["Evolve","Inflame","infinitespire:OneForAll"],"picked":"SKIP","floor":1},{"not_picked":["Sentinel","Feel No Pain","Clothesline"],"picked":"SKIP","floor":2},{"not_picked":["Body Slam","Clash","Heavy Blade"],"picked":"SKIP","floor":4},{"not_picked":["Shrug It Off","Thunderclap","True Grit"],"picked":"SKIP","floor":6},{"not_picked":["Dropkick","Blood for Blood","Bloodletting"],"picked":"SKIP","floor":8},{"not_picked":["hubris:ReadiedAction","Twin Strike","Flex","MentalFortress"],"picked":"SKIP","floor":11},{"not_picked":["Juggernaut","Wild Strike","Inflame","FlyingSleeves"],"picked":"SKIP","floor":13},{"not_picked":["Heavy Blade","Blood for Blood","Evolve","SashWhip"],"picked":"SKIP","floor":14},{"not_picked":["Clash","Body Slam","Metallicize","Conclude"],"picked":"SKIP","floor":18},{"not_picked":["hubris:CleavingFinish","Headbutt","Shrug It Off","SashWhip"],"picked":"SKIP","floor":23},{"not_picked":["Metallicize","Twin Strike","Havoc","EmptyFist"],"picked":"SKIP","floor":24},{"not_picked":["Rage","Uppercut","Combust","Tantrum"],"picked":"SKIP","floor":27},{"not_picked":["Ghostly Armor","Shockwave","Blood for Blood+1","WindmillStrike"],"picked":"SKIP","floor":29},{"not_picked":["hubris:ReadiedAction","Power Through","Spot Weakness+1","Crescendo"],"picked":"SKIP","floor":31},{"not_picked":["Armaments","Twin Strike","Entrench","ReachHeaven"],"picked":"SKIP","floor":35},{"not_picked":["Evolve","Disarm","Pommel Strike","ClearTheMind"],"picked":"SKIP","floor":36},{"not_picked":["Heavy Blade","hubris:ReadiedAction","Pommel Strike+1","Collect"],"picked":"SKIP","floor":37},{"not_picked":["Disarm+1","Power Through","Offering","DeceiveReality"],"picked":"SKIP","floor":41},{"not_picked":["Headbutt","Combust","hubris:ReadiedAction","Indignation"],"picked":"SKIP","floor":45},{"not_picked":["Anger","Flex","Shrug It Off","Evaluate"],"picked":"SKIP","floor":46}],"player_experience":409390,"relics_obtained":[{"floor":8,"key":"Art of War"},{"floor":9,"key":"hubris:DisguiseKit"},{"floor":13,"key":"Pear"},{"floor":23,"key":"Bronze Scales"},{"floor":23,"key":"hubris:BottledRain"},{"floor":26,"key":"Runesmith:Nanobots"},{"floor":28,"key":"Old Coin"},{"floor":28,"key":"hubris:DuctTape"},{"floor":41,"key":"hubris:ToyBattleship"},{"floor":41,"key":"Anchor"},{"floor":43,"key":"Runesmith:AutoHammer"},{"floor":47,"key":"Ginger"}],"event_choices":[{"damage_healed":0,"gold_gain":0,"player_choice":"Cursed","damage_taken":0,"max_hp_gain":0,"max_hp_loss":0,"event_name":"Wheel of Change","floor":10,"gold_loss":0,"cards_obtained":["Decay"]},{"damage_healed":0,"gold_gain":0,"player_choice":"Cursed","damage_taken":0,"max_hp_gain":0,"max_hp_loss":0,"event_name":"Wheel of Change","floor":22,"gold_loss":0,"cards_obtained":["Decay"]},{"damage_healed":0,"gold_gain":0,"player_choice":"Fight","damage_taken":0,"max_hp_gain":0,"max_hp_loss":0,"event_name":"Colosseum","floor":28,"gold_loss":0},{"damage_healed":0,"gold_gain":0,"player_choice":"Fought Nobs","damage_taken":0,"max_hp_gain":0,"max_hp_loss":0,"event_name":"Colosseum","floor":28,"gold_loss":0},{"cards_removed":["Whirlwind"],"damage_healed":0,"gold_gain":0,"player_choice":"Removed Attack","damage_taken":0,"max_hp_gain":0,"max_hp_loss":0,"event_name":"Falling","floor":38,"gold_loss":0},{"damage_healed":0,"gold_gain":0,"player_choice":"Max HP","damage_taken":0,"max_hp_gain":0,"max_hp_loss":6,"event_name":"Winding Halls","floor":42,"gold_loss":0},{"damage_healed":0,"gold_gain":0,"player_choice":"Fight","damage_taken":0,"max_hp_gain":0,"max_hp_loss":0,"event_name":"Mysterious Sphere","floor":47,"gold_loss":0}],"is_beta":false,"boss_relics":[{"not_picked":["infinitespire:Burning Sword","Ectoplasm"],"picked":"Black Star"},{"not_picked":["Tiny House","Snecko Eye"],"picked":"Fusion Hammer"}],"items_purged_floors":[19,21,30],"is_endless":false,"potions_floor_spawned":[4,13,18,27,28,31,33,36,41],"ascension_level":20}}