{"host":"g2yp6paluzgljz05","time":1611536625,"event":{"mods":["BaseMod","Bestiary","Colored Powertips","DeckTracker","Highlight Path","Minty Spire (QoL Compilation)","Quick Restart"],"gold_per_floor":[117,127,127,191,90,90,117,117,144,44,64,76,26,58,58,159,159,174,174,174,190,207,207,239,44,44,44,77,77,43,75,75,75,75],"floor_reached":33,"language":"ENG","playtime":1807,"items_purged":["Strike_R","Strike_R","Bash"],"score":386,"play_id":"a8b71bbe-35f5-4388-83f6-da921328f297","local_time":"20210125120345","is_ascension_mode":true,"campfire_choices":[{"data":"Flex","floor":6,"key":"SMITH"},{"floor":8,"key":"REST"},{"floor":15,"key":"REST"},{"data":"Berserk","floor":23,"key":"SMITH"},{"floor":27,"key":"REST"},{"data":"Fiend Fire","floor":29,"key":"SMITH"},{"floor":32,"key":"REST"}],"circlet_count":0,"master_deck":["Strike_R+1","Defend_R","Defend_R","Defend_R+1","Evolve","Clothesline","Flex+1","Heavy Blade","Fire Breathing","Berserk+1","Anger","True Grit","Inflame","Fiend Fire+1","Intimidate+1","Demon Form","Warcry+1","Inflame"],"relics":["Burning Blood","Juzu Bracelet","Self Forming Clay","Oddly Smooth Stone","Incense Burner","SlaversCollar","Happy Flower","Dead Branch","Bag of Marbles","Frozen Egg 2"],"acts_visited":["Exordium","TheCity"],"potions_floor_usage":[16,21,24,24,31,33,33],"damage_taken":[{"damage":12,"enemies":"Jaw Worm","floor":1,"turns":2},{"damage":19,"enemies":"Small Slimes","floor":2,"turns":3},{"damage":44,"enemies":"3 Sentries","floor":7,"turns":10},{"damage":0,"enemies":"Cultist","floor":11,"turns":3},{"damage":4,"enemies":"3 Louse","floor":12,"turns":4},{"damage":21,"enemies":"Lagavulin","floor":14,"turns":7},{"damage":47,"enemies":"The Guardian","floor":16,"turns":15},{"damage":20,"enemies":"Chosen","floor":18,"turns":5},{"damage":12,"enemies":"3 Byrds","floor":21,"turns":7},{"damage":28,"enemies":"Centurion and Healer","floor":22,"turns":7},{"damage":21,"enemies":"Slavers","floor":24,"turns":4},{"damage":8,"enemies":"Book of Stabbing","floor":28,"turns":5},{"damage":32,"enemies":"Slavers","floor":31,"turns":4},{"damage":54,"enemies":"Collector","floor":33,"turns":3}],"seed_played":"-8090555245274705344","potions_obtained":[{"floor":2,"key":"Weak Potion"},{"floor":12,"key":"HeartOfIron"},{"floor":14,"key":"Block Potion"},{"floor":18,"key":"BloodPotion"},{"floor":22,"key":"Block Potion"},{"floor":24,"key":"Weak Potion"},{"floor":28,"key":"BlessingOfTheForge"}],"is_trial":false,"path_per_floor":["M","M","?","?","$","R","E","R","T","$","M","M","?","E","R","B",null,"M","?","?","M","M","R","E","$","T","R","E","R","$","E","R","B"],"character_chosen":"IRONCLAD","items_purchased":["Flex","Demon Form","Inflame"],"campfire_rested":4,"item_purchase_floors":[5,25,30],"current_hp_per_floor":[74,61,45,45,45,45,7,31,31,31,37,39,39,24,48,7,62,48,48,48,58,36,36,21,21,21,45,43,43,43,17,41,0,0],"gold":75,"neow_bonus":"RANDOM_COMMON_RELIC","is_daily":false,"chose_seed":false,"campfire_upgraded":3,"win_rate":0.0,"timestamp":1611536625,"path_taken":["M","M","?","?","$","R","E","R","T","$","M","M","?","E","R","BOSS","M","?","?","M","M","R","E","$","T","R","E","R","$","E","R","BOSS"],"items_purchased_type":["Card","Card","Card"],"build_version":"2020-12-22","purchased_purges":3,"victory":false,"max_hp_per_floor":[80,80,80,80,80,80,80,80,80,80,80,80,80,80,80,80,80,80,80,80,80,80,80,80,80,80,80,80,80,80,80,80,80,80],"card_choices":[{"not_picked":["Cleave","Flex"],"picked":"Evolve","floor":1},{"not_picked":["Clash","Havoc"],"picked":"Clothesline","floor":2},{"not_picked":["Shrug It Off","Infernal Blade"],"picked":"Heavy Blade","floor":7},{"not_picked":["Cleave","Seeing Red"],"picked":"Fire Breathing","floor":11},{"not_picked":["Pummel","Anger","Pommel Strike"],"picked":"SKIP","floor":12},{"not_picked":["Bloodletting","Evolve","True Grit"],"picked":"SKIP","floor":14},{"not_picked":["Exhume","Fiend Fire"],"picked":"Berserk","floor":16},{"not_picked":["Perfected Strike+1","Headbutt","Body Slam"],"picked":"SKIP","floor":18},{"not_picked":["Evolve","Burning Pact"],"picked":"Inflame","floor":21},{"not_picked":["Heavy Blade","Clash+1"],"picked":"Fiend Fire","floor":22},{"not_picked":["Headbutt+1","Uppercut"],"picked":"Intimidate+1","floor":24},{"not_picked":["Metallicize","Anger"],"picked":"Warcry+1","floor":28},{"not_picked":["Shockwave","Rage","Blood for Blood"],"picked":"SKIP","floor":31}],"player_experience":260568,"relics_obtained":[{"floor":7,"key":"Self Forming Clay"},{"floor":9,"key":"Oddly Smooth Stone"},{"floor":14,"key":"Incense Burner"},{"floor":24,"key":"Happy Flower"},{"floor":26,"key":"Dead Branch"},{"floor":28,"key":"Bag of Marbles"},{"floor":31,"key":"Frozen Egg 2"}],"event_choices":[{"damage_healed":0,"gold_gain":0,"player_choice":"Entered Light","damage_taken":16,"max_hp_gain":0,"max_hp_loss":0,"event_name":"Shining Light","floor":3,"gold_loss":0,"cards_upgraded":["Strike_R","Defend_R"]},{"damage_healed":0,"gold_gain":64,"player_choice":"Gained Gold","damage_taken":0,"max_hp_gain":0,"max_hp_loss":0,"event_name":"Golden Wing","floor":4,"gold_loss":0},{"cards_removed":["Strike_R"],"damage_healed":0,"gold_gain":0,"player_choice":"Card Removal","damage_taken":0,"max_hp_gain":0,"max_hp_loss":0,"event_name":"The Cleric","floor":13,"gold_loss":50},{"damage_healed":0,"gold_gain":0,"cards_transformed":["Strike_R"],"player_choice":"Transformed","damage_taken":0,"max_hp_gain":0,"max_hp_loss":0,"event_name":"Transmorgrifier","floor":19,"gold_loss":0,"cards_obtained":["Offering"]},{"damage_healed":0,"gold_gain":0,"cards_transformed":["Offering","Defend_R"],"player_choice":"Became Test Subject","damage_taken":0,"max_hp_gain":0,"max_hp_loss":0,"event_name":"Drug Dealer","floor":20,"gold_loss":0,"cards_obtained":["Anger","True Grit"]}],"is_beta":false,"boss_relics":[{"not_picked":["Philosopher\u0027s Stone","Runic Cube"],"picked":"SlaversCollar"}],"items_purged_floors":[5,10,25],"is_endless":false,"potions_floor_spawned":[2,12,14,18,22,24,28],"killed_by":"Collector","ascension_level":5}}