{"host":"mj8akmyfd5lo602f","time":1611601194,"event":{"mods":["2.2 Compatiblity","Act Like it!","BaseMod","Bestiary","BshForSts","Colored Map","Colored Powertips","Downfall","Highlight Path","Minty Spire (QoL Compilation)","Permanent Neow","Relic Stats","StSLib","The Servant 0.9.4"],"gold_per_floor":[99,111,131,231,244,344,415,435,448,248,266,293,193,206,226,226,226,226],"floor_reached":16,"language":"ENG","playtime":923,"items_purged":[],"score":106,"play_id":"e20b034d-cb33-49e4-ab8c-a170c5aa046d","local_time":"20210125185954","is_ascension_mode":false,"campfire_choices":[{"floor":1,"key":"RECALL"},{"data":"bronze:DarkDash","floor":10,"key":"SMITH"},{"data":"bronze:GetLatest","floor":13,"key":"SMITH"}],"circlet_count":0,"master_deck":["bronze:Strike","bronze:Strike","bronze:Strike","bronze:Strike","bronze:Defend","bronze:Defend","bronze:Defend","bronze:Defend","bronze:Replicate+1","bronze:Goto","bronze:Constructor","bronze:OilSpill","bronze:GetLatest+1","bronze:DarkDash+1","bronze:BugBarrage"],"relics":["bronze:BronzeCore","downfall:HeartBlessingBlue","downfall:HeartBlessingRed","Potion Belt","downfall:HeartBlessingGreen"],"acts_visited":["Exordium"],"potions_floor_usage":[16,16,16,16],"damage_taken":[{"damage":6,"enemies":"2 Louse","floor":2,"turns":3},{"damage":2,"enemies":"Small Slimes","floor":3,"turns":4},{"damage":6,"enemies":"Jaw Worm","floor":5,"turns":3},{"damage":0,"enemies":"Large Slime","floor":8,"turns":5},{"damage":6,"enemies":"3 Louse","floor":9,"turns":3},{"damage":5,"enemies":"Exordium Thugs","floor":11,"turns":3},{"damage":8,"enemies":"3 Sentries","floor":12,"turns":7},{"damage":1,"enemies":"2 Fungi Beasts","floor":14,"turns":3},{"damage":0,"enemies":"Large Slime","floor":15,"turns":3},{"damage":61,"enemies":"WA_ARCHETYPE_RETAIN","floor":16,"turns":9}],"seed_played":"8336423459902487986","potions_obtained":[{"floor":3,"key":"Regen Potion"},{"floor":5,"key":"SkillPotion"},{"floor":9,"key":"SneckoOil"},{"floor":12,"key":"Ancient Potion"},{"floor":14,"key":"AttackPotion"}],"is_trial":false,"path_per_floor":["R","M","M","?","M","?","T","M","M","R","M","E","R","M","M","B"],"character_chosen":"THE_AUTOMATON","items_purchased":[],"campfire_rested":0,"item_purchase_floors":[],"current_hp_per_floor":[70,64,62,62,56,56,56,56,50,60,55,47,47,46,46,0,0,0],"gold":226,"neow_bonus":"UPGRADE_CARD","is_daily":false,"chose_seed":false,"campfire_upgraded":2,"win_rate":0.0,"timestamp":1611601194,"path_taken":["R","M","M","?","M","?","T","M","M","R","M","E","R","M","M","BOSS"],"items_purchased_type":[],"build_version":"2020-12-22","purchased_purges":0,"victory":false,"max_hp_per_floor":[70,70,70,70,70,70,70,70,70,80,80,80,80,80,80,80,80,80],"relic_stats":{"counters":[10,43],"obtain_stats":[{"Potion Belt":12,"bronze:BronzeCore":0,"downfall:HeartBlessingRed":10,"downfall:HeartBlessingBlue":10,"downfall:HeartBlessingGreen":13},{"Potion Belt":7,"bronze:BronzeCore":0,"downfall:HeartBlessingRed":5,"downfall:HeartBlessingBlue":5,"downfall:HeartBlessingGreen":7},{"Potion Belt":28,"bronze:BronzeCore":0,"downfall:HeartBlessingRed":18,"downfall:HeartBlessingBlue":18,"downfall:HeartBlessingGreen":28}]},"card_choices":[{"not_picked":["bronze:FineTuning","bronze:Boost"],"picked":"bronze:Constructor","floor":2},{"not_picked":["bronze:ItsAFeature","bronze:Boost"],"picked":"bronze:OilSpill","floor":3},{"not_picked":["bronze:Deprecate","bronze:OilSpill","bronze:Overload"],"picked":"SKIP","floor":5},{"not_picked":["bronze:Philosophize","bronze:FineTuning"],"picked":"bronze:GetLatest","floor":8},{"not_picked":["bronze:Constructor","bronze:Backtrace"],"picked":"bronze:DarkDash","floor":9},{"not_picked":["bronze:DelayedGuard","bronze:WhirlingStrike"],"picked":"bronze:BugBarrage","floor":11},{"not_picked":["bronze:NullPointer","bronze:Deprecate","bronze:Invalidate"],"picked":"SKIP","floor":12},{"not_picked":["bronze:Backtrace","bronze:BurnOut","bronze:Constructor"],"picked":"SKIP","floor":14},{"not_picked":["bronze:Deprecate","bronze:BitShift","bronze:CutThrough"],"picked":"SKIP","floor":15}],"player_experience":494088,"relics_obtained":[{"floor":12,"key":"Potion Belt"}],"event_choices":[],"is_beta":false,"boss_relics":[],"items_purged_floors":[],"is_endless":false,"potions_floor_spawned":[3,5,9,12,14],"killed_by":"WA_ARCHETYPE_RETAIN","ascension_level":0}}