{"host":"18wi9kpcl4eah7pe","time":1611540118,"event":{"mods":["BaseMod","Colored Powertips","Downfall","Minty Spire (QoL Compilation)","StSLib"],"gold_per_floor":[99,99,117,129,184,196,196,96,81,81,81,81,81,66,79,180,180,180,200,110,122,122,122,122,122],"floor_reached":23,"language":"ENG","playtime":776,"items_purged":["Regret"],"score":177,"play_id":"914a2103-84d0-4cc3-b77a-508472e25e96","local_time":"20210124200158","is_ascension_mode":false,"campfire_choices":[{"floor":1.0,"key":"RECALL"},{"floor":8.0,"key":"REST"},{"floor":10.0,"key":"REST"}],"circlet_count":0,"master_deck":["sneckomod:Strike","sneckomod:Strike","sneckomod:Defend","sneckomod:Defend","sneckomod:Defend","sneckomod:TailWhip","sneckomod:SnekBite","sneckomod:Unknown","sneckomod:Unknown","sneckomod:CheapStock","sneckomod:ImprovisedAttack","sneckomod:UnknownStrike+1","sneckomod:WideSting+1","sneckomod:UnknownUncommonSkill","sneckomod:Unknown0Cost","sneckomod:UnknownCommonSkill","sneckomod:Unknown1Cost","Madness","sneckomod:SlitherStrike+1","sneckomod:UnknownStrike+1","sneckomod:UnknownBlock"],"relics":["sneckomod:SneckoSoul","Bag of Marbles","Molten Egg 2","Toy Ornithopter","downfall:HeartBlessingRed","Thread and Needle","PreservedInsect","SlaversCollar","MutagenicStrength"],"acts_visited":["TheCity"],"potions_floor_usage":[16,16],"damage_taken":[{"damage":6.0,"enemies":"2 Louse","floor":3.0,"turns":3.0},{"damage":4.0,"enemies":"Small Slimes","floor":4.0,"turns":3.0},{"damage":42.0,"enemies":"Lagavulin Event","floor":5.0,"turns":6.0},{"damage":6.0,"enemies":"Jaw Worm","floor":6.0,"turns":3.0},{"damage":5.0,"enemies":"downfall:FleeingMerchant","floor":9.0,"turns":4.0},{"damage":9.0,"enemies":"downfall:FleeingMerchant","floor":14.0,"turns":4.0},{"damage":1.0,"enemies":"2 Fungi Beasts","floor":15.0,"turns":3.0},{"damage":88,"enemies":"WA_ARCHETYPE_RETAIN","floor":16,"turns":10},{"damage":40,"enemies":"3 Byrds","floor":19,"turns":7},{"damage":7,"enemies":"downfall:FleeingMerchant","floor":20,"turns":4},{"damage":46,"enemies":"Shelled Parasite and Fungi","floor":21,"turns":6},{"damage":11,"enemies":"Cultist and Chosen","floor":23,"turns":3}],"seed_played":"-9062519859068345010","potions_obtained":[{"floor":3.0,"key":"FearPotion"},{"floor":5.0,"key":"LiquidMemories"},{"floor":15.0,"key":"champ:CounterPotion"}],"is_trial":false,"path_per_floor":["R","?","M","M","?","M","T","R","$","R","?","T","?","$","M","B",null,"R","M","$","M","?","M"],"character_chosen":"THE_SNECKO","items_purchased":[],"campfire_rested":2,"item_purchase_floors":[],"current_hp_per_floor":[99,96,90,86,44,38,38,67,62,91,91,91,91,82,81,3,99,99,59,52,6,6,0,0,0],"gold":122,"neow_bonus":"TEN_PERCENT_HP_BONUS","is_daily":false,"chose_seed":false,"campfire_upgraded":0,"win_rate":0.0,"timestamp":1611540118,"path_taken":["R","?","M","M","?","M","T","R","?","R","?","?","?","$","M","BOSS","R","M","?","M","?","M"],"items_purchased_type":[],"build_version":"2020-12-22","purchased_purges":1,"victory":false,"max_hp_per_floor":[99,99,99,99,99,99,99,99,99,99,99,99,99,99,99,99,99,99,99,99,99,99,99,99,99],"card_choices":[{"not_picked":["sneckomod:Unknown0Cost","sneckomod:SnakeSap"],"picked":"sneckomod:CheapStock","floor":3.0},{"not_picked":["sneckomod:WideSting","sneckomod:UnknownColorless"],"picked":"sneckomod:ImprovisedAttack","floor":4.0},{"not_picked":["sneckomod:DefensiveFlair","sneckomod:IronFang+1"],"picked":"sneckomod:UnknownStrike+1","floor":5.0},{"not_picked":["sneckomod:UnknownCommonSkill","sneckomod:SoulRoll"],"picked":"sneckomod:WideSting+1","floor":6.0},{"not_picked":["sneckomod:UnknownWeak","sneckomod:UnknownStrike+1"],"picked":"sneckomod:UnknownUncommonSkill","floor":9.0},{"not_picked":["sneckomod:MasterEye","sneckomod:Nope"],"picked":"sneckomod:UnknownCommonSkill","floor":14.0},{"not_picked":["sneckomod:CheapStock","sneckomod:UnknownDraw"],"picked":"sneckomod:Unknown1Cost","floor":15.0},{"not_picked":["sneckomod:DangerNoodle+1","sneckomod:SerpentMind"],"picked":"sneckomod:UnknownRarePower","floor":16},{"not_picked":["sneckomod:Unknown1Cost","sneckomod:QuickBite+1"],"picked":"sneckomod:SlitherStrike+1","floor":19},{"not_picked":["sneckomod:Nope","sneckomod:DiceCrush+1"],"picked":"sneckomod:UnknownStrike+1","floor":20},{"not_picked":["sneckomod:Nope","sneckomod:UnknownColorless"],"picked":"sneckomod:UnknownBlock","floor":21}],"player_experience":955477,"relics_obtained":[{"floor":7.0,"key":"Toy Ornithopter"},{"floor":12.0,"key":"PreservedInsect"}],"event_choices":[{"damage_healed":0.0,"max_hp_gain":0.0,"max_hp_loss":0.0,"gold_gain":0.0,"event_name":"Scrap Ooze","player_choice":"Success","floor":2.0,"gold_loss":0.0,"damage_taken":3.0,"relics_obtained":["Bag of Marbles"]},{"damage_healed":0.0,"max_hp_gain":0.0,"max_hp_loss":0.0,"gold_gain":0.0,"event_name":"Big Fish","player_choice":"Box","floor":11.0,"gold_loss":0.0,"damage_taken":0.0,"relics_obtained":["Thread and Needle"],"cards_obtained":["Regret"]},{"damage_healed":0,"gold_gain":0,"player_choice":"Inject Mutagens","damage_taken":0,"relics_obtained":["MutagenicStrength"],"max_hp_gain":0,"max_hp_loss":0,"event_name":"Drug Dealer","floor":22,"gold_loss":0}],"is_beta":false,"boss_relics":[{"not_picked":["SacredBark","Velvet Choker"],"picked":"SlaversCollar"}],"items_purged_floors":[20],"is_endless":false,"potions_floor_spawned":[3,5,15],"killed_by":"Cultist and Chosen","ascension_level":0}}