{"host":"njcl8kinlkfw245p","time":1611539004,"event":{"mods":["BaseMod","Block Reminder","Colored Map","Googly Eyes","KinomotoSakuraMod(????)","Minty Spire (QoL Compilation)","StSLib","The Senshi","Unceasing Turn Reminder","everything is the same but u backflip on backflip"],"gold_per_floor":[110,126,51,51,51,87,87,87,87,108,8,26,26,47,47,140,140,159,159,34,34,48,48,48],"floor_reached":23,"language":"ENG","playtime":1480,"items_purged":["theSenshi:SailorKick","Pain","Regret"],"score":312,"play_id":"3c2517f5-97dd-4a47-ac76-aa3ac6999a9c","local_time":"20210124174324","is_ascension_mode":true,"campfire_choices":[{"floor":7,"key":"REST"},{"data":"theSenshi:MoonPrincessHalation","floor":15,"key":"SMITH"}],"circlet_count":0,"master_deck":["AscendersBane","theSenshi:RoseThrow","theSenshi:MoonPrismPowerMakeUp","theSenshi:MoonGorgeousMeditation+1","theSenshi:Overload+1","theSenshi:MoonPunch+1","theSenshi:TallSilhouette","theSenshi:MoonKick","theSenshi:TuxedoSmokingBomber","theSenshi:MoonPrincessHalation+1","theSenshi:TallSilhouette","theSenshi:MoonEternalMakeUp","theSenshi:MoonSpiralHeartAttack","theSenshi:IWillPunishYou","theSenshi:MoonCrisisMakeUp","theSenshi:SilverCrystal","theSenshi:MoonTiaraMagic","theSenshi:SailorJupiterAssists"],"relics":["Astrolabe","Golden Idol","Vajra","Bottled Tornado","WarpedTongs","Pandora\u0027s Box"],"acts_visited":["Exordium","TheCity"],"potions_floor_usage":[16,23],"damage_taken":[{"damage":7,"enemies":"Jaw Worm","floor":1,"turns":7},{"damage":4,"enemies":"2 Louse","floor":2,"turns":3},{"damage":28,"enemies":"Lagavulin","floor":6,"turns":11},{"damage":8,"enemies":"Cultist","floor":10,"turns":4},{"damage":5,"enemies":"3 Louse","floor":12,"turns":3},{"damage":1,"enemies":"Looter","floor":14,"turns":3},{"damage":17,"enemies":"Hexaghost","floor":16,"turns":11},{"damage":46,"enemies":"2 Thieves","floor":18,"turns":4},{"damage":11,"enemies":"Shell Parasite","floor":22,"turns":5},{"damage":29,"enemies":"Book of Stabbing","floor":23,"turns":4}],"seed_played":"8868434165701438459","potions_obtained":[{"floor":1,"key":"SpeedPotion"},{"floor":6,"key":"AttackPotion"},{"floor":16,"key":"GamblersBrew"}],"is_trial":false,"path_per_floor":["M","M","$","?","?","E","R","?","T","M","$","M","$","M","R","B",null,"M","?","$","?","M","E"],"character_chosen":"THE_SENSHI","items_purchased":[],"campfire_rested":1,"item_purchase_floors":[],"current_hp_per_floor":[61,57,57,39,39,11,33,33,33,25,25,20,20,19,19,2,57,11,11,11,36,25,0,0],"gold":48,"neow_bonus":"BOSS_RELIC","is_daily":false,"chose_seed":false,"campfire_upgraded":1,"win_rate":0.0,"timestamp":1611539004,"path_taken":["M","M","$","?","?","E","R","?","T","M","$","M","$","?","R","BOSS","M","?","$","?","M","E"],"items_purchased_type":[],"build_version":"2020-12-22","purchased_purges":3,"victory":false,"max_hp_per_floor":[75,75,75,75,75,75,75,75,75,75,75,75,75,75,75,75,75,75,75,75,75,75,75,75],"card_choices":[{"not_picked":["theSenshi:PlutosSolemnity","theSenshi:MoonPower"],"picked":"theSenshi:TallSilhouette","floor":1},{"not_picked":["theSenshi:DramaticEntrance","theSenshi:OdangoHead"],"picked":"theSenshi:MoonKick","floor":2},{"not_picked":["theSenshi:MoonsReflection","theSenshi:OdangoHead"],"picked":"theSenshi:TuxedoSmokingBomber","floor":6},{"not_picked":["theSenshi:SailorChibiMoonAssists","theSenshi:InTheNickOfTime"],"picked":"theSenshi:MoonPrincessHalation","floor":10},{"not_picked":["theSenshi:EncouragingSpeech","theSenshi:SupersonicWaves","theSenshi:MoonPunch"],"picked":"SKIP","floor":12},{"not_picked":["theSenshi:MoonGorgeousMeditation","theSenshi:EncouragingSpeech"],"picked":"theSenshi:TallSilhouette","floor":14},{"not_picked":["theSenshi:SailorCosmosAssists","theSenshi:MoonGorgeousMeditation"],"picked":"theSenshi:MoonEternalMakeUp","floor":16},{"not_picked":["theSenshi:SailorChibiMoonAssists+1","theSenshi:MercurysCunning"],"picked":"theSenshi:MoonTiaraMagic","floor":18},{"not_picked":["theSenshi:SailorPlanetAttack","theSenshi:TallSilhouette"],"picked":"theSenshi:SailorJupiterAssists","floor":22}],"player_experience":920030,"relics_obtained":[{"floor":6,"key":"Bottled Tornado"}],"event_choices":[{"damage_healed":0,"gold_gain":0,"player_choice":"Take Damage","damage_taken":18,"relics_obtained":["Golden Idol"],"max_hp_gain":0,"max_hp_loss":0,"event_name":"Golden Idol","floor":4,"gold_loss":0},{"damage_healed":0,"gold_gain":0,"player_choice":"Box","damage_taken":0,"relics_obtained":["Vajra"],"max_hp_gain":0,"max_hp_loss":0,"event_name":"Big Fish","floor":5,"gold_loss":0,"cards_obtained":["Regret"]},{"damage_healed":0,"gold_gain":0,"player_choice":"Rummage","damage_taken":0,"relics_obtained":["WarpedTongs"],"max_hp_gain":0,"max_hp_loss":0,"event_name":"Accursed Blacksmith","floor":8,"gold_loss":0,"cards_obtained":["Pain"]},{"damage_healed":0,"gold_gain":0,"player_choice":"Ignored","damage_taken":0,"max_hp_gain":0,"max_hp_loss":0,"event_name":"Cursed Tome","floor":19,"gold_loss":0},{"damage_healed":25,"gold_gain":0,"player_choice":"Heal","damage_taken":0,"max_hp_gain":0,"max_hp_loss":0,"event_name":"The Library","floor":21,"gold_loss":0}],"is_beta":false,"boss_relics":[{"not_picked":["Snecko Eye","Velvet Choker"],"picked":"Pandora\u0027s Box"}],"items_purged_floors":[3,11,20],"is_endless":false,"potions_floor_spawned":[1,6,14,16],"killed_by":"Book of Stabbing","ascension_level":13}}