{"host":"7ignn9ecrhg4n0rm","time":1611601962,"event":{"mods":["BaseMod","Minty Spire (QoL Compilation)","Relic Stats","StSLib"],"gold_per_floor":[111,111,128,143,159,159,178,197,221,249,268,268,268],"floor_reached":12,"language":"ENG","playtime":558,"items_purged":[],"score":126,"play_id":"6f92fa7c-2dcb-4c0f-97d8-60814bc9855b","local_time":"20210125111242","is_ascension_mode":true,"campfire_choices":[{"data":"Adrenaline","floor":6,"key":"SMITH"}],"circlet_count":0,"master_deck":["AscendersBane","Strike_G","Strike_G","Strike_G","Strike_G","Strike_G","Defend_G","Defend_G","Defend_G","Defend_G","Defend_G","Survivor","Neutralize","Adrenaline+1","Terror","Dodge and Roll","Catalyst","Escape Plan","Cloak And Dagger","Noxious Fumes"],"relics":["Ring of the Snake","Bronze Scales","Odd Mushroom"],"acts_visited":[],"potions_floor_usage":[],"damage_taken":[{"damage":1,"enemies":"Small Slimes","floor":1,"turns":4},{"damage":0,"enemies":"Jaw Worm","floor":3,"turns":4},{"damage":0,"enemies":"Cultist","floor":4,"turns":3},{"damage":12,"enemies":"3 Louse","floor":5,"turns":6},{"damage":6,"enemies":"Exordium Thugs","floor":7,"turns":7},{"damage":0,"enemies":"Red Slaver","floor":8,"turns":4},{"damage":21,"enemies":"The Mushroom Lair","floor":10,"turns":6},{"damage":3,"enemies":"Exordium Wildlife","floor":11,"turns":4},{"damage":38,"enemies":"Gremlin Nob","floor":12,"turns":3}],"seed_played":"4977293145744680656","potions_obtained":[{"floor":3,"key":"Ancient Potion"},{"floor":5,"key":"DuplicationPotion"}],"is_trial":false,"path_per_floor":["M","?","M","M","M","R","M","M","T","?","M","E"],"character_chosen":"THE_SILENT","items_purchased":[],"campfire_rested":0,"item_purchase_floors":[],"current_hp_per_floor":[58,63,63,63,51,51,45,45,45,24,21,0,0],"gold":268,"neow_bonus":"ONE_RANDOM_RARE_CARD","is_daily":false,"chose_seed":false,"campfire_upgraded":1,"win_rate":0.0,"timestamp":1611601962,"path_taken":["M","?","M","M","M","R","M","M","T","?","M","E"],"items_purchased_type":[],"build_version":"2020-12-22","purchased_purges":0,"victory":false,"max_hp_per_floor":[66,71,71,71,71,71,71,71,71,71,71,71,71],"relic_stats":{"counters":[9,41],"Bronze Scales":[36],"obtain_stats":[{"Bronze Scales":9,"Odd Mushroom":10,"Ring of the Snake":0},{"Bronze Scales":6,"Odd Mushroom":7,"Ring of the Snake":0},{"Bronze Scales":28,"Odd Mushroom":34,"Ring of the Snake":0}],"Ring of the Snake":[18]},"card_choices":[{"not_picked":["Outmaneuver","Bane","Underhanded Strike"],"picked":"SKIP","floor":1},{"not_picked":["Tactician","Outmaneuver"],"picked":"Terror","floor":3},{"not_picked":["Outmaneuver","Predator"],"picked":"Dodge and Roll","floor":4},{"not_picked":["Endless Agony","Dagger Throw"],"picked":"Catalyst","floor":5},{"not_picked":["Deflect","Dagger Throw"],"picked":"Escape Plan","floor":7},{"not_picked":["Setup","Dodge and Roll","Expertise"],"picked":"SKIP","floor":8},{"not_picked":["Expertise","Well Laid Plans"],"picked":"Cloak And Dagger","floor":10},{"not_picked":["Prepared","Underhanded Strike"],"picked":"Noxious Fumes","floor":11}],"player_experience":238259,"relics_obtained":[{"floor":9,"key":"Bronze Scales"},{"floor":10,"key":"Odd Mushroom"}],"event_choices":[{"damage_healed":0,"gold_gain":0,"player_choice":"Donut","damage_taken":0,"max_hp_gain":5,"max_hp_loss":0,"event_name":"Big Fish","floor":2,"gold_loss":0},{"damage_healed":0,"gold_gain":0,"player_choice":"Fought Mushrooms","damage_taken":0,"max_hp_gain":0,"max_hp_loss":0,"event_name":"Mushrooms","floor":10,"gold_loss":0}],"is_beta":false,"boss_relics":[],"items_purged_floors":[],"is_endless":false,"potions_floor_spawned":[3,5,8,11],"killed_by":"Gremlin Nob","ascension_level":14}}