{"host":"9n6i2vl93jt4o42q","time":1611533618,"event":{"mods":["BaseMod","Minty Spire (QoL Compilation)","Relic Stats"],"gold_per_floor":[14,33,50,70,70,96,96,123,149,149,159,159,176,176,176,274,274,290,290,303,303,303],"floor_reached":21,"language":"ENG","playtime":1187,"items_purged":[],"score":382,"play_id":"2f44703c-acb5-4733-904d-3f99e0adef7a","local_time":"20210125011338","is_ascension_mode":true,"campfire_choices":[{"data":"Rampage","floor":7,"key":"SMITH"},{"floor":10,"key":"REST"},{"data":"True Grit","floor":12,"key":"SMITH"},{"floor":15,"key":"REST"}],"circlet_count":0,"master_deck":["AscendersBane","Strike_R","Strike_R","Strike_R","Strike_R","Defend_R","Defend_R","Defend_R","Bash","Pommel Strike","Rage","Rampage+1","Disarm","Clothesline","Anger","True Grit+1","Juggernaut","Cleave","Uppercut+1"],"relics":["Burning Blood","Mummified Hand","Smiling Mask","Tiny Chest","Golden Idol","Fusion Hammer"],"acts_visited":["Exordium","TheCity"],"potions_floor_usage":[4,8,16,20],"damage_taken":[{"damage":4,"enemies":"Small Slimes","floor":1,"turns":3},{"damage":0,"enemies":"2 Louse","floor":2,"turns":2},{"damage":6,"enemies":"Jaw Worm","floor":3,"turns":2},{"damage":5,"enemies":"Red Slaver","floor":4,"turns":3},{"damage":48,"enemies":"Gremlin Nob","floor":6,"turns":5},{"damage":29,"enemies":"3 Sentries","floor":8,"turns":8},{"damage":9,"enemies":"Blue Slaver","floor":11,"turns":3},{"damage":18,"enemies":"Gremlin Gang","floor":13,"turns":5},{"damage":32,"enemies":"The Guardian","floor":16,"turns":12},{"damage":35,"enemies":"Shell Parasite","floor":18,"turns":5},{"damage":27,"enemies":"2 Thieves","floor":20,"turns":4},{"damage":10,"enemies":"Chosen and Byrds","floor":21,"turns":2}],"seed_played":"6902872376723151220","potions_obtained":[{"floor":1,"key":"EssenceOfSteel"},{"floor":3,"key":"SkillPotion"},{"floor":4,"key":"SpeedPotion"},{"floor":6,"key":"Weak Potion"},{"floor":16,"key":"Regen Potion"}],"is_trial":false,"path_per_floor":["M","M","M","M","?","E","R","E","T","R","M","R","M","?","R","B",null,"M","?","M","M"],"character_chosen":"IRONCLAD","items_purchased":[],"campfire_rested":2,"item_purchase_floors":[],"current_hp_per_floor":[70,75,75,75,75,33,33,10,10,32,29,29,17,17,37,11,54,25,19,10,0,0],"gold":303,"neow_bonus":"REMOVE_TWO","is_daily":false,"chose_seed":false,"campfire_upgraded":2,"win_rate":0.0,"timestamp":1611533618,"path_taken":["M","M","M","M","?","E","R","E","T","R","M","R","M","?","R","BOSS","M","?","M","M"],"items_purchased_type":[],"build_version":"2020-12-22","purchased_purges":0,"victory":false,"max_hp_per_floor":[75,75,75,75,75,75,75,75,75,75,75,75,75,68,68,68,68,68,68,68,68,68],"relic_stats":{"counters":[12,54],"Mummified Hand":[3],"Golden Idol":26,"Tiny Chest":0,"Smiling Mask":0,"obtain_stats":[{"Mummified Hand":6,"Golden Idol":14,"Tiny Chest":9,"Fusion Hammer":17,"Smiling Mask":8,"Burning Blood":0},{"Mummified Hand":5,"Golden Idol":8,"Tiny Chest":6,"Fusion Hammer":9,"Smiling Mask":6,"Burning Blood":0},{"Mummified Hand":15,"Golden Idol":31,"Tiny Chest":23,"Fusion Hammer":43,"Smiling Mask":23,"Burning Blood":0}],"Burning Blood":64},"card_choices":[{"not_picked":["Metallicize","Armaments"],"picked":"Pommel Strike","floor":1},{"not_picked":["Spot Weakness","Fire Breathing"],"picked":"Rage","floor":2},{"not_picked":["Burning Pact","Sentinel"],"picked":"Rampage","floor":3},{"not_picked":["Sever Soul","Twin Strike"],"picked":"Disarm","floor":4},{"not_picked":["Perfected Strike","Combust"],"picked":"Clothesline","floor":6},{"not_picked":["Hemokinesis","Thunderclap"],"picked":"Anger","floor":8},{"not_picked":["Perfected Strike","Twin Strike"],"picked":"True Grit","floor":11},{"not_picked":["Sword Boomerang","Heavy Blade","Perfected Strike"],"picked":"SKIP","floor":13},{"not_picked":["Bludgeon","Impervious"],"picked":"Juggernaut","floor":16},{"not_picked":["Evolve","Clothesline"],"picked":"Cleave","floor":18},{"not_picked":["Blood for Blood+1","Havoc"],"picked":"Uppercut+1","floor":20}],"player_experience":2264554,"relics_obtained":[{"floor":6,"key":"Mummified Hand"},{"floor":8,"key":"Smiling Mask"},{"floor":9,"key":"Tiny Chest"}],"event_choices":[{"damage_healed":0,"gold_gain":0,"player_choice":"Ignored","damage_taken":0,"max_hp_gain":0,"max_hp_loss":0,"event_name":"Liars Game","floor":5,"gold_loss":0},{"damage_healed":0,"gold_gain":0,"player_choice":"Lose Max HP","damage_taken":0,"relics_obtained":["Golden Idol"],"max_hp_gain":0,"max_hp_loss":7,"event_name":"Golden Idol","floor":14,"gold_loss":0},{"damage_healed":0,"gold_gain":0,"player_choice":"","damage_taken":6,"max_hp_gain":0,"max_hp_loss":0,"event_name":"Knowing Skull","floor":19,"potions_obtained":[],"gold_loss":0,"cards_obtained":[]}],"is_beta":false,"boss_relics":[{"not_picked":["Calling Bell","Runic Cube"],"picked":"Fusion Hammer"}],"items_purged_floors":[],"is_endless":false,"potions_floor_spawned":[1,3,4,6,16],"killed_by":"Chosen and Byrds","ascension_level":20}}