{"host":"1zjc08c6hob33401","time":1611613098,"event":{"mods":["AchievementEnabler","Act Like it!","Aspiration","BaseMod","Downfall","Elementarium","Energized Spire","Evolution","Friendly Minions","Gensokyo","GifTheSpireLib","Hubris","Infinite Spire","Jedi Mod","Menagerie","Minty Spire (QoL Compilation)","Pale of the Ancients","Quick Restart","Reliquary","Replay The Spire","Retaliation","Shop Mod","Spicy Shops","Spire Arcade","StS++","StSLib","Stuff the Spire","The Blue Laboratory","Wandering Minibosses","??????REMEMod"],"gold_per_floor":[118,135,154,154,56,56,86,86,113,133,153,153,153,168,168,241,241,259,259,4,22,22,22,32,32,58,70,70,70],"floor_reached":28,"language":"RUS","playtime":2423,"items_purged":["Defend_B"],"score":459,"play_id":"d85c2f7b-b26a-400e-933f-3816be01f507","local_time":"20210126001818","is_ascension_mode":true,"campfire_choices":[{"data":"Sunder","floor":6.0,"key":"SMITH"},{"data":"Zap","floor":8.0,"key":"SMITH"},{"data":"Dualcast","floor":12.0,"key":"SMITH"},{"data":"REME_BattleFury","floor":15.0,"key":"SMITH"},{"data":"Biased Cognition","floor":23.0,"key":"SMITH"},{"data":"StuffTheSpire:Harmony","floor":25.0,"key":"SMITH"}],"circlet_count":0,"master_deck":["AscendersBane","Sweeping Beam","Sweeping Beam","Defend_B","Defend_B","Defend_B","Zap+1","Dualcast+1","REME_BattleFury+1","Ball Lightning","Go for the Eyes","jedi:sharpshooter","Melter","Sweeping Beam","Sweeping Beam","StuffTheSpire:Harmony+1","StuffTheSpire:Plugnplay","Biased Cognition+1","Steam","Elementarium:GildedStrike","Elementarium:GildedStrike","Elementarium:GildedStrike","Elementarium:GildedStrike","Elementarium:GildedStrike","ReplayTheSpireMod:Calculation Training","StSpp:Channeliser","Sunder+1","jedi:locknload"],"relics":["Cracked Core","REME_ComplimentaryCards","ReplayFunnel","REME_ChargedStone","MerchantsRug","Gambling Chip","StuffTheSpire:Mouthbags"],"acts_visited":["Gensokyo:Gensokyo","Elementarium:Elementarium"],"potions_floor_usage":[],"damage_taken":[{"damage":8.0,"enemies":"Gensokyo:Python","floor":1.0,"turns":3.0},{"damage":0.0,"enemies":"Gensokyo:3_Fairies","floor":2.0,"turns":3.0},{"damage":3.0,"enemies":"Gensokyo:Gryphon","floor":3.0,"turns":3.0},{"damage":11.0,"enemies":"Gensokyo:Aya","floor":7.0,"turns":3.0},{"damage":0.0,"enemies":"Gensokyo:VengefulSpirit","floor":10.0,"turns":2.0},{"damage":0.0,"enemies":"Gensokyo:3_Kodama","floor":11.0,"turns":2.0},{"damage":0.0,"enemies":"Gensokyo:Gryphon_and_Rabbit","floor":14.0,"turns":2.0},{"damage":42.0,"enemies":"Gensokyo:Yukari","floor":16.0,"turns":6.0},{"damage":2.0,"enemies":"Elementarium:VoidCorruption","floor":18.0,"turns":3.0},{"damage":6.0,"enemies":"Elementarium:MUD_AND_TAR_GOLEMS","floor":21.0,"turns":2.0},{"damage":7.0,"enemies":"Elementarium:CYCLONE_AND_LIVING_STORMCLOUD","floor":24.0,"turns":3.0},{"damage":27,"enemies":"Elementarium:Hydrostalker","floor":27,"turns":3},{"damage":22,"enemies":"Elementarium:FIRE_NOBILITY","floor":28,"turns":1}],"seed_played":"-3915602621923140701","potions_obtained":[{"floor":2.0,"key":"blueLaboratory:PolymorphPotion"},{"floor":3.0,"key":"Explosive Potion"},{"floor":11.0,"key":"SmokeBomb"},{"floor":27,"key":"Elixir"}],"is_trial":false,"path_per_floor":["M","M","M","?","$","R","E","R","T","M","M","R","?","M","R","B",null,"M","?","$","M","?","R","M","R","T","M","E"],"character_chosen":"DEFECT","items_purchased":["Sunder","MerchantsRug","Gambling Chip"],"campfire_rested":0,"item_purchase_floors":[5,20,20],"current_hp_per_floor":[63,63,60,64,64,64,53,53,53,53,53,53,53,54,54,13,62,61,46,46,41,41,41,37,37,37,15,0,0],"gold":70,"neow_bonus":"TEN_PERCENT_HP_BONUS","is_daily":false,"chose_seed":false,"campfire_upgraded":6,"win_rate":0.0,"timestamp":1611613098,"path_taken":["M","M","M","?","$","R","E","R","T","M","?","R","?","M","R","BOSS","M","?","$","M","?","R","M","R","T","?","E"],"items_purchased_type":["Card","Relic","Relic"],"build_version":"2020-12-22","purchased_purges":1,"victory":false,"max_hp_per_floor":[78,78,78,78,78,78,78,78,78,78,78,78,78,78,78,78,78,78,78,78,78,78,78,78,78,78,78,78,78],"card_choices":[{"not_picked":["ReplayTheSpireMod:Reroute Power","Coolheaded"],"picked":"Ball Lightning","floor":1.0},{"not_picked":["Barrage","StuffTheSpire:Plugnplay"],"picked":"Go for the Eyes","floor":2.0},{"not_picked":["Go for the Eyes","Streamline"],"picked":"jedi:sharpshooter","floor":3.0},{"not_picked":["Time Bomb","Leap"],"picked":"Melter","floor":7.0},{"not_picked":["Heatsinks","StuffTheSpire:Rend"],"picked":"Sweeping Beam","floor":10.0},{"not_picked":["Hologram","Sunder"],"picked":"Sweeping Beam","floor":11.0},{"not_picked":["StuffTheSpire:BrainWave","StuffTheSpire:Perfection"],"picked":"StuffTheSpire:Harmony","floor":13.0},{"not_picked":["Barrage","Ball Lightning"],"picked":"StuffTheSpire:Plugnplay","floor":14.0},{"not_picked":["jedi:readyaimfire","jedi:gatheringstorm"],"picked":"Biased Cognition","floor":16.0},{"not_picked":["Sweeping Beam","BasicCrystalCard"],"picked":"Steam","floor":18.0},{"not_picked":["Barrage","StSpp:Igniter"],"picked":"ReplayTheSpireMod:Calculation Training","floor":21.0},{"not_picked":["ReplayTheSpireMod:Reroute Power","Streamline"],"picked":"StSpp:Channeliser","floor":24.0},{"not_picked":["Stack","StuffTheSpire:LoadUp"],"picked":"jedi:locknload","floor":27}],"player_experience":711354,"relics_obtained":[{"floor":7.0,"key":"Replay:Rubber Ducky"},{"floor":9.0,"key":"ReplayFunnel"},{"floor":26.0,"key":"StuffTheSpire:Mouthbags"}],"event_choices":[{"damage_healed":0.0,"max_hp_gain":0.0,"max_hp_loss":0.0,"gold_gain":0.0,"event_name":"Elementarium:OnrushingOffering","player_choice":"Strike","floor":19.0,"gold_loss":0.0,"damage_taken":15.0,"cards_obtained":["Elementarium:GildedStrike","Elementarium:GildedStrike","Elementarium:GildedStrike","Elementarium:GildedStrike","Elementarium:GildedStrike"]}],"is_beta":false,"boss_relics":[{"not_picked":["Calling Bell","StuffTheSpire:Kangaroo"],"picked":"REME_ChargedStone"}],"items_purged_floors":[20],"is_endless":false,"potions_floor_spawned":[2,3,11,27],"killed_by":"Elementarium:FIRE_NOBILITY","ascension_level":18}}