{"host":"appz8zkad29u9482","time":1611567414,"event":{"mods":["100% Spire Juice","2.2 Compatiblity","Act Like it!","Aspiration","Bard","BaseMod","Beaked The Cultist","Better Altar","Better Match","Better Note","Better Sensory Stone","Better Skull","Better Third Choice","BetterRewards","CapriCore","Conspire","Disable Question Mark Monsters","Energized Spire","GifTheSpireLib","Gold Saver","Halation","Hermit","Hubris","Jedi Mod","Marisa????????","Minty Spire (QoL Compilation)","Permanent Neow","Replay The Spire","Spicy Shops","Spire Arcade","StSLib","Strawberry Spire","Stuff the Spire","The Cursed","The Immortal","yUi"],"gold_per_floor":[209,209,209,159,194,194,226,255,255,323,350,350,350,360,360,463,463,473,473,526,41,55,55,88,88,88,135,135,164,109,109,109,201,201,214,214,214,174,174,174],"floor_reached":39,"language":"ENG","playtime":2060,"items_purged":[],"score":544,"play_id":"f6578616-331c-4d75-8fcc-fa1ad03918d8","local_time":"20210124233654","is_ascension_mode":true,"campfire_choices":[{"data":"conspire:SpireCoStock","floor":6,"key":"SMITH"},{"data":"beaked:CrazyRituals","floor":12,"key":"SMITH"},{"data":"beaked:BraceForImpact","floor":15,"key":"SMITH"},{"data":"hubris:DuctTapeCard","floor":23,"key":"SMITH"},{"data":"beaked:MachineSpirit","floor":28,"key":"SMITH"},{"data":"beaked:KnowThyFoe","floor":32,"key":"SMITH"}],"circlet_count":0,"master_deck":["beaked:Strike_Y","beaked:Strike_Y","beaked:Strike_Y","beaked:Strike_Y+1","beaked:Strike_Y","beaked:Defend_Y+1","beaked:Defend_Y","beaked:Defend_Y+1","beaked:Defend_Y+1","beaked:Ceremony","beaked:Ceremony+1","beaked:Ceremony","beaked:Daydream+1","conspire:SpireCoStock+1","beaked:Recite","beaked:BraceForImpact+1","beaked:KnowThyFoe+1","beaked:MimicMachine","beaked:CrazyRituals","hubris:DuctTapeCard+2","beaked:MachineSpirit+1","beaked:MachineSpirit+1","beaked:DarkPact","beaked:TuckingFeathers+1","hubris:DuctTapeCard+2","hubris:DuctTapeCard+2","beaked:Strike_Y","beaked:Strike_Y","beaked:Strike_Y","beaked:Strike_Y","beaked:Strike_Y","beaked:Strike_Y","beaked:Strike_Y+1","beaked:Strike_Y+1","beaked:Strike_Y","beaked:Strike_Y","beaked:Defend_Y+1","beaked:Defend_Y+1","beaked:Defend_Y","beaked:Defend_Y","beaked:Defend_Y+1","beaked:Defend_Y+1","beaked:Defend_Y+1","beaked:Defend_Y+1","beaked:Ceremony","beaked:Ceremony","beaked:Ceremony+1","beaked:Ceremony+1","beaked:Ceremony","beaked:Ceremony+1","beaked:Daydream+1","beaked:Daydream+1","conspire:SpireCoStock+1","conspire:SpireCoStock+1","beaked:Recite+1","beaked:Recite","beaked:BraceForImpact+1","beaked:BraceForImpact+1","beaked:KnowThyFoe+1","beaked:KnowThyFoe+1","beaked:MimicMachine","beaked:MimicMachine","beaked:CrazyRituals","beaked:CrazyRituals","hubris:DuctTapeCard+2","hubris:DuctTapeCard+2","beaked:MachineSpirit+1","beaked:MachineSpirit+1","beaked:MachineSpirit+1","beaked:MachineSpirit+1","beaked:DarkPact","beaked:DarkPact","beaked:TuckingFeathers+1","beaked:TuckingFeathers+1","hubris:DuctTapeCard+2","hubris:DuctTapeCard+2","hubris:DuctTapeCard+2","hubris:DuctTapeCard+2"],"relics":["beaked:MendingPlumage","strawberrySpire:StillNotAdequateHouse","halation:EternalFortune","StuffTheSpire:Tea","War Paint","aspiration:FutureDiary","aspiration:Nostalgia","PureWater","hubris:DuctTape","Bottled Lightning","hubris:Reverence","halation:HeavySnake"],"acts_visited":["Exordium","TheCity","TheBeyond"],"potions_floor_usage":[16,33],"damage_taken":[{"damage":5,"enemies":"Small Slimes","floor":1,"turns":4},{"damage":3,"enemies":"conspire:RoseBush","floor":5,"turns":5},{"damage":12,"enemies":"2 Louse","floor":7,"turns":3},{"damage":14,"enemies":"Looter","floor":8,"turns":5},{"damage":9,"enemies":"Replay:BlueRogue","floor":10,"turns":6},{"damage":20,"enemies":"Large Slime","floor":11,"turns":6},{"damage":18,"enemies":"Lots of Slimes","floor":14,"turns":4},{"damage":41,"enemies":"Hexaghost","floor":16,"turns":8},{"damage":18,"enemies":"Spheric Guardian","floor":18,"turns":4},{"damage":28,"enemies":"Shell Parasite","floor":20,"turns":6},{"damage":44,"enemies":"Snecko","floor":22,"turns":6},{"damage":42,"enemies":"Centurion and Healer","floor":24,"turns":7},{"damage":35,"enemies":"strawberrySpire:AncientClocktower","floor":27,"turns":8},{"damage":27,"enemies":"Shelled Parasite and Fungi","floor":29,"turns":5},{"damage":70,"enemies":"Collector","floor":33,"turns":9},{"damage":54,"enemies":"Orb Walker","floor":35,"turns":5},{"damage":14,"enemies":"3 Shapes","floor":39,"turns":1}],"seed_played":"5483697389783109794","potions_obtained":[{"floor":5,"key":"Cursed Concoction"},{"floor":10,"key":"SmokeBomb"},{"floor":11,"key":"jedi:tentaclejuice"},{"floor":24,"key":"Swift Potion"},{"floor":25,"key":"beaked:MendingBrew"},{"floor":33,"key":"Regen Potion"}],"is_trial":false,"path_per_floor":["M","?","?","?","M","R","M","M","T","E","M","R","?","M","R","B",null,"M","?","M","$","M","R","M","?","T","E","R","M","$","?","R","B",null,"M","?","?","?","M"],"character_chosen":"BEAKED_THE_CULTIST","items_purchased":["beaked:CrazyRituals","aspiration:Nostalgia","hubris:DuctTape","beaked:MachineSpirit+1"],"campfire_rested":0,"item_purchase_floors":[21,21,21,30],"current_hp_per_floor":[46,49,49,49,58,58,50,50,50,59,57,57,62,59,59,55,64,56,56,53,53,30,30,38,38,38,47,47,67,67,67,67,55,67,30,30,8,8,0,0],"gold":174,"neow_bonus":"ONE_RARE_RELIC","is_daily":false,"chose_seed":false,"campfire_upgraded":6,"win_rate":0.0,"timestamp":1611567414,"path_taken":["M","?","?","?","M","R","?","M","T","E","M","R","?","M","R","BOSS","M","?","M","$","M","R","M","?","T","E","R","?","$","?","R","BOSS","M","?","?","?","?"],"items_purchased_type":["Card","Relic","Relic","Card"],"build_version":"2020-12-22","purchased_purges":0,"victory":false,"max_hp_per_floor":[56,59,59,59,59,59,59,59,59,59,59,59,64,64,64,64,64,67,67,67,67,67,67,67,67,67,67,67,67,67,67,67,67,67,67,67,67,67,67,67],"card_choices":[{"not_picked":["beaked:FeelMyPain","beaked:WarriorEssence"],"picked":"beaked:Daydream","floor":1},{"not_picked":["beaked:Evade","beaked:Resilience","beaked:SurvivalInstinct"],"picked":"SKIP","floor":5},{"not_picked":["beaked:FullHouse","beaked:TuckingFeathers"],"picked":"beaked:Recite","floor":7},{"not_picked":["beaked:WarriorEssence","beaked:Evade"],"picked":"beaked:Insight","floor":8},{"not_picked":["beaked:Redirect","beaked:MaddeningMurmurs"],"picked":"beaked:CrazyRituals","floor":10},{"not_picked":["beaked:TuckingFeathers","beaked:Flinch","beaked:SurvivalInstinct"],"picked":"SKIP","floor":11},{"not_picked":["beaked:StunningBlow","beaked:Molting"],"picked":"beaked:BraceForImpact","floor":14},{"not_picked":["beaked:VolatileMisfortune","beaked:DarkTribute"],"picked":"beaked:KnowThyFoe","floor":16},{"not_picked":["beaked:Brace","beaked:Insight"],"picked":"beaked:MimicMachine","floor":18},{"not_picked":["beaked:Poke","beaked:Tweet","beaked:Replenish"],"picked":"SKIP","floor":20},{"not_picked":["beaked:Tradeoff","beaked:Redirect+1"],"picked":"beaked:MachineSpirit","floor":22},{"not_picked":["beaked:Daydream+1","beaked:Brace","beaked:Insight"],"picked":"SKIP","floor":24},{"not_picked":["beaked:BounceBack+1","beaked:CursingBlood","beaked:Redirect+1"],"picked":"SKIP","floor":27},{"not_picked":["beaked:Windmill","beaked:TuckingFeathers","beaked:RuinSticks"],"picked":"SKIP","floor":29},{"not_picked":["beaked:ScreechingChant","beaked:SacrificialScars"],"picked":"beaked:DarkPact","floor":33},{"not_picked":["beaked:Resilience","beaked:DigDeep"],"picked":"beaked:TuckingFeathers+1","floor":35}],"player_experience":541848,"relics_obtained":[{"floor":9,"key":"StuffTheSpire:Tea"},{"floor":10,"key":"War Paint"},{"floor":18,"key":"halation:EternalFortune"},{"floor":26,"key":"Bottled Lightning"},{"floor":27,"key":"hubris:Reverence"}],"event_choices":[{"damage_healed":0,"gold_gain":0,"player_choice":"Grow","damage_taken":0,"max_hp_gain":0,"max_hp_loss":0,"event_name":"Living Wall","floor":3,"gold_loss":0,"cards_upgraded":["beaked:Daydream"]},{"damage_healed":0,"gold_gain":0,"player_choice":"Invest 1","damage_taken":0,"max_hp_gain":0,"max_hp_loss":0,"event_name":"conspire:Investor","floor":4,"gold_loss":0},{"damage_healed":0,"gold_gain":0,"player_choice":"Donut","damage_taken":0,"max_hp_gain":5,"max_hp_loss":0,"event_name":"Big Fish","floor":13,"gold_loss":0},{"damage_healed":0,"gold_gain":0,"player_choice":"Got Potions","damage_taken":0,"max_hp_gain":0,"max_hp_loss":0,"event_name":"Lab","floor":25,"gold_loss":0},{"cards_removed":["beaked:Strike_Y"],"damage_healed":0,"gold_gain":0,"player_choice":"Removed Attack","damage_taken":0,"max_hp_gain":0,"max_hp_loss":0,"event_name":"Falling","floor":36,"gold_loss":0},{"damage_healed":0,"gold_gain":0,"player_choice":"Upgraded Two","damage_taken":0,"max_hp_gain":0,"max_hp_loss":0,"event_name":"Designer","floor":38,"gold_loss":40,"cards_upgraded":["beaked:Ceremony","beaked:Recite"]}],"is_beta":false,"boss_relics":[{"not_picked":["Pandora\u0027s Box","beaked:MawFillet"],"picked":"aspiration:FutureDiary"},{"not_picked":["beaked:FlawlessSticks","halation:CatFaceCupcake"],"picked":"halation:HeavySnake"}],"items_purged_floors":[],"is_endless":false,"potions_floor_spawned":[5,10,11,24,27,33],"killed_by":"3 Shapes","ascension_level":1}}