{"host":"uv5ws9rdk87e8i5k","time":1611540785,"event":{"mods":["AchievementEnabler","BaseMod","Colored Map","Minty Spire (QoL Compilation)","StSLib","SuperFastMode","The Necromancer"],"gold_per_floor":[119,119,44,61,81,116,131,156,156,187,187,200,200,211,211,310,310,323,338,338,338,355,389,400,400,425,425,425,460,471,487,487,586,586,606,651,71,85,85,85,97,97,97,123,44,69,69,87,87,87],"floor_reached":51,"language":"ENG","playtime":1401,"items_purged":["Shame","Defend_W"],"score":943,"play_id":"b978b903-91b8-4a4a-be67-a43b73d32590","local_time":"20210124201305","is_ascension_mode":true,"campfire_choices":[{"data":"Summon_Lich","floor":13.0,"key":"SMITH"},{"floor":15.0,"key":"REST"},{"data":"Summon_Lich","floor":28.0,"key":"SMITH"},{"data":"Summon_Lich","floor":32.0,"key":"SMITH"},{"data":"Summon_Death_Knight","floor":40.0,"key":"SMITH"},{"floor":49.0,"key":"REST"}],"circlet_count":0,"master_deck":["Defend_W","Defend_W+1","Negative_Energy_Arrows","Bone_Wall","Hellfire","Bone_Shift","Summon_Lich+1","Stop_Heart","Necrotic_Claws+1","Summon_Lich+1","Bone_Armor","Spectral_Armor+1","Summon_Lich+1","Spectral_Walk","Summon_Undead+1","Bite+1","Bite+1","Bite+1","Bite+1","Bite+1","Spectral_Armor","Spectral_Armor","Summon_Death_Knight+1","Dramatic Entrance+1","Summon_Undead","Madness","Madness"],"relics":["Vampire_Amulet","Art of War","Dream Catcher","Molten Egg 2","HornCleat","Unceasing Top","NlothsMask","Philosopher\u0027s Stone","War Paint","Lizard Tail","Bottled Tornado","Empty Cage","Calipers","White Beast Statue","Bronze Scales","Ornamental Fan","Bottled Lightning","Toy Ornithopter"],"acts_visited":["Exordium","TheCity","TheBeyond"],"potions_floor_usage":[50,50],"damage_taken":[{"damage":4.0,"enemies":"Jaw Worm","floor":1.0,"turns":2.0},{"damage":0.0,"enemies":"2 Louse","floor":4.0,"turns":2.0},{"damage":1.0,"enemies":"Cultist","floor":5.0,"turns":3.0},{"damage":9.0,"enemies":"Gremlin Nob","floor":6.0,"turns":4.0},{"damage":10.0,"enemies":"Exordium Wildlife","floor":7.0,"turns":4.0},{"damage":20.0,"enemies":"Lagavulin","floor":8.0,"turns":4.0},{"damage":0.0,"enemies":"Gremlin Nob","floor":10.0,"turns":3.0},{"damage":2.0,"enemies":"Gremlin Gang","floor":12.0,"turns":4.0},{"damage":27.0,"enemies":"Large Slime","floor":14.0,"turns":5.0},{"damage":6.0,"enemies":"The Guardian","floor":16.0,"turns":9.0},{"damage":10.0,"enemies":"2 Thieves","floor":18.0,"turns":3.0},{"damage":17.0,"enemies":"Shell Parasite","floor":19.0,"turns":6.0},{"damage":14.0,"enemies":"Centurion and Healer","floor":22.0,"turns":4.0},{"damage":19.0,"enemies":"Book of Stabbing","floor":23.0,"turns":6.0},{"damage":0.0,"enemies":"Snecko","floor":24.0,"turns":4.0},{"damage":0.0,"enemies":"Slavers","floor":25.0,"turns":1.0},{"damage":57.0,"enemies":"Gremlin Leader","floor":29.0,"turns":6.0},{"damage":0.0,"enemies":"Sentry and Sphere","floor":30.0,"turns":4.0},{"damage":0.0,"enemies":"3 Cultists","floor":31.0,"turns":3.0},{"damage":56.0,"enemies":"Collector","floor":33.0,"turns":7.0},{"damage":3.0,"enemies":"Orb Walker","floor":35.0,"turns":4.0},{"damage":41.0,"enemies":"2 Orb Walkers","floor":36.0,"turns":5.0},{"damage":3.0,"enemies":"3 Shapes","floor":38.0,"turns":4.0},{"damage":0.0,"enemies":"Jaw Worm Horde","floor":39.0,"turns":1.0},{"damage":9.0,"enemies":"Spire Growth","floor":41.0,"turns":5.0},{"damage":5.0,"enemies":"Reptomancer","floor":44.0,"turns":6.0},{"damage":0.0,"enemies":"Giant Head","floor":46.0,"turns":9.0},{"damage":33.0,"enemies":"3 Darklings","floor":48.0,"turns":5.0},{"damage":26,"enemies":"Awakened One","floor":50,"turns":12}],"seed_played":"3567256552883068473","potions_obtained":[{"floor":1.0,"key":"Energy Potion"},{"floor":5.0,"key":"LiquidMemories"},{"floor":7.0,"key":"DistilledChaos"},{"floor":10.0,"key":"SpeedPotion"},{"floor":12.0,"key":"Explosive Potion"},{"floor":19.0,"key":"SmokeBomb"},{"floor":24.0,"key":"Weak Potion"},{"floor":30.0,"key":"BlessingOfTheForge"},{"floor":31.0,"key":"DuplicationPotion"},{"floor":33.0,"key":"BlessingOfTheForge"},{"floor":35.0,"key":"SmokeBomb"},{"floor":41.0,"key":"EssenceOfSteel"},{"floor":46.0,"key":"LiquidMemories"}],"is_trial":false,"path_per_floor":["M","?","$","M","M","E","M","E","T","E","?","M","R","M","R","B",null,"M","M","?","?","M","E","M","E","T","?","R","E","M","M","R","B",null,"M","?","$","M","M","R","M","?","T","E","$","E","?","M","R","B",null],"character_chosen":"NECROMANCER","items_purchased":["White Beast Statue","Bronze Scales","DuplicationPotion","Summon_Undead"],"campfire_rested":2,"item_purchase_floors":[37,37,37,45],"current_hp_per_floor":[73,55,55,59,60,53,47,29,29,31,31,37,37,14,36,32,75,69,54,54,85,75,58,60,60,60,59,59,42,59,59,59,21,59,59,34,34,40,40,40,42,42,42,59,59,59,52,33,50,59],"gold":87,"neow_bonus":"THREE_RARE_CARDS","is_daily":false,"chose_seed":false,"campfire_upgraded":4,"win_rate":0.0,"timestamp":1611540785,"path_taken":["M","?","$","M","M","E","M","E","T","E","?","?","R","M","R","BOSS","M","M","?","?","M","E","?","E","T","?","R","E","M","M","R","BOSS","M","?","$","M","M","R","M","?","T","E","$","E","?","M","R","BOSS"],"items_purchased_type":["Relic","Relic","Potion","Card"],"build_version":"2020-12-22","purchased_purges":2,"victory":true,"max_hp_per_floor":[75,75,75,75,75,75,75,75,75,75,75,75,75,75,75,75,75,75,75,75,85,85,85,85,85,85,59,59,59,59,59,59,59,59,59,59,59,59,59,59,59,59,59,59,59,59,59,59,59,59],"card_choices":[{"not_picked":["Reap_The_Weak","Cloudkill"],"picked":"Hellfire","floor":0.0},{"not_picked":["Blood_Whip","Finger_Of_Death"],"picked":"Uncharnel","floor":1.0},{"not_picked":["Blood_Is_Power","Pandemic"],"picked":"Bone_Shift","floor":4.0},{"not_picked":["Necromantic_Selection","Deaths_Shadow","Bone_Armory"],"picked":"SKIP","floor":5.0},{"not_picked":["Negative_Energy_Javelin","Corrupt"],"picked":"Summon_Lich","floor":6.0},{"not_picked":["Death_Coil","Plague_Bolt"],"picked":"Stop_Heart","floor":7.0},{"not_picked":["Scare","Corrupt"],"picked":"Necrotic_Claws+1","floor":8.0},{"not_picked":["Bone_Spikes+1","Necrotic_Claws+1"],"picked":"Summon_Lich","floor":10.0},{"not_picked":["Chill_Blood","Negative_Energy_Shield"],"picked":"Bone_Armor","floor":12.0},{"not_picked":["Negative_Energy_Sphere+1","Negative_Energy_Mist"],"picked":"Spectral_Armor","floor":14.0},{"not_picked":["Skeleton_Dragon","Cloudkill"],"picked":"Blood_Wake+1","floor":16.0},{"not_picked":["Toxic_Smoke_Screen","Violent_Necrosis"],"picked":"Summon_Lich","floor":18.0},{"not_picked":["Bones_to_Steel","Vampiric_Strike+1"],"picked":"Spectral_Walk","floor":19.0},{"not_picked":["Chill_Blood+1","Negative_Energy_Sphere+1"],"picked":"Summon_Undead+1","floor":22.0},{"not_picked":["Death_Knell+1","Bone_Bullets+1","Death_March_Dance+1"],"picked":"SKIP","floor":23.0},{"not_picked":["Slay_Living+1","Bones_to_Steel+1","Blood_Curse+1"],"picked":"SKIP","floor":24.0},{"not_picked":["Bone_Shift","Negative_Energy_Javelin+1","Blood_Whip+1"],"picked":"SKIP","floor":29.0},{"not_picked":["Acid_Javelin+1","Flesh_Made_Foul+1"],"picked":"Spectral_Armor","floor":30.0},{"not_picked":["Bones_to_Steel","Scare"],"picked":"Spectral_Armor","floor":31.0},{"not_picked":["Hellfire+1","Detonate_Bones+1"],"picked":"Summon_Death_Knight","floor":33.0},{"not_picked":["Negative_Energy_Shield+1","Bone_Spikes+1","Shackles_Of_Pain+1"],"picked":"SKIP","floor":35.0},{"not_picked":["Life_Tap+1","Bone_Spikes+1","Vampiric_Strike+1"],"picked":"SKIP","floor":38.0},{"not_picked":["Negative_Energy_Shield+1","Scare","Blood_Whip+1"],"picked":"SKIP","floor":41.0},{"not_picked":["Secret Weapon","Secret Technique"],"picked":"Dramatic Entrance+1","floor":42.0},{"not_picked":["Violent_Necrosis","Negative_Energy_Sphere+1","Blood_Curse+1"],"picked":"SKIP","floor":44.0},{"not_picked":["Toxic_Smoke_Screen+1","Bone_Spikes+1","Siphon_Strength"],"picked":"SKIP","floor":46.0},{"not_picked":["Bone_Bullets+1","Bones_to_Steel+1","Bone_Spikes+1"],"picked":"SKIP","floor":48.0}],"player_experience":248114,"relics_obtained":[{"floor":6.0,"key":"Dream Catcher"},{"floor":8.0,"key":"Molten Egg 2"},{"floor":9.0,"key":"HornCleat"},{"floor":10.0,"key":"Unceasing Top"},{"floor":23.0,"key":"Lizard Tail"},{"floor":29.0,"key":"Bottled Tornado"},{"floor":36.0,"key":"Calipers"},{"floor":43.0,"key":"Ornamental Fan"},{"floor":44.0,"key":"Bottled Lightning"},{"floor":46.0,"key":"Toy Ornithopter"}],"event_choices":[{"damage_healed":0.0,"max_hp_gain":0.0,"max_hp_loss":0.0,"gold_gain":0.0,"event_name":"Scrap Ooze","player_choice":"Success","floor":2.0,"gold_loss":0.0,"damage_taken":18.0,"relics_obtained":["Art of War"]},{"damage_healed":0.0,"max_hp_gain":0.0,"max_hp_loss":0.0,"gold_gain":0.0,"event_name":"FaceTrader","player_choice":"Trade","floor":11.0,"gold_loss":0.0,"damage_taken":0.0,"relics_obtained":["NlothsMask"]},{"damage_healed":0.0,"max_hp_gain":0.0,"max_hp_loss":0.0,"gold_gain":0.0,"event_name":"The Mausoleum","player_choice":"Opened","floor":20.0,"gold_loss":0.0,"damage_taken":0.0,"relics_obtained":["War Paint"]},{"cards_removed":["Blood_Wake"],"damage_healed":21.0,"max_hp_gain":10.0,"max_hp_loss":0.0,"gold_gain":0.0,"event_name":"Bonfire Elementals","player_choice":"Offered Rare","floor":21.0,"gold_loss":0.0,"damage_taken":0.0},{"damage_healed":0.0,"max_hp_gain":0.0,"max_hp_loss":26.0,"gold_gain":0.0,"event_name":"Vampires","player_choice":"Became a vampire","floor":27.0,"gold_loss":0.0,"damage_taken":0.0,"cards_obtained":["Bite","Bite","Bite","Bite","Bite"]},{"damage_healed":0.0,"max_hp_gain":0.0,"max_hp_loss":0.0,"gold_gain":0.0,"event_name":"Mysterious Sphere","player_choice":"Fight","floor":36.0,"gold_loss":0.0,"damage_taken":0.0},{"damage_healed":0.0,"max_hp_gain":0.0,"max_hp_loss":0.0,"gold_gain":0.0,"event_name":"SensoryStone","player_choice":"Memory 1","floor":42.0,"gold_loss":0.0,"damage_taken":0.0},{"damage_healed":0.0,"max_hp_gain":0.0,"max_hp_loss":0.0,"gold_gain":0.0,"event_name":"Winding Halls","player_choice":"Embrace Madness","floor":47.0,"gold_loss":0.0,"damage_taken":7.0,"cards_obtained":["Madness","Madness"]}],"is_beta":false,"boss_relics":[{"not_picked":["SlaversCollar","Busted Crown"],"picked":"Philosopher\u0027s Stone"},{"not_picked":["Fusion Hammer","Runic Pyramid"],"picked":"Empty Cage"}],"items_purged_floors":[3,37],"is_endless":false,"potions_floor_spawned":[1,5,7,10,12,19,24,30,31,33,35,38,39,41,44,46,48],"ascension_level":2}}