{"host":"rn4c402gwd40h2z6","time":1611588092,"event":{"mods":["100% Spire Juice","AchievementEnabler","Act Like it!","Arknights The Spire","Astrologer","BaseMod","CapriCore","Challenge The Spire","Data Control","Downfall","Gensokyo","Good Game Mod","Hallownest","Infinite Spire","KinomotoSakuraMod(Ä¾Ö®±¾Ó£)","Koishi","Lobotomy","LobotomyExtend","Mad Scientist","Marisa£¨ìFÓê¡¡Ä§ÀíÉ³£©","Minty Spire (QoL Compilation)","Pale of the Ancients","Quick Restart","Random Character Button","Reimu£¨²©ÀöÁéÃÎ£©","Relic Filter Mod","Remilia£¨ÀÙÃ×ÀòÑÇ£©","Replay The Spire","Robot Space Explorer","RumiaBox-Â¶Ã×æ«µÄÉñÃØºÐ×Ó","Shop Mod","StSLib","Td1madao Mod","The Administrix","The Alterego","The Bug Knight","The Construct","The Cursed","The Forsaken","The Immortal","The Mystic","The Poker Player","The Runesmith","The Saiyan","The Senshi","UnlockEverythingMod","Yakumo Yukari mod","Youmu£¨»êÆÇÑýÃÎ£©","Yuyuko","[GremlinLeader]The Maniac","noobMod","¡¾¹¦ÄÜMod¡¿»ìãçÖ®»·ÐÞ¸´²¹¶¡"],"gold_per_floor":[116,128,128,145,157,157,157,171,198,89,100,135,135,166,166,267,267,278,292,140,151,151,151,180,180,203,230,245,245,264,264,264,362,362,381,397,194,212,212,112,112,112,181,199,260,279,309,129,129,129,129,129,129,156,156],"floor_reached":56,"language":"ZHS","playtime":6892,"items_purged":["Defend_Lin:ReiMu","CommonCold","theForsaken:PlagueCurse","Wellcheers"],"score":1499,"play_id":"2b263db9-b90b-4fae-9607-2567bfbddfa1","local_time":"20210125232132","is_ascension_mode":false,"campfire_choices":[{"floor":6.0,"key":"RECALL"},{"data":"Conquer:ReiMu","floor":13.0,"key":"SMITH"},{"data":"DoubleButterfly:ReiMu","floor":15.0,"key":"SMITH"},{"data":"Conquer:ReiMu","floor":23.0,"key":"SMITH"},{"data":"DependentForm:ReiMu","floor":25.0,"key":"SMITH"},{"floor":32,"key":"REST"},{"data":"Mirror Shield","floor":41,"key":"SMITH"},{"data":"Mountainwind:ReiMu","floor":49,"key":"SMITH"},{"data":"construct:MemoryTap","floor":52,"key":"SMITH"}],"circlet_count":1,"master_deck":["Strike_Lin:ReiMu","Strike_Lin:ReiMu","Strike_Lin:ReiMu","Strike_Lin:ReiMu","Defend_Lin:ReiMu","Defend_Lin:ReiMu","Defend_Lin:ReiMu","NB:ReiMu","Stagnation:ReiMu","Enchanting:ReiMu","construct:MemoryTap+1","Mountainwind:ReiMu+1","OldLady","Conquer:ReiMu+1","FairyFestival","ShyLook","LearningPray:ReiMu","SpreadBorder2:ReiMu","SpreadBorder2:ReiMu","CareerPray:ReiMu","DoubleButterfly:ReiMu+1","NineCharacters:ReiMu","Mirror Shield+1","DependentForm:ReiMu+1","Porccubus","AlertArray:ReiMu","Revelation:ReiMu+1","Conquer:ReiMu+1","SafetyPray:ReiMu+1","Conquer:ReiMu+1","Enchanting:ReiMu","Enchanting:ReiMu","RainPray2:ReiMu","infinitespire:Fortify","SafetyPray:ReiMu","KamiRite:ReiMu","SubcavityInstant:ReiMu+1","infinitespire:Collect","SpreadBorder2:ReiMu","Conquer:ReiMu","DoubleButterfly:ReiMu","InherentArray:ReiMu","SpreadBorder2:ReiMu+1","LearningPray:ReiMu","Dreaming:ReiMu","PrepareRite:ReiMu","KamiSacrifice:ReiMu","infinitespire:Oblivion","AirStrike:ReiMu+1","DoubleButterfly:ReiMu","AirStrike:ReiMu","AlertArray:ReiMu+1","UniversalSpiritual:ReiMu","NB:ReiMu+1"],"relics":["FlyPower:ReiMu","REME:ComplimentaryCards","ice","CogitoBucket","LetterFromLob","Baka2","Hallownest:DreamNailRelic","Bag of Preparation","Circlet","FleshIdol","infinitespire:Beetle Shell","ReplayTheSpireMod:Lightbulb","Prayer Wheel","Black Star","ChangeAnything","theForsaken:PlagueMask","WingedGreaves","Slimebound:StickyStick","Vajra","Mango","bronze:BronzeIdol","StrikeDummy","AspirationHeart","CrownOfHeavens:ReiMu","Hallownest:SoulVesselRelic","Bottled Tornado","infinitespire:WardingShard","Hallownest:StagBellRelic1","Akabeko","Anchor"],"acts_visited":["Hallownest:Greenpath","Gensokyo:Gensokyoer","Hallownest:KingdomsEdge","TheEnding"],"potions_floor_usage":[],"damage_taken":[{"damage":0.0,"enemies":"Hallownest:2_Baldur","floor":1.0,"turns":4.0},{"damage":0.0,"enemies":"Hallownest:monsterHuskWarrior","floor":2.0,"turns":2.0},{"damage":0.0,"enemies":"Hallownest:monsterHuskGuard","floor":4.0,"turns":2.0},{"damage":6.0,"enemies":"Hallownest:monsterMossCharger","floor":5.0,"turns":1.0},{"damage":1.0,"enemies":"Hallownest:2_Tiktiks_1_Baldur_1_Crawlid","floor":8.0,"turns":1.0},{"damage":0.0,"enemies":"Hallownest:monsterFoolEater","floor":11.0,"turns":5.0},{"damage":0.0,"enemies":"Hallownest:eliteVengeflyKing","floor":12.0,"turns":1.0},{"damage":0.0,"enemies":"Hallownest:eliteCrystalGuardian","floor":14.0,"turns":1.0},{"damage":4.0,"enemies":"Hallownest:BossBrokenVessel","floor":16.0,"turns":4.0},{"damage":0.0,"enemies":"Gensokyo:CosmicMonolith","floor":18.0,"turns":2.0},{"damage":0.0,"enemies":"Gensokyo:3_Dogs","floor":19.0,"turns":1.0},{"damage":4.0,"enemies":"Gensokyo:Wraith","floor":21.0,"turns":3.0},{"damage":0.0,"enemies":"Gensokyo:Tenshi","floor":24.0,"turns":2.0},{"damage":34.0,"enemies":"Nightmare","floor":27.0,"turns":4.0},{"damage":0,"enemies":"Gensokyo:Swordslinger","floor":28,"turns":1},{"damage":0,"enemies":"Gensokyo:Mirror_and_Dog","floor":30,"turns":3},{"damage":0,"enemies":"Gensokyo:Kaguya","floor":33,"turns":3},{"damage":0,"enemies":"Hallownest:3_Siblings","floor":35,"turns":1},{"damage":91,"enemies":"Hallownest:2_Littles","floor":36,"turns":5},{"damage":0,"enemies":"Hallownest:Xero_Hu_Marmu","floor":38,"turns":1},{"damage":0,"enemies":"Hallownest:Shield_Sturdy","floor":44,"turns":2},{"damage":0,"enemies":"Hallownest:2_Primals","floor":45,"turns":2},{"damage":3,"enemies":"Hallownest:2_Great","floor":46,"turns":2},{"damage":0,"enemies":"Hallownest:monsterPrimalAspid","floor":47,"turns":2},{"damage":64,"enemies":"Hallownest:BossHollowKnight","floor":50,"turns":5},{"damage":2,"enemies":"Shield and Spear","floor":54,"turns":2},{"damage":1,"enemies":"The Heart","floor":55,"turns":3}],"seed_played":"-151272917909213430","potions_obtained":[{"floor":1.0,"key":"SteroidPotion"},{"floor":5.0,"key":"PinkPotion:ReiMu"},{"floor":8.0,"key":"SkillPotion"}],"is_trial":false,"path_per_floor":["M","M","?","M","M","R","?","M","T","$","M","E","R","E","R","B",null,"M","M","$","M","?","R","E","R","T","NM","M","AVR","M","?","R","B",null,"M","M","$","M","AVR","?","R","$","T","M","?","M","M","?","R","B",null,"R","$","E","B",null],"character_chosen":"REIMU","items_purchased":["SpreadBorder2:ReiMu","Conquer:ReiMu","Dreaming:ReiMu"],"campfire_rested":1,"item_purchase_floors":[10,20,37],"current_hp_per_floor":[65,65,65,65,65,65,65,64,64,64,65,65,65,65,65,61,65,65,65,65,61,61,61,65,65,65,45,47,47,53,53,83,90,104,83,57,57,57,57,57,57,57,57,57,63,31,31,31,31,28,37,37,37,35,34],"gold":156,"neow_bonus":"","is_daily":false,"chose_seed":false,"campfire_upgraded":7,"win_rate":0.0,"timestamp":1611588092,"path_taken":["M","M","?","M","M","R","?","?","T","$","M","E","R","E","R","BOSS","M","M","$","M","?","R","E","R","T","NM","M","AVR","M","?","R","BOSS","M","M","$","M","AVR","?","R","?","T","M","?","?","M","?","R","BOSS","R","$","E","BOSS"],"items_purchased_type":["Card","Card","Card"],"build_version":"2020-12-22","purchased_purges":4,"victory":true,"max_hp_per_floor":[65,65,65,65,65,65,65,65,65,65,65,65,65,65,65,65,65,65,65,65,65,65,65,65,65,65,79,79,79,101,101,101,104,104,115,57,57,57,57,57,57,57,57,57,63,31,31,31,31,37,37,37,37,39,65],"card_choices":[{"not_picked":["Freischutz","MHz","VoidDream"],"picked":"Singing Bowl","floor":1.0},{"not_picked":["MeatLantern","BeautyBeast"],"picked":"Wellcheers","floor":1.0},{"not_picked":["Mountainwind:ReiMu","WonderfulDomain:ReiMu"],"picked":"Enchanting:ReiMu","floor":1.0},{"not_picked":["EmergencyTakeOff:ReiMu","Enchanting:ReiMu"],"picked":"Mountainwind:ReiMu","floor":2.0},{"not_picked":["MHz","Freischutz"],"picked":"OldLady","floor":2.0},{"not_picked":["SpreadBorder2:ReiMu","CareerPray:ReiMu"],"picked":"Conquer:ReiMu","floor":4.0},{"not_picked":["UniverseFragment","MeatLantern"],"picked":"FairyFestival","floor":4.0},{"not_picked":["Bloodbath","MHz"],"picked":"ShyLook","floor":5.0},{"not_picked":["OrbThrow:ReiMu","AirStrike:ReiMu"],"picked":"Amulet:ReiMu","floor":5.0},{"not_picked":["FantasyBorder:ReiMu","Revelation:ReiMu"],"picked":"LearningPray:ReiMu","floor":8.0},{"not_picked":["GalaxyChild","SpiderBud","Bloodbath"],"picked":"Singing Bowl","floor":8.0},{"not_picked":["Rudolta","PunishingBird","MeatLantern"],"picked":"Singing Bowl","floor":11.0},{"not_picked":["WonderfulDomain:ReiMu","SpringWay:ReiMu"],"picked":"CareerPray:ReiMu","floor":11.0},{"not_picked":["Scorched","MHz","GalaxyChild"],"picked":"Singing Bowl","floor":12.0},{"not_picked":["SubAcupoint:ReiMu","Meditation:ReiMu"],"picked":"DoubleButterfly:ReiMu","floor":12.0},{"not_picked":["VoidDream","CrumblingArmor","SpiderBud"],"picked":"Singing Bowl","floor":14.0},{"not_picked":["Enchanting:ReiMu","SpreadBorder2:ReiMu"],"picked":"NineCharacters:ReiMu","floor":14.0},{"not_picked":["CardOfSanctity:ReiMu","Free:ReiMu"],"picked":"DependentForm:ReiMu","floor":16.0},{"not_picked":["WhiteNight","QueenOfHatred","BeautyBeast"],"picked":"Singing Bowl","floor":16.0},{"not_picked":["PunishingBird","WallGazer","BeautyBeast"],"picked":"Singing Bowl","floor":18.0},{"not_picked":["HappyTeddy","SpiderBud"],"picked":"Porccubus","floor":18.0},{"not_picked":["Intuition:ReiMu","Amulet:ReiMu+1"],"picked":"AlertArray:ReiMu","floor":18.0},{"not_picked":["OrbThrow:ReiMu","Amulet:ReiMu"],"picked":"Revelation:ReiMu+1","floor":18.0},{"not_picked":["QueenOfHatred","Variant","WhitesApple"],"picked":"Singing Bowl","floor":19.0},{"not_picked":["Intuition:ReiMu","AirStrike:ReiMu"],"picked":"Conquer:ReiMu+1","floor":19.0},{"not_picked":["FantasyBorder:ReiMu","SubcavityInstant:ReiMu"],"picked":"SafetyPray:ReiMu+1","floor":19.0},{"not_picked":["CrumblingArmor","BeautyBeast","Funeral"],"picked":"Singing Bowl","floor":21.0},{"not_picked":["Amulet:ReiMu+1","EmergencyTakeOff:ReiMu"],"picked":"Enchanting:ReiMu","floor":21.0},{"not_picked":["SubAcupoint:ReiMu","TakeOff:ReiMu"],"picked":"Enchanting:ReiMu","floor":21.0},{"not_picked":["BigBadWolf","MeatLantern","CherryBlossoms"],"picked":"Singing Bowl","floor":24.0},{"not_picked":["WhiteNight","BodiesMountain"],"picked":"Yin","floor":24.0},{"not_picked":["SafetyPray:ReiMu","Gathering:ReiMu"],"picked":"RainPray2:ReiMu","floor":24.0},{"not_picked":["infinitespire:FinalStrike","infinitespire:FutureSight"],"picked":"infinitespire:Fortify","floor":27},{"not_picked":["EmergencyTakeOff:ReiMu","Shading:ReiMu"],"picked":"SafetyPray:ReiMu","floor":27},{"not_picked":["PhosphorusFlame:ReiMu+1","WonderfulDomain:ReiMu"],"picked":"KamiRite:ReiMu","floor":28},{"not_picked":["DoubleButterfly:ReiMu","PrepareRite:ReiMu"],"picked":"SubcavityInstant:ReiMu+1","floor":28},{"not_picked":["RedShoes","Freischutz","Variant"],"picked":"Singing Bowl","floor":30},{"not_picked":["CollectionFlower2:ReiMu","Revelation:ReiMu"],"picked":"SpreadBorder2:ReiMu","floor":30},{"not_picked":["SubcavityInstant:ReiMu+1","Gathering:ReiMu"],"picked":"Conquer:ReiMu","floor":30},{"not_picked":["Scorched","DespairKnight","CrumblingArmor"],"picked":"Singing Bowl","floor":33},{"not_picked":["Laetitia","RedShoes","OSAHOGD"],"picked":"Singing Bowl","floor":35},{"not_picked":["Enchanting:ReiMu+1","AlertArray:ReiMu"],"picked":"InherentArray:ReiMu","floor":35},{"not_picked":["SpringWay:ReiMu+1","SealNeedle:ReiMu+1"],"picked":"SpreadBorder2:ReiMu+1","floor":35},{"not_picked":["RedShoes","SpiderBud","VoidDream"],"picked":"Singing Bowl","floor":36},{"not_picked":["UpKicking:ReiMu+1","InherentArray:ReiMu+1"],"picked":"LearningPray:ReiMu","floor":36},{"not_picked":["Intuition:ReiMu","ShadowOfCrow2:ReiMu","Amulet:ReiMu"],"picked":"SKIP","floor":36},{"not_picked":["SilentOrchestra","DespairKnight","Rudolta"],"picked":"Singing Bowl","floor":38},{"not_picked":["Gathering:ReiMu+1","Intuition:ReiMu"],"picked":"PrepareRite:ReiMu","floor":38},{"not_picked":["FineLineFantasy:ReiMu","WonderfulDomain:ReiMu+1"],"picked":"KamiSacrifice:ReiMu","floor":38},{"not_picked":["DreamingCurrent","Freischutz","DespairKnight"],"picked":"Singing Bowl","floor":44},{"not_picked":["CollectionFlower2:ReiMu","SpringWay:ReiMu"],"picked":"AirStrike:ReiMu+1","floor":44},{"not_picked":["CareerPray:ReiMu+1","MountainWay:ReiMu+1","SpringWay:ReiMu"],"picked":"SKIP","floor":44},{"not_picked":["HappyTeddy","QueenOfHatred","BigBird"],"picked":"Singing Bowl","floor":45},{"not_picked":["ManaGlint:ReiMu+1","CareerPray:ReiMu"],"picked":"DoubleButterfly:ReiMu","floor":45},{"not_picked":["Freischutz","SnowQueen","RedShoes"],"picked":"Singing Bowl","floor":46},{"not_picked":["DependentForm:ReiMu","SafetyPray:ReiMu+1"],"picked":"AirStrike:ReiMu","floor":46},{"not_picked":["CareerPray:ReiMu+1","SubcavityInstant:ReiMu"],"picked":"AlertArray:ReiMu+1","floor":46},{"not_picked":["Variant","MeatLantern","BigBadWolf"],"picked":"Singing Bowl","floor":47},{"not_picked":["WonderfulDomain:ReiMu+1","SpringWay:ReiMu+1"],"picked":"UniversalSpiritual:ReiMu","floor":47},{"not_picked":["TakeOff:ReiMu","FineLineFantasy:ReiMu","SpreadBorder2:ReiMu"],"picked":"SKIP","floor":47},{"not_picked":["Alriune","RedShoes","GreedKing"],"picked":"Singing Bowl","floor":54},{"not_picked":["FantasyMoon:ReiMu","SpringWay:ReiMu","YinYang:ReiMu"],"picked":"SKIP","floor":54}],"player_experience":82720,"relics_obtained":[{"floor":1.0,"key":"Baka"},{"floor":1.0,"key":"LetterFromLob"},{"floor":2.0,"key":"Baka2"},{"floor":4.0,"key":"Bag of Preparation"},{"floor":12.0,"key":"infinitespire:Beetle Shell"},{"floor":14.0,"key":"ReplayTheSpireMod:Lightbulb"},{"floor":24.0,"key":"WingedGreaves"},{"floor":24.0,"key":"Slimebound:StickyStick"},{"floor":26.0,"key":"Vajra"},{"floor":27,"key":"Mango"},{"floor":27,"key":"bronze:BronzeIdol"},{"floor":27,"key":"StrikeDummy"},{"floor":43,"key":"Bottled Tornado"},{"floor":44,"key":"infinitespire:WardingShard"},{"floor":54,"key":"Akabeko"},{"floor":54,"key":"Anchor"}],"event_choices":[{"damage_healed":0.0,"max_hp_gain":0.0,"max_hp_loss":0.0,"gold_gain":0.0,"event_name":"Plague Doctor","player_choice":"Obtain Plague Curse","floor":22.0,"gold_loss":0.0,"damage_taken":0.0,"cards_obtained":["theForsaken:PlagueCurse"]}],"is_beta":false,"boss_relics":[{"not_picked":["Runic Pyramid","DonationBox:ReiMu"],"picked":"Black Star"},{"not_picked":["Coffee Dripper","Sozu"],"picked":"CrownOfHeavens:ReiMu"}],"items_purged_floors":[10,20,29,37],"is_endless":false,"potions_floor_spawned":[1,5,8,11,12,16,18,19,44,45,46,54],"ascension_level":0}}