{"host":"pi8b3ffzwvxqztac","time":1611551976,"event":{"mods":["BaseMod","Colored Map","Downfall","Minty Spire (QoL Compilation)","StSLib"],"gold_per_floor":[114,133,146,45,45,45,65,65,89,103,103,103,103,123,123,226,226,239,256,26,38,38,66,66,76,76,108,118,118,118,130,130,226,276,290,290,302,13,31,31,66,66,147,147,164,182,0,19,19,19],"floor_reached":51,"language":"ENG","playtime":2247,"items_purged":[],"score":819,"play_id":"1541256a-6bc1-4e35-8041-c6b439460826","local_time":"20210125181936","is_ascension_mode":true,"campfire_choices":[{"data":"Footwork","floor":6,"key":"SMITH"},{"data":"Blade Dance","floor":8,"key":"SMITH"},{"data":"Terror","floor":13,"key":"SMITH"},{"data":"Neutralize","floor":15,"key":"SMITH"},{"data":"Envenom","floor":24,"key":"SMITH"},{"data":"Well Laid Plans","floor":29,"key":"SMITH"},{"data":"After Image","floor":32,"key":"SMITH"},{"data":"Bullet Time","floor":40,"key":"SMITH"},{"data":"Backflip","floor":42,"key":"SMITH"},{"data":"Backflip","floor":44,"key":"SMITH"},{"floor":49,"key":"REST"}],"circlet_count":0,"master_deck":["Strike_G","Strike_G","Strike_G","Defend_G","Defend_G","Defend_G","Defend_G","Defend_G+1","Survivor","Neutralize+1","Blade Dance+1","Backflip+1","Terror+1","Footwork+1","Backflip+1","Well Laid Plans+1","Envenom+1","Endless Agony","Slice","Noxious Fumes","Blade Dance","Blade Dance+1","Dash+1","Slice+1","After Image+1","Bullet Time+1","Blade Dance+1","Endless Agony+1","Footwork","Footwork"],"relics":["Ring of the Snake","Boot","Pen Nib","bronze:DecasWashers","WristBlade","sneckomod:BlankCard","MutagenicStrength","Juzu Bracelet","Ornamental Fan","Strawberry","Letter Opener","Tiny House","Pantograph","Pear","Shuriken","Red Mask"],"acts_visited":["Exordium","TheCity","TheBeyond"],"potions_floor_usage":[7,16,37,41,50,50,50,50],"damage_taken":[{"damage":4,"enemies":"Cultist","floor":1,"turns":5},{"damage":0,"enemies":"2 Louse","floor":2,"turns":2},{"damage":2,"enemies":"Jaw Worm","floor":3,"turns":4},{"damage":4,"enemies":"3 Louse","floor":7,"turns":3},{"damage":0,"enemies":"Exordium Wildlife","floor":10,"turns":2},{"damage":0,"enemies":"Blue Slaver","floor":14,"turns":2},{"damage":2,"enemies":"Hexaghost","floor":16,"turns":9},{"damage":0,"enemies":"Chosen","floor":18,"turns":3},{"damage":2,"enemies":"2 Thieves","floor":19,"turns":3},{"damage":0,"enemies":"Snecko","floor":21,"turns":3},{"damage":5,"enemies":"Book of Stabbing","floor":23,"turns":4},{"damage":8,"enemies":"Sentry and Sphere","floor":25,"turns":4},{"damage":11,"enemies":"Gremlin Leader","floor":27,"turns":6},{"damage":1,"enemies":"Cultist and Chosen","floor":28,"turns":3},{"damage":0,"enemies":"Shelled Parasite and Fungi","floor":31,"turns":2},{"damage":2,"enemies":"Champ","floor":33,"turns":6},{"damage":0,"enemies":"Orb Walker","floor":35,"turns":1},{"damage":3,"enemies":"3 Shapes","floor":37,"turns":6},{"damage":1,"enemies":"Maw","floor":39,"turns":5},{"damage":12,"enemies":"Giant Head","floor":41,"turns":6},{"damage":4,"enemies":"Jaw Worm Horde","floor":45,"turns":4},{"damage":0,"enemies":"4 Shapes","floor":46,"turns":5},{"damage":0,"enemies":"Transient","floor":48,"turns":5},{"damage":26,"enemies":"Awakened One","floor":50,"turns":9}],"seed_played":"-7070409180274361896","potions_obtained":[{"floor":2,"key":"Fire Potion"},{"floor":7,"key":"Fruit Juice"},{"floor":10,"key":"Regen Potion"},{"floor":18,"key":"EntropicBrew"},{"floor":25,"key":"FearPotion"},{"floor":27,"key":"champ:CounterPotion"},{"floor":31,"key":"LiquidMemories"},{"floor":34,"key":"GhostInAJar"},{"floor":37,"key":"Fruit Juice"},{"floor":39,"key":"LiquidMemories"},{"floor":46,"key":"sneckomod:MuddlingPotion"},{"floor":48,"key":"LiquidBronze"}],"is_trial":false,"path_per_floor":["M","M","M","$","?","R","M","R","T","M","?","T","R","M","R","B",null,"M","M","$","M","?","E","R","M","T","E","M","R","?","M","R","B",null,"M","?","M","$","M","R","E","R","T","R","M","M","?","M","R","B",null],"character_chosen":"THE_SILENT","items_purchased":["Footwork","Dagger Spray","sneckomod:BlankCard","Noxious Fumes","Footwork","Pantograph"],"campfire_rested":1,"item_purchase_floors":[4,4,20,20,38,38],"current_hp_per_floor":[66,66,64,64,64,64,65,65,65,65,58,58,58,58,58,56,75,75,73,73,73,73,68,68,60,60,56,55,55,55,55,55,53,87,87,87,89,89,88,88,86,86,86,86,82,82,82,82,102,81],"gold":19,"neow_bonus":"RANDOM_COMMON_RELIC","is_daily":false,"chose_seed":false,"campfire_upgraded":10,"win_rate":0.0,"timestamp":1611551976,"path_taken":["M","M","M","$","?","R","M","R","T","?","?","?","R","M","R","BOSS","M","M","$","M","?","E","R","M","T","E","M","R","?","M","R","BOSS","M","?","M","$","M","R","E","R","T","R","M","M","?","M","R","BOSS"],"items_purchased_type":["Card","Card","Relic","Card","Card","Relic"],"build_version":"2020-12-22","purchased_purges":0,"victory":true,"max_hp_per_floor":[70,70,70,70,70,70,75,75,75,75,75,75,75,75,75,75,75,75,75,75,75,75,75,75,75,75,82,82,82,82,82,82,82,87,87,87,92,92,92,92,102,102,102,102,102,102,102,102,102,102],"card_choices":[{"not_picked":["Caltrops","Distraction"],"picked":"Blade Dance","floor":1},{"not_picked":["Underhanded Strike","Blade Dance"],"picked":"Backflip","floor":2},{"not_picked":["Dodge and Roll","Prepared"],"picked":"Terror","floor":3},{"not_picked":["Deadly Poison","Prepared"],"picked":"Backflip","floor":7},{"not_picked":["Calculated Gamble","Flying Knee","Slice"],"picked":"SKIP","floor":10},{"not_picked":["Acrobatics","Deflect"],"picked":"Well Laid Plans","floor":14},{"not_picked":["A Thousand Cuts","Doppelganger"],"picked":"Envenom","floor":16},{"not_picked":["Outmaneuver","Dagger Spray"],"picked":"Endless Agony","floor":18},{"not_picked":["Poisoned Stab","Bouncing Flask+1"],"picked":"Slice","floor":19},{"not_picked":["Underhanded Strike","Poisoned Stab+1"],"picked":"Blade Dance","floor":21},{"not_picked":["Outmaneuver","Bane+1"],"picked":"Blade Dance+1","floor":23},{"not_picked":["Sucker Punch","Well Laid Plans"],"picked":"Dash+1","floor":25},{"not_picked":["Dagger Throw","Acrobatics","Quick Slash+1"],"picked":"SKIP","floor":27},{"not_picked":["Blade Dance","Dagger Spray+1"],"picked":"Slice+1","floor":28},{"not_picked":["Backflip","Reflex+1"],"picked":"After Image","floor":31},{"not_picked":["Tools of the Trade","Night Terror"],"picked":"Bullet Time","floor":33},{"not_picked":["Expertise+1","Skewer"],"picked":"Blade Dance+1","floor":34},{"not_picked":["Prepared+1","Flechettes+1","Quick Slash+1"],"picked":"SKIP","floor":35},{"not_picked":["Blade Dance+1","Slice"],"picked":"Endless Agony+1","floor":37},{"not_picked":["Expertise","Poisoned Stab","Sucker Punch+1"],"picked":"SKIP","floor":39},{"not_picked":["Catalyst","Backflip"],"picked":"Footwork","floor":41},{"not_picked":["Blade Dance","Dagger Spray+1","Prepared"],"picked":"SKIP","floor":45},{"not_picked":["Sucker Punch+1","Caltrops+1","Bane+1"],"picked":"SKIP","floor":46},{"not_picked":["Dagger Throw+1","Tools of the Trade","Blade Dance+1"],"picked":"SKIP","floor":48}],"player_experience":611407,"relics_obtained":[{"floor":9,"key":"Pen Nib"},{"floor":12,"key":"bronze:DecasWashers"},{"floor":23,"key":"Juzu Bracelet"},{"floor":26,"key":"Ornamental Fan"},{"floor":27,"key":"Strawberry"},{"floor":41,"key":"Pear"},{"floor":43,"key":"Shuriken"}],"event_choices":[{"cards_removed":["Strike_G"],"damage_healed":0,"gold_gain":0,"player_choice":"Purged","damage_taken":0,"max_hp_gain":0,"max_hp_loss":0,"event_name":"Purifier","floor":5,"gold_loss":0},{"cards_removed":["Strike_G"],"damage_healed":0,"gold_gain":0,"player_choice":"Card Removal","damage_taken":7,"max_hp_gain":0,"max_hp_loss":0,"event_name":"Golden Wing","floor":11,"gold_loss":0},{"damage_healed":0,"gold_gain":0,"player_choice":"Inject Mutagens","damage_taken":0,"relics_obtained":["MutagenicStrength"],"max_hp_gain":0,"max_hp_loss":0,"event_name":"Drug Dealer","floor":22,"gold_loss":0},{"damage_healed":0,"gold_gain":0,"player_choice":"Opened","damage_taken":0,"relics_obtained":["Letter Opener"],"max_hp_gain":0,"max_hp_loss":0,"event_name":"The Mausoleum","floor":30,"gold_loss":0},{"cards_removed":["Dagger Spray"],"damage_healed":0,"gold_gain":0,"player_choice":"Removed Attack","damage_taken":0,"max_hp_gain":0,"max_hp_loss":0,"event_name":"Falling","floor":36,"gold_loss":0},{"damage_healed":0,"gold_gain":0,"player_choice":"Paid","damage_taken":0,"relics_obtained":["Red Mask"],"max_hp_gain":0,"max_hp_loss":0,"event_name":"Tomb of Lord Red Mask","floor":47,"gold_loss":182}],"is_beta":false,"boss_relics":[{"not_picked":["Snecko Eye","Busted Crown"],"picked":"WristBlade"},{"not_picked":["HoveringKite","SlaversCollar"],"picked":"Tiny House"}],"items_purged_floors":[],"is_endless":false,"potions_floor_spawned":[2,7,10,18,25,27,31,33,37,39,46,48],"ascension_level":1}}