{"host":"awrw1gk2acwismlg","time":1611542075,"event":{"mods":["100% Spire Juice","ATMod(°¢èªMod)","Arknights The Spire","BaseMod","Bestiary","Challenge The Spire","Downfall","Hermit","Hero for Fun","Jedi Mod","KinomotoSakuraMod(Ä¾Ö®±¾Ó£)","Marisa£¨ìFÓê¡¡Ä§ÀíÉ³£©","Minty Spire (QoL Compilation)","Nova Terra(ÅµÍÞ¡¤Ì©À­)","Remilia_Scarlet Moed£¨ÀÙÃ×ÀòÑÇ¡¤Ë¹¿¨À×ÌØ£©3.3.5","Remilia£¨ÀÙÃ×ÀòÑÇ£©","Robot Space Explorer","Shop Mod","Small Relic Pack","Spicy Shops","StSLib","Warlord Emblem","Wide Potions","Yakumo Yukari mod","Youmu£¨»êÆÇÑýÃÎ£©","¡¾ÒÅÎï¿¨ÅÆ¡¿REMEMod","óô»ðÖ¸ÄÏ"],"gold_per_floor":[99,111,129,129,140,50,50,50,50,82,532,552,376,391,409,508,508,308,321,338,338,348,348,348,66,77,96,109,109,128,228,239,239,239,239],"floor_reached":33,"language":"ZHS","playtime":7007,"items_purged":["Guardian:TwinSlam","downfall:Icky"],"score":278,"play_id":"d37bf477-f2df-4d95-a45b-ed8186c31f04","local_time":"20210125103435","is_ascension_mode":false,"campfire_choices":[{"floor":1,"key":"RECALL"},{"data":"AT_FamilyPortrait","floor":9,"key":"SMITH"},{"data":"Guardian:StasisStrike","floor":18,"key":"SMITH"},{"data":"Guardian:Planning","floor":23,"key":"SMITH"},{"data":"Guardian:Emergency","floor":29,"key":"SMITH"}],"circlet_count":0,"master_deck":["Guardian:Strike_Guardian","Guardian:Strike_Guardian","Guardian:Strike_Guardian","Guardian:Strike_Guardian","Guardian:Defend_Guardian","Guardian:Defend_Guardian","Guardian:Defend_Guardian","Guardian:Defend_Guardian","Guardian:CurlUp","AT_FamilyPortrait+1","Guardian:Planning+1","Guardian:TemporalStrike","Guardian:ChargeCore","Guardian:BronzeOrb+1","Guardian:TimeBomb","downfall:Icky","Guardian:Suspension","Guardian:StasisStrike+1","Guardian:TemporalStrike","Guardian:ShieldCharger","Guardian:TimeCapacitor+1","Guardian:Incinerate","expansioncontent:StudyTheSpire","Guardian:Emergency+1","Guardian:Clone","Guardian:Preprogram","Decay","jedi:frostbite","downfall:Malfunctioning","Guardian:StasisField","Guardian:Reroute"],"relics":["Guardian:ModeShifter","AT_ATBox","REME_ComplimentaryCards","Meat on the Bone","Sozu","downfall:HeartBlessingRed","downfall:HeartBlessingBlue","AT_ImmortalShieldbow","relicPack:InfinityGauntlet","downfall:ExtraCursedKey"],"acts_visited":["Exordium","TheCity"],"potions_floor_usage":[10,15,16,27],"damage_taken":[{"damage":6,"enemies":"Jaw Worm","floor":2,"turns":3},{"damage":0,"enemies":"Small Slimes","floor":3,"turns":3},{"damage":12,"enemies":"2 Louse","floor":5,"turns":3},{"damage":0,"enemies":"downfall:FleeingMerchant","floor":6,"turns":4},{"damage":40,"enemies":"Gremlin Nob","floor":10,"turns":5},{"damage":17,"enemies":"Lots of Slimes","floor":12,"turns":6},{"damage":15,"enemies":"Exordium Thugs","floor":14,"turns":5},{"damage":6,"enemies":"Exordium Wildlife","floor":15,"turns":4},{"damage":20,"enemies":"IC_STATUS_ARCHETYPE","floor":16,"turns":7},{"damage":15,"enemies":"3 Byrds","floor":19,"turns":4},{"damage":21,"enemies":"Snake Plant","floor":20,"turns":5},{"damage":5,"enemies":"3 Cultists","floor":22,"turns":4},{"damage":15,"enemies":"downfall:FleeingMerchant","floor":25,"turns":4},{"damage":16,"enemies":"Shelled Parasite and Fungi","floor":26,"turns":7},{"damage":15,"enemies":"Snecko","floor":27,"turns":5},{"damage":4,"enemies":"Cultist and Chosen","floor":28,"turns":6},{"damage":12,"enemies":"3 Cultists","floor":30,"turns":5},{"damage":24,"enemies":"Snecko","floor":32,"turns":7},{"damage":66,"enemies":"SI_MIRROR_ARCHETYPE","floor":33,"turns":10}],"seed_played":"6551961524505747236","potions_obtained":[{"floor":2,"key":"Block Potion"},{"floor":10,"key":"SteroidPotion"},{"floor":15,"key":"CultistPotion"},{"floor":16,"key":"Fire Potion"}],"is_trial":false,"path_per_floor":["R","M","M","?","M","$","T","?","R","E","?","M","R","M","M","B",null,"R","M","M","?","M","R","T","$","M","M","M","R","M","?","M","B"],"character_chosen":"GUARDIAN","items_purchased":["Guardian:Gem_Yellow","expansioncontent:StudyTheSpire","relicPack:InfinityGauntlet"],"campfire_rested":0,"item_purchase_floors":[13,25,25],"current_hp_per_floor":[88,82,82,82,70,70,70,88,88,48,48,43,43,40,46,38,88,98,83,62,54,61,61,61,58,54,51,59,59,59,64,52,0,0,0],"gold":239,"neow_bonus":"TEN_PERCENT_HP_BONUS","is_daily":false,"chose_seed":false,"campfire_upgraded":4,"win_rate":0.0,"timestamp":1611542075,"path_taken":["R","M","M","?","M","$","T","?","R","E","?","M","R","?","M","BOSS","R","M","M","?","?","R","T","?","?","M","M","R","M","?","M","BOSS"],"items_purchased_type":["Card","Card","Relic"],"build_version":"2020-12-22","purchased_purges":2,"victory":false,"max_hp_per_floor":[88,88,88,88,88,88,88,88,88,88,88,88,88,88,88,88,88,98,98,98,98,98,98,98,98,98,98,98,98,98,103,103,103,103,103],"card_choices":[{"not_picked":["Guardian:WalkerClaw","Guardian:TemporalShield"],"picked":"Guardian:Planning","floor":2},{"not_picked":["Guardian:Gem_Lightblue","Guardian:CrystalBeam"],"picked":"Guardian:TemporalStrike","floor":3},{"not_picked":["Guardian:Gem_Green","Guardian:PrimingBeam"],"picked":"Guardian:ChargeCore","floor":5},{"not_picked":["Guardian:RollAttack","Guardian:Suspension"],"picked":"Guardian:BronzeOrb","floor":6},{"not_picked":["Guardian:Gem_Lightblue","Guardian:CrystalBeam"],"picked":"Guardian:TimeBomb","floor":10},{"not_picked":["Guardian:Gem_Green","Guardian:Gem_Purple"],"picked":"Guardian:Suspension","floor":12},{"not_picked":["Guardian:Gem_Crimson","Guardian:Gem_Lightblue"],"picked":"Guardian:StasisStrike","floor":14},{"not_picked":["Guardian:PolyBeam","Guardian:Repulse"],"picked":"Guardian:ShieldCharger","floor":15},{"not_picked":["Guardian:Gem_Synthetic","Guardian:SphericShield"],"picked":"Guardian:Gem_Orange","floor":16},{"not_picked":["Guardian:Repulse","Guardian:Gem_Fragmented"],"picked":"Guardian:TimeCapacitor+1","floor":19},{"not_picked":["Guardian:ShieldCharger","Guardian:TemporalShield","Guardian:Gem_Crimson"],"picked":"SKIP","floor":20},{"not_picked":["Guardian:Gem_Green","Guardian:ArmoredProtocol"],"picked":"Guardian:Incinerate","floor":22},{"not_picked":["Guardian:Recover","Guardian:RollAttack","Guardian:WalkerClaw"],"picked":"SKIP","floor":25},{"not_picked":["Guardian:Gem_Fragmented","Guardian:Gem_Crimson"],"picked":"Guardian:Emergency","floor":26},{"not_picked":["Guardian:Gem_Cyan","Guardian:Suspension","Guardian:Gem_Yellow"],"picked":"SKIP","floor":27},{"not_picked":["Guardian:Gem_Lightblue","Guardian:RollAttack+1"],"picked":"Guardian:Clone","floor":28},{"not_picked":["Guardian:WalkerClaw","Guardian:CrystalBeam"],"picked":"Guardian:Preprogram","floor":30},{"not_picked":["Guardian:VentSteam","Guardian:PiercingHide"],"picked":"Guardian:Reroute","floor":32}],"player_experience":43949,"relics_obtained":[{"floor":10,"key":"Meat on the Bone"},{"floor":24,"key":"AT_ImmortalShieldbow"}],"event_choices":[{"damage_healed":29,"gold_gain":0,"player_choice":"Banana","damage_taken":0,"max_hp_gain":0,"max_hp_loss":0,"event_name":"Big Fish","floor":8,"gold_loss":0}],"is_beta":false,"boss_relics":[{"not_picked":["Runic Dome","SlaversCollar"],"picked":"Sozu"}],"items_purged_floors":[6,13],"is_endless":false,"potions_floor_spawned":[2,10,15,16,19,22,28,32],"killed_by":"SI_MIRROR_ARCHETYPE","ascension_level":0}}