{"host":"57rytaa21d5yl0hy","time":1611551581,"event":{"mods":["Act Like it!","BaseMod","Challenge The Spire","Friendly Minions","Gensokyo","KinomotoSakuraMod(木之本樱)","Kiyohime（清姬）","Lobotomy","LobotomyExtend","Minty Spire (QoL Compilation)","Replay The Spire","RumiaBox-露米娅的神秘盒子","StSLib","The Senshi","Yuri Mod"],"gold_per_floor":[119,119,119,129,143,169,169,189,189,189,224,224,71,71,71,175,175,191,234,254,266,277,277,129,159,159,159,159,200,200,210,210,313,313,351,351,87,0,34,46,46,75,75,75,95,95,95,113,113,113,113],"floor_reached":50,"language":"ZHS","playtime":2798,"items_purged":["Pain"],"score":728,"play_id":"50eff639-763c-4802-9870-a2e3b0a3c780","local_time":"20210125131301","is_ascension_mode":true,"campfire_choices":[{"floor":7,"key":"REST"},{"data":"theSenshi:MoonPrismPowerMakeUp","floor":10,"key":"SMITH"},{"data":"theSenshi:MoonKick","floor":12,"key":"SMITH"},{"data":"theSenshi:MoonCrystalPowerMakeUp","floor":15,"key":"SMITH"},{"floor":23,"key":"REST"},{"floor":28,"key":"REST"},{"floor":30,"key":"REST"},{"floor":32,"key":"REST"},{"data":"theSenshi:StarlightHoneymoonTherapyKiss","floor":41,"key":"SMITH"},{"data":"theSenshi:MoonKick","floor":46,"key":"SMITH"},{"floor":49,"key":"REST"}],"circlet_count":0,"master_deck":["theSenshi:SailorKick+1","theSenshi:SailorKick+1","theSenshi:SailorKick+1","theSenshi:SailorKick+1","theSenshi:SailorBlock+1","theSenshi:SailorBlock+1","theSenshi:SailorBlock+1","theSenshi:SailorBlock+1","theSenshi:RoseThrow+1","theSenshi:MoonPrismPowerMakeUp+1","Scorched","theSenshi:LunasBite+1","Freischutz","theSenshi:MoonsReflection+1","theSenshi:MoonKick+1","MeatLantern","theSenshi:MoonsReflection+1","FieryBird","theSenshi:MoonKick+1","Wellcheers","theSenshi:MoonCrystalPowerMakeUp+1","OSAHOGD","theSenshi:StarlightHoneymoonTherapyKiss+1","theSenshi:MoonPrincessHalation+1","OldLady","theSenshi:MoonCrystalPowerMakeUp+1","LaLuna","CENSORED","theSenshi:MoonKick+1","theSenshi:LunasBite+1","BeautyBeast","BlackArmy","theSenshi:LunasBite+1","theSenshi:MoonGorgeousMeditation+1","theSenshi:MoonsReflection+1","theSenshi:RainbowMoonHeartAche+1","theSenshi:MoonCrystalPowerMakeUp+1","RedShoes","theSenshi:RainbowMoonHeartAche+1","NakedNest","theSenshi:MoonCrystalPowerMakeUp+1","theSenshi:MoonKick+1","theSenshi:RainbowMoonHeartAche+1"],"relics":["theSenshi:TransformationBroochRelic","CogitoBucket","RabbitCall","LetterFromLob","Ring of Hypnosis","Ring of Fury","theSenshi:EternalTiareRelic","Replay:WaspNest","Pear","SoulBox","ChangeAnything","Strawberry","Omamori","theSenshi:CutieMoonRodRelic","LuminousBracelet","theSenshi:EternalSailorFukuRelic","Baka2","theSenshi:RedHairPiecesRelic","Red Mask","AtMidnight","HellTrain","RabbitCall","Orichalcum","HornCleat","Mark of the Bloom"],"acts_visited":["Exordium","TheCity","TheBeyond"],"potions_floor_usage":[33,33,45,50],"damage_taken":[{"damage":0,"enemies":"2 Louse","floor":1,"turns":3},{"damage":4,"enemies":"Jaw Worm","floor":4,"turns":2},{"damage":21,"enemies":"Cultist","floor":5,"turns":2},{"damage":29,"enemies":"Lagavulin","floor":6,"turns":5},{"damage":0,"enemies":"3 Louse","floor":8,"turns":3},{"damage":2,"enemies":"Replay:BlueRogue","floor":11,"turns":4},{"damage":7,"enemies":"Slime Boss","floor":16,"turns":6},{"damage":27,"enemies":"3 Byrds","floor":18,"turns":2},{"damage":16,"enemies":"Shell Parasite","floor":19,"turns":3},{"damage":16,"enemies":"3 Cultists","floor":20,"turns":3},{"damage":1,"enemies":"Cultist and Chosen","floor":21,"turns":3},{"damage":5,"enemies":"Centurion and Healer","floor":22,"turns":3},{"damage":35,"enemies":"Replay:Snechameleon","floor":25,"turns":3},{"damage":62,"enemies":"Snecko","floor":29,"turns":4},{"damage":50,"enemies":"3 Cultists","floor":31,"turns":4},{"damage":17,"enemies":"Automaton","floor":33,"turns":6},{"damage":7,"enemies":"Orb Walker","floor":35,"turns":3},{"damage":14,"enemies":"3 Darklings","floor":39,"turns":3},{"damage":11,"enemies":"Maw","floor":40,"turns":5},{"damage":30,"enemies":"R_Hoarder","floor":42,"turns":8},{"damage":4,"enemies":"Spire Growth","floor":45,"turns":4},{"damage":10,"enemies":"Jaw Worm Horde","floor":48,"turns":5},{"damage":221,"enemies":"Time Eater","floor":50,"turns":4}],"seed_played":"273619804026200607","potions_obtained":[{"floor":1,"key":"FearPotion"},{"floor":5,"key":"SneckoOil"},{"floor":8,"key":"GamblersBrew"},{"floor":18,"key":"CultistPotion"},{"floor":29,"key":"Regen Potion"},{"floor":33,"key":"AttackPotion"},{"floor":35,"key":"Toxic Potion"},{"floor":45,"key":"Weak Potion"}],"is_trial":false,"path_per_floor":["M","?","?","M","M","E","R","M","T","R","E","R","$","?","R","B",null,"M","M","M","M","M","R","$","E","T","?","R","M","R","M","R","B",null,"M","?","$","?","M","M","R","E","T","?","M","R","?","M","R","B"],"character_chosen":"THE_SENSHI","items_purchased":["theSenshi:MoonCrystalPowerMakeUp","Strawberry","theSenshi:RainbowMoonHeartAche","theSenshi:RedHairPiecesRelic","theSenshi:MoonCrystalPowerMakeUp"],"campfire_rested":6,"item_purchase_floors":[13,24,37,37,37],"current_hp_per_floor":[75,75,75,71,62,33,55,55,55,55,63,63,63,63,63,59,85,58,42,26,25,22,47,54,30,30,30,57,31,63,47,79,103,107,107,107,107,107,107,105,105,93,93,93,89,89,89,79,79,0,0],"gold":113,"neow_bonus":"","is_daily":false,"chose_seed":false,"campfire_upgraded":5,"win_rate":0.0,"timestamp":1611551581,"path_taken":["M","?","?","?","M","E","R","M","T","R","E","R","$","?","R","BOSS","M","?","?","?","M","R","$","E","T","?","R","M","R","M","R","BOSS","M","?","$","?","M","M","R","E","T","?","M","R","?","M","R","BOSS"],"items_purchased_type":["Card","Relic","Card","Relic","Card"],"build_version":"2020-12-22","purchased_purges":1,"victory":false,"max_hp_per_floor":[75,75,75,75,75,75,75,75,75,75,85,85,85,85,85,85,85,85,85,85,85,85,85,92,92,92,92,92,107,107,107,107,107,107,107,107,107,107,107,107,107,107,107,107,107,107,107,107,107,107,107],"card_choices":[{"not_picked":["OSAHOGD","MeatLantern"],"picked":"Scorched","floor":1},{"not_picked":["theSenshi:SailorMercuryAssists","theSenshi:EncouragingSpeech"],"picked":"theSenshi:LunasBite","floor":1},{"not_picked":["SpiderBud","PunishingBird"],"picked":"Freischutz","floor":4},{"not_picked":["theSenshi:SchoolBag","theSenshi:MoonPower"],"picked":"theSenshi:MoonsReflection","floor":4},{"not_picked":["theSenshi:SailorStarMakerAssists","theSenshi:SupersonicWaves"],"picked":"theSenshi:MoonKick","floor":5},{"not_picked":["OldLady","OSAHOGD"],"picked":"MeatLantern","floor":6},{"not_picked":["theSenshi:SailorStarMakerAssists","theSenshi:SchoolBag"],"picked":"theSenshi:MoonsReflection","floor":6},{"not_picked":["CherryBlossoms","FairyFestival"],"picked":"FieryBird","floor":8},{"not_picked":["theSenshi:MoonsReflection","theSenshi:SailorPlanetPower"],"picked":"theSenshi:MoonKick","floor":8},{"not_picked":["HappyTeddy","CherryBlossoms"],"picked":"Wellcheers","floor":11},{"not_picked":["theSenshi:SailorChibiMoonAssists","theSenshi:MoonPower","theSenshi:SailorNeptuneAssists"],"picked":"SKIP","floor":11},{"not_picked":["Bloodbath","LittlePrince"],"picked":"OSAHOGD","floor":16},{"not_picked":["theSenshi:MoonGorgeousMeditation","theSenshi:InTheNameOfTheMoon"],"picked":"theSenshi:StarlightHoneymoonTherapyKiss","floor":16},{"not_picked":["theSenshi:MoonTwilightFlash","theSenshi:SailorChibiMoonAssists+1"],"picked":"theSenshi:MoonPrincessHalation","floor":18},{"not_picked":["Bloodbath","BeautyBeast"],"picked":"OldLady","floor":19},{"not_picked":["theSenshi:SailorMercuryAssists","theSenshi:SailorMarsAssists+1"],"picked":"theSenshi:MoonCrystalPowerMakeUp","floor":19},{"not_picked":["PunishingBird","HeroicMonk"],"picked":"LaLuna","floor":20},{"not_picked":["theSenshi:UranusStrength","theSenshi:EncouragingSpeech"],"picked":"theSenshi:MoonPrincessHalation","floor":20},{"not_picked":["Scarecrow","RedShoes"],"picked":"CENSORED","floor":21},{"not_picked":["theSenshi:SailorMercuryAssists+1","theSenshi:NeptunesGrace","theSenshi:SailorUranusAssists"],"picked":"SKIP","floor":21},{"not_picked":["theSenshi:MoonPower+1","theSenshi:SchoolBag+1"],"picked":"theSenshi:MoonKick","floor":22},{"not_picked":["QueenBee","Porccubus"],"picked":"DespairKnight","floor":25},{"not_picked":["theSenshi:SupersonicWaves","theSenshi:TuxedoMaskAssists"],"picked":"theSenshi:LunasBite","floor":25},{"not_picked":["LittleHelper","BigBadWolf"],"picked":"BeautyBeast","floor":29},{"not_picked":["theSenshi:TuxedoSmokingBomber","theSenshi:SailorVenusAssists","theSenshi:MoonPower"],"picked":"SKIP","floor":29},{"not_picked":["Alriune","GreedKing"],"picked":"BlackArmy","floor":31},{"not_picked":["theSenshi:SchoolBag","theSenshi:MoonPower"],"picked":"theSenshi:LunasBite+1","floor":31},{"not_picked":["theSenshi:SailorStarHealerAssists","theSenshi:FatedKiss"],"picked":"theSenshi:MoonGorgeousMeditation","floor":33},{"not_picked":["theSenshi:SailorVenusAssists+1","theSenshi:SchoolBag"],"picked":"theSenshi:MoonsReflection","floor":35},{"not_picked":["Variant","Bloodbath"],"picked":"RedShoes","floor":39},{"not_picked":["theSenshi:MoonTiaraMagic+1","theSenshi:InTheNickOfTime+1"],"picked":"theSenshi:RainbowMoonHeartAche+1","floor":39},{"not_picked":["LittlePrince","BigBadWolf"],"picked":"NakedNest","floor":40},{"not_picked":["theSenshi:SailorMercuryAssists+1","theSenshi:SchoolBag+1","theSenshi:SailorStarFighterAssists"],"picked":"SKIP","floor":40},{"not_picked":["theSenshi:SailorUranusAssists","theSenshi:JupitersPower"],"picked":"theSenshi:MoonCrystalPowerMakeUp+1","floor":42},{"not_picked":["theSenshi:SchoolBag+1","theSenshi:Sidestep"],"picked":"theSenshi:MoonKick","floor":45},{"not_picked":["theSenshi:Overload+1","theSenshi:MoonCrystalPowerMakeUp"],"picked":"theSenshi:RainbowMoonHeartAche+1","floor":48}],"player_experience":305330,"relics_obtained":[{"floor":1,"key":"Baka"},{"floor":1,"key":"LetterFromLob"},{"floor":2,"key":"Ring of Hypnosis"},{"floor":2,"key":"Ring of Fury"},{"floor":6,"key":"theSenshi:EternalTiareRelic"},{"floor":9,"key":"Replay:WaspNest"},{"floor":11,"key":"Pear"},{"floor":25,"key":"Omamori"},{"floor":26,"key":"theSenshi:CutieMoonRodRelic"},{"floor":35,"key":"Baka2"},{"floor":40,"key":"AtMidnight"},{"floor":40,"key":"RabbitCall"},{"floor":42,"key":"Orichalcum"},{"floor":43,"key":"HornCleat"}],"event_choices":[{"damage_healed":0,"gold_gain":0,"player_choice":"Bought 0 Potions","damage_taken":0,"max_hp_gain":0,"max_hp_loss":0,"event_name":"The Woman in Blue","floor":3,"gold_loss":0},{"damage_healed":0,"gold_gain":0,"player_choice":"Ignored","damage_taken":0,"max_hp_gain":0,"max_hp_loss":0,"event_name":"Ghosts","floor":27,"gold_loss":0},{"damage_healed":0,"gold_gain":0,"player_choice":"Paid","damage_taken":0,"relics_obtained":["Red Mask"],"max_hp_gain":0,"max_hp_loss":0,"event_name":"Tomb of Lord Red Mask","floor":38,"gold_loss":87},{"damage_healed":0,"gold_gain":0,"player_choice":"Upgrade","damage_taken":0,"relics_obtained":["Mark of the Bloom"],"max_hp_gain":0,"max_hp_loss":0,"event_name":"MindBloom","floor":44,"gold_loss":0,"cards_upgraded":["theSenshi:SailorKick","theSenshi:SailorKick","theSenshi:SailorKick","theSenshi:SailorKick","theSenshi:SailorBlock","theSenshi:SailorBlock","theSenshi:SailorBlock","theSenshi:SailorBlock","theSenshi:RoseThrow","theSenshi:LunasBite","theSenshi:MoonsReflection","theSenshi:MoonsReflection","theSenshi:MoonPrincessHalation","theSenshi:MoonCrystalPowerMakeUp","theSenshi:MoonKick","theSenshi:LunasBite","theSenshi:MoonGorgeousMeditation","theSenshi:MoonsReflection","theSenshi:RainbowMoonHeartAche","theSenshi:MoonCrystalPowerMakeUp"]},{"damage_healed":0,"gold_gain":0,"player_choice":"Ignored","damage_taken":0,"max_hp_gain":0,"max_hp_loss":0,"event_name":"Mysterious Sphere","floor":47,"gold_loss":0}],"is_beta":false,"boss_relics":[{"not_picked":["Replay:Wanted Poster","Empty Cage"],"picked":"SoulBox"},{"not_picked":["EasyGame_NEW","theSenshi:MoonKaleidoScopeRelic"],"picked":"theSenshi:EternalSailorFukuRelic"}],"items_purged_floors":[13],"is_endless":false,"potions_floor_spawned":[1,5,8,18,21,29,33,35,40,45],"killed_by":"Time Eater","ascension_level":1}}