{"host":"x205naxbihvu3p76","time":1611585729,"event":{"mods":["AchievementEnabler","BaseMod","Minty Spire (QoL Compilation)","StSLib","SuperFastMode"],"gold_per_floor":[115,115,129,141,141,170,170,470,470,481,497,515,515,545,545,545,545],"floor_reached":16,"language":"KOR","playtime":221,"items_purged":[],"score":224,"play_id":"4ca53611-6abb-41a0-8395-3f6e39057f15","local_time":"20210125234209","is_ascension_mode":true,"campfire_choices":[{"floor":13,"key":"REST"},{"data":"Barrage","floor":15,"key":"SMITH"}],"circlet_count":0,"master_deck":["AscendersBane","Strike_B","Strike_B","Defend_B","Defend_B","Defend_B","Defend_B","Zap","Dualcast","Cold Snap","Ball Lightning","Barrage+1","Ball Lightning","Leap","Cold Snap+1"],"relics":["Cracked Core","NeowsBlessing","Ginger","Old Coin","Cables","Molten Egg 2"],"acts_visited":["Exordium"],"potions_floor_usage":[6,14,16],"damage_taken":[{"damage":0,"enemies":"2 Louse","floor":1,"turns":1},{"damage":0,"enemies":"Cultist","floor":3,"turns":1},{"damage":0,"enemies":"Jaw Worm","floor":4,"turns":1},{"damage":11,"enemies":"Gremlin Nob","floor":6,"turns":3},{"damage":4,"enemies":"Looter","floor":10,"turns":2},{"damage":9,"enemies":"Blue Slaver","floor":11,"turns":3},{"damage":9,"enemies":"2 Fungi Beasts","floor":12,"turns":2},{"damage":22,"enemies":"Lagavulin","floor":14,"turns":6},{"damage":28,"enemies":"Hexaghost","floor":16,"turns":9}],"seed_played":"-199616463756978069","potions_obtained":[{"floor":3,"key":"LiquidMemories"},{"floor":10,"key":"PotionOfCapacity"},{"floor":12,"key":"GamblersBrew"},{"floor":14,"key":"AttackPotion"}],"is_trial":false,"path_per_floor":["M","?","M","M","?","E","?","T","T","M","M","M","R","E","R","B"],"character_chosen":"DEFECT","items_purchased":[],"campfire_rested":1,"item_purchase_floors":[],"current_hp_per_floor":[64,64,64,64,57,46,46,46,46,42,33,24,45,23,23,0,0],"gold":545,"neow_bonus":"THREE_ENEMY_KILL","is_daily":false,"chose_seed":false,"campfire_upgraded":1,"win_rate":0.0,"timestamp":1611585729,"path_taken":["M","?","?","M","?","E","?","?","T","M","M","?","R","E","R","BOSS"],"items_purchased_type":[],"build_version":"2020-12-22","purchased_purges":0,"victory":false,"max_hp_per_floor":[71,71,71,71,71,71,71,71,71,71,71,71,71,71,71,71,71],"card_choices":[{"not_picked":["Go for the Eyes","Barrage"],"picked":"Cold Snap","floor":1},{"not_picked":["Stack","Compile Driver"],"picked":"Ball Lightning","floor":3},{"not_picked":["Gash","Coolheaded","Meteor Strike"],"picked":"SKIP","floor":4},{"not_picked":["Sweeping Beam","Conserve Battery"],"picked":"Barrage","floor":6},{"not_picked":["Steam","Streamline"],"picked":"Ball Lightning","floor":10},{"not_picked":["Streamline","FTL"],"picked":"Leap","floor":11},{"not_picked":["Ball Lightning","Reprogram","Sweeping Beam"],"picked":"SKIP","floor":12},{"not_picked":["Beam Cell+1","Undo"],"picked":"Cold Snap+1","floor":14}],"player_experience":996040,"relics_obtained":[{"floor":6,"key":"Ginger"},{"floor":8,"key":"Old Coin"},{"floor":9,"key":"Cables"},{"floor":14,"key":"Molten Egg 2"}],"event_choices":[{"cards_removed":["Strike_B"],"damage_healed":0,"gold_gain":0,"player_choice":"Purged","damage_taken":0,"max_hp_gain":0,"max_hp_loss":0,"event_name":"Purifier","floor":2,"gold_loss":0},{"cards_removed":["Strike_B"],"damage_healed":0,"gold_gain":0,"player_choice":"Card Removal","damage_taken":7,"max_hp_gain":0,"max_hp_loss":0,"event_name":"Golden Wing","floor":5,"gold_loss":0},{"damage_healed":0,"gold_gain":0,"player_choice":"Ignored","damage_taken":0,"max_hp_gain":0,"max_hp_loss":0,"event_name":"Shining Light","floor":7,"gold_loss":0}],"is_beta":false,"boss_relics":[],"items_purged_floors":[],"is_endless":false,"potions_floor_spawned":[3,10,12,14],"killed_by":"Hexaghost","ascension_level":20}}