{"host":"by9nexv7bw8pfn7u","time":1611595133,"event":{"mods":["BaseMod","Colored Powertips","Downfall","GifTheSpireLib","Minty Spire (QoL Compilation)","Random Character Button","StSLib","Unceasing Turn Reminder"],"gold_per_floor":[99,113,113,113,123,55,55,40,53,70,70,134,34,47,60,163,163,163,178,178,188,205,115,115,62,77,91,105,5,32,45,55,158,158,58,109,123,123,136,136,162,10,10,10,10,38,38,61,73,73,73,73,73,73],"floor_reached":52,"language":"ENG","playtime":3127,"items_purged":["downfall:Malfunctioning","bronze:Strike"],"score":668,"play_id":"e6cf3223-097c-4069-afed-54a0fea0f0fb","local_time":"20210125181853","is_ascension_mode":false,"campfire_choices":[{"floor":1,"key":"RECALL"},{"data":"bronze:WhirlingStrike","floor":11,"key":"SMITH"},{"data":"bronze:DelayedSlice","floor":13,"key":"SMITH"},{"data":"bronze:Mutator","floor":18,"key":"SMITH"},{"data":"bronze:Format","floor":29,"key":"SMITH"},{"data":"bronze:OilSpill","floor":35,"key":"SMITH"},{"data":"bronze:Overheat","floor":40,"key":"SMITH"},{"data":"bronze:Assembly","floor":45,"key":"SMITH"}],"circlet_count":0,"master_deck":["bronze:Strike","bronze:Strike","bronze:Strike","bronze:Defend","bronze:Defend+1","bronze:Defend","bronze:Defend+1","bronze:Replicate+1","bronze:Goto","bronze:OilSpill+1","bronze:Replicate+1","bronze:DelayedGuard","bronze:Overheat+1","bronze:WhirlingStrike+1","bronze:Repair","bronze:Mutator+1","bronze:NullPointer","bronze:DelayedSlice+1","bronze:Format+1","bronze:ForceShield+1","bronze:Iterate","bronze:Fortify","bronze:Backtrace+1","bronze:Repair","bronze:DelayedSlice+1","bronze:Return+1","bronze:Assembly+1","bronze:ForLoop","bronze:Safeguard+1","bronze:AlphaBuild","Parasite"],"relics":["bronze:BronzeCore","Bottled Flame","TungstenRod","downfall:HeartBlessingRed","Coffee Dripper","Chemical X","Juzu Bracelet","downfall:HeartBlessingBlue","Orichalcum","Black Star","downfall:HeartBlessingGreen","bronze:SilverBullet","bronze:BottledCode","CeramicFish","PreservedInsect","Toxic Egg 2"],"acts_visited":["Exordium","TheCity","TheBeyond","TheEnding"],"potions_floor_usage":[16,22,22,30,30,46,46],"damage_taken":[{"damage":0,"enemies":"Small Slimes","floor":2,"turns":3},{"damage":0,"enemies":"Jaw Worm","floor":5,"turns":2},{"damage":0,"enemies":"downfall:FleeingMerchant","floor":6,"turns":4},{"damage":10,"enemies":"downfall:FleeingMerchant","floor":8,"turns":4},{"damage":0,"enemies":"Cultist","floor":9,"turns":2},{"damage":4,"enemies":"Red Slaver","floor":10,"turns":4},{"damage":26,"enemies":"Gremlin Nob","floor":12,"turns":4},{"damage":0,"enemies":"Gremlin Gang","floor":14,"turns":1},{"damage":0,"enemies":"Large Slime","floor":15,"turns":2},{"damage":3,"enemies":"IC_STATUS_ARCHETYPE","floor":16,"turns":7},{"damage":0,"enemies":"Chosen","floor":19,"turns":3},{"damage":10,"enemies":"Shell Parasite","floor":21,"turns":5},{"damage":24,"enemies":"Snecko","floor":22,"turns":5},{"damage":15,"enemies":"downfall:FleeingMerchant","floor":23,"turns":4},{"damage":16,"enemies":"downfall:FleeingMerchant","floor":25,"turns":3},{"damage":10,"enemies":"Centurion and Healer","floor":26,"turns":4},{"damage":0,"enemies":"Chosen and Byrds","floor":27,"turns":5},{"damage":0,"enemies":"Cultist and Chosen","floor":28,"turns":4},{"damage":8,"enemies":"Slavers","floor":30,"turns":4},{"damage":10,"enemies":"Shelled Parasite and Fungi","floor":31,"turns":2},{"damage":0,"enemies":"3 Cultists","floor":32,"turns":2},{"damage":1,"enemies":"DF_ARCHETYPE_CLAW","floor":33,"turns":9},{"damage":0,"enemies":"3 Shapes","floor":37,"turns":1},{"damage":3,"enemies":"Orb Walker","floor":39,"turns":3},{"damage":27,"enemies":"Transient","floor":46,"turns":5},{"damage":6,"enemies":"Writhing Mass","floor":48,"turns":7},{"damage":0,"enemies":"Sphere and 2 Shapes","floor":49,"turns":3},{"damage":18,"enemies":"SI_POISON_ARCHETYPE","floor":50,"turns":22},{"damage":134,"enemies":"downfall:CharBossMerchant","floor":52,"turns":8}],"seed_played":"-3517634738677821296","potions_obtained":[{"floor":9,"key":"PowerPotion"},{"floor":10,"key":"PowerPotion"},{"floor":14,"key":"ColorlessPotion"},{"floor":15,"key":"Block Potion"},{"floor":16,"key":"Explosive Potion"},{"floor":26,"key":"bronze:BurnAndBuffPotion"},{"floor":27,"key":"sneckomod:MuddlingPotion"},{"floor":28,"key":"Regen Potion"},{"floor":30,"key":"Strength Potion"},{"floor":37,"key":"SneckoOil"}],"is_trial":false,"path_per_floor":["R","M","?","?","M","$","T","$","M","M","R","?","R","M","M","B",null,"R","M","?","M","M","$","T","$","M","M","M","R","E","M","M","B",null,"R","T","M","?","M","R","T","$","?","?","R","M","?","M","M","B",null,"E"],"character_chosen":"THE_AUTOMATON","items_purchased":["bronze:WhirlingStrike","Chemical X","Juzu Bracelet","PreservedInsect"],"campfire_rested":0,"item_purchase_floors":[6,25,25,42],"current_hp_per_floor":[77,77,77,77,77,77,77,67,67,70,70,51,51,51,51,55,77,77,77,77,74,50,42,42,33,30,37,44,54,65,55,55,68,87,87,87,87,77,77,77,77,77,77,77,77,50,50,77,77,61,77,0,0,0],"gold":73,"neow_bonus":"TEN_PERCENT_HP_BONUS","is_daily":false,"chose_seed":false,"campfire_upgraded":7,"win_rate":0.0,"timestamp":1611595133,"path_taken":["R","M","?","?","?","?","T","$","M","?","R","?","R","M","M","BOSS","R","M","?","M","?","$","T","$","M","M","M","R","E","M","M","BOSS","R","?","M","?","M","R","T","$","?","?","R","M","?","M","M","BOSS","E"],"items_purchased_type":["Card","Relic","Relic","Relic"],"build_version":"2020-12-22","purchased_purges":2,"victory":false,"max_hp_per_floor":[77,77,77,77,77,77,77,77,77,77,77,77,77,77,77,77,77,77,77,77,77,77,77,77,77,77,77,77,87,87,87,87,87,87,87,87,87,77,77,77,77,77,77,77,77,77,77,77,77,77,77,77,77,77],"card_choices":[{"not_picked":["bronze:Turbo","bronze:FineTuning"],"picked":"bronze:OilSpill","floor":2},{"not_picked":["bronze:Fortify","bronze:BuggyMess"],"picked":"bronze:DelayedGuard","floor":5},{"not_picked":["bronze:BuggyMess","bronze:Allocate"],"picked":"bronze:Overheat","floor":6},{"not_picked":["bronze:WhirlingStrike","bronze:Deprecate"],"picked":"bronze:Repair","floor":8},{"not_picked":["bronze:Overheat","bronze:WildBeam"],"picked":"bronze:Mutator","floor":9},{"not_picked":["bronze:BitShift","bronze:FineTuning"],"picked":"bronze:NullPointer","floor":10},{"not_picked":["bronze:MaxOutput","bronze:WhirlingStrike"],"picked":"bronze:DelayedSlice","floor":12},{"not_picked":["bronze:BitShift","bronze:ShipIt","bronze:Flail"],"picked":"SKIP","floor":14},{"not_picked":["bronze:Invalidate","bronze:Turbo","bronze:BronzeOrb"],"picked":"SKIP","floor":15},{"not_picked":["bronze:RecursiveStrike","bronze:FindAndReplace"],"picked":"bronze:Format","floor":16},{"not_picked":["bronze:DarkDash","bronze:Branch"],"picked":"bronze:ForceShield+1","floor":19},{"not_picked":["bronze:Deprecate","bronze:CutThrough"],"picked":"bronze:Iterate","floor":21},{"not_picked":["bronze:ChosenStrike","bronze:Turbo"],"picked":"bronze:Fortify","floor":22},{"not_picked":["bronze:Invalidate","bronze:Shield+1"],"picked":"bronze:Backtrace+1","floor":23},{"not_picked":["bronze:WildBeam","bronze:DelayedGuard","bronze:Frontload"],"picked":"SKIP","floor":25},{"not_picked":["bronze:DelayedSlice","bronze:Mutator"],"picked":"bronze:Repair","floor":26},{"not_picked":["bronze:DigitalCarnage","bronze:DelayedGuard+1","bronze:BuggyMess"],"picked":"SKIP","floor":27},{"not_picked":["bronze:FineTuning","bronze:Philosophize+1"],"picked":"bronze:DelayedSlice+1","floor":28},{"not_picked":["bronze:BronzeOrb","bronze:SpaghettiCode"],"picked":"bronze:Return+1","floor":30},{"not_picked":["bronze:DelayedSlice+1","bronze:BugBarrage+1","bronze:Branch+1"],"picked":"SKIP","floor":31},{"not_picked":["bronze:Shield","bronze:Safeguard","bronze:Branch"],"picked":"SKIP","floor":32},{"not_picked":["bronze:ShipIt","bronze:Format"],"picked":"bronze:Assembly","floor":33},{"not_picked":["bronze:Repair+1","bronze:FineTuning"],"picked":"bronze:ForLoop","floor":37},{"not_picked":["bronze:Flail","bronze:Invalidate+1"],"picked":"bronze:Safeguard+1","floor":39},{"not_picked":["bronze:BitShift+1","bronze:Frontload"],"picked":"bronze:AlphaBuild","floor":46},{"not_picked":["bronze:DigitalCarnage+1","bronze:BronzeArmor+1","bronze:WildBeam+1"],"picked":"SKIP","floor":48},{"not_picked":["bronze:Boost+1","bronze:BugBarrage","bronze:Branch+1"],"picked":"SKIP","floor":49}],"player_experience":1056991,"relics_obtained":[{"floor":7,"key":"Bottled Flame"},{"floor":12,"key":"TungstenRod"},{"floor":30,"key":"Orichalcum"},{"floor":36,"key":"bronze:SilverBullet"},{"floor":41,"key":"CeramicFish"},{"floor":47,"key":"Toxic Egg 2"}],"event_choices":[{"damage_healed":0,"gold_gain":0,"player_choice":"Ignored","damage_taken":0,"max_hp_gain":0,"max_hp_loss":0,"event_name":"NoteForYourself","floor":43,"gold_loss":0},{"damage_healed":0,"gold_gain":0,"player_choice":"Relic","damage_taken":0,"max_hp_gain":0,"max_hp_loss":0,"event_name":"Wheel of Change","floor":47,"gold_loss":0}],"is_beta":false,"boss_relics":[{"not_picked":["Runic Dome","Snecko Eye"],"picked":"Coffee Dripper"},{"not_picked":["bronze:PlatinumCore","Busted Crown"],"picked":"Black Star"}],"items_purged_floors":[23,25],"is_endless":false,"potions_floor_spawned":[9,10,14,15,16,26,27,28,30,37,39],"killed_by":"downfall:CharBossMerchant","ascension_level":0}}