{"host":"aqym1xxr3lb31d9m","time":1611587375,"event":{"mods":["BaseMod","Block Reminder","Colored Map","Colored Powertips","DeckTracker","Highlight Path","Minty Spire (QoL Compilation)","Quick Restart","Random Character Button","StSLib","SuperFastMode","UnlockEverythingMod"],"gold_per_floor":[11,11,11,36,54,54,130,11,11,11,25,25,25,44,44,140,140,154,167,128,128,128,128],"floor_reached":22,"language":"JPN","playtime":708,"items_purged":[],"score":348,"play_id":"877c45fb-cffa-489b-87dc-8dacd98520bf","local_time":"20210126000935","is_ascension_mode":true,"campfire_choices":[{"data":"Cold Snap","floor":6,"key":"SMITH"},{"data":"Chaos","floor":10,"key":"SMITH"},{"data":"Defragment","floor":12,"key":"SMITH"},{"data":"Rainbow","floor":15,"key":"SMITH"}],"circlet_count":0,"master_deck":["AscendersBane","Strike_B+1","Strike_B+1","Strike_B+1","Defend_B+1","Defend_B+1","Defend_B+1","Defend_B+1","Zap","Dualcast","Gash","Capacitor","Genetic Algorithm","Cold Snap+1","Sweeping Beam","Defragment+1","Chaos+1","Gash","Rainbow+1","Glacier","Electrodynamics","CurseOfTheBell","Turbo","Redo+1","Capacitor"],"relics":["Cracked Core","Du-Vu Doll","Golden Idol","Ornamental Fan","Calling Bell","Juzu Bracelet","Eternal Feather","Peace Pipe"],"acts_visited":["Exordium","TheCity"],"potions_floor_usage":[7,16,22],"damage_taken":[{"damage":3,"enemies":"Small Slimes","floor":1,"turns":4},{"damage":3,"enemies":"2 Louse","floor":4,"turns":2},{"damage":0,"enemies":"Cultist","floor":5,"turns":4},{"damage":16,"enemies":"3 Sentries","floor":7,"turns":6},{"damage":7,"enemies":"Blue Slaver","floor":11,"turns":3},{"damage":2,"enemies":"2 Fungi Beasts","floor":14,"turns":3},{"damage":8,"enemies":"The Guardian","floor":16,"turns":12},{"damage":28,"enemies":"3 Byrds","floor":18,"turns":5},{"damage":1,"enemies":"Chosen","floor":19,"turns":6},{"damage":35,"enemies":"Shelled Parasite and Fungi","floor":22,"turns":3}],"seed_played":"-9191176998171529500","potions_obtained":[{"floor":4,"key":"Explosive Potion"},{"floor":7,"key":"FocusPotion"},{"floor":11,"key":"Regen Potion"},{"floor":19,"key":"PowerPotion"}],"is_trial":false,"path_per_floor":["M","?","?","M","M","R","?","$","T","R","M","R","?","M","R","B",null,"M","M","$","?","M"],"character_chosen":"DEFECT","items_purchased":["Defragment","Chaos","Capacitor"],"campfire_rested":0,"item_purchase_floors":[8,8,20],"current_hp_per_floor":[61,37,37,34,34,34,18,18,18,18,11,11,11,9,9,16,57,29,28,28,28,0,0],"gold":128,"neow_bonus":"ONE_RARE_RELIC","is_daily":false,"chose_seed":false,"campfire_upgraded":4,"win_rate":0.0,"timestamp":1611587375,"path_taken":["M","?","?","?","M","R","?","$","T","R","M","R","?","M","R","BOSS","M","M","$","?","M"],"items_purchased_type":["Card","Card","Card"],"build_version":"2020-12-22","purchased_purges":0,"victory":false,"max_hp_per_floor":[71,71,71,71,71,71,71,71,71,71,71,71,71,71,71,71,71,71,71,71,71,71,71],"card_choices":[{"not_picked":["Coolheaded","Aggregate"],"picked":"Gash","floor":1},{"not_picked":["Redo","Aggregate"],"picked":"Genetic Algorithm","floor":4},{"not_picked":["Beam Cell","Reinforced Body"],"picked":"Cold Snap","floor":5},{"not_picked":["Steam Power","Lockon"],"picked":"Sweeping Beam","floor":7},{"not_picked":["Blizzard","Reprogram"],"picked":"Gash","floor":11},{"not_picked":["FTL","Barrage"],"picked":"Glacier","floor":14},{"not_picked":["Reboot","Seek"],"picked":"Electrodynamics","floor":16},{"not_picked":["Compile Driver","Coolheaded"],"picked":"Turbo","floor":18},{"not_picked":["Melter","Streamline"],"picked":"Redo+1","floor":19}],"player_experience":4056313,"relics_obtained":[{"floor":7,"key":"Ornamental Fan"},{"floor":17,"key":"Juzu Bracelet"},{"floor":17,"key":"Eternal Feather"},{"floor":17,"key":"Peace Pipe"}],"event_choices":[{"damage_healed":0,"gold_gain":0,"player_choice":"Take Damage","damage_taken":24,"relics_obtained":["Golden Idol"],"max_hp_gain":0,"max_hp_loss":0,"event_name":"Golden Idol","floor":2,"gold_loss":0},{"damage_healed":0,"gold_gain":0,"cards_transformed":["Strike_B"],"player_choice":"Transformed","damage_taken":0,"max_hp_gain":0,"max_hp_loss":0,"event_name":"Transmorgrifier","floor":3,"gold_loss":0,"cards_obtained":["Capacitor"]},{"damage_healed":0,"gold_gain":0,"player_choice":"Searched \u00271\u0027 times","damage_taken":0,"max_hp_gain":0,"max_hp_loss":0,"event_name":"Dead Adventurer","floor":7,"gold_loss":0},{"damage_healed":0,"gold_gain":0,"player_choice":"1 cards matched","damage_taken":0,"max_hp_gain":0,"max_hp_loss":0,"event_name":"Match and Keep!","floor":13,"gold_loss":0,"cards_obtained":["Rainbow"]},{"damage_healed":0,"gold_gain":0,"player_choice":"Simplicity","damage_taken":0,"max_hp_gain":0,"max_hp_loss":0,"event_name":"Back to Basics","floor":21,"gold_loss":0,"cards_upgraded":["Strike_B","Strike_B","Strike_B","Defend_B","Defend_B","Defend_B","Defend_B"]}],"is_beta":false,"boss_relics":[{"not_picked":["Philosopher\u0027s Stone","Inserter"],"picked":"Calling Bell"}],"items_purged_floors":[],"is_endless":false,"potions_floor_spawned":[4,7,11,19],"killed_by":"Shelled Parasite and Fungi","ascension_level":20}}