{"host":"l1ihaotq1cxp1b6b","time":1611590741,"event":{"mods":["AchievementEnabler","BaseMod","Colored Map","Custom Start","DeckTracker","Minty Spire (QoL Compilation)","StSLib","SuperFastMode","everything is the same but u backflip on backflip"],"gold_per_floor":[112,112,125,55,1,1,21,62,85,85,10,10,10,10,10,131,131,149,162,178,178,198,198,198,198,198,198,213,213,226,226,226,346,346,362,695,708,725,99,99,126,126,178,205,40,50,61,73,73,73,73],"floor_reached":50,"language":"KOR","playtime":1535,"items_purged":["Strike_G","Strike_G"],"score":788,"play_id":"eecd733e-b89c-4d07-bfa4-fe9a6fc64a04","local_time":"20210126010541","is_ascension_mode":true,"campfire_choices":[{"data":"Blade Dance","floor":6.0,"key":"SMITH"},{"floor":10.0,"key":"REST"},{"floor":12.0,"key":"REST"},{"data":"Bouncing Flask","floor":15.0,"key":"SMITH"},{"floor":23.0,"key":"REST"},{"data":"Adrenaline","floor":25.0,"key":"SMITH"},{"data":"Blade Dance","floor":27.0,"key":"SMITH"},{"data":"Neutralize","floor":29.0,"key":"SMITH"},{"data":"Adrenaline","floor":32.0,"key":"SMITH"},{"floor":40.0,"key":"REST"},{"data":"Tactician","floor":42.0,"key":"SMITH"},{"floor":49.0,"key":"REST"}],"circlet_count":0,"master_deck":["AscendersBane","Defend_G","Defend_G","Defend_G","Survivor","Neutralize+1","Deflect","Dash","Blade Dance+1","Reflex","Quick Slash","Bouncing Flask+1","Adrenaline+1","Blade Dance+1","Backstab","Tools of the Trade","Choke","Adrenaline+1","Caltrops","A Thousand Cuts","Accuracy","Well Laid Plans+1","Adrenaline+1","Tactician+1","Cloak And Dagger+1","Apotheosis","Reflex+1"],"relics":["Ring of the Snake","Regal Pillow","Ancient Tea Set","Potion Belt","WristBlade","StrikeDummy","Empty Cage","DollysMirror","Vajra","Blood Vial","Darkstone Periapt","MealTicket","Smiling Mask"],"acts_visited":["Exordium","TheCity","TheBeyond"],"potions_floor_usage":[50,50],"damage_taken":[{"damage":0.0,"enemies":"2 Louse","floor":1.0,"turns":4.0},{"damage":2.0,"enemies":"Jaw Worm","floor":3.0,"turns":5.0},{"damage":2.0,"enemies":"Cultist","floor":7.0,"turns":4.0},{"damage":39.0,"enemies":"Gremlin Nob","floor":8.0,"turns":5.0},{"damage":43.0,"enemies":"Hexaghost","floor":16.0,"turns":8.0},{"damage":0.0,"enemies":"Chosen","floor":18.0,"turns":4.0},{"damage":14.0,"enemies":"Shell Parasite","floor":19.0,"turns":4.0},{"damage":13.0,"enemies":"Snake Plant","floor":20.0,"turns":4.0},{"damage":21.0,"enemies":"Sentry and Sphere","floor":22.0,"turns":4.0},{"damage":4.0,"enemies":"Cultist and Chosen","floor":28.0,"turns":3.0},{"damage":2.0,"enemies":"Chosen and Byrds","floor":30.0,"turns":3.0},{"damage":36.0,"enemies":"Champ","floor":33.0,"turns":9.0},{"damage":0.0,"enemies":"Orb Walker","floor":35.0,"turns":2.0},{"damage":14.0,"enemies":"3 Shapes","floor":37.0,"turns":3.0},{"damage":13.0,"enemies":"3 Darklings","floor":38.0,"turns":4.0},{"damage":6.0,"enemies":"Giant Head","floor":41.0,"turns":5.0},{"damage":14.0,"enemies":"Reptomancer","floor":44.0,"turns":4.0},{"damage":6.0,"enemies":"Transient","floor":46.0,"turns":5.0},{"damage":26.0,"enemies":"Spire Growth","floor":47.0,"turns":4.0},{"damage":12.0,"enemies":"Jaw Worm Horde","floor":48.0,"turns":4.0},{"damage":68,"enemies":"Time Eater","floor":50,"turns":4}],"seed_played":"-6326861904685485447","potions_obtained":[{"floor":1.0,"key":"SpeedPotion"},{"floor":8.0,"key":"CultistPotion"},{"floor":16.0,"key":"SteroidPotion"},{"floor":19.0,"key":"SpeedPotion"},{"floor":22.0,"key":"Dexterity Potion"},{"floor":33.0,"key":"Regen Potion"},{"floor":35.0,"key":"AttackPotion"},{"floor":44.0,"key":"SkillPotion"},{"floor":46.0,"key":"CunningPotion"}],"is_trial":false,"path_per_floor":["M","?","M","$","?","R","M","E","T","R","$","R","?","$","R","B",null,"M","M","M","?","M","R","?","R","T","R","M","R","M","?","R","B",null,"M","?","M","M","$","R","E","R","T","E","$","M","M","M","R","B"],"character_chosen":"THE_SILENT","items_purchased":["Reflex","DollysMirror","Vajra","Tactician","Blood Vial","Apotheosis"],"campfire_rested":5,"item_purchase_floors":[4,39,39,39,39,45],"current_hp_per_floor":[63,46,44,44,44,44,42,3,3,39,39,70,63,63,63,20,58,58,44,31,31,10,46,46,46,46,46,42,42,40,40,40,4,54,54,54,40,32,32,68,64,64,64,52,67,63,39,29,65,0,0],"gold":73,"neow_bonus":"THREE_CARDS","is_daily":false,"chose_seed":false,"campfire_upgraded":7,"win_rate":0.0,"timestamp":1611590741,"path_taken":["M","?","M","$","?","R","?","E","T","R","?","R","?","$","R","BOSS","M","M","M","?","?","R","?","R","T","R","M","R","M","?","R","BOSS","M","?","M","M","$","R","E","R","T","E","$","M","M","M","R","BOSS"],"items_purchased_type":["Card","Relic","Relic","Card","Relic","Card"],"build_version":"2020-12-22","purchased_purges":2,"victory":false,"max_hp_per_floor":[70,70,70,70,70,70,70,70,70,70,70,70,70,70,70,70,70,70,70,70,70,70,70,70,70,70,70,70,70,70,70,70,70,70,70,70,70,70,70,70,70,70,70,70,70,70,70,70,70,70,70],"card_choices":[{"not_picked":["Bane","Sucker Punch"],"picked":"Deflect","floor":0.0},{"not_picked":["PiercingWail","Well Laid Plans"],"picked":"Dash","floor":1.0},{"not_picked":["Sucker Punch","Tactician"],"picked":"Blade Dance","floor":3.0},{"not_picked":["Slice","Poisoned Stab"],"picked":"Quick Slash","floor":7.0},{"not_picked":["Flechettes","Flying Knee"],"picked":"Bouncing Flask","floor":8.0},{"not_picked":["Grand Finale","Phantasmal Killer"],"picked":"Adrenaline","floor":16.0},{"not_picked":["Outmaneuver","Footwork"],"picked":"Blade Dance","floor":18.0},{"not_picked":["Dodge and Roll","Setup"],"picked":"Backstab","floor":19.0},{"not_picked":["Endless Agony","Outmaneuver","Quick Slash+1"],"picked":"SKIP","floor":20.0},{"not_picked":["Poisoned Stab","Choke","Bane+1"],"picked":"SKIP","floor":22.0},{"not_picked":["Quick Slash+1","Bane","Flechettes+1"],"picked":"SKIP","floor":28.0},{"not_picked":["Outmaneuver+1","Quick Slash","Riddle With Holes+1"],"picked":"SKIP","floor":30.0},{"not_picked":["Tools of the Trade","Corpse Explosion"],"picked":"A Thousand Cuts","floor":33.0},{"not_picked":["Bane","Footwork"],"picked":"Accuracy","floor":35.0},{"not_picked":["Masterful Stab+1","Skewer+1","Predator+1"],"picked":"SKIP","floor":37.0},{"not_picked":["Reflex+1","Sucker Punch"],"picked":"Well Laid Plans+1","floor":38.0},{"not_picked":["Phantasmal Killer","Deadly Poison+1"],"picked":"Cloak And Dagger+1","floor":41.0},{"not_picked":["Underhanded Strike+1","Deflect","Outmaneuver+1"],"picked":"SKIP","floor":44.0},{"not_picked":["Deflect+1","Endless Agony"],"picked":"Reflex+1","floor":46.0},{"not_picked":["Tactician","Dagger Spray","Deadly Poison+1"],"picked":"SKIP","floor":47.0},{"not_picked":["Sucker Punch+1","Die Die Die","Underhanded Strike"],"picked":"SKIP","floor":48.0}],"player_experience":537482,"relics_obtained":[{"floor":8.0,"key":"Ancient Tea Set"},{"floor":9.0,"key":"Potion Belt"},{"floor":26.0,"key":"StrikeDummy"},{"floor":41.0,"key":"Darkstone Periapt"},{"floor":43.0,"key":"MealTicket"},{"floor":44.0,"key":"Smiling Mask"}],"event_choices":[{"damage_healed":0.0,"max_hp_gain":0.0,"max_hp_loss":0.0,"gold_gain":0.0,"event_name":"Golden Idol","player_choice":"Take Damage","floor":2.0,"gold_loss":0.0,"damage_taken":17.0,"relics_obtained":["Golden Idol"]},{"damage_healed":0.0,"max_hp_gain":0.0,"max_hp_loss":0.0,"gold_gain":0.0,"event_name":"WeMeetAgain","player_choice":"Paid Gold","floor":5.0,"gold_loss":54.0,"damage_taken":0.0,"relics_obtained":["Regal Pillow"]},{"cards_removed":["Defend_G"],"damage_healed":0.0,"max_hp_gain":0.0,"max_hp_loss":0.0,"gold_gain":0.0,"event_name":"Golden Wing","player_choice":"Card Removal","floor":13.0,"gold_loss":0.0,"damage_taken":7.0},{"damage_healed":0.0,"max_hp_gain":0.0,"max_hp_loss":0.0,"gold_gain":0.0,"event_name":"Match and Keep!","player_choice":"2 cards matched","floor":21.0,"gold_loss":0.0,"damage_taken":0.0,"cards_obtained":["Tools of the Trade","Choke"]},{"damage_healed":0.0,"max_hp_gain":0.0,"max_hp_loss":0.0,"gold_gain":0.0,"event_name":"Vampires","player_choice":"Ignored","floor":24.0,"gold_loss":0.0,"damage_taken":0.0},{"damage_healed":0.0,"max_hp_gain":0.0,"max_hp_loss":0.0,"gold_gain":0.0,"cards_transformed":["Strike_G","Defend_G"],"event_name":"Drug Dealer","player_choice":"Became Test Subject","floor":31.0,"gold_loss":0.0,"damage_taken":0.0,"cards_obtained":["Adrenaline","Caltrops"]},{"damage_healed":0.0,"max_hp_gain":0.0,"max_hp_loss":0.0,"gold_gain":333.0,"event_name":"The Moai Head","player_choice":"Gave Idol","floor":36.0,"relics_lost":["Golden Idol"],"gold_loss":0.0,"damage_taken":0.0}],"is_beta":false,"boss_relics":[{"not_picked":["Runic Pyramid","Velvet Choker"],"picked":"WristBlade"},{"not_picked":["Runic Dome","Coffee Dripper"],"picked":"Empty Cage"}],"items_purged_floors":[11,39],"is_endless":false,"potions_floor_spawned":[1,8,16,19,22,33,35,44,46],"killed_by":"Time Eater","ascension_level":10}}