{"host":"jamssmsqejojhke5","time":1611544273,"event":{"mods":["BaseMod","Minty Spire (QoL Compilation)","StSLib","SuperFastMode"],"gold_per_floor":[112,112,124,124,134,162,178,178,178,211,230,158,89,99,99,200,200,220,238,238,238],"floor_reached":20,"language":"ENG","playtime":1345,"items_purged":[],"score":186,"play_id":"3c168e95-f93f-4d02-a7e5-3d940d7ed554","local_time":"20210124191113","is_ascension_mode":false,"campfire_choices":[{"floor":8,"key":"REST"},{"floor":15,"key":"REST"}],"circlet_count":0,"master_deck":["Strike_R","Strike_R","Strike_R","Strike_R","Strike_R","Defend_R","Defend_R","Defend_R","Defend_R","Bash","Cleave","Rampage+1","Infernal Blade","Evolve","Bludgeon+1","Cleave+1","Rupture","Whirlwind+1","Iron Wave+1","Limit Break","Pommel Strike+1","Fire Breathing"],"relics":["Burning Blood","Smiling Mask","Molten Egg 2","Torii","Black Star"],"acts_visited":["Exordium","TheCity"],"potions_floor_usage":[10,16],"damage_taken":[{"damage":14,"enemies":"Jaw Worm","floor":1,"turns":5},{"damage":1,"enemies":"Cultist","floor":3,"turns":4},{"damage":8,"enemies":"2 Louse","floor":5,"turns":3},{"damage":24,"enemies":"Gremlin Nob","floor":6,"turns":4},{"damage":8,"enemies":"2 Fungi Beasts","floor":7,"turns":4},{"damage":30,"enemies":"3 Sentries","floor":10,"turns":6},{"damage":10,"enemies":"Large Slime","floor":11,"turns":4},{"damage":9,"enemies":"Red Slaver","floor":14,"turns":3},{"damage":65,"enemies":"The Guardian","floor":16,"turns":11},{"damage":21,"enemies":"Spheric Guardian","floor":18,"turns":4},{"damage":42,"enemies":"Shell Parasite","floor":19,"turns":7},{"damage":36,"enemies":"Snecko","floor":20,"turns":6}],"seed_played":"-397204905718731660","potions_obtained":[{"floor":5,"key":"LiquidBronze"},{"floor":11,"key":"Energy Potion"},{"floor":16,"key":"ElixirPotion"}],"is_trial":true,"path_per_floor":["M","$","M","?","M","E","M","R","T","E","M","$","$","M","R","B",null,"M","M","M"],"character_chosen":"IRONCLAD","items_purchased":["Rupture","Whirlwind+1"],"campfire_rested":2,"item_purchase_floors":[12,13],"current_hp_per_floor":[72,72,77,77,75,57,55,79,79,55,51,51,51,48,72,13,80,65,29,0,0],"gold":238,"neow_bonus":"","is_daily":false,"chose_seed":false,"campfire_upgraded":0,"win_rate":0.0,"timestamp":1611544273,"path_taken":["M","$","M","?","?","E","M","R","T","E","M","?","$","M","R","BOSS","M","M","M"],"items_purchased_type":["Card","Card"],"build_version":"2020-12-22","purchased_purges":0,"victory":false,"max_hp_per_floor":[80,80,80,80,80,80,80,80,80,80,80,80,80,80,80,80,80,80,80,80,80],"card_choices":[{"not_picked":["Hemokinesis","Perfected Strike"],"picked":"Cleave","floor":1},{"not_picked":["Havoc","Sword Boomerang"],"picked":"Rampage","floor":3},{"not_picked":["Blood for Blood","Feel No Pain"],"picked":"Infernal Blade","floor":5},{"not_picked":["Perfected Strike","Wild Strike","Power Through"],"picked":"SKIP","floor":6},{"not_picked":["Perfected Strike","Power Through"],"picked":"Evolve","floor":7},{"not_picked":["Clash+1","Wild Strike+1"],"picked":"Bludgeon+1","floor":10},{"not_picked":["Pummel+1","Dark Embrace"],"picked":"Cleave+1","floor":11},{"not_picked":["Armaments","Perfected Strike+1"],"picked":"Iron Wave+1","floor":14},{"not_picked":["Berserk","Offering"],"picked":"Limit Break","floor":16},{"not_picked":["Perfected Strike+1","Wild Strike+1"],"picked":"Pommel Strike+1","floor":18},{"not_picked":["Cleave+1","Shrug It Off"],"picked":"Fire Breathing","floor":19}],"player_experience":126599,"relics_obtained":[{"floor":6,"key":"Smiling Mask"},{"floor":9,"key":"Molten Egg 2"},{"floor":10,"key":"Torii"}],"event_choices":[{"damage_healed":0,"gold_gain":0,"player_choice":"Upgraded","damage_taken":0,"max_hp_gain":0,"max_hp_loss":0,"event_name":"Upgrade Shrine","floor":4,"gold_loss":0,"cards_upgraded":["Rampage"]}],"is_beta":false,"boss_relics":[{"not_picked":["SacredBark","Calling Bell"],"picked":"Black Star"}],"items_purged_floors":[],"is_endless":true,"potions_floor_spawned":[5,11,16],"killed_by":"Snecko","ascension_level":0}}