{"host":"9nrmtysnr3vignd7","time":1611564225,"event":{"mods":["2.2 Compatiblity","AchievementEnabler","Act Like it!","BaseMod","Beaked The Cultist","BetterRewards","Block Reminder","Dota2Spire","Downfall","Duelist Mod","Energized Spire","Friendly Minions","Hallownest","Hermit","Highlight Path","Hubris","Infinite Spire","Koishi","Mari Mod (Legacy)","Mari\u0027s V1 Patch","Marisa????????","Minty Spire (QoL Compilation)","Prisma Mod","Quick Restart","Rare Cards Sparkle","Relic Sorter","Relic Stats","Replay The Spire","Retaliation","RumiaBox-????????","SCP261 Mod","SOS???????","Shop Mod","StSLib","Synergy Search","Td1madao Mod","The Alterego","The Bladedancer","The Blue Laboratory","The Bug Knight","The Construct","The Cursed","The Death Knight","The Disciple","The Edgeheg","The Gatherer","The Hierophant","The Marked","The Necromancer","The Runesmith","The Senshi","The Wild Card","TheHeartMod","TheSwordswoman","Waifu the Spire","Yakumo Yukari mod","Yuri Mod","Yuyuko","everything is the same but u backflip on backflip","slay the spire mod where everything is the same but ironclad has a cowboy hat","???Mod??????Boss"],"gold_per_floor":[113,113,126,10,28,57,70,70,70,83,83,100,100,119,119,214,264,278,278,289,128,139,139,32,32,32,42,42,42,53,53,16,30,30,131,131,147,47,47,23,37,37,37,52,52,69,69,69,85,102,102,102],"floor_reached":53,"language":"ENG","playtime":8941,"items_purged":["Pain","PrismaMod:ChloeCommonAttack"],"score":788,"play_id":"a3fd53a3-6e6d-4882-946d-7965157e36ad","local_time":"20210125024345","is_ascension_mode":false,"campfire_choices":[{"floor":8,"key":"REST"},{"floor":15,"key":"REST"},{"floor":23,"key":"REST"},{"floor":25,"key":"REST"},{"floor":34,"key":"REST"},{"data":"PrismaMod:ChloeUnlimitedBladeWorks","floor":42,"key":"SMITH"},{"floor":48,"key":"REST"},{"floor":51,"key":"REST"}],"circlet_count":0,"master_deck":["PrismaMod:ChloeCommonAttack","PrismaMod:ChloeCommonAttack","PrismaMod:ChloeCommonAttack","PrismaMod:ChloeCommonAttack","PrismaMod:ChloeCommonDefend","PrismaMod:ChloeCommonDefend","PrismaMod:ChloeCommonDefend","PrismaMod:ChloeCommonDefend","PrismaMod:ChloeCommonDefend","PrismaMod:ChloeCheapAttack","PrismaMod:ChloeCheapDefend","PrismaMod:ChloeDemonicTutor","PrismaMod:ChloeCheapAttack","PrismaMod:ChloeDemonicTutor","PrismaMod:ChloeExhaustOne","PrismaMod:ChloeCheapAttackTwo","PrismaMod:ChloeCaladbolg+1","PrismaMod:ChloeCheapDefendTwo","PrismaMod:ChloeCheapDefend","PrismaMod:ChloeCheapDefend","PrismaMod:ChloeUnlimitedBladeWorks+1","PrismaMod:ChloeCheapAttack","PrismaMod:ChloeChristmas","PrismaMod:ChloeEyeOfTheEuryale+1","PrismaMod:ChloeCheapAttackTwo","PrismaMod:ChloeCarnivalAttack","PrismaMod:ChloeCheapDefend","PrismaMod:ChloeCheapAttack","PrismaMod:ChloeCheapAttack","PrismaMod:ChloeExcalibur","PrismaMod:ChloeExcalibur","PrismaMod:ChloeCheapAttackTwo","RitualDagger","PrismaMod:ChloeMordred","PrismaMod:ChloeCheapDefendTwo","PrismaMod:ChloeUnlimitedBladeWorks","PrismaMod:ChloeChristmas+1","PrismaMod:ChloeCheapAttack","PrismaMod:ChloeCheapDefend","PrismaMod:ChloeCheapAttackTwo","PrismaMod:ChloeCheapDefendTwo+1","PrismaMod:ChloeCheapDefend+1","PrismaMod:ChloeCheapAttackTwo+1","PrismaMod:ChloeCheapDefendTwo+1"],"relics":["PrismaMod:PrismaTraceOn","hubris:Icosahedron","WarpedTongs","Chameleon Ring","Unceasing Top","hubris:Towel","Tiny House","Gambling Chip","Ginger","hubris:GlazedTorus","Letter Opener"],"acts_visited":["Exordium","TheCity","TheBeyond"],"potions_floor_usage":[44,50,52],"damage_taken":[{"damage":3,"enemies":"Cultist","floor":1,"turns":5},{"damage":9,"enemies":"infinitespire:Voidling","floor":3,"turns":4},{"damage":0,"enemies":"2 Louse","floor":5,"turns":3},{"damage":30,"enemies":"Lagavulin","floor":6,"turns":5},{"damage":5,"enemies":"Large Slime","floor":7,"turns":2},{"damage":12,"enemies":"Exordium Wildlife","floor":10,"turns":4},{"damage":12,"enemies":"Blue Slaver","floor":12,"turns":3},{"damage":12,"enemies":"Large Slime","floor":14,"turns":4},{"damage":11,"enemies":"The Guardian","floor":16,"turns":14},{"damage":20,"enemies":"Chosen","floor":18,"turns":8},{"damage":16,"enemies":"Shell Parasite","floor":20,"turns":5},{"damage":37,"enemies":"Shelled Parasite and Fungi","floor":22,"turns":4},{"damage":14,"enemies":"Centurion and Healer","floor":27,"turns":2},{"damage":8,"enemies":"Snecko","floor":30,"turns":4},{"damage":0,"enemies":"3 Cultists","floor":33,"turns":2},{"damage":60,"enemies":"Automaton","floor":35,"turns":7},{"damage":33,"enemies":"3 Shapes","floor":37,"turns":6},{"damage":48,"enemies":"3 Darklings","floor":41,"turns":4},{"damage":0,"enemies":"Writhing Mass","floor":44,"turns":4},{"damage":1,"enemies":"Spire Growth","floor":46,"turns":3},{"damage":3,"enemies":"Maw","floor":49,"turns":5},{"damage":4,"enemies":"Jaw Worm Horde","floor":50,"turns":4},{"damage":28,"enemies":"Awakened One","floor":52,"turns":8}],"seed_played":"5906605556032486958","potions_obtained":[{"floor":1,"key":"SteroidPotion"},{"floor":5,"key":"Flashbang"},{"floor":7,"key":"blueLaboratory:FrostheartPotion"},{"floor":12,"key":"SCP261:DietGhostPotion"},{"floor":22,"key":"Block Potion"},{"floor":33,"key":"Energy Potion"}],"is_trial":false,"path_per_floor":["M","?","M","$","M","E","M","R","T","M","?","M","?","M","R","B",null,"M","?","M","$","M","R","$","R","T","M","PTL","PTL","M","?","$","M","R","B",null,"M","$","?","$","M","R","AVR","M","T","M","?","R","M","M","R","B",null],"character_chosen":"CHLOE","items_purchased":["PrismaMod:ChloeDemonicTutor","PrismaMod:ChloeCheapAttackTwo","PrismaMod:ChloeCarnivalAttack","PrismaMod:ChloeCheapAttack","PrismaMod:ChloeExcalibur","PrismaMod:ChloeMordred","PrismaMod:ChloeCheapAttack","PrismaMod:ChloeCheapDefend","PrismaMod:ChloeCheapAttackTwo"],"campfire_rested":7,"item_purchase_floors":[4,21,21,24,24,32,38,38,40],"current_hp_per_floor":[79,79,77,77,77,50,45,69,69,57,57,45,45,33,57,46,87,67,67,51,51,14,40,40,66,66,52,52,52,44,38,38,44,71,11,93,68,68,68,68,20,20,20,24,24,23,23,54,51,47,78,105],"gold":102,"neow_bonus":"TEN_PERCENT_HP_BONUS","is_daily":false,"chose_seed":false,"campfire_upgraded":1,"win_rate":0.0,"timestamp":1611564225,"path_taken":["M","?","?","$","M","E","M","R","T","M","?","M","?","M","R","BOSS","M","?","M","$","?","R","$","R","T","?","PTL","PTL","M","?","?","?","R","BOSS","M","$","?","?","M","R","AVR","M","T","M","?","R","M","M","R","BOSS"],"items_purchased_type":["Card","Card","Card","Card","Card","Card","Card","Card","Card"],"build_version":"2020-12-22","purchased_purges":2,"victory":true,"max_hp_per_floor":[82,82,82,82,82,82,82,82,82,82,82,82,82,82,82,82,87,87,87,87,87,87,87,87,87,87,87,87,87,87,87,87,93,93,93,93,101,101,101,101,101,101,101,105,105,105,105,105,105,105,105,105],"relic_stats":{"counters":[23,110],"Gambling Chip":[18],"Ginger":[7],"Letter Opener":[94],"obtain_stats":[{"Chameleon Ring":6,"Tiny House":17,"hubris:Icosahedron":47,"Gambling Chip":19,"construct:LongRangeLance":22,"Ginger":26,"Letter Opener":45,"hubris:Towel":13,"PrismaMod:PrismaTraceOn":0,"Unceasing Top":9,"WarpedTongs":2,"hubris:GlazedTorus":43},{"Chameleon Ring":4,"Tiny House":9,"hubris:Icosahedron":20,"Gambling Chip":10,"construct:LongRangeLance":12,"Ginger":12,"Letter Opener":19,"hubris:Towel":7,"PrismaMod:PrismaTraceOn":0,"Unceasing Top":5,"WarpedTongs":1,"hubris:GlazedTorus":18},{"Chameleon Ring":17,"Tiny House":44,"hubris:Icosahedron":93,"Gambling Chip":52,"construct:LongRangeLance":61,"Ginger":61,"Letter Opener":90,"hubris:Towel":26,"PrismaMod:PrismaTraceOn":0,"Unceasing Top":19,"WarpedTongs":5,"hubris:GlazedTorus":86}],"Unceasing Top":[54],"WarpedTongs":[105]},"card_choices":[{"not_picked":["PrismaMod:ChloeCheapDefend","PrismaMod:ChloeBetterTracePools"],"picked":"PrismaMod:ChloeDemonicTutor","floor":1},{"not_picked":["PrismaMod:ChloeExcalibur","PrismaMod:ChloeCheapAttackTwo"],"picked":"PrismaMod:ChloeCheapAttack","floor":3},{"not_picked":["PrismaMod:ChloeCommonAOEAttack","PrismaMod:ChloeCheapAttack"],"picked":"PrismaMod:ChloeExhaustOne","floor":5},{"not_picked":["PrismaMod:ChloeCheapDefendTwo","PrismaMod:ChloeExhaustOne"],"picked":"PrismaMod:ChloeCheapAttackTwo","floor":6},{"not_picked":["PrismaMod:ChloeChristmas","PrismaMod:ChloeCheapDefendTwo"],"picked":"PrismaMod:ChloeCaladbolg","floor":7},{"not_picked":["PrismaMod:ChloeExhaustOne","PrismaMod:ChloeDemonicTutor"],"picked":"PrismaMod:ChloeCheapDefendTwo","floor":10},{"not_picked":["PrismaMod:ChloeRitsuka","PrismaMod:ChloeExhaustOne"],"picked":"PrismaMod:ChloeCheapDefend","floor":12},{"not_picked":["PrismaMod:ChloeCommonAOEAttack","PrismaMod:ChloeCaladbolg"],"picked":"PrismaMod:ChloeCheapDefend","floor":14},{"not_picked":["PrismaMod:ChloeCarnivalAttack","PrismaMod:ChloeCarnivalDefend"],"picked":"PrismaMod:ChloeUnlimitedBladeWorks","floor":16},{"not_picked":["PrismaMod:ChloeRhongomyniad","PrismaMod:ChloeUncommonDefend"],"picked":"PrismaMod:ChloeCheapAttack","floor":17},{"not_picked":["PrismaMod:ChloeEyeOfTheEuryale","PrismaMod:ChloeDiscardRecovery"],"picked":"PrismaMod:ChloeChristmas","floor":18},{"not_picked":["PrismaMod:ChloeExcalibur","PrismaMod:ChloeUncommonDefend+1"],"picked":"PrismaMod:ChloeEyeOfTheEuryale+1","floor":20},{"not_picked":["PrismaMod:ChloeExhaustOne","PrismaMod:ChloeChristmas"],"picked":"PrismaMod:ChloeCheapDefend","floor":22},{"not_picked":["PrismaMod:ChloeCommonAOEAttack","PrismaMod:ChloeCheapAttackTwo"],"picked":"PrismaMod:ChloeExcalibur","floor":27},{"not_picked":["PrismaMod:ChloeExhaustTwo","PrismaMod:ChloeCheapDefend"],"picked":"PrismaMod:ChloeCheapAttackTwo","floor":30},{"not_picked":["PrismaMod:ChloeCommonAOEAttack+1","PrismaMod:ChloeExhaustOne+1"],"picked":"PrismaMod:ChloeCheapDefendTwo","floor":33},{"not_picked":["PrismaMod:ChloeDoubleRelicSpeed","PrismaMod:ChloeReshuffleDiscard"],"picked":"PrismaMod:ChloeUnlimitedBladeWorks","floor":35},{"not_picked":["PrismaMod:ChloeDiscardRecovery+1","PrismaMod:ChloeCommonAOEAttack"],"picked":"PrismaMod:ChloeChristmas+1","floor":37},{"not_picked":["PrismaMod:ChloeDiscardRecovery","PrismaMod:ChloeCommonAOEAttack"],"picked":"PrismaMod:ChloeCheapDefendTwo+1","floor":41},{"not_picked":["PrismaMod:ChloeExhaustOne+1","PrismaMod:ChloeMordred","PrismaMod:ChloeCommonAOEAttack+1"],"picked":"SKIP","floor":44},{"not_picked":["PrismaMod:ChloeCheapAttack","PrismaMod:ChloeCaladbolg"],"picked":"PrismaMod:ChloeCheapDefend+1","floor":46},{"not_picked":["PrismaMod:ChloeCheapDefend+1","PrismaMod:ChloeCheapAttack+1"],"picked":"PrismaMod:ChloeCheapAttackTwo+1","floor":49},{"not_picked":["PrismaMod:ChloeCheapAttack","PrismaMod:ChloeExhaustOne+1"],"picked":"PrismaMod:ChloeCheapDefendTwo+1","floor":50}],"player_experience":43142,"relics_obtained":[{"floor":6,"key":"Chameleon Ring"},{"floor":9,"key":"Unceasing Top"},{"floor":26,"key":"Ginger"},{"floor":45,"key":"Letter Opener"}],"event_choices":[{"damage_healed":0,"gold_gain":0,"player_choice":"Rummage","damage_taken":0,"relics_obtained":["WarpedTongs"],"max_hp_gain":0,"max_hp_loss":0,"event_name":"Accursed Blacksmith","floor":2,"gold_loss":0,"cards_obtained":["Pain"]},{"damage_healed":0,"gold_gain":0,"player_choice":"Joined the Cult","damage_taken":6,"max_hp_gain":0,"max_hp_loss":0,"event_name":"Nest","floor":31,"gold_loss":0,"cards_obtained":["RitualDagger"]}],"is_beta":false,"boss_relics":[{"not_picked":["ChewingGum","energizedSpire:HugeHouse"],"picked":"Tiny House"},{"not_picked":["Busted Crown","energizedSpire:DeadBattery","energizedSpire:SpiderWeb"]}],"items_purged_floors":[4,43],"is_endless":false,"potions_floor_spawned":[1,5,7,12,22,30,33,37],"ascension_level":0}}