{"host":"dm4yvegl9um2tlqd","time":1611576985,"event":{"mods":["2.2 Compatiblity","AchievementEnabler","BaseMod","Colored Map","DeckTracker","Highlight Path","KOR Keyword Fix","Keyboard Shortcuts","Minty Spire (QoL Compilation)","Permanent Neow","Quick Restart","Random Character Button","StSLib","SuperFastMode","everything is the same but u backflip on backflip"],"gold_per_floor":[119,194,214,115,134,134,167,179,251,271,271,271,271,271],"floor_reached":13,"language":"KOR","playtime":352,"items_purged":["Strike_G"],"score":123,"play_id":"c9275e31-76c0-425e-b809-b27cdc8f1c94","local_time":"20210125211625","is_ascension_mode":true,"campfire_choices":[{"data":"Noxious Fumes","floor":6.0,"key":"SMITH"},{"data":"Leg Sweep","floor":12,"key":"SMITH"}],"circlet_count":0,"master_deck":["Strike_G","Strike_G","Strike_G","Strike_G","Defend_G","Defend_G","Defend_G","Defend_G","Defend_G","Survivor","Neutralize","Deadly Poison","Noxious Fumes+1","Dagger Spray+1","Leg Sweep+1","Doppelganger","Deadly Poison","Bane"],"relics":["Ring of the Snake","Ancient Tea Set","Ice Cream","Mummified Hand"],"acts_visited":["Exordium"],"potions_floor_usage":[10],"damage_taken":[{"damage":0.0,"enemies":"2 Louse","floor":1.0,"turns":3.0},{"damage":2.0,"enemies":"Jaw Worm","floor":3.0,"turns":4.0},{"damage":0.0,"enemies":"Cultist","floor":5.0,"turns":4.0},{"damage":19.0,"enemies":"Lagavulin","floor":7.0,"turns":8.0},{"damage":5.0,"enemies":"3 Louse","floor":8.0,"turns":3.0},{"damage":8,"enemies":"Exordium Thugs","floor":10,"turns":4},{"damage":20,"enemies":"3 Sentries","floor":13,"turns":2}],"seed_played":"8681890138951062836","potions_obtained":[{"floor":3.0,"key":"LiquidBronze"},{"floor":5.0,"key":"AttackPotion"},{"floor":7.0,"key":"Fire Potion"}],"is_trial":false,"path_per_floor":["M","?","M","$","M","R","E","M","T","M","?","R","E"],"character_chosen":"THE_SILENT","items_purchased":["Dagger Spray"],"campfire_rested":0,"item_purchase_floors":[4],"current_hp_per_floor":[63,52,50,50,50,50,31,26,26,18,18,18,0,0],"gold":271,"neow_bonus":"RANDOM_COMMON_RELIC","is_daily":false,"chose_seed":false,"campfire_upgraded":2,"win_rate":0.0,"timestamp":1611576985,"path_taken":["M","?","M","$","M","R","E","M","T","M","?","R","E"],"items_purchased_type":["Card"],"build_version":"2020-12-22","purchased_purges":1,"victory":false,"max_hp_per_floor":[70,70,70,70,70,70,70,70,70,70,70,70,70,70],"card_choices":[{"not_picked":["Sucker Punch","Quick Slash"],"picked":"Deadly Poison","floor":1.0},{"not_picked":["PiercingWail","Underhanded Strike"],"picked":"Noxious Fumes","floor":3.0},{"not_picked":["Flechettes","Backflip"],"picked":"Leg Sweep","floor":5.0},{"not_picked":["Deflect","Infinite Blades"],"picked":"Doppelganger","floor":7.0},{"not_picked":["Expertise","Escape Plan"],"picked":"Deadly Poison","floor":8.0},{"not_picked":["Acrobatics","Dagger Throw"],"picked":"Bane","floor":10}],"player_experience":87449,"relics_obtained":[{"floor":7.0,"key":"Ice Cream"},{"floor":9.0,"key":"Mummified Hand"}],"event_choices":[{"damage_healed":0.0,"max_hp_gain":0.0,"max_hp_loss":0.0,"gold_gain":75.0,"event_name":"World of Goop","player_choice":"Gather Gold","floor":2.0,"gold_loss":0.0,"damage_taken":11.0},{"damage_healed":0,"gold_gain":0,"player_choice":"Forge","damage_taken":0,"max_hp_gain":0,"max_hp_loss":0,"event_name":"Accursed Blacksmith","floor":11,"gold_loss":0,"cards_upgraded":["Dagger Spray"]}],"is_beta":false,"boss_relics":[],"items_purged_floors":[4],"is_endless":false,"potions_floor_spawned":[3,5,7,8],"killed_by":"3 Sentries","ascension_level":9}}