{"host":"fffffysb9hmjsji7","time":1611563630,"event":{"mods":["2.2 Compatiblity","AchievementEnabler","Aspiration","BaseMod","Bestiary","Better Altar","Better Match","Better Note","Better Sensory Stone","Better Skull","Better Third Choice","BetterRewards","Colored Map","Colored Powertips","Conspire","Downfall","Energized Spire","Hubris","Minty Spire (QoL Compilation)","Permanent Neow","Quick Restart","Rare Cards Sparkle","Relic Stats","Replay The Spire","StSLib","The Jungle","The Marked","Waifu the Spire"],"gold_per_floor":[112,112,123,123,322,357,373,373,373,74,105,105,125,125,125,125,125],"floor_reached":16,"language":"ENG","playtime":808,"items_purged":[],"score":108,"play_id":"8e6cb475-b891-4eef-963f-ab7755ea71a2","local_time":"20210125003350","is_ascension_mode":false,"campfire_choices":[{"data":"Combust","floor":15,"key":"SMITH"}],"circlet_count":0,"master_deck":["Strike_R","Strike_R","Strike_R","Strike_R","Strike_R","Defend_R","Defend_R","Defend_R","Defend_R","Bash","Perfected Strike+1","Self Repair+1","ReplayTheSpireMod:Corrosion Curse","Bandage Up","Inflame","Combust+1","Heavy Blade","Twin Strike","Anger","Injury"],"relics":["Iron Core","Ancient Tea Set","Replay:Baseball","hubris:SlimyHat","Juzu Bracelet","Lee\u0027s Waffle","Kunai","Frozen Egg 2"],"acts_visited":["Exordium"],"potions_floor_usage":[6],"damage_taken":[{"damage":6,"enemies":"Jaw Worm","floor":1,"turns":3},{"damage":7,"enemies":"Small Slimes","floor":3,"turns":4},{"damage":19,"enemies":"Gremlin Nob","floor":6,"turns":4},{"damage":0,"enemies":"2 Louse","floor":7,"turns":2},{"damage":71,"enemies":"Lagavulin","floor":11,"turns":7},{"damage":14,"enemies":"Looter","floor":13,"turns":3},{"damage":46,"enemies":"Fading Forest","floor":16,"turns":7}],"seed_played":"3515653022248243724","potions_obtained":[{"floor":3,"key":"Fire Potion"},{"floor":13,"key":"Reflective Coating"}],"is_trial":false,"path_per_floor":["M","?","M","?","?","E","M","T","T","$","E","?","M","?","R","B"],"character_chosen":"IRONCLAD","items_purchased":["Juzu Bracelet","Lee\u0027s Waffle"],"campfire_rested":0,"item_purchase_floors":[10,10],"current_hp_per_floor":[80,80,80,80,60,51,55,55,55,87,30,30,30,30,30,0,0],"gold":125,"neow_bonus":"","is_daily":false,"chose_seed":false,"campfire_upgraded":1,"win_rate":0.0,"timestamp":1611563630,"path_taken":["M","?","M","?","?","E","M","?","T","?","E","?","M","?","R","BOSS"],"items_purchased_type":["Relic","Relic"],"build_version":"2020-12-22","purchased_purges":0,"victory":false,"max_hp_per_floor":[80,80,80,80,80,80,80,80,80,87,87,87,87,87,87,87,87],"relic_stats":{"Lee\u0027s Waffle":32,"counters":[7,30],"Juzu Bracelet":1,"Kunai":[1],"obtain_stats":[{"Iron Core":2,"Replay:Baseball":8,"Lee\u0027s Waffle":10,"hubris:SlimyHat":9,"Juzu Bracelet":10,"Kunai":11,"Frozen Egg 2":14,"Ancient Tea Set":6,"Burning Blood":0},{"Iron Core":1,"Replay:Baseball":4,"Lee\u0027s Waffle":4,"hubris:SlimyHat":4,"Juzu Bracelet":4,"Kunai":5,"Frozen Egg 2":6,"Ancient Tea Set":3,"Burning Blood":0},{"Iron Core":3,"Replay:Baseball":13,"Lee\u0027s Waffle":13,"hubris:SlimyHat":13,"Juzu Bracelet":13,"Kunai":20,"Frozen Egg 2":23,"Ancient Tea Set":11,"Burning Blood":0}]},"card_choices":[{"not_picked":["Iron Wave","Dropkick"],"picked":"Perfected Strike","floor":1},{"not_picked":["True Grit","Feel No Pain"],"picked":"ReplayTheSpireMod:Corrosion Curse","floor":3},{"not_picked":["Replay:Parry","Survey Options"],"picked":"Bandage Up","floor":4},{"not_picked":["Seeing Red","Power Through"],"picked":"Inflame","floor":5},{"not_picked":["Thunderclap","conspire:ExplosiveBarrier"],"picked":"Combust","floor":6},{"not_picked":["Body Slam","Flex"],"picked":"Heavy Blade","floor":7},{"not_picked":["Armaments","ReplayTheSpireMod:Stacked"],"picked":"Twin Strike","floor":11},{"not_picked":["Disarm","Whirlwind"],"picked":"Anger","floor":13}],"player_experience":0,"relics_obtained":[{"floor":6,"key":"Ancient Tea Set"},{"floor":8,"key":"Replay:Baseball"},{"floor":9,"key":"hubris:SlimyHat"},{"floor":11,"key":"Kunai"}],"event_choices":[{"damage_healed":0,"gold_gain":1,"player_choice":"1","damage_taken":0,"max_hp_gain":0,"max_hp_loss":0,"event_name":"betterStone:BetterStone","floor":4,"gold_loss":0},{"damage_healed":0,"gold_gain":0,"player_choice":"Grow","damage_taken":0,"max_hp_gain":0,"max_hp_loss":0,"event_name":"Living Wall","floor":12,"gold_loss":0,"cards_upgraded":["Perfected Strike"]}],"is_beta":false,"boss_relics":[],"items_purged_floors":[],"is_endless":false,"potions_floor_spawned":[3,13],"killed_by":"Fading Forest","ascension_level":0}}