{"host":"9v3x998ddbx8o276","time":1611619016,"event":{"mods":["AchievementEnabler","BaseMod","Colored Map","Colored Powertips","Highlight Path","Minty Spire (QoL Compilation)","Quick Restart","Rare Cards Sparkle"],"gold_per_floor":[111,124,137,157,172,198,211,211,235,270,270,345,362,22,22,97,97,108,123,139,139,139,139,171,183,277,214,226,272,284,17,17,89,89,105,61,75,75,0,0,32,47,70,70,17,49,49,68,68,68,68],"floor_reached":50,"language":"ENG","playtime":7660,"items_purged":["Strike_B"],"score":1171,"play_id":"c9b6f20a-f02e-4b17-a572-bbf0799fa73f","local_time":"20210126102656","is_ascension_mode":true,"campfire_choices":[{"floor":8.0,"key":"REST"},{"floor":11.0,"key":"REST"},{"floor":15.0,"key":"REST"},{"floor":23.0,"key":"REST"},{"data":"Defragment","floor":25.0,"key":"SMITH"},{"data":"Defragment","floor":28.0,"key":"SMITH"},{"floor":32.0,"key":"REST"},{"floor":40.0,"key":"REST"},{"floor":44,"key":"REST"},{"floor":47,"key":"RECALL"},{"data":"Discovery","floor":49,"key":"SMITH"}],"circlet_count":0,"master_deck":["AscendersBane","Defend_B","Defend_B","Zap","Dualcast","Cold Snap","Coolheaded","Barrage","Barrage+1","Cold Snap","FTL","Reboot","Doom and Gloom","Cold Snap+1","Ball Lightning","Leap","Biased Cognition","Sunder","Defragment+1","Static Discharge","Defragment+1","Coolheaded","Undo","Discovery","Loop","Multi-Cast","Double Energy+1","Scrape+1","Thunder Strike+1","Chill","Double Energy","Conserve Battery+1","Discovery+1","Flash of Steel","Compile Driver+1","Parasite","Glacier+1"],"relics":["SlaversCollar","Boot","Akabeko","FossilizedHelix","Nunchaku","Snecko Eye","MawBank","Whetstone","Astrolabe","Red Mask","Pear","Smiling Mask","Eternal Feather"],"acts_visited":["Exordium","TheCity","TheBeyond"],"potions_floor_usage":[42,42],"damage_taken":[{"damage":2.0,"enemies":"Cultist","floor":1.0,"turns":4.0},{"damage":5.0,"enemies":"Small Slimes","floor":2.0,"turns":3.0},{"damage":5.0,"enemies":"Jaw Worm","floor":3.0,"turns":5.0},{"damage":11.0,"enemies":"2 Fungi Beasts","floor":4.0,"turns":5.0},{"damage":12.0,"enemies":"Large Slime","floor":5.0,"turns":7.0},{"damage":20.0,"enemies":"Gremlin Nob","floor":6.0,"turns":4.0},{"damage":4.0,"enemies":"3 Louse","floor":7.0,"turns":2.0},{"damage":3.0,"enemies":"3 Sentries","floor":10.0,"turns":5.0},{"damage":0.0,"enemies":"Exordium Thugs","floor":13.0,"turns":4.0},{"damage":28.0,"enemies":"The Guardian","floor":16.0,"turns":12.0},{"damage":9.0,"enemies":"Chosen","floor":18.0,"turns":4.0},{"damage":0.0,"enemies":"2 Thieves","floor":19.0,"turns":3.0},{"damage":9.0,"enemies":"Centurion and Healer","floor":20.0,"turns":5.0},{"damage":15.0,"enemies":"Slavers","floor":24.0,"turns":4.0},{"damage":20.0,"enemies":"Gremlin Leader","floor":29.0,"turns":6.0},{"damage":36.0,"enemies":"Collector","floor":33.0,"turns":13.0},{"damage":0.0,"enemies":"3 Shapes","floor":35.0,"turns":3.0},{"damage":12.0,"enemies":"Orb Walker","floor":37.0,"turns":5.0},{"damage":0.0,"enemies":"Giant Head","floor":41.0,"turns":9.0},{"damage":24,"enemies":"Transient","floor":42,"turns":6},{"damage":12,"enemies":"Nemesis","floor":46,"turns":7},{"damage":13,"enemies":"Writhing Mass","floor":48,"turns":7},{"damage":83,"enemies":"Time Eater","floor":50,"turns":14}],"seed_played":"3565609937440531332","potions_obtained":[{"floor":1.0,"key":"DistilledChaos"},{"floor":4.0,"key":"CultistPotion"},{"floor":6.0,"key":"LiquidMemories"},{"floor":10.0,"key":"Explosive Potion"},{"floor":20.0,"key":"Explosive Potion"},{"floor":29.0,"key":"Strength Potion"},{"floor":35.0,"key":"LiquidMemories"},{"floor":37.0,"key":"Block Potion"},{"floor":42,"key":"BlessingOfTheForge"}],"is_trial":false,"path_per_floor":["M","M","M","M","M","E","M","R","T","E","R","?","M","$","R","B",null,"M","M","M","?","?","R","E","R","T","?","R","E","?","$","R","B",null,"M","$","M","?","?","R","E","M","T","R","$","E","R","M","R","B"],"character_chosen":"DEFECT","items_purchased":["Ball Lightning","Leap","Nunchaku","Undo","Discovery","Loop","Double Energy","FocusPotion"],"campfire_rested":7,"item_purchase_floors":[14,14,14,31,31,31,36,45],"current_hp_per_floor":[62,57,52,41,29,9,5,26,26,23,44,33,33,33,54,26,60,51,51,42,42,42,63,48,48,48,48,48,28,24,24,45,9,56,56,56,44,39,39,60,70,46,46,70,70,58,79,66,81,0,0],"gold":68,"neow_bonus":"BOSS_RELIC","is_daily":false,"chose_seed":false,"campfire_upgraded":3,"win_rate":0.0,"timestamp":1611619016,"path_taken":["M","?","M","M","?","E","M","R","T","E","R","?","M","?","R","BOSS","M","M","M","?","?","R","E","R","T","?","R","E","?","$","R","BOSS","M","$","M","?","?","R","E","M","T","R","$","E","R","?","R","BOSS"],"items_purchased_type":["Card","Card","Relic","Card","Card","Card","Card","Potion"],"build_version":"2020-12-22","purchased_purges":1,"victory":false,"max_hp_per_floor":[71,71,71,71,71,71,71,71,71,71,71,71,71,71,71,71,71,71,71,71,71,71,71,71,71,71,71,71,71,71,71,71,71,71,71,71,71,71,71,71,81,81,81,81,81,81,81,81,81,81,81],"card_choices":[{"not_picked":["Reinforced Body","Turbo"],"picked":"Cold Snap","floor":1.0},{"not_picked":["Turbo","Tempest"],"picked":"Coolheaded","floor":2.0},{"not_picked":["Compile Driver","Steam"],"picked":"Barrage","floor":3.0},{"not_picked":["Fission","Leap"],"picked":"Barrage","floor":4.0},{"not_picked":["Hologram","Leap"],"picked":"Cold Snap","floor":5.0},{"not_picked":["Barrage","Heatsinks"],"picked":"FTL","floor":6.0},{"not_picked":["Gash","Compile Driver"],"picked":"Reboot","floor":7.0},{"not_picked":["Streamline","Barrage"],"picked":"Doom and Gloom","floor":10.0},{"not_picked":["Coolheaded","Steam"],"picked":"Cold Snap","floor":13.0},{"not_picked":["Core Surge","Seek"],"picked":"Biased Cognition","floor":16.0},{"not_picked":["Recycle","Steam+1"],"picked":"Sunder","floor":18.0},{"not_picked":["Static Discharge","Go for the Eyes"],"picked":"Defragment","floor":19.0},{"not_picked":["Redo","Recycle"],"picked":"Static Discharge","floor":20.0},{"not_picked":["Streamline+1","Coolheaded"],"picked":"Defragment","floor":24.0},{"not_picked":["Redo","Compile Driver"],"picked":"Coolheaded","floor":29.0},{"not_picked":["Rainbow","Thunder Strike"],"picked":"Multi-Cast","floor":33.0},{"not_picked":["Darkness","Skim"],"picked":"Chill","floor":35.0},{"not_picked":["Doom and Gloom+1","Lockon"],"picked":"Conserve Battery+1","floor":37.0},{"not_picked":["Secret Weapon","Flash of Steel"],"picked":"Discovery","floor":38.0},{"not_picked":["Jack Of All Trades","Purity"],"picked":"Flash of Steel","floor":38.0},{"not_picked":["Steam+1","Beam Cell"],"picked":"Compile Driver+1","floor":41.0},{"not_picked":["Coolheaded","Barrage","Darkness"],"picked":"SKIP","floor":42},{"not_picked":["Streamline","Steam","Compile Driver+1"],"picked":"SKIP","floor":46},{"not_picked":["Steam","Cold Snap"],"picked":"Glacier+1","floor":48}],"player_experience":1709435,"relics_obtained":[{"floor":6.0,"key":"Boot"},{"floor":9.0,"key":"Akabeko"},{"floor":10.0,"key":"FossilizedHelix"},{"floor":24.0,"key":"MawBank"},{"floor":29.0,"key":"Whetstone"},{"floor":41.0,"key":"Pear"},{"floor":43,"key":"Smiling Mask"},{"floor":46,"key":"Eternal Feather"}],"event_choices":[{"damage_healed":0.0,"max_hp_gain":0.0,"max_hp_loss":0.0,"gold_gain":75.0,"event_name":"World of Goop","player_choice":"Gather Gold","floor":12.0,"gold_loss":0.0,"damage_taken":11.0},{"cards_removed":["Strike_B"],"damage_healed":0.0,"max_hp_gain":0.0,"max_hp_loss":0.0,"gold_gain":0.0,"event_name":"Back to Basics","player_choice":"Elegance","floor":21.0,"gold_loss":0.0,"damage_taken":0.0},{"damage_healed":0.0,"max_hp_gain":0.0,"max_hp_loss":0.0,"gold_gain":0.0,"event_name":"Vampires","player_choice":"Ignored","floor":22.0,"gold_loss":0.0,"damage_taken":0.0},{"cards_removed":["Strike_B"],"damage_healed":0.0,"max_hp_gain":0.0,"max_hp_loss":0.0,"gold_gain":0.0,"event_name":"Beggar","player_choice":"Gave Gold","floor":27.0,"gold_loss":75.0,"damage_taken":0.0},{"damage_healed":0.0,"max_hp_gain":0.0,"max_hp_loss":0.0,"gold_gain":0.0,"event_name":"The Woman in Blue","player_choice":"Bought 0 Potions","floor":30.0,"gold_loss":0.0,"damage_taken":0.0},{"damage_healed":0.0,"max_hp_gain":0.0,"max_hp_loss":0.0,"gold_gain":0.0,"event_name":"SensoryStone","player_choice":"Memory 2","floor":38.0,"gold_loss":0.0,"damage_taken":5.0},{"damage_healed":0.0,"max_hp_gain":0.0,"max_hp_loss":0.0,"gold_gain":0.0,"event_name":"Tomb of Lord Red Mask","player_choice":"Paid","floor":39.0,"gold_loss":75.0,"damage_taken":0.0,"relics_obtained":["Red Mask"]}],"is_beta":false,"boss_relics":[{"not_picked":["Coffee Dripper","Philosopher\u0027s Stone"],"picked":"Snecko Eye"},{"not_picked":["Runic Dome","Empty Cage"],"picked":"Astrolabe"}],"items_purged_floors":[14],"is_endless":false,"potions_floor_spawned":[1,4,6,10,13,18,20,29,35,37,41,42],"killed_by":"Time Eater","ascension_level":20}}