{"host":"nt5s8w9te9kjrjx1","time":1611570778,"event":{"mods":["100% Spire Juice","2.2 Compatiblity","A Penny For Your Troubles","Abigail Mod","AchievementEnabler","Act Like it!","Aspiration","BaseMod","Better Altar","Better Match","Better Note","Better Sensory Stone","Better Skull","Better Third Choice","Better Vampires","Better-Laid Plans","BetterRewards","CapriCore","Card Forge","Colored Powertips","Conspire","Curses Come First","Displayed Cursed Tome","Energized Spire","Evolution","Gensokyo","Gold Saver","Good Game Mod","GungeonMod","Halation","Hallownest","Hermit","HexUI Lib","Highlight Path","HololiveMod","Hubris","Infinite Spire","Jess\u0027s Bottle","Jorbs\u0027s Wanderer Trilogy","Koishi","Luminous","Mari Mod (Legacy)","Mari\u0027s V1 Patch","Marisa????????","Marked Mod","Mimic Mod","Minty Spire (QoL Compilation)","MostiFishMod","Pale of the Ancients","Quick Restart","Rare Cards Sparkle","Reimu??????","Reliquary","Remilia??????","Reorder Act Four","Replay The Spire","Retaliation","Shade Mod","Small Relic Pack","Spicy Shops","Spikes Relics","Spire Arcade","StS++","StSLib","Steal the Spire","The Administrix","The Animator","The Blue Laboratory","The Caster","The Construct","The Cursed","The Gatherer","The Jungle","The Marked","The Mystic","The Necromancer","The Sage","The Servant 0.9.4","The Wild Card","TheVacant","Transform Curses","Uncapped","Virulent Crown","WarShipGirlsR/????R mod"],"gold_per_floor":[30119,30131,30082,30102,28553,28579,28579,28589,28616,28650,28650,28663,27776,27788,27788,27885,27885,27885,27885,27885,27885,27885,27370,27370,27370,27370,27370,27370,27370,27370,27370,27370],"floor_reached":31,"language":"ENG","playtime":2569,"items_purged":["Normality"],"score":548,"play_id":"bc9a992c-6f93-481e-9600-f48c996b8f06","local_time":"20210125103258","is_ascension_mode":true,"campfire_choices":[{"floor":7,"key":"REST"},{"floor":15,"key":"REST"}],"circlet_count":0,"master_deck":["Barrage+1","Barrage+1","Strike_B+1","Strike_B+1","Defend_B+1","Defend_B+1","Defend_B+1","Defend_B+1","Zap+1","Dualcast+1","Chaos+1","ReplaySort+1","Chaos+1","BootSequence+1","Melter+1","Stack+1","MostiFishMod:Impulse+1","Heatsinks+1","Chrysalis+1","Ball Lightning+1","Ball Lightning+1","Static Discharge+1","ReplayGash+1","Go for the Eyes+1","StSpp:TargetLocked+1","Loop+1","Conserve Battery+1","Conserve Battery+1","MostiFishMod:LinkProtocol+1","MostiFishMod:LinkProtocol+1","Electrodynamics+1","theWildCard:Caesar+1","BasicCrystalCard+1","Doom and Gloom+1","BootSequence+1","Barrage+1","conspire:Rain+1","Chaos+1","FIFO Queue+1","Genetic Algorithm+1","Steam+1","ReplayTheSpireMod:Dual Polarity+1","Go for the Eyes+1","Crystallizer+1","Crystallizer+1","Aggregate+1","MostiFishMod:StarOceanB+1","Leap+1","StSpp:Igniter+1","White Noise+1","Ball Lightning+1","Time Bomb+1","RefreshScreen+1","Chaos+1","DiskWipe+1"],"relics":["Cracked Core","Hammer of Thor","Seething Fire","Anvil of the Gods","EVO:Axolotl","DaveBox","REME:ComplimentaryCards","SynthV:TestCard","betterThird:SlimedRelic","ShockBauble","infinitespire:FocusingShard","Shuriken","Prayer Wheel","Solar Panel","DemoMod:Antibody","Mercury Hourglass","Replay:Wax Seal","Frozen Egg 2","RetroEgg","halation:Thesaurus","halation:NonexistentMirror","Prayer Wheel","OriginationStaff","Ectoplasm","reliquary:ExpiredCoupon","DiscerningMonocle","Centennial Puzzle","Mastiff:ReiMu","InkBottle","reliquary:SharkskinSheath","DemoMod:GlassGuonStoneRelic"],"acts_visited":["Exordium","TheCity"],"potions_floor_usage":[6,6,10,29,29,29],"damage_taken":[{"damage":0,"enemies":"Small Slimes","floor":1,"turns":4},{"damage":3,"enemies":"conspire:RoseBush","floor":2,"turns":3},{"damage":0,"enemies":"Cultist","floor":4,"turns":3},{"damage":47,"enemies":"3 Sentries","floor":6,"turns":10},{"damage":11,"enemies":"3 Louse","floor":8,"turns":2},{"damage":12,"enemies":"Gremlin Nob","floor":10,"turns":5},{"damage":0,"enemies":"Red Slaver","floor":12,"turns":2},{"damage":0,"enemies":"Large Slime","floor":14,"turns":5},{"damage":39,"enemies":"The Guardian","floor":16,"turns":7},{"damage":0,"enemies":"3 Byrds","floor":18,"turns":2},{"damage":0,"enemies":"Spheric Guardian","floor":20,"turns":1},{"damage":7,"enemies":"Snake Plant","floor":21,"turns":4},{"damage":2,"enemies":"conspire:HollyBat","floor":22,"turns":12},{"damage":0,"enemies":"conspire:Head Lice","floor":24,"turns":2},{"damage":16,"enemies":"Centurion and Healer","floor":27,"turns":5},{"damage":59,"enemies":"Nightmare","floor":28,"turns":5},{"damage":0,"enemies":"Cultist and Chosen","floor":29,"turns":2},{"damage":0,"enemies":"Snake Plant","floor":30,"turns":2},{"damage":20,"enemies":"Shelled Parasite and Fungi","floor":31,"turns":2}],"seed_played":"6062642131576154587","potions_obtained":[{"floor":1,"key":"Block Potion"},{"floor":4,"key":"Strength Potion"},{"floor":8,"key":"DemoMod:BlankPotion"},{"floor":16,"key":"GamblersBrew"},{"floor":21,"key":"StSpp:ScatteredPotion"},{"floor":24,"key":"SmokeBomb"},{"floor":29,"key":"blueLaboratory:NullPotion"}],"is_trial":false,"path_per_floor":["M","M","?","M","$","E","R","M","T","E","?","M","$","M","R","B",null,"M","?","M","M","M","$","E","?","T","M","NM","M","M","M"],"character_chosen":"DEFECT","items_purchased":["ShockBauble","infinitespire:FocusingShard","OrangePellets","Shuriken","Prayer Wheel","Melter","Stack","MostiFishMod:Impulse","Heatsinks","Chrysalis","Mercury Hourglass","Replay:Wax Seal","Frozen Egg 2","RetroEgg","Loop+1","halation:Thesaurus","Crystallizer+1","Aggregate","reliquary:ExpiredCoupon","DiscerningMonocle","Centennial Puzzle"],"campfire_rested":2,"item_purchase_floors":[5,5,5,5,5,5,5,5,5,5,13,13,13,13,13,13,23,23,23,23,23],"current_hp_per_floor":[75,72,61,61,61,14,36,27,27,19,27,35,35,43,75,40,75,75,75,75,72,75,75,75,75,75,61,2,18,18,0,0],"gold":27370,"neow_bonus":"RANDOM_EVENT","is_daily":false,"chose_seed":false,"campfire_upgraded":0,"win_rate":0.0,"timestamp":1611570778,"path_taken":["M","M","?","M","$","E","R","M","T","E","?","?","$","M","R","BOSS","M","?","M","?","M","$","E","?","T","M","NM","M","M","M"],"items_purchased_type":["Relic","Relic","Relic","Relic","Relic","Card","Card","Card","Card","Card","Relic","Relic","Relic","Relic","Card","Relic","Card","Card","Relic","Relic","Relic"],"build_version":"2020-12-22","purchased_purges":1,"victory":false,"max_hp_per_floor":[75,75,75,75,75,75,75,75,75,75,75,75,75,75,75,75,75,75,75,75,75,75,75,75,75,75,75,75,75,75,75,75],"card_choices":[{"not_picked":["Gash","Rebound"],"picked":"ReplaySort","floor":1},{"not_picked":["Rebound","MostiFishMod:Impulse","Sweeping Beam","BasicCrystalCard"],"picked":"Chaos","floor":2},{"not_picked":["Stack","Beam Cell","StSpp:Channeliser","ReplayGash"],"picked":"BootSequence","floor":4},{"not_picked":["Hologram","ReplayRNGCard","Redo","Double Energy"],"picked":"Ball Lightning","floor":6},{"not_picked":["Gash","Sweeping Beam","Rebound","StSpp:Fierceness"],"picked":"Ball Lightning","floor":8},{"not_picked":["Barrage","Stack","Cold Snap","hubris:DoWhile"],"picked":"Static Discharge","floor":8},{"not_picked":["Compile Driver","Redo","Cold Snap","StSpp:Fierceness"],"picked":"ReplayGash","floor":10},{"not_picked":["Sweeping Beam","Skim","Turbo","Scrape"],"picked":"Go for the Eyes","floor":12},{"not_picked":["Undo","ReplayTheSpireMod:Repulse","Streamline","Reinforced Body","StSpp:TargetLocked"],"picked":"SKIP","floor":12},{"not_picked":["Undo","ReplayTheSpireMod:Repulse","Streamline","Reinforced Body"],"picked":"StSpp:TargetLocked","floor":12},{"not_picked":["All For One","Leap","Streamline","ReplaySolidLightProjector"],"picked":"Conserve Battery","floor":14},{"not_picked":["Hologram","Cold Snap","Melter","hubris:PowerSurge+1"],"picked":"MostiFishMod:LinkProtocol","floor":14},{"not_picked":["Streamline","Panic Button","Compile Driver","Steam","Coolheaded"],"picked":"SKIP","floor":14},{"not_picked":["Echo Form+1","MostiFishMod:SeaWaves+1","Buffer+1","All For One"],"picked":"Electrodynamics+1","floor":16},{"not_picked":["Streamline","Sweeping Beam+1","Ball Lightning","Beam Cell"],"picked":"BasicCrystalCard","floor":18},{"not_picked":["MostiFishMod:Culaccino","Gash","Stack","Turbo"],"picked":"Doom and Gloom","floor":18},{"not_picked":["Cold Snap","Go for the Eyes+1","Redo","Buffer+1"],"picked":"BootSequence","floor":18},{"not_picked":["Redo","Panic Button","MostiFishMod:Exploitation","Beam Cell"],"picked":"Barrage","floor":20},{"not_picked":["BasicCrystalCard","Turbo","Panic Button","FTL"],"picked":"conspire:Rain","floor":20},{"not_picked":["Turbo","Redo","Barrage","Cold Snap"],"picked":"Chaos","floor":20},{"not_picked":["Hologram","Stack+1","Ball Lightning","Glacier"],"picked":"FIFO Queue+1","floor":21},{"not_picked":["Hologram","Compile Driver+1","Redo","Barrage"],"picked":"Genetic Algorithm+1","floor":21},{"not_picked":["Consume","Gash","Redo","Beam Cell"],"picked":"Steam+1","floor":21},{"not_picked":["Leap","Skim+1","Barrage","ReplayTheSpireMod:Repulse"],"picked":"ReplayTheSpireMod:Dual Polarity+1","floor":22},{"not_picked":["Panic Button","Conserve Battery+1","Barrage","Beam Cell"],"picked":"Go for the Eyes","floor":22},{"not_picked":["Conserve Battery","Beam Cell","MostiFishMod:PushDownKick","Turbo+1"],"picked":"Crystallizer+1","floor":22},{"not_picked":["Stack","Steam","Rebound","Genetic Algorithm"],"picked":"MostiFishMod:StarOceanB","floor":24},{"not_picked":["Sweeping Beam+1","Redo","Steam","Turbo"],"picked":"Leap+1","floor":27},{"not_picked":["Beam Cell","Turbo+1","Hyperbeam","ReplayTheSpireMod:Reroute Power"],"picked":"StSpp:Igniter+1","floor":27},{"not_picked":["Stack","FTL","Doom and Gloom","StSpp:Channeliser+1"],"picked":"White Noise","floor":27},{"not_picked":["Rebound","Aggregate+1","Cold Snap","Consume"],"picked":"Ball Lightning","floor":28},{"not_picked":["Redo","Lockon","Scrape+1","Sweeping Beam+1"],"picked":"Time Bomb","floor":29},{"not_picked":["ReplaySolidLightProjector+1","Cold Snap","Force Field","Go for the Eyes"],"picked":"RefreshScreen+1","floor":29},{"not_picked":["Leap","Beam Cell","Core Surge","Stack"],"picked":"Chaos+1","floor":29},{"not_picked":["Stack","Panic Button","Leap","Scrape+1"],"picked":"DiskWipe+1","floor":30},{"not_picked":["MostiFishMod:ReprogramOld","ReplayTheSpireMod:Repulse","Turbo+1","StSpp:Fierceness","Steam Power"],"picked":"SKIP","floor":30},{"not_picked":["Coolheaded","ReplayTheSpireMod:GoodbyeWorld+1","Biased Cognition+1","Turbo+1","Redo"],"picked":"SKIP","floor":30}],"player_experience":200212,"relics_obtained":[{"floor":1,"key":"SynthV:TestCard"},{"floor":6,"key":"Solar Panel"},{"floor":10,"key":"DemoMod:Antibody"},{"floor":24,"key":"Mastiff:ReiMu"},{"floor":26,"key":"InkBottle"},{"floor":28,"key":"reliquary:SharkskinSheath"}],"event_choices":[{"damage_healed":0,"gold_gain":0,"player_choice":"Slimed","damage_taken":11,"max_hp_gain":0,"max_hp_loss":0,"event_name":"betterThird:BetterGoop","floor":3,"gold_loss":49},{"damage_healed":0,"gold_gain":0,"player_choice":"Ignored","damage_taken":0,"max_hp_gain":0,"max_hp_loss":0,"event_name":"Purifier","floor":19,"gold_loss":0},{"damage_healed":0,"gold_gain":0,"player_choice":"Ignored","damage_taken":0,"max_hp_gain":0,"max_hp_loss":0,"event_name":"Vampires","floor":25,"gold_loss":0}],"is_beta":false,"boss_relics":[{"not_picked":["Philosopher\u0027s Stone","GreenFoldingFan"],"picked":"Ectoplasm"}],"items_purged_floors":[5],"is_endless":false,"potions_floor_spawned":[1,4,8,16,21,24,29,30],"killed_by":"Shelled Parasite and Fungi","ascension_level":2}}