{"host":"1qhzi8r9ejho5yph","time":1611567812,"event":{"mods":["AchievementEnabler","BaseMod","Colored Map","Colored Powertips","Highlight Path","Minty Spire (QoL Compilation)","Permanent Neow","Quick Restart","Random Character Button","StSLib","SuperFastMode"],"gold_per_floor":[115,128,144,161,174,174,249,265,265,284,296,311,311,329,329,424,424,442,442,36,54,54,54],"floor_reached":22,"language":"ENG","playtime":800,"items_purged":["Strike_R"],"score":209,"play_id":"8a6c4fe8-874f-4f3d-b9d2-ac13a011c0cc","local_time":"20210125174332","is_ascension_mode":false,"campfire_choices":[{"data":"Feed","floor":6.0,"key":"SMITH"},{"data":"Dark Embrace","floor":13.0,"key":"SMITH"},{"data":"True Grit","floor":15.0,"key":"SMITH"}],"circlet_count":0,"master_deck":["Strike_R","Strike_R","Strike_R","Strike_R","Defend_R","Defend_R","Defend_R","Defend_R","Bash+1","Intimidate","Dropkick","True Grit+1","Sword Boomerang","Feed+1","Cleave","Dropkick","Dark Embrace+1","Reckless Charge","Immolate","Evolve","True Grit","Good Instincts","Violence","Pommel Strike"],"relics":["Burning Blood"],"acts_visited":["Exordium","TheCity"],"potions_floor_usage":[],"damage_taken":[{"damage":1.0,"enemies":"Jaw Worm","floor":1.0,"turns":4.0},{"damage":6.0,"enemies":"Cultist","floor":2.0,"turns":3.0},{"damage":0.0,"enemies":"2 Louse","floor":3.0,"turns":2.0},{"damage":7.0,"enemies":"Lots of Slimes","floor":4.0,"turns":7.0},{"damage":14.0,"enemies":"Large Slime","floor":5.0,"turns":9.0},{"damage":4.0,"enemies":"3 Louse","floor":8.0,"turns":3.0},{"damage":5.0,"enemies":"Looter","floor":10.0,"turns":3.0},{"damage":13.0,"enemies":"2 Fungi Beasts","floor":11.0,"turns":3.0},{"damage":6.0,"enemies":"3 Louse","floor":12.0,"turns":3.0},{"damage":12.0,"enemies":"Blue Slaver","floor":14.0,"turns":4.0},{"damage":53.0,"enemies":"Hexaghost","floor":16.0,"turns":12.0},{"damage":36.0,"enemies":"Shell Parasite","floor":18.0,"turns":7.0},{"damage":43.0,"enemies":"Spheric Guardian","floor":21.0,"turns":6.0},{"damage":21,"enemies":"Cultist and Chosen","floor":22,"turns":6}],"seed_played":"9140377347619011907","potions_obtained":[{"floor":1.0,"key":"SpeedPotion"},{"floor":4.0,"key":"SkillPotion"},{"floor":8.0,"key":"Dexterity Potion"},{"floor":10.0,"key":"SmokeBomb"},{"floor":18.0,"key":"LiquidMemories"},{"floor":21.0,"key":"CultistPotion"}],"is_trial":false,"path_per_floor":["M","M","M","M","M","R","?","M","T","M","M","M","R","M","R","B",null,"M","?","$","M","M"],"character_chosen":"IRONCLAD","items_purchased":["True Grit","Good Instincts","Violence"],"campfire_rested":0,"item_purchase_floors":[20,20,20],"current_hp_per_floor":[80,80,80,79,71,71,63,69,69,74,71,71,71,69,69,22,96,66,66,66,29,8,8],"gold":54,"neow_bonus":"UPGRADE_CARD","is_daily":false,"chose_seed":false,"campfire_upgraded":3,"win_rate":0.0,"timestamp":1611567812,"path_taken":["M","M","M","M","M","R","?","M","T","M","M","?","R","M","R","BOSS","M","?","$","M","M"],"items_purchased_type":["Card","Card","Card"],"build_version":"2020-12-22","purchased_purges":1,"victory":false,"max_hp_per_floor":[80,80,80,80,80,80,80,84,84,88,92,92,92,96,96,96,96,96,96,96,96,96,96],"card_choices":[{"not_picked":["Dark Embrace","Iron Wave"],"picked":"Intimidate","floor":1.0},{"not_picked":["True Grit","Thunderclap"],"picked":"Dropkick","floor":2.0},{"not_picked":["Anger","Perfected Strike"],"picked":"True Grit","floor":3.0},{"not_picked":["Perfected Strike","Infernal Blade"],"picked":"Sword Boomerang","floor":4.0},{"not_picked":["Iron Wave","Body Slam"],"picked":"Feed","floor":5.0},{"not_picked":["Warcry","True Grit"],"picked":"Cleave","floor":8.0},{"not_picked":["Body Slam","Clothesline","Flex"],"picked":"SKIP","floor":10.0},{"not_picked":["Clash","Twin Strike"],"picked":"Dropkick","floor":11.0},{"not_picked":["Headbutt","Armaments"],"picked":"Dark Embrace","floor":12.0},{"not_picked":["Brutality","Havoc"],"picked":"Reckless Charge","floor":14.0},{"not_picked":["Reaper","Brutality"],"picked":"Immolate","floor":16.0},{"not_picked":["Disarm","Cleave"],"picked":"Evolve","floor":18.0},{"not_picked":["Reckless Charge+1","Hemokinesis"],"picked":"Pommel Strike","floor":21.0}],"player_experience":328747,"relics_obtained":[],"event_choices":[{"damage_healed":0.0,"max_hp_gain":0.0,"max_hp_loss":0.0,"gold_gain":75.0,"event_name":"FaceTrader","player_choice":"Touch","floor":7.0,"gold_loss":0.0,"damage_taken":8.0}],"is_beta":false,"boss_relics":[{"not_picked":["Empty Cage","Sozu","SlaversCollar"]}],"items_purged_floors":[20],"is_endless":false,"potions_floor_spawned":[1,4,8,10,14,18,21],"killed_by":"Cultist and Chosen","ascension_level":0}}