{"host":"sc0o2qwpf9j16a4i","time":1611585794,"event":{"mods":["AchievementEnabler","BaseMod","BetterRewards","Block Reminder","Colored Map","Colored Powertips","Custom Start","Highlight Path","Minty Spire (QoL Compilation)","Relic Stats"],"gold_per_floor":[111,124,299,299,299,299,25,58,58,93,39,74,88,426,426,534,534,553,24,69,69,69,69,104,62,86,126,154,198,198,240,240,335,335,351,351,378,403,429,429,147,147,147],"floor_reached":42,"language":"ENG","playtime":1618,"items_purged":["Strike_B","Strike_B","Defend_B+1"],"score":623,"play_id":"c8d2b68a-062b-4b04-8a88-effcf6cd68af","local_time":"20210125164314","daily_mods":["Specialized","Colorless Cards","Elite Swarm"],"is_ascension_mode":false,"campfire_choices":[{"data":"FTL","floor":6.0,"key":"SMITH"},{"data":"Apotheosis","floor":15.0,"key":"SMITH"},{"data":"Echo Form","floor":23.0,"key":"SMITH"},{"floor":32.0,"key":"REST"},{"floor":40,"key":"REST"}],"circlet_count":0,"master_deck":["Defend_B+1","Defend_B+1","Defend_B+1","Zap","Dualcast","FTL+1","FTL+1","FTL","FTL+1","FTL+1","Ball Lightning","Beam Cell","Go for the Eyes","Apotheosis+1","Buffer","Echo Form+1","Coolheaded","Conserve Battery","Buffer","Ghostly+1","Ghostly","Ghostly+1","Ghostly","Ghostly","Electrodynamics","Hologram","Echo Form","Cold Snap","Creative AI","Amplify","Dark Shackles","Panacea+1","Coolheaded","Secret Technique"],"relics":["Cracked Core","CeramicFish","ClockworkSouvenir","Art of War","Calipers","Bird Faced Urn","Whetstone","Old Coin","Empty Cage","Gremlin Horn","DollysMirror","Blue Candle","Gambling Chip","Happy Flower","StrikeDummy","Du-Vu Doll","War Paint","Fusion Hammer"],"acts_visited":["Exordium","TheCity","TheBeyond"],"potions_floor_usage":[],"damage_taken":[{"damage":1.0,"enemies":"Jaw Worm","floor":1.0,"turns":2.0},{"damage":0.0,"enemies":"Cultist","floor":2.0,"turns":2.0},{"damage":13.0,"enemies":"Lagavulin","floor":8.0,"turns":7.0},{"damage":14.0,"enemies":"Gremlin Nob","floor":10.0,"turns":3.0},{"damage":13.0,"enemies":"3 Sentries","floor":12.0,"turns":5.0},{"damage":7.0,"enemies":"Small Slimes","floor":13.0,"turns":2.0},{"damage":0.0,"enemies":"Gremlin Nob","floor":14.0,"turns":2.0},{"damage":8.0,"enemies":"Hexaghost","floor":16.0,"turns":8.0},{"damage":8.0,"enemies":"Shell Parasite","floor":18.0,"turns":5.0},{"damage":15.0,"enemies":"Slavers","floor":24.0,"turns":8.0},{"damage":5.0,"enemies":"Gremlin Leader","floor":27.0,"turns":6.0},{"damage":25.0,"enemies":"3 Byrds","floor":28.0,"turns":4.0},{"damage":1.0,"enemies":"Book of Stabbing","floor":29.0,"turns":6.0},{"damage":0.0,"enemies":"Gremlin Leader","floor":31.0,"turns":10.0},{"damage":4.0,"enemies":"Champ","floor":33.0,"turns":13.0},{"damage":4.0,"enemies":"3 Darklings","floor":35.0,"turns":6.0},{"damage":1.0,"enemies":"3 Shapes","floor":37.0,"turns":8.0},{"damage":1.0,"enemies":"Maw","floor":38.0,"turns":11.0},{"damage":4,"enemies":"4 Shapes","floor":39,"turns":6},{"damage":45,"enemies":"Nemesis","floor":42,"turns":2}],"seed_played":"2864846371466046900","potions_obtained":[{"floor":12.0,"key":"Ancient Potion"},{"floor":14.0,"key":"Fire Potion"},{"floor":18.0,"key":"SteroidPotion"},{"floor":33.0,"key":"EssenceOfSteel"}],"is_trial":true,"path_per_floor":["M","M","?","?","?","R","$","E","T","E","$","E","M","E","R","B",null,"M","$","?","T","?","R","E","$","T","E","M","E","?","E","R","B",null,"M","?","M","M","M","R","$","E"],"character_chosen":"DEFECT","items_purchased":["ClockworkSouvenir","ColorlessPotion","Beam Cell","Go for the Eyes","Gremlin Horn","Conserve Battery","DollysMirror","Hologram","Secret Technique"],"campfire_rested":2,"item_purchase_floors":[7,7,11,11,19,19,19,25,41],"current_hp_per_floor":[74,74,74,74,71,71,71,58,58,44,44,31,24,24,24,18,75,67,67,37,37,33,33,26,26,26,29,10,11,11,33,42,42,42,42,42,42,42,42,42,42,0,0],"gold":147,"neow_bonus":"","is_daily":false,"chose_seed":false,"campfire_upgraded":3,"win_rate":0.0,"timestamp":1611585794,"path_taken":["M","M","?","?","?","R","?","E","T","E","$","E","M","E","R","BOSS","M","$","?","?","?","R","E","$","T","E","M","E","?","E","R","BOSS","M","?","M","M","?","R","$","E"],"items_purchased_type":["Relic","Potion","Card","Card","Relic","Card","Relic","Card","Card"],"build_version":"2020-12-22","purchased_purges":3,"victory":false,"max_hp_per_floor":[75,75,75,75,75,75,75,75,75,75,75,75,75,75,75,75,75,75,75,37,37,42,42,42,42,42,42,42,42,42,42,42,42,42,42,42,42,42,42,42,42,42,42],"relic_stats":{"Gremlin Horn":[15,15],"Happy Flower":[24],"counters":[20,115],"CeramicFish":207,"Bird Faced Urn":[62],"Blue Candle":[0],"Gambling Chip":[43],"Art of War":[38],"Whetstone":["FTL","FTL"],"War Paint":["Ghostly","Ghostly"],"obtain_stats":[{"Calipers":9,"Gremlin Horn":19,"Happy Flower":26,"CeramicFish":5,"Blue Candle":21,"Whetstone":12,"War Paint":31,"Empty Cage":17,"ClockworkSouvenir":7,"Old Coin":14,"Du-Vu Doll":29,"DollysMirror":19,"Bird Faced Urn":10,"Gambling Chip":24,"Fusion Hammer":34,"Art of War":8,"Cracked Core":0,"StrikeDummy":27},{"Calipers":3,"Gremlin Horn":9,"Happy Flower":10,"CeramicFish":2,"Blue Candle":9,"Whetstone":5,"War Paint":14,"Empty Cage":8,"ClockworkSouvenir":2,"Old Coin":7,"Du-Vu Doll":13,"DollysMirror":9,"Bird Faced Urn":4,"Gambling Chip":10,"Fusion Hammer":15,"Art of War":3,"Cracked Core":0,"StrikeDummy":11},{"Calipers":11,"Gremlin Horn":36,"Happy Flower":44,"CeramicFish":4,"Blue Candle":36,"Whetstone":19,"War Paint":70,"Empty Cage":31,"ClockworkSouvenir":4,"Old Coin":23,"Du-Vu Doll":60,"DollysMirror":36,"Bird Faced Urn":14,"Gambling Chip":44,"Fusion Hammer":83,"Art of War":11,"Cracked Core":0,"StrikeDummy":50}]},"card_choices":[{"not_picked":["Barrage","Lockon"],"picked":"Ball Lightning","floor":1.0},{"not_picked":["Streamline","Steam","FTL"],"picked":"SKIP","floor":2.0},{"not_picked":["Magnetism","Machine Learning","Rainbow"],"picked":"SKIP","floor":8.0},{"not_picked":["Transmutation","Machine Learning","Chrysalis"],"picked":"SKIP","floor":10.0},{"not_picked":["Creative AI","Reboot"],"picked":"Apotheosis","floor":12.0},{"not_picked":["Jack Of All Trades","Gash","Sweeping Beam"],"picked":"SKIP","floor":13.0},{"not_picked":["Master of Strategy","Thunder Strike"],"picked":"Buffer","floor":14.0},{"not_picked":["Rainbow","Core Surge"],"picked":"Echo Form","floor":16.0},{"not_picked":["Compile Driver","Turbo"],"picked":"Coolheaded","floor":18.0},{"not_picked":["Core Surge","Seek"],"picked":"Electrodynamics","floor":24.0},{"not_picked":["Sadistic Nature","Secret Technique"],"picked":"Echo Form","floor":27.0},{"not_picked":["Impatience","Steam"],"picked":"Cold Snap","floor":28.0},{"not_picked":["Fission","Reboot"],"picked":"Creative AI","floor":29.0},{"not_picked":["Meteor Strike","Magnetism"],"picked":"Amplify","floor":31.0},{"not_picked":["Rip and Tear+1","Impatience","Beam Cell+1"],"picked":"SKIP","floor":35.0},{"not_picked":["Redo","Barrage+1"],"picked":"Dark Shackles","floor":37.0},{"not_picked":["Rebound","Cold Snap+1"],"picked":"Panacea+1","floor":38},{"not_picked":["Trip+1","Skim+1"],"picked":"Coolheaded","floor":39}],"player_experience":948007,"relics_obtained":[{"floor":8.0,"key":"Art of War"},{"floor":9.0,"key":"Calipers"},{"floor":10.0,"key":"Bird Faced Urn"},{"floor":12.0,"key":"Whetstone"},{"floor":14.0,"key":"Old Coin"},{"floor":21.0,"key":"Blue Candle"},{"floor":24.0,"key":"Gambling Chip"},{"floor":26.0,"key":"Happy Flower"},{"floor":27.0,"key":"StrikeDummy"},{"floor":29.0,"key":"Du-Vu Doll"},{"floor":31.0,"key":"War Paint"}],"event_choices":[{"damage_healed":0.0,"max_hp_gain":0.0,"max_hp_loss":0.0,"gold_gain":175.0,"event_name":"Liars Game","player_choice":"AGREE","floor":3.0,"gold_loss":0.0,"damage_taken":0.0,"cards_obtained":["Doubt"]},{"damage_healed":0.0,"max_hp_gain":0.0,"max_hp_loss":0.0,"gold_gain":0.0,"event_name":"Living Wall","player_choice":"Grow","floor":4.0,"gold_loss":0.0,"damage_taken":0.0,"cards_upgraded":["FTL"]},{"damage_healed":0.0,"max_hp_gain":0.0,"max_hp_loss":0.0,"gold_gain":0.0,"event_name":"Scrap Ooze","player_choice":"Success","floor":5.0,"gold_loss":0.0,"damage_taken":3.0,"relics_obtained":["CeramicFish"]},{"damage_healed":0.0,"max_hp_gain":0.0,"max_hp_loss":38.0,"gold_gain":0.0,"event_name":"Ghosts","player_choice":"Became a Ghost","floor":20.0,"gold_loss":0.0,"damage_taken":0.0,"cards_obtained":["Ghostly","Ghostly","Ghostly","Ghostly","Ghostly"]},{"damage_healed":0.0,"max_hp_gain":5.0,"max_hp_loss":0.0,"gold_gain":0.0,"event_name":"Forgotten Altar","player_choice":"Shed Blood","floor":22.0,"gold_loss":0.0,"damage_taken":9.0},{"damage_healed":0.0,"max_hp_gain":0.0,"max_hp_loss":0.0,"gold_gain":0.0,"event_name":"Back to Basics","player_choice":"Simplicity","floor":30.0,"gold_loss":0.0,"damage_taken":0.0,"cards_upgraded":["Strike_B","Defend_B","Defend_B","Defend_B","Defend_B"]},{"cards_removed":["Strike_B"],"damage_healed":0.0,"max_hp_gain":0.0,"max_hp_loss":0.0,"gold_gain":0.0,"event_name":"Purifier","player_choice":"Purged","floor":36.0,"gold_loss":0.0,"damage_taken":0.0}],"is_beta":false,"boss_relics":[{"not_picked":["Astrolabe","Coffee Dripper"],"picked":"Empty Cage"},{"not_picked":["Velvet Choker","Busted Crown"],"picked":"Fusion Hammer"}],"items_purged_floors":[7,19,41],"is_endless":false,"potions_floor_spawned":[12,14,18,28,33,37,38],"killed_by":"Nemesis","ascension_level":0}}