{"host":"bvp2uifzy1c463d9","time":1611614673,"event":{"mods":["BaseMod","Block Reminder","Colored Map","Colored Powertips","Hermit","Highlight Path","Infinite Spire","Minty Spire (QoL Compilation)","Random Character Button","Relic Stats","Replay The Spire","StSLib","The Jungle"],"gold_per_floor":[118,136,311,323,343,343,357,357,380,100,119,119,154,154,154,258,258,284,284,313,23,46,46,46,46],"floor_reached":24,"language":"ENG","playtime":1689,"items_purged":["Doubt","Defend_R","Strike_R"],"score":208,"play_id":"34791806-94d9-48f2-a828-aa62b26abdc5","local_time":"20210125164433","is_ascension_mode":true,"campfire_choices":[{"data":"Madness","floor":6.0,"key":"SMITH"},{"data":"Ghostly Armor","floor":15.0,"key":"SMITH"},{"data":"ReplayTheSpireMod:Strike From Hell","floor":23,"key":"SMITH"}],"circlet_count":0,"master_deck":["Strike_R","Strike_R","Strike_R","Defend_R","Defend_R","Defend_R","Bash","Madness+1","Blood for Blood","Clothesline","Searing Blow","Intimidate","Fire Breathing","Shrug It Off","Rupture","Eclipse+1","Ghostly Armor+1","Demonic Infusion","Flame Barrier","Run Through","Wild Strike","ReplayTheSpireMod:Strike From Hell+1"],"relics":["Burning Blood","Akabeko","PreservedInsect","CeramicFish","Quantum Egg","Coffee Dripper","Replay:Accelerometer","Toolbox"],"acts_visited":["Exordium","TheCity"],"potions_floor_usage":[],"damage_taken":[{"damage":6.0,"enemies":"Cultist","floor":1.0,"turns":3.0},{"damage":0.0,"enemies":"Small Slimes","floor":2.0,"turns":5.0},{"damage":6.0,"enemies":"Jaw Worm","floor":4.0,"turns":2.0},{"damage":14.0,"enemies":"Blue Slaver","floor":5.0,"turns":4.0},{"damage":7.0,"enemies":"3 Louse","floor":7.0,"turns":3.0},{"damage":10.0,"enemies":"Red Slaver","floor":11.0,"turns":4.0},{"damage":10.0,"enemies":"3 Sentries","floor":13.0,"turns":5.0},{"damage":56.0,"enemies":"Hexaghost","floor":16.0,"turns":13.0},{"damage":4,"enemies":"Chosen","floor":18,"turns":5},{"damage":17,"enemies":"Shell Parasite","floor":20,"turns":7},{"damage":10,"enemies":"Shelled Parasite and Fungi","floor":22,"turns":7},{"damage":0,"enemies":"Centurion and Healer","floor":24,"turns":1}],"seed_played":"-940372956263375204","potions_obtained":[{"floor":1.0,"key":"SkillPotion"},{"floor":5.0,"key":"BloodPotion"},{"floor":11.0,"key":"HeartOfIron"}],"is_trial":false,"path_per_floor":["M","M","?","M","M","R","M","?","T","$","M","?","E","T","R","B",null,"M","AVR","M","$","M","R","M"],"character_chosen":"IRONCLAD","items_purchased":["PreservedInsect","Shrug It Off","Wild Strike","Toolbox"],"campfire_rested":0,"item_purchase_floors":[10,10,21,21],"current_hp_per_floor":[80,80,80,80,72,72,71,80,80,80,76,76,72,72,72,22,80,80,80,69,69,65,65,65,65],"gold":46,"neow_bonus":"RANDOM_COLORLESS","is_daily":false,"chose_seed":false,"campfire_upgraded":3,"win_rate":0.0,"timestamp":1611614673,"path_taken":["M","M","?","M","M","R","M","?","T","$","?","?","E","?","R","BOSS","M","AVR","M","$","M","R","M"],"items_purchased_type":["Relic","Card","Card","Relic"],"build_version":"2020-12-22","purchased_purges":3,"victory":false,"max_hp_per_floor":[80,80,80,80,80,80,80,80,80,80,80,80,80,80,80,80,80,80,80,80,80,80,80,80,80],"relic_stats":{"counters":[12,59],"CeramicFish":54,"PreservedInsect":33,"obtain_stats":[{"Replay:Accelerometer":19,"CeramicFish":13,"Quantum Egg":14,"Toolbox":21,"PreservedInsect":10,"Coffee Dripper":17,"Burning Blood":0,"Akabeko":9},{"Replay:Accelerometer":9,"CeramicFish":7,"Quantum Egg":7,"Toolbox":10,"PreservedInsect":5,"Coffee Dripper":8,"Burning Blood":0,"Akabeko":5},{"Replay:Accelerometer":44,"CeramicFish":26,"Quantum Egg":26,"Toolbox":51,"PreservedInsect":17,"Coffee Dripper":39,"Burning Blood":0,"Akabeko":17}],"Burning Blood":58},"card_choices":[{"not_picked":["Replay:BasicMightCard","Dark Shackles"],"picked":"Madness","floor":0.0},{"not_picked":["Replay:Undeath\u0027s Touch","Pommel Strike"],"picked":"Blood for Blood","floor":1.0},{"not_picked":["Perfected Strike","Warcry"],"picked":"Clothesline","floor":2.0},{"not_picked":["Sentinel","Replay:Undeath\u0027s Touch"],"picked":"Searing Blow","floor":4.0},{"not_picked":["Clash","Heavy Blade"],"picked":"Intimidate","floor":5.0},{"not_picked":["Clash","Flex"],"picked":"Fire Breathing","floor":7.0},{"not_picked":["Cleave","Sword Boomerang"],"picked":"Rupture","floor":11.0},{"not_picked":["Shrug It Off","Flex"],"picked":"Ghostly Armor","floor":13.0},{"not_picked":["Impervious","Replay:Many Hands"],"picked":"Demonic Infusion","floor":16.0},{"not_picked":["Second Wind+1","Clothesline"],"picked":"Flame Barrier","floor":18},{"not_picked":["Fire Breathing","Clash"],"picked":"Run Through","floor":20},{"not_picked":["Clothesline","Anger"],"picked":"ReplayTheSpireMod:Strike From Hell","floor":22}],"player_experience":172356,"relics_obtained":[{"floor":9.0,"key":"Akabeko"},{"floor":13.0,"key":"CeramicFish"},{"floor":14.0,"key":"Quantum Egg"}],"event_choices":[{"damage_healed":0.0,"max_hp_gain":0.0,"max_hp_loss":0.0,"gold_gain":175.0,"event_name":"Liars Game","player_choice":"AGREE","floor":3.0,"gold_loss":0.0,"damage_taken":0.0,"cards_obtained":["Doubt"]},{"damage_healed":9.0,"max_hp_gain":0.0,"max_hp_loss":0.0,"gold_gain":0.0,"event_name":"Wheel of Change","player_choice":"Full Heal","floor":8.0,"gold_loss":0.0,"damage_taken":0.0}],"is_beta":false,"boss_relics":[{"not_picked":["Replay:Wanted Poster","Ooze Armor"],"picked":"Coffee Dripper"}],"items_purged_floors":[10,19,21],"is_endless":false,"potions_floor_spawned":[1,5,11,22],"killed_by":"Centurion and Healer","ascension_level":1}}