{"host":"5v9rfzf5qju8k9wy","time":1611576907,"event":{"mods":["Act Like it!","BaseMod","Downfall","Hermit","Koishi","Lobotomy","Marisa£®ÏF”Í°°ƒß¿Ì…≥£©","Minty Spire (QoL Compilation)","StSLib","The Cursed"],"gold_per_floor":[118,118,131,152,152,187,187],"floor_reached":6,"language":"ZHS","playtime":537,"items_purged":[],"score":46,"play_id":"38ae2fba-2fb8-41cb-b2ec-a70e44a0e5b7","local_time":"20210125201507","is_ascension_mode":false,"campfire_choices":[],"circlet_count":0,"master_deck":["Koishi:BasicStrike","Koishi:BasicStrike","Koishi:BasicStrike","Koishi:BasicStrike","Koishi:BasicDefend","Koishi:BasicDefend","Koishi:BasicDefend","Koishi:BasicDefend","Koishi:Provoke","Koishi:HauntingSlash","OldLady","Koishi:Jaunt","Scarecrow","Koishi:JumpScare","Koishi:MindNumbingTerror","Bite","Koishi:SubconsciousSweep"],"relics":["Koishi:ImaginaryFriend","CogitoBucket","Golden Idol","Centennial Puzzle"],"acts_visited":["Exordium"],"potions_floor_usage":[6,6,6],"damage_taken":[{"damage":1,"enemies":"Jaw Worm","floor":1,"turns":5},{"damage":6,"enemies":"2 Louse","floor":3,"turns":2},{"damage":2,"enemies":"Cultist","floor":4,"turns":4},{"damage":20,"enemies":"Lagavulin","floor":6,"turns":7}],"seed_played":"-81375167095905681","potions_obtained":[{"floor":1,"key":"Energy Potion"},{"floor":3,"key":"Fire Potion"},{"floor":4,"key":"SpeedPotion"}],"is_trial":false,"path_per_floor":["M","?","M","M","?","E"],"character_chosen":"KOISHI","items_purchased":[],"campfire_rested":0,"item_purchase_floors":[],"current_hp_per_floor":[60,45,40,42,42,33,33],"gold":187,"neow_bonus":"","is_daily":false,"chose_seed":false,"campfire_upgraded":0,"win_rate":0.0,"timestamp":1611576907,"path_taken":["M","?","M","M","?","E"],"items_purchased_type":[],"build_version":"2020-12-22","purchased_purges":0,"victory":false,"max_hp_per_floor":[60,60,60,60,60,60,60],"card_choices":[{"not_picked":["SpiderBud","ShyLook"],"picked":"OldLady","floor":1},{"not_picked":["Koishi:DNAsFlaw","Koishi:SubterraneanRose"],"picked":"Koishi:Jaunt","floor":1},{"not_picked":["WhitesApple","BlackSwan"],"picked":"Scarecrow","floor":3},{"not_picked":["Koishi:TraumaticStroke","Koishi:EmbryosDream"],"picked":"Koishi:JumpScare","floor":3},{"not_picked":["ShyLook","OSAHOGD"],"picked":"VoidDream","floor":4},{"not_picked":["Koishi:Vanish","Koishi:ConditionedTeleport"],"picked":"Koishi:MindNumbingTerror","floor":4},{"not_picked":["Koishi:Jaunt","Koishi:Prune"],"picked":"Koishi:SubconsciousSweep","floor":6}],"player_experience":100532,"relics_obtained":[{"floor":6,"key":"Centennial Puzzle"}],"event_choices":[{"damage_healed":0,"gold_gain":0,"player_choice":"Take Damage","damage_taken":15,"relics_obtained":["Golden Idol"],"max_hp_gain":0,"max_hp_loss":0,"event_name":"Golden Idol","floor":2,"gold_loss":0},{"cards_removed":["VoidDream"],"damage_healed":0,"gold_gain":0,"player_choice":"Took Card","damage_taken":0,"max_hp_gain":0,"max_hp_loss":0,"event_name":"NoteForYourself","floor":5,"gold_loss":0,"cards_obtained":["Bite"]}],"is_beta":false,"boss_relics":[],"items_purged_floors":[],"is_endless":false,"potions_floor_spawned":[1,3,4],"killed_by":"Lagavulin","ascension_level":0}}