{"host":"5jzx1090woovszu4","time":1611551118,"event":{"mods":["BaseMod","Gremlin Mod","Minty Spire (QoL Compilation)","Robot Space Explorer","Spicy Shops","StSLib"],"gold_per_floor":[112,212,224,241,241,241,254,281,349,364,397,397,432,397,397,493,493,511,523,523,121,133,133,43,43,115,115,125,125,143,177,177,281,281,298,345,365,167,167,197,197,225,225,4,0,0,50,63,63,63],"floor_reached":51,"language":"ENG","playtime":3350,"items_purged":["RobotSpaceExplorer:Defend"],"score":873,"play_id":"62a3ecb2-f3ee-4b6a-99f4-9862ce491bbd","local_time":"20210125060518","is_ascension_mode":true,"campfire_choices":[{"data":"RobotSpaceExplorer:Multitool","floor":6,"key":"SMITH"},{"floor":12,"key":"REST"},{"floor":15,"key":"REST"},{"floor":23,"key":"REST"},{"data":"RobotSpaceExplorer:Asteroid","floor":25,"key":"SMITH"},{"data":"RobotSpaceExplorer:ShovelStrike","floor":27,"key":"SMITH"},{"data":"RobotSpaceExplorer:Autoloader","floor":29,"key":"SMITH"},{"floor":32,"key":"REST"},{"data":"RobotSpaceExplorer:PowerCollector","floor":41,"key":"SMITH"},{"data":"RobotSpaceExplorer:SelfCleaning","floor":46,"key":"PURGE"},{"data":"RobotSpaceExplorer:PowerCollector","floor":49,"key":"SMITH"}],"circlet_count":0,"master_deck":["RobotSpaceExplorer:Strike","RobotSpaceExplorer:Strike","RobotSpaceExplorer:Strike","RobotSpaceExplorer:Defend","RobotSpaceExplorer:Defend","RobotSpaceExplorer:Scan","RobotSpaceExplorer:MiniLasers","RobotSpaceExplorer:Multitool+1","RobotSpaceExplorer:StarLightning","RobotSpaceExplorer:Asteroid+1","RobotSpaceExplorer:JunkDive","RobotSpaceExplorer:ShovelStrike+1","RobotSpaceExplorer:MiniDrones","RobotSpaceExplorer:FranticSearch+1","RobotSpaceExplorer:Autoloader+1","RobotSpaceExplorer:ScrapShield","RobotSpaceExplorer:ScrapMissile","RobotSpaceExplorer:MiniBoosters","RobotSpaceExplorer:MiniDrones+1","RobotSpaceExplorer:MiniDrones+1","RobotSpaceExplorer:RigExplosive","RobotSpaceExplorer:PowerCollector+1","RobotSpaceExplorer:Blaster+1","CurseOfTheBell","RobotSpaceExplorer:MiniDrones+1","RobotSpaceExplorer:PowerCollector+1","Madness","Madness","RobotSpaceExplorer:Fix+1","RobotSpaceExplorer:SwiftStep+1","Metamorphosis+1","RobotSpaceExplorer:MiniBoosters","RobotSpaceExplorer:FreezeRay"],"relics":["RobotSpaceExplorer:RoboCore","RobotSpaceExplorer:ToughPlating","Bag of Preparation","Letter Opener","WingedGreaves","SlaversCollar","Nilry\u0027s Codex","Molten Egg 2","Orrery","StrikeDummy","Blue Candle","Calling Bell","Juzu Bracelet","Pantograph","TungstenRod","FossilizedHelix","Toxic Egg 2","PreservedInsect","Peace Pipe","Red Mask","StoneCalendar"],"acts_visited":["Exordium","TheCity","TheBeyond"],"potions_floor_usage":[10,16,18,19,30,30,31,35,36,36,40,42,48,48,50],"damage_taken":[{"damage":2,"enemies":"Jaw Worm","floor":1,"turns":5},{"damage":0,"enemies":"Cultist","floor":3,"turns":3},{"damage":4,"enemies":"2 Louse","floor":4,"turns":3},{"damage":0,"enemies":"Blue Slaver","floor":7,"turns":4},{"damage":17,"enemies":"Gremlin Nob","floor":8,"turns":4},{"damage":0,"enemies":"Lots of Slimes","floor":10,"turns":2},{"damage":13,"enemies":"3 Sentries","floor":11,"turns":8},{"damage":17,"enemies":"Lagavulin","floor":13,"turns":6},{"damage":24,"enemies":"Hexaghost","floor":16,"turns":10},{"damage":16,"enemies":"2 Thieves","floor":18,"turns":4},{"damage":10,"enemies":"Shell Parasite","floor":19,"turns":4},{"damage":10,"enemies":"Snake Plant","floor":22,"turns":6},{"damage":0,"enemies":"3 Cultists","floor":28,"turns":4},{"damage":5,"enemies":"Snecko","floor":30,"turns":3},{"damage":5,"enemies":"Slavers","floor":31,"turns":4},{"damage":21,"enemies":"Automaton","floor":33,"turns":8},{"damage":8,"enemies":"3 Darklings","floor":35,"turns":5},{"damage":13,"enemies":"2 Orb Walkers","floor":36,"turns":4},{"damage":0,"enemies":"Orb Walker","floor":37,"turns":2},{"damage":0,"enemies":"Reptomancer","floor":40,"turns":4},{"damage":26,"enemies":"Nemesis","floor":42,"turns":5},{"damage":0,"enemies":"Mind Bloom Boss Battle","floor":47,"turns":3},{"damage":0,"enemies":"3 Darklings","floor":48,"turns":3},{"damage":40,"enemies":"Awakened One","floor":50,"turns":7}],"seed_played":"4572792182137439104","potions_obtained":[{"floor":3,"key":"SpeedPotion"},{"floor":4,"key":"RobotSpaceExplorer:LiquidFusion"},{"floor":16,"key":"Weak Potion"},{"floor":18,"key":"SkillPotion"},{"floor":19,"key":"SkillPotion"},{"floor":30,"key":"Regen Potion"},{"floor":36,"key":"Swift Potion"},{"floor":47,"key":"Fire Potion"},{"floor":48,"key":"SpeedPotion"}],"is_trial":false,"path_per_floor":["M","?","M","M","?","R","M","E","T","M","E","R","E","?","R","B",null,"M","M","?","$","M","R","?","R","T","R","M","R","M","E","R","B",null,"M","?","M","$","?","E","R","E","T","$","?","R","?","M","R","B",null],"character_chosen":"RobotSpaceExplorer","items_purchased":["Molten Egg 2","Orrery","RobotSpaceExplorer:PowerCollector","Metamorphosis+1","RobotSpaceExplorer:MiniBoosters"],"campfire_rested":4,"item_purchase_floors":[21,21,38,44,44],"current_hp_per_floor":[73,73,73,69,44,44,44,27,27,27,14,36,19,37,59,35,75,59,49,33,33,23,45,45,45,45,45,45,45,40,35,57,36,75,67,54,54,54,46,46,46,40,40,40,40,40,71,71,71,41],"gold":63,"neow_bonus":"ONE_RANDOM_RARE_CARD","is_daily":false,"chose_seed":false,"campfire_upgraded":6,"win_rate":0.0,"timestamp":1611551118,"path_taken":["M","?","?","M","?","R","M","E","T","M","E","R","E","?","R","BOSS","M","M","?","$","M","R","?","R","T","R","?","R","?","E","R","BOSS","M","?","M","$","?","E","R","E","T","$","?","R","?","M","R","BOSS"],"items_purchased_type":["Relic","Relic","Card","Card","Card"],"build_version":"2020-12-22","purchased_purges":1,"victory":true,"max_hp_per_floor":[75,75,75,75,75,75,75,75,75,75,75,75,75,75,75,75,75,75,75,75,75,75,75,75,75,75,75,75,75,75,75,75,75,75,75,75,75,75,75,75,75,75,75,75,75,75,75,75,75,75],"card_choices":[{"not_picked":["RobotSpaceExplorer:ScrapToss","RobotSpaceExplorer:FreezingShield"],"picked":"RobotSpaceExplorer:SelfCleaning","floor":1},{"not_picked":["RobotSpaceExplorer:SurgingShield","RobotSpaceExplorer:StunGrenade"],"picked":"RobotSpaceExplorer:StarLightning","floor":3},{"not_picked":["RobotSpaceExplorer:SurgingShield","RobotSpaceExplorer:ImprovisedAttack","RobotSpaceExplorer:MakeshiftVolley"],"picked":"SKIP","floor":4},{"not_picked":["RobotSpaceExplorer:SurgingStrike","RobotSpaceExplorer:StunGrenade"],"picked":"RobotSpaceExplorer:Asteroid","floor":7},{"not_picked":["RobotSpaceExplorer:Probe","RobotSpaceExplorer:FrostMissile"],"picked":"RobotSpaceExplorer:JunkDive","floor":8},{"not_picked":["RobotSpaceExplorer:MetalStrike","RobotSpaceExplorer:FrostMissile"],"picked":"RobotSpaceExplorer:ShovelStrike","floor":10},{"not_picked":["RobotSpaceExplorer:Probe","RobotSpaceExplorer:ExhaustFan"],"picked":"RobotSpaceExplorer:MiniDrones","floor":11},{"not_picked":["RobotSpaceExplorer:IronShell","RobotSpaceExplorer:Smokescreen"],"picked":"RobotSpaceExplorer:FranticSearch","floor":13},{"not_picked":["RobotSpaceExplorer:ShockMissile","RobotSpaceExplorer:Asteroid"],"picked":"RobotSpaceExplorer:Autoloader","floor":16},{"not_picked":["RobotSpaceExplorer:SwiftStep","RobotSpaceExplorer:StunGrenade"],"picked":"RobotSpaceExplorer:ScrapShield","floor":18},{"not_picked":["RobotSpaceExplorer:FrostMissile+1","RobotSpaceExplorer:Ammunition"],"picked":"RobotSpaceExplorer:ScrapMissile","floor":19},{"not_picked":["RobotSpaceExplorer:Wormhole","RobotSpaceExplorer:FrostMissile+1"],"picked":"RobotSpaceExplorer:MiniBoosters","floor":21},{"not_picked":["RobotSpaceExplorer:SurgingShield","RobotSpaceExplorer:Asteroid+1"],"picked":"RobotSpaceExplorer:MiniDrones+1","floor":21},{"not_picked":["RobotSpaceExplorer:ScrapShield","RobotSpaceExplorer:IronShell"],"picked":"RobotSpaceExplorer:MiniDrones+1","floor":21},{"not_picked":["RobotSpaceExplorer:FranticSearch","RobotSpaceExplorer:GlueSpray+1"],"picked":"RobotSpaceExplorer:Wormhole","floor":21},{"not_picked":["RobotSpaceExplorer:Jetpack","RobotSpaceExplorer:StunGrenade+1"],"picked":"RobotSpaceExplorer:RigExplosive","floor":22},{"not_picked":["RobotSpaceExplorer:FranticSearch","RobotSpaceExplorer:Counterblock","RobotSpaceExplorer:SurgingStrike+1"],"picked":"SKIP","floor":28},{"not_picked":["RobotSpaceExplorer:FrostMissile+1","RobotSpaceExplorer:GlueSpray"],"picked":"RobotSpaceExplorer:PowerCollector","floor":30},{"not_picked":["RobotSpaceExplorer:Pulsar","RobotSpaceExplorer:Counterblock","RobotSpaceExplorer:GlueSpray"],"picked":"SKIP","floor":31},{"not_picked":["RobotSpaceExplorer:Wormhole","RobotSpaceExplorer:Autoloader"],"picked":"RobotSpaceExplorer:Blaster+1","floor":33},{"not_picked":["RobotSpaceExplorer:Counterblock","RobotSpaceExplorer:StunGrenade+1","RobotSpaceExplorer:Smokescreen"],"picked":"SKIP","floor":35},{"not_picked":["RobotSpaceExplorer:PowerGlove","RobotSpaceExplorer:MetalStrike+1"],"picked":"RobotSpaceExplorer:MiniDrones+1","floor":36},{"not_picked":["RobotSpaceExplorer:SurgingShield+1","RobotSpaceExplorer:RigExplosive","RobotSpaceExplorer:ShockKick+1"],"picked":"SKIP","floor":37},{"not_picked":["RobotSpaceExplorer:HighVoltage+1","RobotSpaceExplorer:PlasmaMissile+1"],"picked":"RobotSpaceExplorer:Fix+1","floor":40},{"not_picked":["RobotSpaceExplorer:Counterblock+1","RobotSpaceExplorer:ScrapToss+1"],"picked":"RobotSpaceExplorer:SwiftStep+1","floor":42},{"not_picked":["RobotSpaceExplorer:ImprovisedAttack+1","RobotSpaceExplorer:ShockKick+1"],"picked":"RobotSpaceExplorer:FreezeRay","floor":48}],"player_experience":633284,"relics_obtained":[{"floor":8,"key":"Bag of Preparation"},{"floor":11,"key":"Letter Opener"},{"floor":13,"key":"WingedGreaves"},{"floor":20,"key":"Nilry\u0027s Codex"},{"floor":26,"key":"StrikeDummy"},{"floor":31,"key":"Blue Candle"},{"floor":34,"key":"Juzu Bracelet"},{"floor":34,"key":"Pantograph"},{"floor":34,"key":"TungstenRod"},{"floor":36,"key":"FossilizedHelix"},{"floor":40,"key":"Toxic Egg 2"},{"floor":42,"key":"PreservedInsect"},{"floor":43,"key":"Peace Pipe"},{"floor":47,"key":"StoneCalendar"}],"event_choices":[{"damage_healed":0,"gold_gain":100,"player_choice":"Pray","damage_taken":0,"max_hp_gain":0,"max_hp_loss":0,"event_name":"Golden Shrine","floor":2,"gold_loss":0},{"damage_healed":0,"gold_gain":0,"player_choice":"Success","damage_taken":25,"relics_obtained":["RobotSpaceExplorer:ToughPlating"],"max_hp_gain":0,"max_hp_loss":0,"event_name":"Scrap Ooze","floor":5,"gold_loss":0},{"damage_healed":18,"gold_gain":0,"player_choice":"Healed","damage_taken":0,"max_hp_gain":0,"max_hp_loss":0,"event_name":"The Cleric","floor":14,"gold_loss":35},{"damage_healed":0,"gold_gain":0,"player_choice":"Obtained Book","damage_taken":16,"max_hp_gain":0,"max_hp_loss":0,"event_name":"Cursed Tome","floor":20,"gold_loss":0},{"cards_removed":["RobotSpaceExplorer:Defend"],"damage_healed":0,"gold_gain":0,"player_choice":"Upgrade and Remove","damage_taken":0,"max_hp_gain":0,"max_hp_loss":0,"event_name":"Designer","floor":24,"gold_loss":90,"cards_upgraded":["RobotSpaceExplorer:FranticSearch"]},{"damage_healed":0,"gold_gain":0,"player_choice":"Fight","damage_taken":0,"max_hp_gain":0,"max_hp_loss":0,"event_name":"Mysterious Sphere","floor":36,"gold_loss":0},{"damage_healed":0,"gold_gain":0,"player_choice":"Embrace Madness","damage_taken":9,"max_hp_gain":0,"max_hp_loss":0,"event_name":"Winding Halls","floor":39,"gold_loss":0,"cards_obtained":["Madness","Madness"]},{"damage_healed":0,"gold_gain":0,"player_choice":"Paid","damage_taken":0,"relics_obtained":["Red Mask"],"max_hp_gain":0,"max_hp_loss":0,"event_name":"Tomb of Lord Red Mask","floor":45,"gold_loss":4},{"damage_healed":0,"gold_gain":0,"player_choice":"Fight","damage_taken":0,"max_hp_gain":0,"max_hp_loss":0,"event_name":"MindBloom","floor":47,"gold_loss":0}],"is_beta":false,"boss_relics":[{"not_picked":["Runic Pyramid","Coffee Dripper"],"picked":"SlaversCollar"},{"not_picked":["Tiny House","Philosopher\u0027s Stone"],"picked":"Calling Bell"}],"items_purged_floors":[38],"is_endless":false,"potions_floor_spawned":[3,4,16,18,19,30,36,47,48],"ascension_level":3}}