{"host":"0dvp4uxbao5ucv2j","time":1611602891,"event":{"mods":["AchievementEnabler","Aspiration","BaseMod","Beaked The Cultist","BetterRewards","DNKmod","DNKmod Update","Downfall","Friendly Minions","GifTheSpireLib","Hubris","Infinite Spire","Minty Spire (QoL Compilation)","Replay The Spire","StSLib"],"gold_per_floor":[10018,10068,9529,9529,9544,9575,9589,9589,9638,9668,9686,9270,9270,9270,9270,9373,9373,9389,9401,9401,9151,8623,8623,8654,8654,8654],"floor_reached":25,"language":"ENG","playtime":1519,"items_purged":["Sickly","hubris:Lust","Pain"],"score":312,"play_id":"884cdfea-910a-4e65-a1fd-a64ca8d900ea","local_time":"20210125202811","is_ascension_mode":true,"campfire_choices":[{"data":"beaked:TuckingFeathers","floor":8,"key":"SMITH"},{"data":"beaked:Ceremony","floor":15,"key":"SMITH"},{"data":"beaked:Insight","floor":23,"key":"SMITH"}],"circlet_count":0,"master_deck":["beaked:Strike_Y","beaked:Strike_Y","beaked:Strike_Y+1","beaked:Strike_Y","beaked:Strike_Y","beaked:Defend_Y","beaked:Defend_Y","beaked:Defend_Y","beaked:Defend_Y","beaked:Ceremony","beaked:Ceremony","beaked:Ceremony+1","beaked:Insight+1","beaked:Windmill+1","Mayhem+1","Enlightenment+1","beaked:TuckingFeathers+1","beaked:Windmill+1","beaked:Daydream+1","beaked:Insight+1","beaked:Daydream+1","beaked:Insight+1","beaked:HuntressSpirit+1","Thinking Ahead+1","Overencumbered","beaked:Insight","GremboGang+1","beaked:Caw","beaked:WarriorEssence","beaked:WarriorEssence","beaked:Insight+1","beaked:BraceForImpact+1"],"relics":["m_GuardianBlood","Lee\u0027s Waffle","aspiration:PoetsPen_weak","hubris:CuriousFeather","infinitespire:Golems Mask","hubris:Towel","Matryoshka","m_SlimeRing","champ:LiftRelic","ReplayTheSpireMod:Ring of Collecting","infinitespire:Cubic Diamond","Spirit Poop","Ring of Panic","m_BurningSludge","ClockworkSouvenir","Guide Book","Mirror","Slimebound:AbsorbEndCombat","Bottled Flame","CultistMask","TwistedFunnel","infinitespire:Chaos","hubris:Zylophone"],"acts_visited":["Exordium","TheCity"],"potions_floor_usage":[],"damage_taken":[{"damage":10,"enemies":"2 Louse","floor":1,"turns":2},{"damage":11,"enemies":"Small Slimes","floor":5,"turns":4},{"damage":24,"enemies":"3 Sentries","floor":6,"turns":6},{"damage":0,"enemies":"Cultist","floor":7,"turns":2},{"damage":26,"enemies":"Gremlin Nob","floor":10,"turns":4},{"damage":2,"enemies":"Looter","floor":11,"turns":3},{"damage":15,"enemies":"The Guardian","floor":16,"turns":6},{"damage":16,"enemies":"Shell Parasite","floor":18,"turns":4},{"damage":24,"enemies":"Spheric Guardian","floor":19,"turns":4},{"damage":29,"enemies":"Replay:Snechameleon","floor":24,"turns":5},{"damage":0,"enemies":"Snake Plant","floor":25,"turns":3}],"seed_played":"159115337965395905","potions_obtained":[{"floor":6,"key":"Weak Potion"},{"floor":10,"key":"Energy Potion"},{"floor":18,"key":"SkillPotion"}],"is_trial":false,"path_per_floor":["M","?","$","?","M","E","M","R","T","E","M","$","?","?","R","B",null,"M","M","?","?","$","R","E","M"],"character_chosen":"BEAKED_THE_CULTIST","items_purchased":["OrangePellets","hubris:DeckOfHolding","aspiration:FetidBarrel","beaked:Insight","beaked:Windmill","Mayhem","Enlightenment","beaked:Insight","beaked:HuntressSpirit","Thinking Ahead","Replay:Baseball","Whetstone","Guide Book","Toxic Egg 2","hubris:Reverence","infinitespire:Chaos","beaked:Caw","beaked:WarriorEssence","beaked:Insight","beaked:BraceForImpact+1"],"campfire_rested":0,"item_purchase_floors":[3,3,3,3,3,3,3,12,12,12,12,12,12,22,22,22,22,22,22,22],"current_hp_per_floor":[113,113,113,113,115,110,119,119,119,101,109,109,109,109,109,117,120,119,108,83,83,132,132,120,126,126],"gold":8654,"neow_bonus":"NOSTALGIA","is_daily":false,"chose_seed":false,"campfire_upgraded":3,"win_rate":0.0,"timestamp":1611602891,"path_taken":["M","?","$","?","?","E","M","R","T","E","M","$","?","?","R","BOSS","M","M","?","?","$","R","E","M"],"items_purchased_type":["Relic","Relic","Relic","Card","Card","Card","Card","Card","Card","Card","Relic","Relic","Relic","Relic","Relic","Relic","Card","Card","Card","Card"],"build_version":"2020-12-22","purchased_purges":3,"victory":false,"max_hp_per_floor":[120,120,120,120,120,120,120,120,120,120,120,120,120,120,120,120,120,120,120,125,125,132,132,132,132,132],"card_choices":[{"not_picked":["beaked:CursingBlood","beaked:Daydream","beaked:FeelMyPain"],"picked":"SKIP","floor":1},{"not_picked":["beaked:Daydream","beaked:Tweet"],"picked":"beaked:TuckingFeathers","floor":5},{"not_picked":["beaked:Molting","beaked:Resilience"],"picked":"beaked:Windmill","floor":6},{"not_picked":["beaked:MachineEssence","beaked:StickSmack"],"picked":"beaked:Daydream","floor":7},{"not_picked":["beaked:Flinch","beaked:BraceForImpact"],"picked":"beaked:Insight","floor":10},{"not_picked":["beaked:Negation","beaked:Redirect"],"picked":"beaked:Daydream","floor":11},{"not_picked":["beaked:Hexing","beaked:Redirect+1"],"picked":"beaked:Insight","floor":18},{"not_picked":["beaked:Negation","beaked:Redirect+1","beaked:Resilience"],"picked":"SKIP","floor":19},{"not_picked":["Guardian:DonusPower+1","Cloak And Dagger","Slimebound:FinishingTackle+1"],"picked":"SKIP","floor":24}],"player_experience":147586,"relics_obtained":[{"floor":2,"key":"Ring of Fangs"},{"floor":2,"key":"Ring of Greed"},{"floor":2,"key":"Golden Egg"},{"floor":2,"key":"Membership Card"},{"floor":6,"key":"Torii"},{"floor":9,"key":"Pen Nib"},{"floor":10,"key":"Shuriken"},{"floor":13,"key":"Juzu Bracelet"},{"floor":24,"key":"hubris:Zylophone"}],"event_choices":[{"cards_removed":["beaked:Strike_Y"],"damage_healed":0,"gold_gain":0,"player_choice":"Card Removal","damage_taken":0,"max_hp_gain":0,"max_hp_loss":0,"event_name":"Wheel of Change","floor":4,"gold_loss":0},{"damage_healed":0,"gold_gain":0,"player_choice":"Rummage","damage_taken":0,"relics_obtained":["WarpedTongs"],"max_hp_gain":0,"max_hp_loss":0,"event_name":"Accursed Blacksmith","floor":14,"gold_loss":0,"cards_obtained":["Pain"]},{"damage_healed":0,"gold_gain":0,"player_choice":"Shed Blood","damage_taken":30,"max_hp_gain":5,"max_hp_loss":0,"event_name":"Forgotten Altar","floor":20,"gold_loss":0}],"is_beta":false,"boss_relics":[{"not_picked":["hubris:Stopwatch","Replay:Wanted Poster"],"picked":"ChewingGum"}],"items_purged_floors":[3,12,22],"is_endless":false,"potions_floor_spawned":[6,10,18],"killed_by":"Snake Plant","ascension_level":1}}