{"host":"lnt5dzsuhru0aonl","time":1611580835,"event":{"mods":["2.2 Compatiblity","BaseMod","Colored Map","Colored Powertips","DeckTracker","Keyboard Shortcuts","Minty Spire (QoL Compilation)","Permanent Neow","Rare Cards Sparkle","StSLib","SuperFastMode","everything is the same but u backflip on backflip"],"gold_per_floor":[12,12,12,33,46,46,81,42,42,42,86,107,67,67,67,67,67],"floor_reached":16,"language":"KOR","playtime":228,"items_purged":[],"score":216,"play_id":"5f760c52-f2dc-430a-be92-5c3adaad852f","local_time":"20210125222035","is_ascension_mode":true,"campfire_choices":[{"data":"Creative AI","floor":6,"key":"SMITH"},{"data":"Turbo","floor":10,"key":"SMITH"},{"floor":15,"key":"REST"}],"circlet_count":0,"master_deck":["AscendersBane","Strike_B","Strike_B","Defend_B","Defend_B+1","Defend_B","Defend_B","Zap+1","Dualcast","Creative AI+1","Turbo+1","Ball Lightning","Compile Driver","Storm","Coolheaded+1","Sweeping Beam","Defragment+1"],"relics":["Cracked Core","Golden Idol","Lizard Tail","Frozen Egg 2","Toxic Egg 2"],"acts_visited":["Exordium"],"potions_floor_usage":[7],"damage_taken":[{"damage":4,"enemies":"Small Slimes","floor":1,"turns":3},{"damage":1,"enemies":"Cultist","floor":4,"turns":4},{"damage":0,"enemies":"2 Louse","floor":5,"turns":1},{"damage":39,"enemies":"Gremlin Nob","floor":7,"turns":4},{"damage":35,"enemies":"3 Sentries","floor":11,"turns":6},{"damage":1,"enemies":"Exordium Wildlife","floor":12,"turns":2},{"damage":24,"enemies":"The Guardian","floor":16,"turns":2}],"seed_played":"-916068078131108779","potions_obtained":[{"floor":5,"key":"BlessingOfTheForge"},{"floor":7,"key":"PotionOfCapacity"}],"is_trial":false,"path_per_floor":["M","?","?","M","M","R","E","$","T","R","E","M","$","?","R","B"],"character_chosen":"DEFECT","items_purchased":["Storm","Defragment+1"],"campfire_rested":1,"item_purchase_floors":[8,13],"current_hp_per_floor":[60,60,60,59,59,59,20,20,20,20,22,21,21,2,21,0,0],"gold":67,"neow_bonus":"TRANSFORM_TWO_CARDS","is_daily":false,"chose_seed":false,"campfire_upgraded":2,"win_rate":0.0,"timestamp":1611580835,"path_taken":["M","?","?","?","M","R","E","?","T","R","E","M","?","?","R","BOSS"],"items_purchased_type":["Card","Card"],"build_version":"2020-12-22","purchased_purges":0,"victory":false,"max_hp_per_floor":[71,64,64,64,64,64,64,64,64,64,64,64,64,64,64,64,64],"card_choices":[{"not_picked":["Sunder","Cold Snap"],"picked":"Turbo","floor":1},{"not_picked":["Beam Cell","Conserve Battery"],"picked":"Ball Lightning","floor":4},{"not_picked":["Hello World","Rebound"],"picked":"Compile Driver","floor":5},{"not_picked":["Compile Driver","Stack","Recycle"],"picked":"SKIP","floor":7},{"not_picked":["Compile Driver","Gash"],"picked":"Coolheaded+1","floor":11},{"not_picked":["Doom and Gloom","Hologram+1"],"picked":"Sweeping Beam","floor":12}],"player_experience":764583,"relics_obtained":[{"floor":7,"key":"Lizard Tail"},{"floor":9,"key":"Frozen Egg 2"},{"floor":11,"key":"Toxic Egg 2"}],"event_choices":[{"damage_healed":0,"gold_gain":0,"player_choice":"Lose Max HP","damage_taken":0,"relics_obtained":["Golden Idol"],"max_hp_gain":0,"max_hp_loss":7,"event_name":"Golden Idol","floor":2,"gold_loss":0},{"cards_removed":["Hello World"],"damage_healed":0,"gold_gain":0,"player_choice":"Purged","damage_taken":0,"max_hp_gain":0,"max_hp_loss":0,"event_name":"Purifier","floor":3,"gold_loss":0},{"damage_healed":0,"gold_gain":0,"player_choice":"Entered Light","damage_taken":19,"max_hp_gain":0,"max_hp_loss":0,"event_name":"Shining Light","floor":14,"gold_loss":0,"cards_upgraded":["Defend_B","Zap"]}],"is_beta":false,"boss_relics":[],"items_purged_floors":[],"is_endless":false,"potions_floor_spawned":[5,7],"killed_by":"The Guardian","ascension_level":20}}