{"host":"y24pqu7jih1n8m3t","time":1611544583,"event":{"mods":["AchievementEnabler","BaseMod","Bestiary","Block Reminder","Colored Map","Colored Powertips","DeckTracker","Highlight Path","Minty Spire (QoL Compilation)","Permanent Neow","Quick Restart","Rare Cards Sparkle","Relic Stats"],"gold_per_floor":[349,6,21,39,51,82,111,126,126,126,142,0,0,30,30,132,132,146,160,172,172,172,203,203,24,24,50,50,70,105,124,124,124,124],"floor_reached":33,"language":"ENG","playtime":3187,"items_purged":[],"score":404,"play_id":"f4778053-0870-4449-bf6f-3b8f080f0b4a","local_time":"20210124221623","is_ascension_mode":true,"campfire_choices":[{"data":"Dualcast","floor":10,"key":"SMITH"},{"floor":13,"key":"REST"},{"data":"Zap","floor":15,"key":"SMITH"},{"floor":24,"key":"REST"},{"floor":28,"key":"REST"},{"floor":32,"key":"REST"}],"circlet_count":0,"master_deck":["Strike_B","Strike_B","Strike_B","Strike_B","Defend_B","Defend_B","Defend_B","Defend_B","Zap+1","Dualcast+1","Beam Cell","Go for the Eyes","Glacier","Redo","Glacier","FTL","Glacier","Capacitor","Ball Lightning","Darkness","Conserve Battery","Ball Lightning","Blizzard","Buffer+1","Conserve Battery+1","Ball Lightning+1","Coolheaded","Darkness+1","Hologram","Double Energy+1","Meteor Strike","Undo","Cold Snap"],"relics":["Cracked Core","Incense Burner","Juzu Bracelet","Odd Mushroom","Pear","SacredBark","Matryoshka","Blood Vial","Bag of Preparation","Pen Nib","Letter Opener","Ancient Tea Set"],"acts_visited":["Exordium","TheCity"],"potions_floor_usage":[14,18,19,22,23,30,33],"damage_taken":[{"damage":0,"enemies":"Small Slimes","floor":1,"turns":3},{"damage":4,"enemies":"Jaw Worm","floor":3,"turns":3},{"damage":0,"enemies":"Cultist","floor":4,"turns":3},{"damage":1,"enemies":"Looter","floor":5,"turns":3},{"damage":6,"enemies":"Gremlin Nob","floor":6,"turns":4},{"damage":14,"enemies":"The Mushroom Lair","floor":7,"turns":5},{"damage":3,"enemies":"2 Fungi Beasts","floor":8,"turns":3},{"damage":1,"enemies":"3 Louse","floor":11,"turns":4},{"damage":14,"enemies":"3 Sentries","floor":14,"turns":5},{"damage":0,"enemies":"Slime Boss","floor":16,"turns":8},{"damage":15,"enemies":"2 Thieves","floor":18,"turns":3},{"damage":9,"enemies":"Shell Parasite","floor":19,"turns":4},{"damage":16,"enemies":"Centurion and Healer","floor":20,"turns":9},{"damage":0,"enemies":"Masked Bandits","floor":22,"turns":1},{"damage":36,"enemies":"Gremlin Leader","floor":23,"turns":10},{"damage":29,"enemies":"Slavers","floor":27,"turns":10},{"damage":0,"enemies":"Sentry and Sphere","floor":29,"turns":5},{"damage":3,"enemies":"Book of Stabbing","floor":30,"turns":4},{"damage":9,"enemies":"Chosen and Byrds","floor":31,"turns":5},{"damage":54,"enemies":"Collector","floor":33,"turns":9}],"seed_played":"3529034176597808842","potions_obtained":[{"floor":4,"key":"Energy Potion"},{"floor":5,"key":"SmokeBomb"},{"floor":6,"key":"Swift Potion"},{"floor":14,"key":"Explosive Potion"},{"floor":18,"key":"AttackPotion"},{"floor":19,"key":"EssenceOfSteel"},{"floor":20,"key":"Strength Potion"},{"floor":27,"key":"DuplicationPotion"}],"is_trial":false,"path_per_floor":["M","$","M","M","M","E","?","M","T","R","M","$","R","E","R","B",null,"M","M","M","?","?","E","R","$","T","E","R","M","E","M","R","B"],"character_chosen":"DEFECT","items_purchased":["Incense Burner","Go for the Eyes","Darkness","Conserve Battery","Ball Lightning","Blood Vial","Hologram"],"campfire_rested":4,"item_purchase_floors":[2,2,12,12,12,25,25],"current_hp_per_floor":[54,54,50,50,49,43,29,26,26,26,25,25,47,43,43,43,85,70,61,45,45,45,9,34,34,34,7,32,34,33,26,51,0,0],"gold":124,"neow_bonus":"TWO_FIFTY_GOLD","is_daily":false,"chose_seed":false,"campfire_upgraded":2,"win_rate":0.0,"timestamp":1611544583,"path_taken":["M","$","M","M","M","E","?","M","T","R","M","$","R","E","R","BOSS","M","M","M","?","?","E","R","$","T","E","R","M","E","M","R","BOSS"],"items_purchased_type":["Relic","Card","Card","Card","Card","Relic","Card"],"build_version":"2020-12-22","purchased_purges":0,"victory":false,"max_hp_per_floor":[75,75,75,75,75,75,75,75,75,75,75,75,75,85,85,85,85,85,85,85,85,85,85,85,85,85,85,85,85,85,85,85,85,85],"relic_stats":{"Blood Vial":10,"counters":[20,101],"Pen Nib":[4],"Juzu Bracelet":1,"Bag of Preparation":[10],"Letter Opener":[40],"obtain_stats":[{"Blood Vial":25,"Pear":14,"Matryoshka":23,"SacredBark":17,"Pen Nib":26,"Incense Burner":2,"Juzu Bracelet":6,"Bag of Preparation":26,"Letter Opener":27,"Odd Mushroom":7,"Cracked Core":0,"Ancient Tea Set":30},{"Blood Vial":15,"Pear":9,"Matryoshka":15,"SacredBark":10,"Pen Nib":15,"Incense Burner":1,"Juzu Bracelet":5,"Bag of Preparation":15,"Letter Opener":16,"Odd Mushroom":6,"Cracked Core":0,"Ancient Tea Set":18},{"Blood Vial":68,"Pear":33,"Matryoshka":68,"SacredBark":41,"Pen Nib":68,"Incense Burner":3,"Juzu Bracelet":16,"Bag of Preparation":68,"Letter Opener":78,"Odd Mushroom":21,"Cracked Core":0,"Ancient Tea Set":87}]},"card_choices":[{"not_picked":["Turbo","Steam"],"picked":"Beam Cell","floor":1},{"not_picked":["Leap","Skim"],"picked":"Glacier","floor":3},{"not_picked":["Force Field","Leap"],"picked":"Redo","floor":4},{"not_picked":["FTL","Melter"],"picked":"Glacier","floor":5},{"not_picked":["Sweeping Beam","Rebound"],"picked":"FTL","floor":6},{"not_picked":["Sweeping Beam","Leap"],"picked":"Glacier","floor":7},{"not_picked":["Coolheaded","Reinforced Body"],"picked":"Capacitor","floor":8},{"not_picked":["Genetic Algorithm","Core Surge"],"picked":"Ball Lightning","floor":11},{"not_picked":["Recycle","Auto Shields"],"picked":"Blizzard","floor":14},{"not_picked":["Reboot","Seek"],"picked":"Buffer","floor":16},{"not_picked":["Go for the Eyes+1","Rebound"],"picked":"Conserve Battery+1","floor":18},{"not_picked":["Reinforced Body","Hologram"],"picked":"Ball Lightning+1","floor":19},{"not_picked":["Hologram","Lockon"],"picked":"Coolheaded","floor":20},{"not_picked":["Leap+1","Ball Lightning"],"picked":"Darkness+1","floor":23},{"not_picked":["Gash","Scrape+1"],"picked":"Double Energy+1","floor":27},{"not_picked":["Gash","Skim"],"picked":"Meteor Strike","floor":29},{"not_picked":["Sweeping Beam","Genetic Algorithm"],"picked":"Undo","floor":30},{"not_picked":["Beam Cell","Compile Driver"],"picked":"Cold Snap","floor":31}],"player_experience":188451,"relics_obtained":[{"floor":6,"key":"Juzu Bracelet"},{"floor":7,"key":"Odd Mushroom"},{"floor":14,"key":"Pear"},{"floor":23,"key":"Matryoshka"},{"floor":26,"key":"Bag of Preparation"},{"floor":26,"key":"Pen Nib"},{"floor":27,"key":"Letter Opener"},{"floor":30,"key":"Ancient Tea Set"}],"event_choices":[{"damage_healed":0,"gold_gain":0,"player_choice":"Fought Mushrooms","damage_taken":0,"max_hp_gain":0,"max_hp_loss":0,"event_name":"Mushrooms","floor":7,"gold_loss":0},{"damage_healed":0,"gold_gain":0,"player_choice":"Upgraded","damage_taken":0,"max_hp_gain":0,"max_hp_loss":0,"event_name":"Upgrade Shrine","floor":21,"gold_loss":0,"cards_upgraded":["Buffer"]},{"damage_healed":0,"gold_gain":0,"player_choice":"Fought Bandits","damage_taken":0,"max_hp_gain":0,"max_hp_loss":0,"event_name":"Masked Bandits","floor":22,"gold_loss":0}],"is_beta":false,"boss_relics":[{"not_picked":["Snecko Eye","Runic Dome"],"picked":"SacredBark"}],"items_purged_floors":[],"is_endless":false,"potions_floor_spawned":[4,5,6,7,14,18,19,20,27],"killed_by":"Collector","ascension_level":2}}