{"host":"m7hmf0kk5ackmwlk","time":1611553165,"event":{"mods":["AchievementEnabler","BaseMod","Downfall","Minty Spire (QoL Compilation)","Shop Mod","StSLib"],"gold_per_floor":[99,111,125,141,241,257,283,83,118,138,155,155,100,116,136,232,232,232,248,267,267,267,293,293,293,293,293,293,293],"floor_reached":27,"language":"ENG","playtime":5212,"items_purged":[],"score":260,"play_id":"389d532c-7594-4957-ac0b-2e6e65786cfc","local_time":"20210125110925","is_ascension_mode":false,"campfire_choices":[{"floor":1,"key":"RECALL"},{"floor":8,"key":"REST"},{"floor":12,"key":"REST"},{"data":"hexamod:GhostLash","floor":18,"key":"SMITH"},{"floor":26,"key":"REST"}],"circlet_count":0,"master_deck":["hexamod:Strike+1","hexamod:Strike+1","hexamod:Strike+1","hexamod:Strike+1","hexamod:Defend+1","hexamod:Defend+1","hexamod:Defend+1","hexamod:Defend+1","hexamod:Sear","hexamod:Float","hexamod:BurningTouch","hexamod:ThermalTransfer","hexamod:GhostShield","hexamod:SpectersWail","hexamod:AdvancingGuard","hexamod:SkipABeat","hexamod:NightmareStrike","hexamod:TimeWarp","hexamod:FirstSeal","hexamod:NightmareGuise","hexamod:GhostLash+1","hexamod:VolcanoVisage","hexamod:ChargedBarrage","hexamod:FourthSeal"],"relics":["hexamod:UnbrokenSoul","downfall:HeartBlessingRed","downfall:HeartBlessingBlue","Blood Vial","Happy Flower","Toxic Egg 2","MutagenicStrength"],"acts_visited":["Exordium","TheCity"],"potions_floor_usage":[],"damage_taken":[{"damage":0,"enemies":"Cultist","floor":2,"turns":3},{"damage":0,"enemies":"Small Slimes","floor":3,"turns":3},{"damage":6,"enemies":"Jaw Worm","floor":4,"turns":4},{"damage":2,"enemies":"3 Louse","floor":6,"turns":5},{"damage":33,"enemies":"Lagavulin","floor":9,"turns":7},{"damage":4,"enemies":"Blue Slaver","floor":10,"turns":3},{"damage":15,"enemies":"Large Slime","floor":11,"turns":7},{"damage":0,"enemies":"downfall:FleeingMerchant","floor":13,"turns":4},{"damage":0,"enemies":"Lots of Slimes","floor":14,"turns":3},{"damage":6,"enemies":"Exordium Thugs","floor":15,"turns":5},{"damage":52,"enemies":"DF_ARCHETYPE_STREAMLINE","floor":16,"turns":12},{"damage":2,"enemies":"Shell Parasite","floor":19,"turns":5},{"damage":5,"enemies":"Chosen","floor":20,"turns":3},{"damage":38,"enemies":"Book of Stabbing","floor":23,"turns":7},{"damage":101,"enemies":"Gremlin Leader","floor":27,"turns":8}],"seed_played":"2132184358063345156","potions_obtained":[{"floor":4,"key":"hexamod:DoubleChargePotion"},{"floor":6,"key":"Weak Potion"},{"floor":11,"key":"FairyPotion"}],"is_trial":false,"path_per_floor":["R","M","M","M","?","M","T","R","E","M","M","R","$","M","M","B",null,"R","M","M","?","?","E","T","?","R","E"],"character_chosen":"THE_SPIRIT","items_purchased":["hexamod:FirstSeal"],"campfire_rested":3,"item_purchase_floors":[13],"current_hp_per_floor":[77,77,77,71,71,69,69,87,54,52,39,65,67,76,79,36,87,87,87,87,87,70,41,41,41,68,0,0,0],"gold":293,"neow_bonus":"TEN_PERCENT_HP_BONUS","is_daily":false,"chose_seed":false,"campfire_upgraded":1,"win_rate":0.0,"timestamp":1611553165,"path_taken":["R","M","M","?","?","M","T","R","E","M","M","R","?","M","M","BOSS","R","M","M","?","?","E","T","?","R","E"],"items_purchased_type":["Card"],"build_version":"2020-12-22","purchased_purges":0,"victory":false,"max_hp_per_floor":[77,77,77,77,77,77,77,87,87,87,87,87,87,87,87,87,87,87,87,87,87,92,92,92,92,92,92,92,92],"card_choices":[{"not_picked":["hexamod:NightmareStrike","hexamod:Hexaguard"],"picked":"hexamod:BurningTouch","floor":2},{"not_picked":["hexamod:NightmareGuise","hexamod:Hexaguard"],"picked":"hexamod:ThermalTransfer","floor":3},{"not_picked":["hexamod:InspiringFlames","hexamod:Hexaguard"],"picked":"hexamod:GhostShield","floor":4},{"not_picked":["hexamod:SkipABeat","hexamod:GhostOfSpirePast"],"picked":"hexamod:SpectersWail","floor":6},{"not_picked":["hexamod:GhostflameBarrier","hexamod:NightmareGuise"],"picked":"hexamod:AdvancingGuard","floor":9},{"not_picked":["hexamod:ChargedBarrage","hexamod:Firestarter"],"picked":"hexamod:SkipABeat","floor":10},{"not_picked":["hexamod:GhostShield","hexamod:ChargedBarrage"],"picked":"hexamod:NightmareStrike","floor":11},{"not_picked":["hexamod:Hexaguard","hexamod:Firestarter"],"picked":"hexamod:TimeWarp","floor":13},{"not_picked":["hexamod:FastForward","hexamod:ShieldOfDarkness"],"picked":"hexamod:NightmareGuise","floor":14},{"not_picked":["hexamod:ExtraCrispy","hexamod:AdvancingGuard"],"picked":"hexamod:GhostLash","floor":15},{"not_picked":["hexamod:UnleashSpirits","hexamod:TimeWarp"],"picked":"hexamod:VolcanoVisage","floor":16},{"not_picked":["hexamod:PhantomCloak","hexamod:HeatMetal","hexamod:GhostShield"],"picked":"SKIP","floor":19},{"not_picked":["hexamod:HeatMetal","hexamod:SwordOfDarkness"],"picked":"hexamod:ChargedBarrage","floor":20},{"not_picked":["hexamod:PhantomCloak+1","hexamod:InspiringFlames"],"picked":"hexamod:FourthSeal","floor":23}],"player_experience":41193,"relics_obtained":[{"floor":9,"key":"Blood Vial"},{"floor":23,"key":"Happy Flower"},{"floor":24,"key":"Toxic Egg 2"}],"event_choices":[{"damage_healed":0,"gold_gain":0,"player_choice":"Inject Mutagens","damage_taken":0,"relics_obtained":["MutagenicStrength"],"max_hp_gain":0,"max_hp_loss":0,"event_name":"Drug Dealer","floor":25,"gold_loss":0}],"is_beta":false,"boss_relics":[{"not_picked":["Fusion Hammer","Velvet Choker"],"picked":"hexamod:UnbrokenSoul"}],"items_purged_floors":[],"is_endless":false,"potions_floor_spawned":[4,6,11,15,16,20],"killed_by":"Gremlin Leader","ascension_level":0}}