{"host":"mi0eibewekhugwl1","time":1611591115,"event":{"mods":["AchievementEnabler","BaseMod","Colored Map","Colored Powertips","DeckTracker","Keyboard Shortcuts","Minty Spire (QoL Compilation)","Quick Restart","Rare Cards Sparkle","Relic Stats","StSLib","SuperFastMode","everything is the same but u backflip on backflip"],"gold_per_floor":[111,131,131,131,150,150,169,184,266,285,41,41,41,65,65,156,156,181,181,81,81,100,100,115,130,155,179,197,197,213,234,234,234,234],"floor_reached":33,"language":"KOR","playtime":628,"items_purged":["Strike_R","Sentinel"],"score":490,"play_id":"5c71ff0f-6fd8-4c80-a9ff-977664915abd","local_time":"20210126011155","is_ascension_mode":true,"campfire_choices":[{"data":"Cleave","floor":6,"key":"SMITH"},{"data":"Twin Strike","floor":15,"key":"SMITH"},{"data":"Double Tap","floor":23,"key":"SMITH"},{"floor":32,"key":"REST"}],"circlet_count":0,"master_deck":["AscendersBane","Strike_R+1","Strike_R","Strike_R","Defend_R","Defend_R","Defend_R","Bash","Battle Trance","Pommel Strike+1","Cleave+1","Shrug It Off","Evolve","Twin Strike+1","Double Tap+1","Perfected Strike","Sword Boomerang","Perfected Strike","Pommel Strike","Ghostly Armor","Pain","Rage","Twin Strike","Twin Strike"],"relics":["Burning Blood","NeowsBlessing","Golden Idol","TungstenRod","StrikeDummy","Orrery","Cursed Key","Whetstone","FaceOfCleric"],"acts_visited":["Exordium","TheCity"],"potions_floor_usage":[16,22,27,27,27,30],"damage_taken":[{"damage":0,"enemies":"Cultist","floor":1,"turns":1},{"damage":0,"enemies":"Small Slimes","floor":2,"turns":1},{"damage":0,"enemies":"2 Louse","floor":5,"turns":1},{"damage":10,"enemies":"Red Slaver","floor":7,"turns":6},{"damage":8,"enemies":"3 Louse","floor":8,"turns":4},{"damage":24,"enemies":"Exordium Thugs","floor":10,"turns":5},{"damage":3,"enemies":"2 Fungi Beasts","floor":14,"turns":3},{"damage":12,"enemies":"Slime Boss","floor":16,"turns":6},{"damage":17,"enemies":"3 Byrds","floor":18,"turns":5},{"damage":10,"enemies":"2 Thieves","floor":22,"turns":3},{"damage":0,"enemies":"Centurion and Healer","floor":24,"turns":5},{"damage":21,"enemies":"Snake Plant","floor":25,"turns":3},{"damage":23,"enemies":"Cultist and Chosen","floor":27,"turns":4},{"damage":1,"enemies":"3 Cultists","floor":28,"turns":3},{"damage":0,"enemies":"Centurion and Healer","floor":30,"turns":4},{"damage":25,"enemies":"Snake Plant","floor":31,"turns":3},{"damage":69,"enemies":"Automaton","floor":33,"turns":6}],"seed_played":"1356675549061687201","potions_obtained":[{"floor":2,"key":"Energy Potion"},{"floor":5,"key":"HeartOfIron"},{"floor":13,"key":"LiquidMemories"},{"floor":24,"key":"EntropicBrew"},{"floor":25,"key":"EntropicBrew"},{"floor":30,"key":"Fire Potion"}],"is_trial":false,"path_per_floor":["M","M","?","?","M","R","M","M","T","M","$","?","?","M","R","B",null,"M","?","$","?","M","R","M","M","T","M","M","?","M","M","R","B"],"character_chosen":"IRONCLAD","items_purchased":["Orrery"],"campfire_rested":1,"item_purchase_floors":[11],"current_hp_per_floor":[74,75,49,49,55,55,51,49,49,31,31,31,31,34,34,28,63,52,52,52,52,48,48,54,39,39,22,27,27,49,31,54,0,0],"gold":234,"neow_bonus":"THREE_ENEMY_KILL","is_daily":false,"chose_seed":false,"campfire_upgraded":3,"win_rate":0.0,"timestamp":1611591115,"path_taken":["M","?","?","?","?","R","M","M","T","M","$","?","?","M","R","BOSS","M","?","$","?","M","R","M","M","T","M","M","?","M","M","R","BOSS"],"items_purchased_type":["Relic"],"build_version":"2020-12-22","purchased_purges":2,"victory":false,"max_hp_per_floor":[75,75,75,75,75,75,75,75,75,75,75,75,75,75,75,75,75,75,75,75,75,75,75,75,75,75,75,75,75,76,77,77,77,77],"relic_stats":{"FaceOfCleric":2,"counters":[17,63],"Golden Idol":69,"Whetstone":["Pommel Strike","Strike_R"],"Cursed Key":1,"obtain_stats":[{"NeowsBlessing":0,"FaceOfCleric":29,"Golden Idol":3,"Orrery":11,"Whetstone":26,"StrikeDummy":9,"Cursed Key":17,"Burning Blood":0,"TungstenRod":4},{"NeowsBlessing":0,"FaceOfCleric":14,"Golden Idol":2,"Orrery":6,"Whetstone":12,"StrikeDummy":5,"Cursed Key":8,"Burning Blood":0,"TungstenRod":2},{"NeowsBlessing":0,"FaceOfCleric":50,"Golden Idol":2,"Orrery":18,"Whetstone":43,"StrikeDummy":13,"Cursed Key":27,"Burning Blood":0,"TungstenRod":2}],"Burning Blood":91,"TungstenRod":67},"card_choices":[{"not_picked":["Clash","Bloodletting"],"picked":"Battle Trance","floor":1},{"not_picked":["Battle Trance","Flame Barrier"],"picked":"Pommel Strike","floor":2},{"not_picked":["Flex","Second Wind"],"picked":"Cleave","floor":5},{"not_picked":["Flex","Sword Boomerang","Clash"],"picked":"SKIP","floor":7},{"not_picked":["Cleave","Havoc"],"picked":"Shrug It Off","floor":8},{"not_picked":["Body Slam","Iron Wave","Infernal Blade"],"picked":"SKIP","floor":10},{"not_picked":["Heavy Blade","Feel No Pain"],"picked":"Evolve","floor":11},{"not_picked":["Thunderclap","Spot Weakness"],"picked":"Twin Strike","floor":14},{"not_picked":["Fiend Fire","Feed"],"picked":"Double Tap","floor":16},{"not_picked":["Dual Wield","Clash"],"picked":"Perfected Strike","floor":18},{"not_picked":["Warcry","Sword Boomerang"],"picked":"Perfected Strike","floor":22},{"not_picked":["Havoc","Metallicize"],"picked":"Pommel Strike","floor":24},{"not_picked":["Warcry","Combust"],"picked":"Ghostly Armor","floor":25},{"not_picked":["Anger","Iron Wave"],"picked":"Rage","floor":27},{"not_picked":["Flex","Fire Breathing","Clothesline"],"picked":"SKIP","floor":28},{"not_picked":["Barricade","Sever Soul"],"picked":"Twin Strike","floor":30},{"not_picked":["Twin Strike","Headbutt","Fire Breathing"],"picked":"SKIP","floor":31},{"not_picked":["Headbutt","Fire Breathing"],"picked":"Twin Strike","floor":31}],"player_experience":1757848,"relics_obtained":[{"floor":4,"key":"TungstenRod"},{"floor":9,"key":"StrikeDummy"},{"floor":26,"key":"Whetstone"}],"event_choices":[{"damage_healed":0,"gold_gain":0,"player_choice":"Take Damage","damage_taken":26,"relics_obtained":["Golden Idol"],"max_hp_gain":0,"max_hp_loss":0,"event_name":"Golden Idol","floor":3,"gold_loss":0},{"damage_healed":0,"gold_gain":0,"player_choice":"Relic","damage_taken":0,"max_hp_gain":0,"max_hp_loss":0,"event_name":"Wheel of Change","floor":4,"gold_loss":0},{"damage_healed":0,"gold_gain":0,"player_choice":"Ignored","damage_taken":0,"max_hp_gain":0,"max_hp_loss":0,"event_name":"Shining Light","floor":12,"gold_loss":0},{"damage_healed":0,"gold_gain":0,"player_choice":"Got Potions","damage_taken":0,"max_hp_gain":0,"max_hp_loss":0,"event_name":"Lab","floor":13,"gold_loss":0},{"damage_healed":0,"gold_gain":0,"cards_transformed":["Strike_R","Defend_R"],"player_choice":"Became Test Subject","damage_taken":0,"max_hp_gain":0,"max_hp_loss":0,"event_name":"Drug Dealer","floor":19,"gold_loss":0,"cards_obtained":["Sentinel","Sword Boomerang"]},{"damage_healed":0,"gold_gain":0,"player_choice":"Ignored","damage_taken":0,"max_hp_gain":0,"max_hp_loss":0,"event_name":"The Mausoleum","floor":21,"gold_loss":0},{"damage_healed":0,"gold_gain":0,"player_choice":"Trade","damage_taken":0,"relics_obtained":["FaceOfCleric"],"max_hp_gain":0,"max_hp_loss":0,"event_name":"FaceTrader","floor":29,"gold_loss":0}],"is_beta":false,"boss_relics":[{"not_picked":["Calling Bell","Ectoplasm"],"picked":"Cursed Key"}],"items_purged_floors":[11,20],"is_endless":false,"potions_floor_spawned":[2,5,10,24,25,30,31],"killed_by":"Automaton","ascension_level":20}}