{"host":"agbyy69nq62afhwx","time":1611562033,"event":{"mods":["BaseMod","Colored Map","DeckTracker","Highlight Path","Keyboard Shortcuts","Minty Spire (QoL Compilation)","Quick Restart","StSLib","SuperFastMode","everything is the same but u backflip on backflip"],"gold_per_floor":[112,130,142,142,142,142,161,492,570,570,570,587,612,627,627,627,627],"floor_reached":16,"language":"KOR","playtime":434,"items_purged":[],"score":199,"play_id":"dd89594d-6716-4add-90d6-fe6a64ac53a8","local_time":"20210125170713","is_ascension_mode":true,"campfire_choices":[{"data":"Cold Snap","floor":6,"key":"SMITH"},{"data":"Blizzard","floor":10,"key":"SMITH"},{"data":"Capacitor","floor":15,"key":"SMITH"}],"circlet_count":0,"master_deck":["AscendersBane","Strike_B","Strike_B","Defend_B","Defend_B","Defend_B","Defend_B","Zap","Dualcast","Self Repair","Cold Snap","Chill","Cold Snap+1","Blizzard+1","Machine Learning","Capacitor+1"],"relics":["Cracked Core","Old Coin","White Beast Statue","Tiny Chest"],"acts_visited":["Exordium"],"potions_floor_usage":[16],"damage_taken":[{"damage":1,"enemies":"2 Louse","floor":1,"turns":4},{"damage":0,"enemies":"Small Slimes","floor":2,"turns":2},{"damage":2,"enemies":"Cultist","floor":3,"turns":4},{"damage":9,"enemies":"Exordium Thugs","floor":7,"turns":5},{"damage":46,"enemies":"Lagavulin","floor":8,"turns":7},{"damage":4,"enemies":"Blue Slaver","floor":12,"turns":3},{"damage":10,"enemies":"Lots of Slimes","floor":14,"turns":3},{"damage":16,"enemies":"Hexaghost","floor":16,"turns":9}],"seed_played":"-836481428002824806","potions_obtained":[{"floor":1,"key":"AttackPotion"},{"floor":3,"key":"SpeedPotion"}],"is_trial":false,"path_per_floor":["M","M","M","?","?","R","M","E","T","R","?","M","T","M","R","B"],"character_chosen":"DEFECT","items_purchased":[],"campfire_rested":0,"item_purchase_floors":[],"current_hp_per_floor":[70,70,71,76,76,76,74,35,35,35,35,38,38,28,28,12,12],"gold":627,"neow_bonus":"TRANSFORM_CARD","is_daily":false,"chose_seed":false,"campfire_upgraded":3,"win_rate":0.0,"timestamp":1611562033,"path_taken":["M","M","M","?","?","R","M","E","T","R","?","?","?","M","R","BOSS"],"items_purchased_type":[],"build_version":"2020-12-22","purchased_purges":0,"victory":false,"max_hp_per_floor":[71,71,71,76,76,76,76,76,76,76,76,76,76,76,76,76,76],"card_choices":[{"not_picked":["Melter","Fusion"],"picked":"Cold Snap","floor":1},{"not_picked":["Leap","Blizzard"],"picked":"Chill","floor":2},{"not_picked":["Self Repair","Streamline"],"picked":"Cold Snap","floor":3},{"not_picked":["Rebound","Chaos"],"picked":"Blizzard","floor":7},{"not_picked":["Stack","Auto Shields","Force Field"],"picked":"SKIP","floor":8},{"not_picked":["Tempest","Ball Lightning"],"picked":"Machine Learning","floor":12},{"not_picked":["Sunder","Ball Lightning"],"picked":"Capacitor","floor":14}],"player_experience":469254,"relics_obtained":[{"floor":8,"key":"Old Coin"},{"floor":9,"key":"White Beast Statue"},{"floor":13,"key":"Tiny Chest"}],"event_choices":[{"damage_healed":0,"gold_gain":0,"player_choice":"Donut","damage_taken":0,"max_hp_gain":5,"max_hp_loss":0,"event_name":"Big Fish","floor":4,"gold_loss":0},{"damage_healed":0,"gold_gain":0,"player_choice":"Ignored","damage_taken":0,"max_hp_gain":0,"max_hp_loss":0,"event_name":"Liars Game","floor":5,"gold_loss":0},{"cards_removed":["Strike_B"],"damage_healed":0,"gold_gain":0,"player_choice":"Offered Basic","damage_taken":0,"max_hp_gain":0,"max_hp_loss":0,"event_name":"Bonfire Elementals","floor":11,"gold_loss":0}],"is_beta":false,"boss_relics":[],"items_purged_floors":[],"is_endless":false,"potions_floor_spawned":[1,3,12,14],"killed_by":"Hexaghost","ascension_level":19}}