{"host":"vgoo8hagqzs0eqkg","time":1611580554,"event":{"mods":["BaseMod","Downfall","Minty Spire (QoL Compilation)","Quick Restart","StSLib"],"gold_per_floor":[99,110,124,136,154,54,78,78,78,78,107,118,118,152,164,262,262,162,175,175,202,226,253,253,253,327,90,124,152,152,172,197,197,197],"floor_reached":33,"language":"ZHS","playtime":1737,"items_purged":["hexamod:BacktrackSmack"],"score":281,"play_id":"be981d94-78cc-44e1-b0fd-524f375c1839","local_time":"20210125211554","is_ascension_mode":false,"campfire_choices":[{"floor":1.0,"key":"RECALL"},{"data":"hexamod:Firestarter","floor":6.0,"key":"SMITH"},{"data":"hexamod:Float","floor":9.0,"key":"SMITH"},{"data":"hexamod:HexaLevel","floor":18.0,"key":"SMITH"},{"data":"hexamod:HeatShield","floor":30,"key":"SMITH"}],"circlet_count":0,"master_deck":["hexamod:Strike","hexamod:Strike","hexamod:Strike","hexamod:Defend","hexamod:Defend","hexamod:Defend","hexamod:Defend","hexamod:Sear","hexamod:Float+1","hexamod:Firestarter+1","hexamod:RadiantFlame","hexamod:Hexaguard","hexamod:Incineration","hexamod:HeatShield+1","hexamod:Firestarter","hexamod:RainOfEmbers","hexamod:HexaLevel+1","hexamod:SecondSeal","hexamod:InspiringFlames","hexamod:FastForward","hexamod:RadiantFlame+1","hexamod:GhostOfSpireFuture+1","hexamod:UnlimitedPower"],"relics":["hexamod:SpiritBrand","downfall:HeartBlessingRed","Oddly Smooth Stone","Lantern","Vajra","Letter Opener","hexamod:IceCube","downfall:HeartBlessingGreen","Ornamental Fan","Frozen Egg 2","HornCleat","Lee\u0027s Waffle","Dream Catcher"],"acts_visited":["Exordium","TheCity"],"potions_floor_usage":[28,33],"damage_taken":[{"damage":5.0,"enemies":"Small Slimes","floor":2.0,"turns":4.0},{"damage":5.0,"enemies":"Jaw Worm","floor":3.0,"turns":4.0},{"damage":0.0,"enemies":"Cultist","floor":4.0,"turns":3.0},{"damage":0.0,"enemies":"Large Slime","floor":5.0,"turns":3.0},{"damage":4.0,"enemies":"Lagavulin","floor":11.0,"turns":7.0},{"damage":1.0,"enemies":"Blue Slaver","floor":12.0,"turns":3.0},{"damage":16.0,"enemies":"3 Sentries","floor":14.0,"turns":11.0},{"damage":0.0,"enemies":"Large Slime","floor":15.0,"turns":5.0},{"damage":26.0,"enemies":"SI_SHIV_ARCHETYPE","floor":16.0,"turns":11.0},{"damage":0.0,"enemies":"Shell Parasite","floor":19.0,"turns":5.0},{"damage":7.0,"enemies":"Snecko","floor":21.0,"turns":4.0},{"damage":15,"enemies":"Chosen and Byrds","floor":22,"turns":7},{"damage":20,"enemies":"Centurion and Healer","floor":23,"turns":5},{"damage":0,"enemies":"downfall:FleeingMerchant","floor":27,"turns":4},{"damage":7,"enemies":"Slavers","floor":28,"turns":6},{"damage":17,"enemies":"3 Cultists","floor":29,"turns":6},{"damage":13,"enemies":"Chosen and Byrds","floor":31,"turns":6},{"damage":12,"enemies":"Shelled Parasite and Fungi","floor":32,"turns":6},{"damage":43,"enemies":"IC_MUSHROOM_ARCHETYPE","floor":33,"turns":4}],"seed_played":"986720277307262579","potions_obtained":[{"floor":0.0,"key":"Weak Potion"},{"floor":0.0,"key":"Guardian:BlockOnCardUsePotion"},{"floor":0.0,"key":"Fruit Juice"},{"floor":2.0,"key":"BlessingOfTheForge"},{"floor":16.0,"key":"SteroidPotion"},{"floor":22,"key":"Strength Potion"},{"floor":29,"key":"Strength Potion"},{"floor":31,"key":"EssenceOfSteel"}],"is_trial":false,"path_per_floor":["R","M","M","M","M","R","T","?","R","?","E","M","?","E","M","B",null,"R","M","?","M","M","M","T","?","T","$","E","M","R","M","M","B"],"character_chosen":"THE_SPIRIT","items_purchased":["Lee\u0027s Waffle"],"campfire_rested":0,"item_purchase_floors":[27],"current_hp_per_floor":[75,70,65,65,65,65,65,65,65,62,58,57,57,41,41,15,75,75,75,75,68,53,33,33,33,33,82,75,58,58,45,33,0,0],"gold":197,"neow_bonus":"THREE_SMALL_POTIONS","is_daily":false,"chose_seed":false,"campfire_upgraded":4,"win_rate":0.0,"timestamp":1611580554,"path_taken":["R","M","M","M","M","R","T","?","R","?","E","M","?","E","M","BOSS","R","M","?","M","M","?","T","?","?","$","E","M","R","M","M","BOSS"],"items_purchased_type":["Relic"],"build_version":"2020-12-22","purchased_purges":1,"victory":false,"max_hp_per_floor":[75,75,75,75,75,75,75,75,75,75,75,75,75,75,75,75,75,75,75,75,75,75,75,75,75,75,82,82,82,82,82,82,82,82],"card_choices":[{"not_picked":["hexamod:SuperheatedStrike","hexamod:GhostOfSpirePast"],"picked":"hexamod:Firestarter","floor":2.0},{"not_picked":["hexamod:RecurringNightmare","hexamod:Haunt"],"picked":"hexamod:BacktrackSmack","floor":3.0},{"not_picked":["hexamod:ThermalTransfer","hexamod:RetreatToShadows"],"picked":"hexamod:RadiantFlame","floor":4.0},{"not_picked":["hexamod:HauntingEcho","hexamod:NecessarySacrifice"],"picked":"hexamod:Hexaguard","floor":5.0},{"not_picked":["hexamod:BurningTouch","hexamod:ChargedBarrage"],"picked":"hexamod:Incineration","floor":11.0},{"not_picked":["hexamod:Hexaguard","hexamod:FastForward"],"picked":"hexamod:HeatShield","floor":12.0},{"not_picked":["hexamod:BacktrackSmack","hexamod:UnleashSpirits"],"picked":"hexamod:Firestarter","floor":14.0},{"not_picked":["hexamod:BacktrackSmack","hexamod:NecessarySacrifice"],"picked":"hexamod:RainOfEmbers","floor":15.0},{"not_picked":["hexamod:UnleashSpirits","hexamod:ApocalypseNow"],"picked":"hexamod:HexaLevel","floor":16.0},{"not_picked":["hexamod:ThermalTransfer+1","hexamod:GhostShield"],"picked":"hexamod:SecondSeal","floor":19.0},{"not_picked":["hexamod:BurningTouch","hexamod:FlamesFromBeyond+1"],"picked":"hexamod:InspiringFlames","floor":21.0},{"not_picked":["hexamod:Firestarter","hexamod:HauntingEcho","hexamod:NightmareGuise"],"picked":"SKIP","floor":22},{"not_picked":["hexamod:BacktrackSmack","hexamod:NightmareStrike"],"picked":"hexamod:FastForward","floor":23},{"not_picked":["hexamod:NightmareGuise+1","hexamod:BacktrackSmack+1"],"picked":"hexamod:RadiantFlame+1","floor":27},{"not_picked":["hexamod:HeatShield","hexamod:GhostOfSpirePast+1"],"picked":"hexamod:GhostOfSpireFuture+1","floor":28},{"not_picked":["hexamod:PhantomFireball+1","hexamod:HauntingEcho","hexamod:GhostOfSpirePast+1"],"picked":"SKIP","floor":29},{"not_picked":["hexamod:NightmareGuise+1","hexamod:GhostShield+1"],"picked":"hexamod:UnlimitedPower","floor":31},{"not_picked":["hexamod:StepThrough","hexamod:NecessarySacrifice+1","hexamod:SpectralSpark"],"picked":"SKIP","floor":32}],"player_experience":462815,"relics_obtained":[{"floor":7.0,"key":"Oddly Smooth Stone"},{"floor":11.0,"key":"Vajra"},{"floor":14.0,"key":"Letter Opener"},{"floor":24,"key":"Ornamental Fan"},{"floor":26,"key":"HornCleat"},{"floor":28,"key":"Dream Catcher"}],"event_choices":[{"cards_removed":["hexamod:Strike"],"damage_healed":0.0,"max_hp_gain":0.0,"max_hp_loss":0.0,"gold_gain":0.0,"event_name":"The Cleric","player_choice":"Card Removal","floor":8.0,"gold_loss":0.0,"damage_taken":0.0},{"damage_healed":0.0,"max_hp_gain":0.0,"max_hp_loss":0.0,"gold_gain":0.0,"event_name":"Scrap Ooze","player_choice":"Success","floor":10.0,"gold_loss":0.0,"damage_taken":3.0,"relics_obtained":["Lantern"]},{"damage_healed":0.0,"max_hp_gain":0.0,"max_hp_loss":0.0,"gold_gain":0.0,"event_name":"Lab","player_choice":"Got Potions","floor":20.0,"gold_loss":0.0,"damage_taken":0.0}],"is_beta":false,"boss_relics":[{"not_picked":["Pandora\u0027s Box","Philosopher\u0027s Stone"],"picked":"hexamod:IceCube"}],"items_purged_floors":[27],"is_endless":false,"potions_floor_spawned":[2,11,15,16,19,22,29,31,32],"killed_by":"IC_MUSHROOM_ARCHETYPE","ascension_level":0}}