{"host":"x3xr1fzypq6qqz5s","time":1611605429,"event":{"mods":["BaseMod","Better Vampires","Colored Powertips","DeckTracker","Highlight Path","Minty Spire (QoL Compilation)","Quick Restart","Rare Cards Sparkle","Relic Stats"],"gold_per_floor":[118,118,128,142,160,160,194,194,245,245,245,245,265,280,280,280,280],"floor_reached":16,"language":"ZHS","playtime":826,"items_purged":[],"score":104,"play_id":"2582eaed-4eab-4275-a0b6-53507447f301","local_time":"20210126041029","is_ascension_mode":false,"campfire_choices":[{"data":"Terror","floor":6.0,"key":"SMITH"},{"floor":11,"key":"REST"},{"floor":15,"key":"REST"}],"circlet_count":0,"master_deck":["Strike_G","Strike_G","Strike_G","Strike_G","Defend_G","Defend_G","Defend_G","Survivor","Neutralize","Terror+1","Calculated Gamble","Backflip","Grand Finale","Well Laid Plans","Underhanded Strike"],"relics":["Ring of the Snake","Sundial","Toy Ornithopter"],"acts_visited":["Exordium"],"potions_floor_usage":[7,10,16],"damage_taken":[{"damage":0.0,"enemies":"2 Louse","floor":1.0,"turns":2.0},{"damage":0.0,"enemies":"Small Slimes","floor":3.0,"turns":4.0},{"damage":0.0,"enemies":"Jaw Worm","floor":4.0,"turns":3.0},{"damage":4.0,"enemies":"Looter","floor":5.0,"turns":4.0},{"damage":55,"enemies":"3 Sentries","floor":7,"turns":28},{"damage":6,"enemies":"Exordium Wildlife","floor":10,"turns":3},{"damage":0,"enemies":"Red Slaver","floor":13,"turns":3},{"damage":0,"enemies":"Looter","floor":14,"turns":3},{"damage":52,"enemies":"Slime Boss","floor":16,"turns":8}],"seed_played":"4222100640143033818","potions_obtained":[{"floor":3.0,"key":"Weak Potion"},{"floor":5.0,"key":"SmokeBomb"},{"floor":7,"key":"SteroidPotion"}],"is_trial":false,"path_per_floor":["M","?","M","M","M","R","E","?","T","M","R","?","M","M","R","B"],"character_chosen":"THE_SILENT","items_purchased":[],"campfire_rested":2,"item_purchase_floors":[],"current_hp_per_floor":[70,70,70,70,66,66,11,11,11,10,31,24,24,24,45,0,0],"gold":280,"neow_bonus":"REMOVE_CARD","is_daily":false,"chose_seed":false,"campfire_upgraded":1,"win_rate":0.0,"timestamp":1611605429,"path_taken":["M","?","M","M","M","R","E","?","T","M","R","?","M","?","R","BOSS"],"items_purchased_type":[],"build_version":"2020-12-22","purchased_purges":0,"victory":false,"max_hp_per_floor":[70,70,70,70,70,70,70,70,70,70,70,70,70,70,70,70,70],"relic_stats":{"counters":[9,58],"Sundial":[4],"obtain_stats":[{"Sundial":7,"Toy Ornithopter":9,"Ring of the Snake":0},{"Sundial":5,"Toy Ornithopter":5,"Ring of the Snake":0},{"Sundial":41,"Toy Ornithopter":41,"Ring of the Snake":0}],"Toy Ornithopter":10,"Ring of the Snake":[18]},"card_choices":[{"not_picked":["Outmaneuver","Cloak And Dagger","Bane"],"picked":"SKIP","floor":1.0},{"not_picked":["Slice","Endless Agony"],"picked":"Terror","floor":3.0},{"not_picked":["Bane","Prepared"],"picked":"Calculated Gamble","floor":4.0},{"not_picked":["Heel Hook","Infinite Blades"],"picked":"Backflip","floor":5.0},{"not_picked":["Reflex","Skewer"],"picked":"Grand Finale","floor":7},{"not_picked":["Deflect","Sucker Punch"],"picked":"Well Laid Plans","floor":13},{"not_picked":["Acrobatics","Deadly Poison"],"picked":"Underhanded Strike","floor":14}],"player_experience":628970,"relics_obtained":[{"floor":7,"key":"Sundial"},{"floor":9,"key":"Toy Ornithopter"}],"event_choices":[{"cards_removed":["Strike_G"],"damage_healed":0.0,"max_hp_gain":0.0,"max_hp_loss":0.0,"gold_gain":0.0,"event_name":"Living Wall","player_choice":"Forget","floor":2.0,"gold_loss":0.0,"damage_taken":0.0},{"damage_healed":0,"gold_gain":0,"player_choice":"Fled","damage_taken":0,"max_hp_gain":0,"max_hp_loss":0,"event_name":"Scrap Ooze","floor":8,"gold_loss":0},{"cards_removed":["Defend_G"],"damage_healed":0,"gold_gain":0,"player_choice":"Card Removal","damage_taken":7,"max_hp_gain":0,"max_hp_loss":0,"event_name":"Golden Wing","floor":12,"gold_loss":0}],"is_beta":false,"boss_relics":[],"items_purged_floors":[],"is_endless":false,"potions_floor_spawned":[3,5,7,10],"killed_by":"Slime Boss","ascension_level":0}}