{"host":"8is2j71l4wmybkoi","time":1611586849,"event":{"mods":["AchievementEnabler","BaseMod","Colored Map","Minty Spire (QoL Compilation)","Rare Cards Sparkle","StSLib","SuperFastMode"],"gold_per_floor":[114,129,129,143,143,168,168,180,231,246,262,262,262,280,280,353,353,364,4,4,18,37,37,66,66,66,0,17,17,46,100,100,178,178,194,205,215,230,130,160,160,160,187,198,232,232,232,232,232],"floor_reached":48,"language":"KOR","playtime":2092,"items_purged":["Strike_B","Strike_B"],"score":1037,"play_id":"beea97e8-af09-4a14-80fb-3e8a89bd6385","local_time":"20210126000049","is_ascension_mode":true,"campfire_choices":[{"data":"Static Discharge","floor":7.0,"key":"SMITH"},{"floor":13.0,"key":"REST"},{"data":"Recycle","floor":15.0,"key":"SMITH"},{"floor":23.0,"key":"REST"},{"floor":25.0,"key":"REST"},{"floor":29.0,"key":"REST"},{"floor":32.0,"key":"REST"},{"floor":42.0,"key":"REST"}],"circlet_count":0,"master_deck":["AscendersBane","Defend_B","Defend_B","Defend_B","Zap+1","Dualcast","Hologram","Ball Lightning","Static Discharge+1","Reinforced Body","Leap","Genetic Algorithm","Recycle+1","Biased Cognition","Gash","Defragment","Go for the Eyes","Compile Driver","Buffer","Sweeping Beam+1","Glacier+1","Creative AI","Tempest","Loop+1","Force Field+1","Electrodynamics","Undo","Writhe","Glacier"],"relics":["Cracked Core","Pantograph","Anchor","MealTicket","Black Star","Chemical X","Ancient Tea Set","Ice Cream","Bottled Flame","Kunai","Lizard Tail","DataDisk","Snecko Eye","PreservedInsect","Bottled Lightning","Darkstone Periapt","Sundial"],"acts_visited":["Exordium","TheCity","TheBeyond"],"potions_floor_usage":[],"damage_taken":[{"damage":9.0,"enemies":"Jaw Worm","floor":1.0,"turns":3.0},{"damage":1.0,"enemies":"Cultist","floor":2.0,"turns":3.0},{"damage":0.0,"enemies":"2 Louse","floor":4.0,"turns":2.0},{"damage":31.0,"enemies":"3 Sentries","floor":6.0,"turns":6.0},{"damage":20.0,"enemies":"Gremlin Gang","floor":8.0,"turns":3.0},{"damage":0.0,"enemies":"2 Fungi Beasts","floor":10.0,"turns":3.0},{"damage":1.0,"enemies":"Exordium Thugs","floor":11.0,"turns":5.0},{"damage":0.0,"enemies":"Blue Slaver","floor":14.0,"turns":2.0},{"damage":41.0,"enemies":"The Guardian","floor":16.0,"turns":13.0},{"damage":15.0,"enemies":"2 Thieves","floor":18.0,"turns":4.0},{"damage":2.0,"enemies":"3 Byrds","floor":21.0,"turns":3.0},{"damage":21.0,"enemies":"3 Cultists","floor":22.0,"turns":3.0},{"damage":37.0,"enemies":"Gremlin Leader","floor":24.0,"turns":8.0},{"damage":5.0,"enemies":"Snecko","floor":28.0,"turns":6.0},{"damage":31.0,"enemies":"Book of Stabbing","floor":30.0,"turns":5.0},{"damage":69.0,"enemies":"Automaton","floor":33.0,"turns":15.0},{"damage":0.0,"enemies":"Orb Walker","floor":35.0,"turns":5.0},{"damage":0.0,"enemies":"3 Shapes","floor":36.0,"turns":3.0},{"damage":0.0,"enemies":"Spire Growth","floor":37.0,"turns":7.0},{"damage":10.0,"enemies":"Maw","floor":38.0,"turns":8.0},{"damage":52.0,"enemies":"Reptomancer","floor":40.0,"turns":6.0},{"damage":1.0,"enemies":"Transient","floor":44.0,"turns":6.0},{"damage":16.0,"enemies":"Nemesis","floor":45.0,"turns":8.0},{"damage":70,"enemies":"Reptomancer","floor":48,"turns":2}],"seed_played":"-3057531725919527992","potions_obtained":[{"floor":2.0,"key":"GamblersBrew"},{"floor":4.0,"key":"SkillPotion"},{"floor":14.0,"key":"Ancient Potion"},{"floor":16.0,"key":"FearPotion"},{"floor":18.0,"key":"EssenceOfDarkness"},{"floor":22.0,"key":"FocusPotion"},{"floor":28.0,"key":"Dexterity Potion"},{"floor":33.0,"key":"SpeedPotion"},{"floor":37.0,"key":"SkillPotion"},{"floor":38.0,"key":"Swift Potion"}],"is_trial":false,"path_per_floor":["M","M","?","M","?","E","R","M","T","M","M","?","R","M","R","B",null,"M","$","?","M","M","R","E","R","T","?","M","R","E","T","R","B",null,"M","M","M","M","$","E","?","R","T","M","E","?","?","E"],"character_chosen":"DEFECT","items_purchased":["Chemical X","Defragment","Go for the Eyes"],"campfire_rested":6,"item_purchase_floors":[19,19,19],"current_hp_per_floor":[55,54,54,54,54,23,23,3,3,3,2,2,21,21,21,5,49,34,49,49,47,26,45,8,27,27,27,22,41,10,10,29,32,56,56,56,56,46,61,9,22,41,41,40,24,52,52,0,0],"gold":232,"neow_bonus":"REMOVE_TWO","is_daily":false,"chose_seed":false,"campfire_upgraded":2,"win_rate":0.0,"timestamp":1611586849,"path_taken":["M","M","?","?","?","E","R","M","T","?","M","?","R","?","R","BOSS","M","$","?","M","M","R","E","R","T","?","M","R","E","?","R","BOSS","M","M","M","M","$","E","?","R","T","M","E","?","?","E"],"items_purchased_type":["Relic","Card","Card"],"build_version":"2020-12-22","purchased_purges":2,"victory":false,"max_hp_per_floor":[64,64,64,64,64,64,64,64,64,64,64,64,64,64,64,64,64,64,64,64,64,64,64,64,64,64,64,64,64,64,64,64,64,64,64,64,64,64,64,64,64,64,64,64,64,52,52,52,52],"card_choices":[{"not_picked":["Coolheaded","Recycle"],"picked":"Hologram","floor":1.0},{"not_picked":["Gash","Compile Driver"],"picked":"Ball Lightning","floor":2.0},{"not_picked":["Barrage","Auto Shields"],"picked":"Capacitor","floor":4.0},{"not_picked":["Darkness","Hyperbeam"],"picked":"Reinforced Body","floor":6.0},{"not_picked":["Beam Cell","Scrape"],"picked":"Leap","floor":8.0},{"not_picked":["Reprogram","Turbo"],"picked":"Genetic Algorithm","floor":10.0},{"not_picked":["Genetic Algorithm","Sunder","Reprogram"],"picked":"SKIP","floor":11.0},{"not_picked":["Sweeping Beam","Self Repair"],"picked":"Recycle","floor":14.0},{"not_picked":["Reboot","Seek"],"picked":"Biased Cognition","floor":16.0},{"not_picked":["Redo","Rebound"],"picked":"Gash","floor":18.0},{"not_picked":["Redo","Storm"],"picked":"Compile Driver","floor":21.0},{"not_picked":["Aggregate","Beam Cell"],"picked":"Rebound+1","floor":22.0},{"not_picked":["Stack+1","Coolheaded"],"picked":"Buffer","floor":24.0},{"not_picked":["Leap","Gash"],"picked":"Sweeping Beam+1","floor":28.0},{"not_picked":["Coolheaded","Compile Driver"],"picked":"Glacier+1","floor":30.0},{"not_picked":["Seek","Biased Cognition"],"picked":"Creative AI","floor":33.0},{"not_picked":["Streamline","Beam Cell"],"picked":"Tempest","floor":35.0},{"not_picked":["Cold Snap","BootSequence+1"],"picked":"Loop+1","floor":36.0},{"not_picked":["Tempest","Ball Lightning+1"],"picked":"Force Field+1","floor":37.0},{"not_picked":["Leap","Hologram+1"],"picked":"Electrodynamics","floor":38.0},{"not_picked":["Consume","Genetic Algorithm"],"picked":"Undo","floor":40.0},{"not_picked":["Rip and Tear","Ball Lightning+1"],"picked":"Glacier","floor":44.0},{"not_picked":["Rip and Tear+1","Hologram","Compile Driver"],"picked":"SKIP","floor":45.0}],"player_experience":797679,"relics_obtained":[{"floor":6.0,"key":"Pantograph"},{"floor":9.0,"key":"Anchor"},{"floor":24.0,"key":"Ancient Tea Set"},{"floor":24.0,"key":"Ice Cream"},{"floor":26.0,"key":"Bottled Flame"},{"floor":30.0,"key":"Kunai"},{"floor":30.0,"key":"Lizard Tail"},{"floor":31.0,"key":"DataDisk"},{"floor":40.0,"key":"PreservedInsect"},{"floor":40.0,"key":"Bottled Lightning"},{"floor":45.0,"key":"Darkstone Periapt"},{"floor":45.0,"key":"Sundial"}],"event_choices":[{"damage_healed":0.0,"max_hp_gain":0.0,"max_hp_loss":0.0,"gold_gain":0.0,"event_name":"Upgrade Shrine","player_choice":"Upgraded","floor":3.0,"gold_loss":0.0,"damage_taken":0.0,"cards_upgraded":["Zap"]},{"damage_healed":0.0,"max_hp_gain":0.0,"max_hp_loss":0.0,"gold_gain":0.0,"cards_transformed":["Strike_B"],"event_name":"Transmorgrifier","player_choice":"Transformed","floor":5.0,"gold_loss":0.0,"damage_taken":0.0,"cards_obtained":["Static Discharge"]},{"cards_removed":["Capacitor"],"damage_healed":0.0,"max_hp_gain":0.0,"max_hp_loss":0.0,"gold_gain":0.0,"event_name":"WeMeetAgain","player_choice":"Gave Card","floor":12.0,"gold_loss":0.0,"damage_taken":0.0,"relics_obtained":["MealTicket"]},{"damage_healed":0.0,"max_hp_gain":0.0,"max_hp_loss":0.0,"gold_gain":0.0,"event_name":"Ghosts","player_choice":"Ignored","floor":20.0,"gold_loss":0.0,"damage_taken":0.0},{"damage_healed":0.0,"max_hp_gain":0.0,"max_hp_loss":0.0,"gold_gain":0.0,"event_name":"Masked Bandits","player_choice":"Paid Fearfully","floor":27.0,"gold_loss":66.0,"damage_taken":0.0},{"damage_healed":13.0,"max_hp_gain":0.0,"max_hp_loss":0.0,"gold_gain":0.0,"event_name":"Winding Halls","player_choice":"Writhe","floor":41.0,"gold_loss":0.0,"damage_taken":0.0,"cards_obtained":["Writhe"]},{"damage_healed":52.0,"max_hp_gain":0.0,"max_hp_loss":12.0,"gold_gain":0.0,"event_name":"The Moai Head","player_choice":"Heal","floor":46.0,"gold_loss":0.0,"damage_taken":0.0},{"cards_removed":["Rebound"],"damage_healed":0.0,"max_hp_gain":0.0,"max_hp_loss":0.0,"gold_gain":0.0,"event_name":"Falling","player_choice":"Removed Attack","floor":47.0,"gold_loss":0.0,"damage_taken":0.0}],"is_beta":false,"boss_relics":[{"not_picked":["Ectoplasm","Velvet Choker"],"picked":"Black Star"},{"not_picked":["Cursed Key","Sozu"],"picked":"Snecko Eye"}],"items_purged_floors":[19,39],"is_endless":false,"potions_floor_spawned":[2,4,14,16,18,22,28,33,37,38],"killed_by":"Reptomancer","ascension_level":19}}