{"host":"bg8va46pgqgvtzim","time":1611541944,"event":{"mods":["BaseMod","Minty Spire (QoL Compilation)","Quick Restart","StSLib","SuperFastMode"],"gold_per_floor":[109,122,136,148,168,196,196,229,252,252,252,252,327,360,360,465,465,483,483,499,512,526,526,557,573,597,613,626,660,660,506,506,506,506],"floor_reached":33,"language":"ZHS","playtime":629,"items_purged":["Defend_R"],"score":324,"play_id":"44c8be03-5e6d-4ba9-bcef-d85b0965bb53","local_time":"20210125103224","is_ascension_mode":true,"campfire_choices":[{"data":"Armaments","floor":7.0,"key":"SMITH"},{"data":"True Grit","floor":11.0,"key":"SMITH"},{"data":"Shockwave","floor":15.0,"key":"SMITH"},{"data":"Body Slam","floor":23.0,"key":"SMITH"},{"data":"Immolate","floor":30.0,"key":"SMITH"},{"floor":32.0,"key":"REST"}],"circlet_count":0,"master_deck":["Defend_R","Defend_R","Defend_R+1","Body Slam+1","Armaments+1","Blood for Blood","Shockwave+1","True Grit+1","Second Wind+1","Combust+1","Burning Pact+1","Sentinel","Fire Breathing","Immolate+1","Disarm","Feel No Pain"],"relics":["Burning Blood","Blue Candle","Nunchaku","Bronze Scales","Astrolabe","Anchor","Vajra","Mercury Hourglass"],"acts_visited":["Exordium","TheCity"],"potions_floor_usage":[],"damage_taken":[{"damage":1.0,"enemies":"2 Louse","floor":1.0,"turns":3.0},{"damage":3.0,"enemies":"Small Slimes","floor":2.0,"turns":4.0},{"damage":6.0,"enemies":"Jaw Worm","floor":3.0,"turns":4.0},{"damage":4.0,"enemies":"Blue Slaver","floor":4.0,"turns":4.0},{"damage":0.0,"enemies":"3 Louse","floor":5.0,"turns":3.0},{"damage":16.0,"enemies":"3 Sentries","floor":6.0,"turns":10.0},{"damage":19.0,"enemies":"Gremlin Nob","floor":8.0,"turns":4.0},{"damage":4.0,"enemies":"Lagavulin","floor":14.0,"turns":6.0},{"damage":2.0,"enemies":"Hexaghost","floor":16.0,"turns":9.0},{"damage":10.0,"enemies":"Shell Parasite","floor":18.0,"turns":4.0},{"damage":5.0,"enemies":"2 Thieves","floor":20.0,"turns":3.0},{"damage":5.0,"enemies":"Chosen and Byrds","floor":21.0,"turns":7.0},{"damage":7.0,"enemies":"Snake Plant","floor":22.0,"turns":4.0},{"damage":41.0,"enemies":"Slavers","floor":24.0,"turns":5.0},{"damage":7.0,"enemies":"Centurion and Healer","floor":25.0,"turns":7.0},{"damage":4.0,"enemies":"Cultist and Chosen","floor":27.0,"turns":5.0},{"damage":3.0,"enemies":"Shelled Parasite and Fungi","floor":28.0,"turns":4.0},{"damage":14.0,"enemies":"Gremlin Leader","floor":29.0,"turns":5.0},{"damage":0,"enemies":"Collector","floor":33,"turns":1}],"seed_played":"8565765855805008013","potions_obtained":[{"floor":2.0,"key":"DistilledChaos"},{"floor":3.0,"key":"Dexterity Potion"},{"floor":5.0,"key":"LiquidMemories"},{"floor":6.0,"key":"BlessingOfTheForge"},{"floor":16.0,"key":"EssenceOfSteel"},{"floor":21.0,"key":"PowerPotion"},{"floor":28.0,"key":"Regen Potion"}],"is_trial":false,"path_per_floor":["M","M","M","M","M","E","R","E","T","?","R","?","?","E","R","B",null,"M","?","M","M","M","R","E","M","T","M","M","E","R","$","R","B"],"character_chosen":"IRONCLAD","items_purchased":["Feel No Pain"],"campfire_rested":1,"item_purchase_floors":[31],"current_hp_per_floor":[72,72,72,72,72,62,62,49,49,42,42,28,17,19,19,23,72,68,68,69,70,69,69,34,33,33,35,38,30,30,30,51,51,51],"gold":506,"neow_bonus":"REMOVE_TWO","is_daily":false,"chose_seed":false,"campfire_upgraded":5,"win_rate":0.0,"timestamp":1611541944,"path_taken":["M","M","M","M","M","E","R","E","T","?","R","?","?","E","R","BOSS","M","?","M","M","M","R","E","M","T","M","M","E","R","$","R","BOSS"],"items_purchased_type":["Card"],"build_version":"2020-12-22","purchased_purges":1,"victory":false,"max_hp_per_floor":[72,72,72,72,72,72,72,72,72,72,72,72,72,72,72,72,72,72,72,72,72,72,72,72,72,72,72,72,72,72,72,72,72,72],"card_choices":[{"not_picked":["Thunderclap","Havoc"],"picked":"Body Slam","floor":1.0},{"not_picked":["Body Slam","Anger"],"picked":"Armaments","floor":2.0},{"not_picked":["Armaments","Blood for Blood","Warcry"],"picked":"SKIP","floor":3.0},{"not_picked":["Armaments","Warcry"],"picked":"Blood for Blood","floor":3.0},{"not_picked":["Rupture","Searing Blow","Whirlwind"],"picked":"SKIP","floor":4.0},{"not_picked":["Flex","Headbutt"],"picked":"Shockwave","floor":5.0},{"not_picked":["Sentinel","Body Slam"],"picked":"True Grit","floor":6.0},{"not_picked":["Bludgeon","Twin Strike","Spot Weakness"],"picked":"SKIP","floor":8.0},{"not_picked":["Berserk","Blood for Blood","Rupture"],"picked":"SKIP","floor":14.0},{"not_picked":["Body Slam+1","Cleave"],"picked":"Sentinel","floor":18.0},{"not_picked":["Headbutt","Infernal Blade+1","Thunderclap"],"picked":"SKIP","floor":20.0},{"not_picked":["Iron Wave","Brutality"],"picked":"Fire Breathing","floor":21.0},{"not_picked":["Ghostly Armor+1","Sentinel","Clash"],"picked":"SKIP","floor":22.0},{"not_picked":["Warcry","Pommel Strike","Clash"],"picked":"SKIP","floor":24.0},{"not_picked":["True Grit+1","Flex"],"picked":"Immolate","floor":25.0},{"not_picked":["Fire Breathing","Searing Blow","Cleave"],"picked":"SKIP","floor":27.0},{"not_picked":["Iron Wave+1","Sentinel"],"picked":"Disarm","floor":28.0},{"not_picked":["Combust+1","Iron Wave","Armaments"],"picked":"SKIP","floor":29.0}],"player_experience":2325347,"relics_obtained":[{"floor":6.0,"key":"Blue Candle"},{"floor":8.0,"key":"Nunchaku"},{"floor":14.0,"key":"Bronze Scales"},{"floor":24.0,"key":"Anchor"},{"floor":26.0,"key":"Vajra"},{"floor":29.0,"key":"Mercury Hourglass"}],"event_choices":[{"cards_removed":["Strike_R"],"damage_healed":0.0,"max_hp_gain":0.0,"max_hp_loss":0.0,"gold_gain":0.0,"event_name":"Golden Wing","player_choice":"Card Removal","floor":10.0,"gold_loss":0.0,"damage_taken":7.0},{"damage_healed":0.0,"max_hp_gain":0.0,"max_hp_loss":0.0,"gold_gain":0.0,"event_name":"Shining Light","player_choice":"Entered Light","floor":12.0,"gold_loss":0.0,"damage_taken":14.0,"cards_upgraded":["Strike_R","Defend_R"]},{"damage_healed":0.0,"max_hp_gain":0.0,"max_hp_loss":0.0,"gold_gain":75.0,"event_name":"World of Goop","player_choice":"Gather Gold","floor":13.0,"gold_loss":0.0,"damage_taken":11.0},{"damage_healed":0.0,"max_hp_gain":0.0,"max_hp_loss":0.0,"gold_gain":0.0,"event_name":"The Mausoleum","player_choice":"Ignored","floor":19.0,"gold_loss":0.0,"damage_taken":0.0}],"is_beta":false,"boss_relics":[{"not_picked":["Cursed Key","Tiny House"],"picked":"Astrolabe"}],"items_purged_floors":[31],"is_endless":false,"potions_floor_spawned":[2,3,5,6,16,21,22,28,29],"killed_by":"Collector","ascension_level":1}}