{"host":"xmrw7jl1ir2912vf","time":1611608840,"event":{"mods":["BaseMod","Minty Spire (QoL Compilation)","Relic Stats"],"gold_per_floor":[212,224,241,241,256,285,285,317,317,317,347,12,46,59,59,136,136,150,168,180,6,16,44,44,44,44],"floor_reached":25,"language":"ENG","playtime":1341,"items_purged":[],"score":591,"play_id":"906c8d28-7764-49a6-8645-8cbbc784c554","local_time":"20210125160720","is_ascension_mode":true,"campfire_choices":[{"data":"Combust","floor":7,"key":"SMITH"},{"data":"Sword Boomerang","floor":10,"key":"SMITH"},{"data":"Inflame","floor":15,"key":"SMITH"},{"data":"Rupture","floor":24,"key":"SMITH"}],"circlet_count":0,"master_deck":["AscendersBane","Strike_R","Strike_R","Strike_R","Strike_R","Strike_R","Defend_R","Defend_R","Defend_R","Defend_R","Bash","Iron Wave","Rampage","Perfected Strike+1","Battle Trance","Combust+1","Sword Boomerang+1","Cleave","Twin Strike","Inflame+1","Brutality","Dropkick+1","Rupture+1","Flash of Steel","Dropkick"],"relics":["Burning Blood","Centennial Puzzle","Meat on the Bone","Shuriken","Mercury Hourglass","HornCleat","Ancient Tea Set","Coffee Dripper","Nunchaku"],"acts_visited":["Exordium","TheCity"],"potions_floor_usage":[11,11,13,23,25],"damage_taken":[{"damage":1.0,"enemies":"Cultist","floor":1.0,"turns":3.0},{"damage":4.0,"enemies":"Jaw Worm","floor":2.0,"turns":5.0},{"damage":4.0,"enemies":"Small Slimes","floor":3.0,"turns":4.0},{"damage":2.0,"enemies":"3 Louse","floor":5.0,"turns":3.0},{"damage":15,"enemies":"Lagavulin","floor":6,"turns":7},{"damage":28,"enemies":"3 Sentries","floor":8,"turns":5},{"damage":27,"enemies":"Gremlin Nob","floor":11,"turns":4},{"damage":22,"enemies":"Lagavulin","floor":13,"turns":5},{"damage":8,"enemies":"Lots of Slimes","floor":14,"turns":2},{"damage":1,"enemies":"Slime Boss","floor":16,"turns":4},{"damage":6,"enemies":"3 Byrds","floor":18,"turns":3},{"damage":21,"enemies":"2 Thieves","floor":19,"turns":3},{"damage":3,"enemies":"3 Cultists","floor":20,"turns":3},{"damage":27,"enemies":"Cultist and Chosen","floor":22,"turns":5},{"damage":45,"enemies":"Slavers","floor":23,"turns":4},{"damage":24,"enemies":"Gremlin Leader","floor":25,"turns":3}],"seed_played":"-1414987592074912185","potions_obtained":[{"floor":2.0,"key":"SteroidPotion"},{"floor":3.0,"key":"Weak Potion"},{"floor":6,"key":"PowerPotion"},{"floor":11,"key":"FearPotion"},{"floor":16,"key":"Ancient Potion"},{"floor":19,"key":"BlessingOfTheForge"},{"floor":20,"key":"Energy Potion"},{"floor":23,"key":"Ancient Potion"}],"is_trial":false,"path_per_floor":["M","M","M","?","M","E","R","E","T","R","E","$","E","M","R","B",null,"M","M","M","$","M","E","R","E"],"character_chosen":"IRONCLAD","items_purchased":["HornCleat","Twin Strike","Rupture","Flash of Steel"],"campfire_rested":0,"item_purchase_floors":[12,12,21,21],"current_hp_per_floor":[73,75,75,75,75,66,66,44,44,44,35,35,31,41,41,46,68,68,53,56,56,47,20,20,0,0],"gold":44,"neow_bonus":"HUNDRED_GOLD","is_daily":false,"chose_seed":false,"campfire_upgraded":4,"win_rate":0.0,"timestamp":1611608840,"path_taken":["M","M","?","?","M","E","R","E","T","R","E","$","E","M","R","BOSS","M","M","?","$","?","E","R","E"],"items_purchased_type":["Relic","Card","Card","Card"],"build_version":"2020-12-22","purchased_purges":0,"victory":false,"max_hp_per_floor":[75,75,75,75,75,75,75,75,75,75,75,75,75,75,75,75,75,75,75,75,75,75,75,75,75,75],"relic_stats":{"Centennial Puzzle":[30],"Nunchaku":[0],"counters":[16,63],"Shuriken":[15],"obtain_stats":[{"Centennial Puzzle":6,"Nunchaku":23,"HornCleat":12,"Shuriken":9,"Coffee Dripper":17,"Ancient Tea Set":13,"Burning Blood":0,"Meat on the Bone":8,"Mercury Hourglass":11},{"Centennial Puzzle":5,"Nunchaku":15,"HornCleat":7,"Shuriken":6,"Coffee Dripper":10,"Ancient Tea Set":8,"Burning Blood":0,"Meat on the Bone":6,"Mercury Hourglass":7},{"Centennial Puzzle":22,"Nunchaku":60,"HornCleat":31,"Shuriken":27,"Coffee Dripper":42,"Ancient Tea Set":36,"Burning Blood":0,"Meat on the Bone":27,"Mercury Hourglass":31}],"Burning Blood":84,"Meat on the Bone":60,"Mercury Hourglass":[188]},"card_choices":[{"not_picked":["Rupture","Infernal Blade"],"picked":"Iron Wave","floor":1.0},{"not_picked":["Iron Wave","Fire Breathing"],"picked":"Rampage","floor":2.0},{"not_picked":["Warcry","Sentinel"],"picked":"Perfected Strike","floor":3.0},{"not_picked":["Armaments","Shrug It Off"],"picked":"Battle Trance","floor":5},{"not_picked":["Thunderclap","Iron Wave"],"picked":"Combust","floor":6},{"not_picked":["Sever Soul","Flex"],"picked":"Sword Boomerang","floor":8},{"not_picked":["Perfected Strike","Clash"],"picked":"Cleave","floor":11},{"not_picked":["Body Slam","Combust","Juggernaut"],"picked":"SKIP","floor":13},{"not_picked":["Body Slam","Iron Wave"],"picked":"Inflame","floor":14},{"not_picked":["Exhume","Bludgeon"],"picked":"Brutality","floor":16},{"not_picked":["Sentinel","Inflame"],"picked":"Dropkick+1","floor":18},{"not_picked":["Blood for Blood","Rampage","Second Wind+1"],"picked":"SKIP","floor":19},{"not_picked":["Havoc","Whirlwind","Body Slam"],"picked":"SKIP","floor":20},{"not_picked":["Combust+1","Cleave","Clothesline"],"picked":"SKIP","floor":22},{"not_picked":["Sentinel","Blood for Blood"],"picked":"Dropkick","floor":23}],"player_experience":462131,"relics_obtained":[{"floor":6,"key":"Centennial Puzzle"},{"floor":8,"key":"Meat on the Bone"},{"floor":9,"key":"Shuriken"},{"floor":11,"key":"Mercury Hourglass"},{"floor":13,"key":"Ancient Tea Set"},{"floor":23,"key":"Nunchaku"}],"event_choices":[{"damage_healed":0.0,"max_hp_gain":0.0,"max_hp_loss":0.0,"gold_gain":0.0,"event_name":"Upgrade Shrine","player_choice":"Upgraded","floor":4.0,"gold_loss":0.0,"damage_taken":0.0,"cards_upgraded":["Perfected Strike"]}],"is_beta":false,"boss_relics":[{"not_picked":["Sozu","Black Blood"],"picked":"Coffee Dripper"}],"items_purged_floors":[],"is_endless":false,"potions_floor_spawned":[2,3,6,11,16,19,20,23],"killed_by":"Gremlin Leader","ascension_level":19}}