{"host":"6rz02yiipefhcw4r","time":1611583364,"event":{"mods":["2.2 Compatiblity","BaseMod","Block Reminder","Colored Map","Curses Come First","DeckTracker","Googly Eyes","Minty Spire (QoL Compilation)","Quick Restart","Rare Cards Sparkle","StSLib"],"gold_per_floor":[13,33,43,43,59,94,94,129,129,142,142,173,173,184,184,184,184],"floor_reached":16,"language":"ENG","playtime":938,"items_purged":[],"score":244,"play_id":"18037b4e-9648-46a6-96ee-4491261ca2d6","local_time":"20210125120244","is_ascension_mode":true,"campfire_choices":[{"data":"Uppercut","floor":11,"key":"SMITH"},{"data":"Regret","floor":15,"key":"PURGE"}],"circlet_count":0,"master_deck":["AscendersBane","Strike_R","Strike_R","Strike_R","Strike_R","Defend_R","Defend_R","Defend_R","Defend_R","Bash","Flame Barrier","Whirlwind+1","True Grit","Thunderclap","Uppercut+1","Reaper","Hemokinesis"],"relics":["Burning Blood","Thread and Needle","MealTicket","WingedGreaves","Peace Pipe","Turnip","Lantern"],"acts_visited":["Exordium"],"potions_floor_usage":[6,8,14],"damage_taken":[{"damage":0.0,"enemies":"Small Slimes","floor":1.0,"turns":5.0},{"damage":0.0,"enemies":"Jaw Worm","floor":2.0,"turns":4.0},{"damage":0.0,"enemies":"2 Louse","floor":3.0,"turns":2.0},{"damage":5.0,"enemies":"Red Slaver","floor":5.0,"turns":5.0},{"damage":7,"enemies":"3 Sentries","floor":6,"turns":4},{"damage":43,"enemies":"Gremlin Nob","floor":8,"turns":5},{"damage":0,"enemies":"2 Fungi Beasts","floor":10,"turns":2},{"damage":11,"enemies":"3 Sentries","floor":12,"turns":5},{"damage":8,"enemies":"Exordium Thugs","floor":14,"turns":5},{"damage":49,"enemies":"Hexaghost","floor":16,"turns":11}],"seed_played":"-3631090598128503764","potions_obtained":[{"floor":3.0,"key":"Dexterity Potion"},{"floor":6,"key":"SkillPotion"},{"floor":10,"key":"AttackPotion"}],"is_trial":false,"path_per_floor":["M","M","M","?","M","E","?","E","T","M","R","E","?","M","R","B"],"character_chosen":"IRONCLAD","items_purchased":[],"campfire_rested":0,"item_purchase_floors":[],"current_hp_per_floor":[74,75,75,75,75,74,67,30,30,36,36,43,43,45,45,0,0],"gold":184,"neow_bonus":"ONE_RARE_RELIC","is_daily":false,"chose_seed":false,"campfire_upgraded":1,"win_rate":0.0,"timestamp":1611583364,"path_taken":["M","M","M","?","M","E","?","E","T","M","R","E","?","M","R","BOSS"],"items_purchased_type":[],"build_version":"2020-12-22","purchased_purges":0,"victory":false,"max_hp_per_floor":[75,75,75,75,75,75,75,75,75,75,75,75,75,75,75,75,75],"card_choices":[{"not_picked":["Pommel Strike","Fire Breathing"],"picked":"Flame Barrier","floor":1.0},{"not_picked":["Searing Blow","Wild Strike"],"picked":"Whirlwind","floor":2.0},{"not_picked":["Power Through","Sword Boomerang"],"picked":"True Grit","floor":3.0},{"not_picked":["Ghostly Armor","Heavy Blade"],"picked":"Thunderclap","floor":5.0},{"not_picked":["Searing Blow","Body Slam","Twin Strike"],"picked":"SKIP","floor":6},{"not_picked":["Flex","Twin Strike"],"picked":"Uppercut","floor":8},{"not_picked":["Second Wind","Metallicize"],"picked":"Reaper","floor":10},{"not_picked":["Combust","Thunderclap"],"picked":"Hemokinesis","floor":12},{"not_picked":["Thunderclap","Twin Strike","Perfected Strike"],"picked":"SKIP","floor":14}],"player_experience":737781,"relics_obtained":[{"floor":6,"key":"MealTicket"},{"floor":8,"key":"WingedGreaves"},{"floor":9,"key":"Peace Pipe"},{"floor":12,"key":"Turnip"}],"event_choices":[{"damage_healed":0.0,"max_hp_gain":0.0,"max_hp_loss":0.0,"gold_gain":0.0,"event_name":"Living Wall","player_choice":"Grow","floor":4.0,"gold_loss":0.0,"damage_taken":0.0,"cards_upgraded":["Whirlwind"]},{"cards_removed":["Strike_R"],"damage_healed":0,"gold_gain":0,"player_choice":"Card Removal","damage_taken":7,"max_hp_gain":0,"max_hp_loss":0,"event_name":"Golden Wing","floor":7,"gold_loss":0},{"damage_healed":0,"gold_gain":0,"player_choice":"Box","damage_taken":0,"relics_obtained":["Lantern"],"max_hp_gain":0,"max_hp_loss":0,"event_name":"Big Fish","floor":13,"gold_loss":0,"cards_obtained":["Regret"]}],"is_beta":false,"boss_relics":[],"items_purged_floors":[],"is_endless":false,"potions_floor_spawned":[3,6,10],"killed_by":"Hexaghost","ascension_level":20}}