{"host":"z4nt7tdd4gjrinn7","time":1611553026,"event":{"mods":["100% Spire Juice","BaseMod","Minty Spire (QoL Compilation)","StS++","StSLib","The Hierophant"],"gold_per_floor":[113,130,105,105,120,120,160,160,229,404,419,438,438,459,459,589,589,605,605,605,605],"floor_reached":20,"language":"ENG","playtime":930,"items_purged":[],"score":174,"play_id":"be568580-97b4-463e-96a0-8dcda6972c32","local_time":"20210125003706","is_ascension_mode":false,"campfire_choices":[{"floor":6,"key":"REST"},{"floor":8,"key":"REST"},{"floor":15,"key":"REST"}],"circlet_count":0,"master_deck":["Strike_B","Strike_B","Strike_B","Strike_B","Defend_B","Defend_B","Defend_B","Defend_B","Zap","Dualcast","Sweeping Beam","Cold Snap","Beam Cell","Sweeping Beam","Darkness","Aggregate","Loop","Turbo","Electrodynamics","Barrage+1"],"relics":["Cracked Core","Omamori","Golden Idol","Anchor","Pear","StSpp:PileOfSugar"],"acts_visited":["Exordium","TheCity"],"potions_floor_usage":[7,16],"damage_taken":[{"damage":0,"enemies":"2 Louse","floor":1,"turns":2},{"damage":0,"enemies":"Small Slimes","floor":2,"turns":2},{"damage":0,"enemies":"Cultist","floor":5,"turns":2},{"damage":17,"enemies":"Lagavulin","floor":7,"turns":5},{"damage":8,"enemies":"Looter","floor":11,"turns":3},{"damage":5,"enemies":"Lots of Slimes","floor":12,"turns":3},{"damage":4,"enemies":"Exordium Thugs","floor":14,"turns":4},{"damage":57,"enemies":"Hexaghost","floor":16,"turns":7},{"damage":40,"enemies":"3 Byrds","floor":18,"turns":4},{"damage":90,"enemies":"Shell Parasite","floor":20,"turns":1}],"seed_played":"-7661528242052048460","potions_obtained":[{"floor":1,"key":"CultistPotion"},{"floor":2,"key":"Ancient Potion"},{"floor":12,"key":"LiquidBronze"},{"floor":18,"key":"PotionOfCapacity"}],"is_trial":false,"path_per_floor":["M","M","$","?","M","R","E","R","T","?","M","M","?","M","R","B",null,"M","?","M"],"character_chosen":"DEFECT","items_purchased":["Beam Cell"],"campfire_rested":3,"item_purchase_floors":[3],"current_hp_per_floor":[75,75,75,57,57,75,58,75,85,85,77,72,72,68,85,28,85,45,39,0,0],"gold":605,"neow_bonus":"RANDOM_COMMON_RELIC","is_daily":false,"chose_seed":false,"campfire_upgraded":0,"win_rate":0.0,"timestamp":1611553026,"path_taken":["M","M","$","?","M","R","E","R","T","?","M","M","?","M","R","BOSS","M","?","M"],"items_purchased_type":["Card"],"build_version":"2020-12-22","purchased_purges":0,"victory":false,"max_hp_per_floor":[75,75,75,75,75,75,75,75,85,85,85,85,85,85,85,85,85,85,85,85,85],"card_choices":[{"not_picked":["StSpp:Fierceness","Compile Driver"],"picked":"Sweeping Beam","floor":1},{"not_picked":["FTL","Leap"],"picked":"Cold Snap","floor":2},{"not_picked":["Stack","Force Field"],"picked":"Sweeping Beam","floor":5},{"not_picked":["Beam Cell","Double Energy"],"picked":"Darkness","floor":7},{"not_picked":["Chaos","Compile Driver"],"picked":"Aggregate","floor":11},{"not_picked":["Skim","Redo"],"picked":"Loop","floor":12},{"not_picked":["Streamline","Seek"],"picked":"Turbo","floor":14},{"not_picked":["Creative AI","StSpp:Saturation"],"picked":"Electrodynamics","floor":16},{"not_picked":["Tempest","Consume"],"picked":"Barrage+1","floor":18}],"player_experience":169217,"relics_obtained":[{"floor":7,"key":"Anchor"},{"floor":9,"key":"Pear"}],"event_choices":[{"damage_healed":0,"gold_gain":0,"player_choice":"Take Damage","damage_taken":18,"relics_obtained":["Golden Idol"],"max_hp_gain":0,"max_hp_loss":0,"event_name":"Golden Idol","floor":4,"gold_loss":0},{"damage_healed":0,"gold_gain":175,"player_choice":"AGREE","damage_taken":0,"max_hp_gain":0,"max_hp_loss":0,"event_name":"Liars Game","floor":10,"gold_loss":0,"cards_obtained":["Doubt"]},{"damage_healed":0,"gold_gain":0,"player_choice":"Ignored","damage_taken":0,"max_hp_gain":0,"max_hp_loss":0,"event_name":"Golden Wing","floor":13,"gold_loss":0},{"damage_healed":0,"gold_gain":0,"player_choice":"","damage_taken":6,"max_hp_gain":0,"max_hp_loss":0,"event_name":"Knowing Skull","floor":19,"potions_obtained":[],"gold_loss":0,"cards_obtained":[]}],"is_beta":false,"boss_relics":[{"not_picked":["Runic Dome","Empty Cage"],"picked":"StSpp:PileOfSugar"}],"items_purged_floors":[],"is_endless":false,"potions_floor_spawned":[1,2,12,18],"killed_by":"Shell Parasite","ascension_level":0}}