{"host":"t7mx8yfj1no5p62f","time":1611592940,"event":{"mods":["BaseMod","Bestiary","Colored Map","Colored Powertips","Minty Spire (QoL Compilation)","Relic Stats","StSLib","ojb\u0027s Info Mod"],"gold_per_floor":[367,107,118,61,78,104,104,114,140,175,206,143,183,208,220,307,319,342,369,64,77,103,103,129,145,145,195,195,110,141,101,101,101,101],"floor_reached":33,"language":"ENG","playtime":1417,"items_purged":["Strike_G"],"score":635,"play_id":"ae7617e1-941a-483f-a3cb-093351b8cefa","local_time":"20210125114220","is_ascension_mode":true,"campfire_choices":[{"data":"Crippling Poison","floor":7.0,"key":"SMITH"},{"data":"Deadly Poison","floor":15.0,"key":"SMITH"},{"floor":23,"key":"REST"},{"data":"Predator","floor":28,"key":"SMITH"},{"data":"Calculated Gamble","floor":32,"key":"SMITH"}],"circlet_count":0,"master_deck":["AscendersBane","Strike_G","Strike_G","Strike_G","Defend_G","Defend_G","Defend_G","Defend_G","Defend_G","Survivor","Neutralize","Blade Dance","Dash","Crippling Poison+1","Predator+1","Deadly Poison+1","Dagger Throw","Endless Agony","PiercingWail","Acrobatics","Calculated Gamble+1","PiercingWail","Die Die Die","PiercingWail","PiercingWail","Backflip"],"relics":["Ring of the Snake","Bag of Preparation","Orichalcum","MawBank","Juzu Bracelet","Cursed Key","Pocketwatch","Red Mask","White Beast Statue","MealTicket","Eternal Feather"],"acts_visited":["Exordium","TheCity"],"potions_floor_usage":[16,21,30,33,33],"damage_taken":[{"damage":6.0,"enemies":"Cultist","floor":1.0,"turns":5.0},{"damage":2.0,"enemies":"Small Slimes","floor":3.0,"turns":3.0},{"damage":0.0,"enemies":"Jaw Worm","floor":5.0,"turns":4.0},{"damage":2.0,"enemies":"Lagavulin","floor":6.0,"turns":6.0},{"damage":1.0,"enemies":"2 Fungi Beasts","floor":8.0,"turns":3.0},{"damage":15.0,"enemies":"Gremlin Nob","floor":10.0,"turns":4.0},{"damage":0.0,"enemies":"Lots of Slimes","floor":11.0,"turns":3.0},{"damage":5.0,"enemies":"3 Sentries","floor":13.0,"turns":7.0},{"damage":1.0,"enemies":"Large Slime","floor":14.0,"turns":5.0},{"damage":11,"enemies":"Hexaghost","floor":16,"turns":9},{"damage":0,"enemies":"Chosen","floor":18,"turns":4},{"damage":5,"enemies":"Spheric Guardian","floor":19,"turns":5},{"damage":18,"enemies":"Shelled Parasite and Fungi","floor":21,"turns":4},{"damage":8,"enemies":"Masked Bandits","floor":22,"turns":4},{"damage":16,"enemies":"Slavers","floor":24,"turns":5},{"damage":0,"enemies":"Cultist and Chosen","floor":25,"turns":5},{"damage":8,"enemies":"Book of Stabbing","floor":30,"turns":6},{"damage":28,"enemies":"Champ","floor":33,"turns":12}],"seed_played":"-6652610500735935132","potions_obtained":[{"floor":5.0,"key":"LiquidBronze"},{"floor":8.0,"key":"Dexterity Potion"},{"floor":16,"key":"CunningPotion"},{"floor":25,"key":"GamblersBrew"},{"floor":30,"key":"LiquidMemories"},{"floor":31,"key":"DuplicationPotion"}],"is_trial":false,"path_per_floor":["M","$","M","$","M","E","R","M","T","E","M","?","E","M","R","B",null,"M","M","$","M","?","R","E","M","T","?","R","?","E","?","R","B"],"character_chosen":"THE_SILENT","items_purchased":["Dash","Crippling Poison","PowerPotion","Deadly Poison","Pocketwatch"],"campfire_rested":1,"item_purchase_floors":[2,2,2,4,20],"current_hp_per_floor":[53,53,51,51,51,49,49,48,48,33,33,33,28,27,27,16,49,49,44,44,26,18,36,20,20,20,20,20,20,12,12,27,0,0],"gold":101,"neow_bonus":"TWO_FIFTY_GOLD","is_daily":false,"chose_seed":false,"campfire_upgraded":4,"win_rate":0.0,"timestamp":1611592940,"path_taken":["M","$","M","?","M","E","R","M","T","E","M","?","E","M","R","BOSS","M","M","$","M","?","R","E","M","T","?","R","?","E","?","R","BOSS"],"items_purchased_type":["Card","Card","Potion","Card","Relic"],"build_version":"2020-12-22","purchased_purges":1,"victory":false,"max_hp_per_floor":[60,60,60,60,60,60,60,60,60,60,60,60,60,60,60,60,60,60,60,60,60,60,60,60,60,60,60,60,60,60,60,60,60,60],"relic_stats":{"counters":[18,94],"MealTicket":0,"Eternal Feather":15,"Bag of Preparation":[30],"Juzu Bracelet":0,"Orichalcum":[258],"MawBank":120,"Cursed Key":0,"obtain_stats":[{"MealTicket":29,"Eternal Feather":30,"Bag of Preparation":6,"Juzu Bracelet":13,"Red Mask":22,"Orichalcum":9,"MawBank":10,"Cursed Key":17,"White Beast Statue":24,"Ring of the Snake":0,"Pocketwatch":20},{"MealTicket":16,"Eternal Feather":17,"Bag of Preparation":4,"Juzu Bracelet":8,"Red Mask":14,"Orichalcum":5,"MawBank":6,"Cursed Key":10,"White Beast Statue":15,"Ring of the Snake":0,"Pocketwatch":12},{"MealTicket":76,"Eternal Feather":82,"Bag of Preparation":18,"Juzu Bracelet":35,"Red Mask":66,"Orichalcum":21,"MawBank":25,"Cursed Key":49,"White Beast Statue":71,"Ring of the Snake":0,"Pocketwatch":58}],"Ring of the Snake":[38],"Pocketwatch":[52]},"card_choices":[{"not_picked":["PiercingWail","Deflect"],"picked":"Blade Dance","floor":1.0},{"not_picked":["Flying Knee","Bane"],"picked":"Predator","floor":3.0},{"not_picked":["Flying Knee","Sucker Punch"],"picked":"Dagger Throw","floor":5.0},{"not_picked":["Choke","Dagger Throw"],"picked":"Endless Agony","floor":6.0},{"not_picked":["All Out Attack","Dodge and Roll"],"picked":"PiercingWail","floor":8.0},{"not_picked":["Prepared","Flying Knee"],"picked":"Acrobatics","floor":10.0},{"not_picked":["Heel Hook","Setup"],"picked":"Calculated Gamble","floor":11.0},{"not_picked":["Slice","Riddle With Holes"],"picked":"PiercingWail","floor":13.0},{"not_picked":["Finisher","Heel Hook","Calculated Gamble"],"picked":"SKIP","floor":14.0},{"not_picked":["Burst","Phantasmal Killer"],"picked":"Die Die Die","floor":16},{"not_picked":["Prepared","Dagger Throw","Blade Dance"],"picked":"SKIP","floor":18},{"not_picked":["Choke+1","Skewer"],"picked":"PiercingWail","floor":19},{"not_picked":["Deflect","Outmaneuver","Distraction"],"picked":"SKIP","floor":21},{"not_picked":["Infinite Blades","Underhanded Strike"],"picked":"PiercingWail","floor":24},{"not_picked":["Bane","Outmaneuver"],"picked":"Backflip","floor":25},{"not_picked":["Quick Slash","Dagger Throw+1","Skewer"],"picked":"SKIP","floor":30}],"player_experience":1852902,"relics_obtained":[{"floor":6.0,"key":"Bag of Preparation"},{"floor":9.0,"key":"Orichalcum"},{"floor":10.0,"key":"MawBank"},{"floor":13.0,"key":"Juzu Bracelet"},{"floor":22,"key":"Red Mask"},{"floor":24,"key":"White Beast Statue"},{"floor":30,"key":"Eternal Feather"}],"event_choices":[{"cards_removed":["Strike_G"],"damage_healed":0.0,"max_hp_gain":0.0,"max_hp_loss":0.0,"gold_gain":0.0,"event_name":"The Cleric","player_choice":"Card Removal","floor":12.0,"gold_loss":75.0,"damage_taken":0.0},{"damage_healed":0,"gold_gain":0,"player_choice":"Fought Bandits","damage_taken":0,"max_hp_gain":0,"max_hp_loss":0,"event_name":"Masked Bandits","floor":22,"gold_loss":0},{"damage_healed":0,"gold_gain":50,"player_choice":"Stole From Cult","damage_taken":0,"max_hp_gain":0,"max_hp_loss":0,"event_name":"Nest","floor":27,"gold_loss":0},{"damage_healed":0,"gold_gain":0,"player_choice":"Obtained Relic","damage_taken":0,"relics_obtained":["MealTicket"],"max_hp_gain":0,"max_hp_loss":0,"event_name":"Addict","floor":29,"gold_loss":85},{"damage_healed":0,"gold_gain":0,"player_choice":"Bought 3 Potions","damage_taken":0,"max_hp_gain":0,"max_hp_loss":0,"event_name":"The Woman in Blue","floor":31,"gold_loss":0}],"is_beta":false,"boss_relics":[{"not_picked":["Tiny House","Velvet Choker"],"picked":"Cursed Key"}],"items_purged_floors":[2],"is_endless":false,"potions_floor_spawned":[5,8,10,16,19,25,30],"killed_by":"Champ","ascension_level":20}}