{"host":"khoyd8a1tvki7k1f","time":1611585050,"event":{"mods":["AchievementEnabler","BaseMod","Colored Map","Colored Powertips","Curses Come First","Downfall","Googly Eyes","Hermit","Highlight Path","Hubris","Minty Spire (QoL Compilation)","Quick Restart","Relic Sorter","Replay The Spire","Robot Space Explorer","Shop Mod","StSLib","Synergy Search","The Bug Knight","The Cursed","The Disciple","The Hierophant","The Jungle","The Marked","The Necromancer","The Poker Player","The Runesmith","slay the spire mod where everything is the same but ironclad has a cowboy hat"],"gold_per_floor":[99,118,118,118,130,158,158,158,158,158,158],"floor_reached":9,"language":"ENG","playtime":496,"items_purged":[],"score":62,"play_id":"f17f8d9c-626e-4728-8429-2ffa28c3c79b","local_time":"20210125083050","is_ascension_mode":true,"campfire_choices":[{"floor":8,"key":"DIG"}],"circlet_count":0,"master_deck":["Slimebound:Strike_Slimebound","Slimebound:Strike_Slimebound","Slimebound:Tackle","Slimebound:Defend_Slimebound","Slimebound:Defend_Slimebound","Slimebound:Defend_Slimebound","Slimebound:Defend_Slimebound","Slimebound:Split+1","Slimebound:CorrosiveSpit","Slimebound:SplitMire","Slimebound:MassFeed","Slimebound:Gluttony","Slimebound:CheckThePlaybook"],"relics":["Slimebound:AbsorbEndCombat","Oddly Smooth Stone","downfall:BrokenWingStatue","Shovel","Boot","Dead Branch"],"acts_visited":["Exordium"],"potions_floor_usage":[],"damage_taken":[{"damage":4,"enemies":"Jaw Worm","floor":2,"turns":4},{"damage":1,"enemies":"2 Louse","floor":5,"turns":3},{"damage":24,"enemies":"3 Sentries","floor":6,"turns":6},{"damage":18,"enemies":"Replay:BlueRogue","floor":9,"turns":3}],"seed_played":"2465468187229958590","potions_obtained":[],"is_trial":false,"path_per_floor":["R_BF","M","?","?","M","E","T","R","E"],"character_chosen":"SLIMEBOUND","items_purchased":[],"campfire_rested":0,"item_purchase_floors":[],"current_hp_per_floor":[65,65,65,65,71,58,58,58,42,42,42],"gold":158,"neow_bonus":"RANDOM_COMMON_RELIC","is_daily":false,"chose_seed":false,"campfire_upgraded":0,"win_rate":0.0,"timestamp":1611585050,"path_taken":["R_BF","M","?","?","M","E","T","R","E"],"items_purchased_type":[],"build_version":"2020-12-22","purchased_purges":0,"victory":false,"max_hp_per_floor":[65,65,65,65,71,74,74,74,74,74,74],"card_choices":[{"not_picked":["Slimebound:ItLooksTasty","Slimebound:HauntingLick"],"picked":"Slimebound:SplitMire","floor":2},{"not_picked":["Slimebound:SamplingLick","Slimebound:ServeAndProtect"],"picked":"Slimebound:Gluttony","floor":5},{"not_picked":["Slimebound:ViciousTackle","Slimebound:SamplingLick"],"picked":"Slimebound:CheckThePlaybook","floor":6}],"player_experience":336905,"relics_obtained":[{"floor":6,"key":"Shovel"},{"floor":7,"key":"Boot"},{"floor":8,"key":"Dead Branch"}],"event_choices":[],"is_beta":false,"boss_relics":[],"items_purged_floors":[],"is_endless":false,"potions_floor_spawned":[],"killed_by":"Replay:BlueRogue","ascension_level":1}}