{"host":"1zjc08c6hob33401","time":1611593333,"event":{"mods":["AchievementEnabler","Act Like it!","Aspiration","BaseMod","Downfall","Elementarium","Energized Spire","Evolution","Friendly Minions","Gensokyo","GifTheSpireLib","Hubris","Infinite Spire","Jedi Mod","Menagerie","Minty Spire (QoL Compilation)","Pale of the Ancients","Quick Restart","Reliquary","Replay The Spire","Retaliation","Shop Mod","Spire Arcade","StS++","StSLib","Stuff the Spire","The Blue Laboratory","Wandering Minibosses","??????REMEMod"],"gold_per_floor":[113,113,125,145,156,156,4,49,73,73,100,100,100,115,115,193,193,206,225,235,235,235,235,24,24,24,24,40,66,91,101,101,101,101],"floor_reached":33,"language":"RUS","playtime":2018,"items_purged":["Defend_B"],"score":468,"play_id":"fc5bdbc7-c45c-4ad3-984d-877599788dbb","local_time":"20210125184853","is_ascension_mode":true,"campfire_choices":[{"data":"Gensokyo:LifeSpringInfinity","floor":6.0,"key":"SMITH"},{"data":"Genetic Algorithm","floor":12.0,"key":"SMITH"},{"data":"REME_DataAnalysis","floor":12.0,"key":"SMITH"},{"floor":23.0,"key":"REST"},{"data":"REME_ForAll","floor":25.0,"key":"SMITH"},{"data":"Self Repair","floor":25.0,"key":"SMITH"},{"data":"Conserve Battery","floor":27.0,"key":"SMITH"},{"data":"Leap","floor":27.0,"key":"SMITH"}],"circlet_count":0,"master_deck":["AscendersBane","Ball Lightning","Ball Lightning","Strike_B","Strike_B","Defend_B","Defend_B","Zap+1","Dualcast","Gensokyo:LifeSpringInfinity+1","Self Repair+1","jedi:reiji+1","StSpp:Fierceness","REME_DataAnalysis+1","Genetic Algorithm+1","Conserve Battery+1","jedi:meditation+1","Ball Lightning","Cold Snap","REME_ForAll+1","StSpp:TargetLocked+1","Leap+1","Elementarium:StickyTar","Cold Snap+1","REME_BodyOfCthun","Defragment","Undo","Capacitor"],"relics":["Cracked Core","EVO:Axolotl","REME_ComplimentaryCards","Gensokyo:CelestialsFlawlessClothing","StSpp:BackupBattery","Replay:Arrowhead","infinitespire:Eraser","energizedSpire:DeadBattery","reliquary:OuijaBoard","hubris:MysteriousPyramids","reliquary:Buckler"],"acts_visited":["Gensokyo:Gensokyo","Elementarium:Elementarium"],"potions_floor_usage":[31],"damage_taken":[{"damage":0.0,"enemies":"Gensokyo:Gryphon","floor":1.0,"turns":2.0},{"damage":0.0,"enemies":"Gensokyo:Python","floor":3.0,"turns":2.0},{"damage":4.0,"enemies":"Gensokyo:3_Fairies","floor":4.0,"turns":3.0},{"damage":0.0,"enemies":"Gensokyo:LivingMonolith","floor":5.0,"turns":2.0},{"damage":13.0,"enemies":"Gensokyo:CorruptedTreant","floor":8.0,"turns":3.0},{"damage":23.0,"enemies":"Gensokyo:Cirno","floor":11.0,"turns":7.0},{"damage":9.0,"enemies":"Gensokyo:3_Kodama","floor":14.0,"turns":3.0},{"damage":36.0,"enemies":"Gensokyo:Yukari","floor":16.0,"turns":10.0},{"damage":18.0,"enemies":"Elementarium:2_ELEMENTALS","floor":18.0,"turns":6.0},{"damage":4.0,"enemies":"Elementarium:Cyclone","floor":19.0,"turns":3.0},{"damage":31.0,"enemies":"Elementarium:VOID_CORRUPTION_AND_TAR_GOLEM","floor":20.0,"turns":7.0},{"damage":3.0,"enemies":"Elementarium:STONE_GOLEMS","floor":28.0,"turns":6.0},{"damage":38,"enemies":"Elementarium:WarGolem","floor":29,"turns":5},{"damage":13,"enemies":"Elementarium:CYCLONE_AND_ORB_OF_FIRE","floor":31,"turns":4},{"damage":108,"enemies":"Elementarium:PHOENIXES","floor":33,"turns":10}],"seed_played":"-4072130503396474882","potions_obtained":[{"floor":3.0,"key":"blueLaboratory:ExaltedPotion"},{"floor":5.0,"key":"REME_GoldPotion"},{"floor":11.0,"key":"blueLaboratory:SavagePotion"},{"floor":16.0,"key":"Guardian:BlockOnCardUsePotion"},{"floor":20.0,"key":"PowerPotion"},{"floor":29,"key":"AttackPotion"}],"is_trial":false,"path_per_floor":["M","?","M","M","M","R","$","M","T","?","E","R","T","M","R","B",null,"M","M","M","$","?","R","$","R","T","R","M","E","T","M","R","B"],"character_chosen":"DEFECT","items_purchased":["Genetic Algorithm","REME_BodyOfCthun"],"campfire_rested":1,"item_purchase_floors":[7,24],"current_hp_per_floor":[64,43,50,53,60,60,60,54,54,54,38,38,38,36,57,21,59,48,51,20,20,20,40,40,40,40,40,47,19,19,6,26,0,0],"gold":101,"neow_bonus":"REMOVE_CARD","is_daily":false,"chose_seed":false,"campfire_upgraded":7,"win_rate":0.0,"timestamp":1611593333,"path_taken":["M","?","M","M","M","R","$","M","T","?","E","R","?","M","R","BOSS","M","?","?","$","?","R","?","R","T","R","?","E","?","M","R","BOSS"],"items_purchased_type":["Card","Card"],"build_version":"2020-12-22","purchased_purges":1,"victory":false,"max_hp_per_floor":[71,71,71,71,71,71,71,71,71,71,71,71,71,71,71,71,71,71,71,71,71,69,69,69,69,69,69,69,69,69,69,69,69,69],"card_choices":[{"not_picked":["Force Field","ReplayTheSpireMod:Calculation Training"],"picked":"Self Repair","floor":1.0},{"not_picked":["Storm","jedi:BurstFrost"],"picked":"jedi:reiji","floor":3.0},{"not_picked":["ReplaySolidLightProjector","Gash"],"picked":"StSpp:Fierceness","floor":4.0},{"not_picked":["Turbo","Rebound"],"picked":"REME_DataAnalysis","floor":5.0},{"not_picked":["jedi:BurstFrost","Storm"],"picked":"Conserve Battery","floor":8.0},{"not_picked":["Redo","Streamline"],"picked":"Ball Lightning","floor":11.0},{"not_picked":["StuffTheSpire:NuclearReactor","Hologram"],"picked":"Cold Snap","floor":14.0},{"not_picked":["Fission","hubris:Prefetch"],"picked":"REME_ForAll","floor":16.0},{"not_picked":["StuffTheSpire:Rend","Turbo+1"],"picked":"StSpp:TargetLocked","floor":18.0},{"not_picked":["StuffTheSpire:LoadUp+1","Hologram"],"picked":"Leap","floor":19.0},{"not_picked":["jedi:BurstLightning","Ball Lightning"],"picked":"Cold Snap","floor":20.0},{"not_picked":["Hello World","Hologram"],"picked":"Defragment","floor":28.0},{"not_picked":["StSpp:Mask","White Noise"],"picked":"Undo","floor":29},{"not_picked":["ReplayRNGCard","Leap"],"picked":"Capacitor","floor":31}],"player_experience":697254,"relics_obtained":[{"floor":9.0,"key":"StSpp:BackupBattery"},{"floor":11.0,"key":"Replay:Arrowhead"},{"floor":13.0,"key":"infinitespire:Eraser"},{"floor":26.0,"key":"reliquary:OuijaBoard"},{"floor":29,"key":"hubris:MysteriousPyramids"},{"floor":30,"key":"reliquary:Buckler"}],"event_choices":[{"damage_healed":0.0,"max_hp_gain":0.0,"max_hp_loss":2.0,"gold_gain":0.0,"event_name":"Elementarium:OtherworldlyPassage","player_choice":"Detour","floor":22.0,"gold_loss":0.0,"damage_taken":0.0}],"is_beta":false,"boss_relics":[{"not_picked":["hubris:VirtuousBlindfold","aspiration:RitualDagger"],"picked":"energizedSpire:DeadBattery"}],"items_purged_floors":[7],"is_endless":false,"potions_floor_spawned":[3,5,11,16,20,29],"killed_by":"Elementarium:PHOENIXES","ascension_level":17}}