{"host":"ecaj4hn004xnnrw9","time":1611530360,"event":{"mods":["AchievementEnabler","BaseMod","Better Third Choice","Card Forge","Hermit","Hubris","Infinite Spire","Jorbs\u0027s Wanderer Trilogy","Minty Spire (QoL Compilation)","Quick Restart","Relic Stats","Shop Mod","StSLib","The Construct","The Jungle","The Runesmith"],"gold_per_floor":[115,115,126,126,25,50,50,62,62,62,87,87,87,97,97,174,174,186,186,11,29,48,48,76,88,88,104,115,115,115,131,131,203,203,217,265,281,281,295,325,325,338,338,356,356,356,372,407,407,407],"floor_reached":51,"language":"ENG","playtime":2264,"items_purged":["Pain","Strike_R"],"score":1172,"play_id":"1a19e527-b11e-4e35-addb-4ad355205731","local_time":"20210124231920","is_ascension_mode":true,"campfire_choices":[{"data":"Bash","floor":7.0,"key":"SMITH"},{"data":"Battle Trance","floor":12.0,"key":"SMITH"},{"data":"Carnage","floor":15.0,"key":"SMITH"},{"data":"Demon Form","floor":23.0,"key":"SMITH"},{"data":"Battle Trance","floor":29.0,"key":"SMITH"},{"floor":32.0,"key":"REST"},{"data":"Limit Break","floor":41.0,"key":"SMITH"},{"floor":49,"key":"REST"}],"circlet_count":0,"master_deck":["AscendersBane","Strike_R","Strike_R","Strike_R","Strike_R","Defend_R+1","Defend_R+1","Defend_R","Defend_R","Bash+1","Apotheosis+1","Anger","Twin Strike","Pommel Strike","Reaper","Battle Trance+1","Feed","Demon Form+1","Flame Barrier","Battle Trance+1","True Grit","Havoc+1","Limit Break+1","hubris:DuctTapeCard"],"relics":["Burning Blood","Hammer of Thor","Seething Fire","Anvil of the Gods","WarpedTongs","War Paint","Mercury Hourglass","infinitespire:WardingShard","construct:WeddingRing","Orichalcum","infinitespire:Satchel","Nilry\u0027s Codex","Sozu","Charon\u0027s Ashes","infinitespire:EmpoweringShard","hubris:DuctTape","Bag of Marbles"],"acts_visited":["Exordium","TheCity","TheBeyond"],"potions_floor_usage":[],"damage_taken":[{"damage":4.0,"enemies":"Small Slimes","floor":1.0,"turns":4.0},{"damage":12.0,"enemies":"infinitespire:Voidling","floor":3.0,"turns":3.0},{"damage":10.0,"enemies":"3 Sentries","floor":6.0,"turns":5.0},{"damage":0.0,"enemies":"Cultist","floor":8.0,"turns":2.0},{"damage":11.0,"enemies":"Gremlin Nob","floor":11.0,"turns":3.0},{"damage":14.0,"enemies":"Red Slaver","floor":14.0,"turns":2.0},{"damage":47.0,"enemies":"The Guardian","floor":16.0,"turns":11.0},{"damage":34.0,"enemies":"2 Thieves","floor":18.0,"turns":4.0},{"damage":23.0,"enemies":"Shell Parasite","floor":21.0,"turns":4.0},{"damage":6.0,"enemies":"Centurion and Healer","floor":22.0,"turns":5.0},{"damage":33.0,"enemies":"Book of Stabbing","floor":24.0,"turns":6.0},{"damage":16.0,"enemies":"Snecko","floor":25.0,"turns":6.0},{"damage":34.0,"enemies":"Shelled Parasite and Fungi","floor":27.0,"turns":4.0},{"damage":22.0,"enemies":"Cultist and Chosen","floor":28.0,"turns":4.0},{"damage":5.0,"enemies":"Snake Plant","floor":31.0,"turns":3.0},{"damage":8.0,"enemies":"Automaton","floor":33.0,"turns":8.0},{"damage":10.0,"enemies":"3 Shapes","floor":35.0,"turns":4.0},{"damage":68.0,"enemies":"2 Orb Walkers","floor":36.0,"turns":5.0},{"damage":6.0,"enemies":"3 Darklings","floor":37.0,"turns":3.0},{"damage":9.0,"enemies":"Transient","floor":39.0,"turns":6.0},{"damage":16.0,"enemies":"Nemesis","floor":40.0,"turns":7.0},{"damage":19.0,"enemies":"Sphere and 2 Shapes","floor":42.0,"turns":4.0},{"damage":14.0,"enemies":"Maw","floor":44.0,"turns":5.0},{"damage":35,"enemies":"3 Darklings","floor":47,"turns":5},{"damage":43,"enemies":"Giant Head","floor":48,"turns":6},{"damage":0,"enemies":"Donu and Deca","floor":50,"turns":1}],"seed_played":"3525849640448958386","potions_obtained":[{"floor":1.0,"key":"infinitespire:BlackPotion"},{"floor":11.0,"key":"Weak Potion"},{"floor":22.0,"key":"Block Potion"},{"floor":27.0,"key":"SmokeBomb"},{"floor":28.0,"key":"LiquidMemories"},{"floor":31.0,"key":"LiquidMemories"}],"is_trial":false,"path_per_floor":["M","?","M","?","$","E","R","M","T","$","E","R","?","M","R","B",null,"M","?","$","M","M","R","E","M","T","M","M","R","?","M","R","B",null,"M","?","M","?","M","E","R","M","T","M","?","?","M","E","R","B",null],"character_chosen":"IRONCLAD","items_purchased":["Twin Strike","Flame Barrier"],"campfire_rested":2,"item_purchase_floors":[5,20],"current_hp_per_floor":[68,68,67,67,67,63,63,68,68,68,63,63,63,55,55,19,56,32,72,72,63,67,67,44,53,53,40,50,50,29,41,68,90,92,96,50,68,68,95,89,89,93,93,89,64,67,54,58,93,99],"gold":407,"neow_bonus":"RANDOM_COLORLESS_2","is_daily":false,"chose_seed":false,"campfire_upgraded":6,"win_rate":0.0,"timestamp":1611530360,"path_taken":["M","?","M","?","$","E","R","?","T","?","E","R","?","?","R","BOSS","M","?","$","M","M","R","E","M","T","M","?","R","?","M","R","BOSS","M","?","M","?","M","E","R","?","T","M","?","?","M","E","R","BOSS"],"items_purchased_type":["Card","Card"],"build_version":"2020-12-22","purchased_purges":2,"victory":true,"max_hp_per_floor":[68,68,68,68,68,68,68,68,68,68,68,68,68,68,68,68,68,72,72,72,72,76,76,80,84,84,88,92,92,92,92,92,92,92,96,96,100,95,95,99,99,103,103,107,107,110,114,118,118,118],"relic_stats":{"Sozu":4,"counters":[26,120],"Charon\u0027s Ashes":[195],"War Paint":["Defend_R","Defend_R"],"Orichalcum":[144],"obtain_stats":[{"construct:WeddingRing":17,"hubris:DuctTape":43,"Nilry\u0027s Codex":30,"Hammer of Thor":0,"Charon\u0027s Ashes":36,"Seething Fire":0,"War Paint":6,"Orichalcum":24,"Burning Blood":0,"WarpedTongs":4,"Mercury Hourglass":9,"Sozu":34,"infinitespire:WardingShard":11,"Anvil of the Gods":0,"infinitespire:Satchel":26,"infinitespire:EmpoweringShard":40,"Bag of Marbles":48},{"construct:WeddingRing":7,"hubris:DuctTape":22,"Nilry\u0027s Codex":14,"Hammer of Thor":0,"Charon\u0027s Ashes":18,"Seething Fire":0,"War Paint":3,"Orichalcum":11,"Burning Blood":0,"WarpedTongs":2,"Mercury Hourglass":4,"Sozu":16,"infinitespire:WardingShard":5,"Anvil of the Gods":0,"infinitespire:Satchel":12,"infinitespire:EmpoweringShard":21,"Bag of Marbles":25},{"construct:WeddingRing":30,"hubris:DuctTape":103,"Nilry\u0027s Codex":63,"Hammer of Thor":0,"Charon\u0027s Ashes":83,"Seething Fire":0,"War Paint":12,"Orichalcum":49,"Burning Blood":0,"WarpedTongs":7,"Mercury Hourglass":14,"Sozu":74,"infinitespire:WardingShard":17,"Anvil of the Gods":0,"infinitespire:Satchel":55,"infinitespire:EmpoweringShard":99,"Bag of Marbles":119}],"Burning Blood":144,"WarpedTongs":[53],"Mercury Hourglass":[387]},"card_choices":[{"not_picked":["Sadistic Nature","Thinking Ahead"],"picked":"Apotheosis","floor":0.0},{"not_picked":["Sword Boomerang","Evolve"],"picked":"Carnage","floor":1.0},{"not_picked":["Sentinel","Clash"],"picked":"Anger","floor":3.0},{"not_picked":["Perfected Strike","Clothesline"],"picked":"Pommel Strike","floor":6.0},{"not_picked":["Anger","Headbutt"],"picked":"Reaper","floor":8.0},{"not_picked":["Pommel Strike","Combust"],"picked":"Battle Trance","floor":11.0},{"not_picked":["Havoc","Second Wind","Wild Strike"],"picked":"SKIP","floor":14.0},{"not_picked":["Berserk","Double Tap"],"picked":"Demon Form","floor":16.0},{"not_picked":["Rampage","hubris:SharpeningStone","Spot Weakness"],"picked":"SKIP","floor":18.0},{"not_picked":["Anger","Iron Wave","Clash"],"picked":"SKIP","floor":21.0},{"not_picked":["Clash","Cleave"],"picked":"Disarm+1","floor":22.0},{"not_picked":["Feed","Body Slam"],"picked":"Battle Trance","floor":24.0},{"not_picked":["Warcry","Reckless Charge","hubris:CleavingFinish"],"picked":"SKIP","floor":25.0},{"not_picked":["Dropkick","Body Slam","Sword Boomerang"],"picked":"SKIP","floor":27.0},{"not_picked":["Armaments+1","Thunderclap"],"picked":"True Grit","floor":28.0},{"not_picked":["Evolve+1","Clash"],"picked":"Havoc+1","floor":31.0},{"not_picked":["Corruption","Brutality"],"picked":"Limit Break","floor":33.0},{"not_picked":["Iron Wave","Headbutt","Perfected Strike"],"picked":"SKIP","floor":35.0},{"not_picked":["Carnage","Pommel Strike"],"picked":"Shockwave","floor":36.0},{"not_picked":["hubris:CleavingFinish","Armaments","Infernal Blade+1"],"picked":"SKIP","floor":37.0},{"not_picked":["Rupture","Body Slam","Thunderclap"],"picked":"SKIP","floor":39.0},{"not_picked":["Pommel Strike","Reckless Charge","Spot Weakness"],"picked":"SKIP","floor":40.0},{"not_picked":["Pommel Strike+1","Inflame+1","Flex"],"picked":"SKIP","floor":42.0},{"not_picked":["Pummel","Shrug It Off","Metallicize"],"picked":"SKIP","floor":44.0},{"not_picked":["infinitespire:SevenWalls","infinitespire:TheBestDefense"],"picked":"infinitespire:SealOfDarkness+","floor":45.0},{"not_picked":["Inflame","Reckless Charge","Thunderclap"],"picked":"SKIP","floor":47},{"not_picked":["Burning Pact+1","Dark Embrace","Sword Boomerang"],"picked":"SKIP","floor":48}],"player_experience":402097,"relics_obtained":[{"floor":6.0,"key":"War Paint"},{"floor":9.0,"key":"Mercury Hourglass"},{"floor":11.0,"key":"infinitespire:WardingShard"},{"floor":24.0,"key":"Orichalcum"},{"floor":26.0,"key":"infinitespire:Satchel"},{"floor":30.0,"key":"Nilry\u0027s Codex"},{"floor":36.0,"key":"Charon\u0027s Ashes"},{"floor":40.0,"key":"infinitespire:EmpoweringShard"},{"floor":43.0,"key":"hubris:DuctTape"},{"floor":48,"key":"Bag of Marbles"}],"event_choices":[{"damage_healed":0.0,"max_hp_gain":0.0,"max_hp_loss":0.0,"gold_gain":0.0,"event_name":"Living Wall","player_choice":"Grow","floor":2.0,"gold_loss":0.0,"damage_taken":0.0,"cards_upgraded":["Apotheosis"]},{"damage_healed":0.0,"max_hp_gain":0.0,"max_hp_loss":0.0,"gold_gain":0.0,"event_name":"Accursed Blacksmith","player_choice":"Rummage","floor":4.0,"gold_loss":0.0,"damage_taken":0.0,"relics_obtained":["WarpedTongs"],"cards_obtained":["Pain"]},{"damage_healed":0.0,"max_hp_gain":0.0,"max_hp_loss":0.0,"gold_gain":0.0,"event_name":"Match and Keep!","player_choice":"1 cards matched","floor":13.0,"gold_loss":0.0,"damage_taken":0.0,"cards_obtained":["Feed"]},{"damage_healed":0.0,"max_hp_gain":0.0,"max_hp_loss":0.0,"gold_gain":0.0,"event_name":"Match and Keep!","player_choice":"1 cards matched","floor":13.0,"gold_loss":0.0,"damage_taken":0.0,"cards_obtained":["Feed"]},{"cards_removed":["Carnage"],"damage_healed":40.0,"max_hp_gain":0.0,"max_hp_loss":0.0,"gold_gain":0.0,"event_name":"Bonfire Elementals","player_choice":"Offered Uncommon","floor":19.0,"gold_loss":0.0,"damage_taken":0.0},{"damage_healed":0.0,"max_hp_gain":0.0,"max_hp_loss":0.0,"gold_gain":0.0,"event_name":"Cursed Tome","player_choice":"Obtained Book","floor":30.0,"gold_loss":0.0,"damage_taken":21.0},{"damage_healed":0.0,"max_hp_gain":0.0,"max_hp_loss":0.0,"gold_gain":0.0,"event_name":"Mysterious Sphere","player_choice":"Fight","floor":36.0,"gold_loss":0.0,"damage_taken":0.0},{"damage_healed":0.0,"max_hp_gain":0.0,"max_hp_loss":5.0,"gold_gain":0.0,"event_name":"Winding Halls","player_choice":"Max HP","floor":38.0,"gold_loss":0.0,"damage_taken":0.0}],"is_beta":false,"boss_relics":[{"not_picked":["Busted Crown","Runic Dome"],"picked":"construct:WeddingRing"},{"not_picked":["Black Blood","Runic Pyramid"],"picked":"Sozu"}],"items_purged_floors":[5,20],"is_endless":false,"potions_floor_spawned":[1,11,22,27,28,31,36,42,47,48],"ascension_level":18}}