{"host":"ic2t2jxz7s3jvs1m","time":1611607540,"event":{"mods":["AchievementEnabler","Aspiration","BaseMod","Better Silent Start","Better Skull","Better Third Choice","Block Reminder","Colored Map","Conspire","Curses Come First","Dark Map","Displayed Cursed Tome","Downfall","Energized Spire","Evolution","Fox Events","Good Game Mod","Halation","Hubris","Infinite Spire","Jess\u0027s Bottle","Marked Mod","Minty Spire (QoL Compilation)","Quick Restart","Relic Filter","Relic Stats","Replay The Spire","Retaliation","SacredBarkPlus","Small Relic Pack","Spicy Shops","StSLib","The Blue Laboratory","Trackpad","Transform Curses","Uncapped","Waifu the Spire"],"gold_per_floor":[99,117,17,64,64,133,257,311,361,425,425,451,451,479,515,623,623,623,664,699,1,1,1,53,53,53,90,90,90,108,108,119,119,119,119],"floor_reached":33,"language":"ENG","playtime":2947,"items_purged":[],"score":249,"play_id":"1799e214-fdec-4d03-b2f8-b1157ce842e8","local_time":"20210125144540","is_ascension_mode":false,"campfire_choices":[{"data":"bronze:Replicate","floor":1.0,"key":"SMITH"},{"floor":11.0,"key":"REST"},{"floor":18.0,"key":"RECALL"},{"floor":23.0,"key":"REST"},{"floor":28.0,"key":"REST"}],"circlet_count":1,"master_deck":["bronze:Strike","bronze:Strike","bronze:Defend","bronze:Replicate+1","bronze:Goto","All For One","bronze:Frontload","conspire:SpireCoStock","conspire:SpireCoStock","bronze:Overload","bronze:NullPointer","bronze:WildBeam","bronze:Optimize","bronze:Shell","bronze:FollowUp","bronze:Safeguard","bronze:BronzeArmor","bronze:Mutator","bronze:WhirlingStrike","bronze:Fortify","bronze:ChosenStrike","bronze:Invalidate","bronze:GetLatest","bronze:GetLatest","bronze:Verify","hubris:Wrath","bronze:BurnOut","bronze:Format","infinitespire:Punishment","bronze:BuggyMess+1","bronze:ItsAFeature+1"],"relics":["bronze:BronzeCore","EVO:Axolotl","REME:ComplimentaryCards","halation:EternalFortune","Circlet","trackpad:Compendium","trackpad:AdjectivePendant","Kunai","Empty Cage","Bag of Preparation","Mango","hubris:Icosahedron"],"acts_visited":["Exordium","TheCity"],"potions_floor_usage":[],"damage_taken":[{"damage":11.0,"enemies":"2 Louse","floor":2.0,"turns":4.0},{"damage":1.0,"enemies":"Jaw Worm","floor":4.0,"turns":6.0},{"damage":30.0,"enemies":"Colosseum Slavers","floor":6.0,"turns":5.0},{"damage":9.0,"enemies":"Cultist","floor":8.0,"turns":5.0},{"damage":19.0,"enemies":"3 Sentries","floor":9.0,"turns":7.0},{"damage":0.0,"enemies":"2 Fungi Beasts","floor":10.0,"turns":3.0},{"damage":0.0,"enemies":"Large Slime","floor":12.0,"turns":5.0},{"damage":15.0,"enemies":"Exordium Wildlife","floor":14.0,"turns":5.0},{"damage":4.0,"enemies":"Gremlin Gang","floor":15.0,"turns":6.0},{"damage":28.0,"enemies":"IC_STATUS_ARCHETYPE","floor":16.0,"turns":12.0},{"damage":11.0,"enemies":"Spheric Guardian","floor":19.0,"turns":4.0},{"damage":30.0,"enemies":"Snecko","floor":20.0,"turns":8.0},{"damage":0.0,"enemies":"downfall:FleeingMerchant","floor":21.0,"turns":4.0},{"damage":30.0,"enemies":"Snake Plant","floor":27.0,"turns":2.0},{"damage":16.0,"enemies":"Centurion and Healer","floor":30.0,"turns":5.0},{"damage":19.0,"enemies":"Shelled Parasite and Fungi","floor":32.0,"turns":3.0},{"damage":0,"enemies":"DF_ARCHETYPE_CLAW","floor":33,"turns":1}],"seed_played":"268648171895977828","potions_obtained":[{"floor":2.0,"key":"BlessingOfTheForge"},{"floor":6.0,"key":"DuplicationPotion"},{"floor":9.0,"key":"blueLaboratory:BottleOfVodka"},{"floor":16.0,"key":"LiquidMemories"},{"floor":22.0,"key":"CultistPotion"},{"floor":27.0,"key":"Energy Potion"}],"is_trial":false,"path_per_floor":["R","M","?","M","?","?","T","M","E","M","R","M","T","M","M","B",null,"R","M","M","$","?","R","T","?","?","M","R","AVR","M","?","M","B"],"character_chosen":"THE_AUTOMATON","items_purchased":["vexMod:RedPlottingStone","bronze:Invalidate","bronze:GetLatest","Bag of Preparation"],"campfire_rested":3,"item_purchase_floors":[21,21,21,21],"current_hp_per_floor":[77,66,66,65,68,38,38,29,10,13,37,40,40,28,27,2,80,80,72,45,48,48,72,72,70,70,40,61,75,62,62,46,49,49,49],"gold":119,"neow_bonus":"TEN_PERCENT_HP_BONUS","is_daily":false,"chose_seed":false,"campfire_upgraded":1,"win_rate":0.0,"timestamp":1611607540,"path_taken":["R","M","?","M","?","?","T","M","E","M","R","?","?","M","M","BOSS","R","M","M","$","?","R","T","?","?","?","R","AVR","M","?","M","BOSS"],"items_purchased_type":["Undefined","Card","Card","Relic"],"build_version":"2020-12-22","purchased_purges":0,"victory":false,"max_hp_per_floor":[77,77,77,77,80,80,80,80,80,80,80,80,80,80,80,80,80,80,83,83,83,83,83,83,70,70,70,70,84,84,84,84,84,84,84],"relic_stats":{"counters":[17,85],"Bag of Preparation":[8],"Kunai":[23],"obtain_stats":[{"bronze:BronzeCore":0,"Circlet":0,"Mango":29,"Bag of Preparation":21,"EVO:Axolotl":0,"Empty Cage":17,"REME:ComplimentaryCards":0,"hubris:Icosahedron":31,"vexMod:RedPlottingStone":21,"halation:EternalFortune":5,"trackpad:Compendium":7,"foxEvents:LuckyCharm":6,"trackpad:AdjectivePendant":9,"Kunai":13},{"bronze:BronzeCore":0,"Circlet":0,"Mango":14,"Bag of Preparation":13,"EVO:Axolotl":0,"Empty Cage":10,"REME:ComplimentaryCards":0,"hubris:Icosahedron":15,"vexMod:RedPlottingStone":13,"halation:EternalFortune":2,"trackpad:Compendium":3,"foxEvents:LuckyCharm":3,"trackpad:AdjectivePendant":5,"Kunai":7},{"bronze:BronzeCore":0,"Circlet":0,"Mango":76,"Bag of Preparation":74,"EVO:Axolotl":0,"Empty Cage":58,"REME:ComplimentaryCards":0,"hubris:Icosahedron":81,"vexMod:RedPlottingStone":74,"halation:EternalFortune":10,"trackpad:Compendium":15,"foxEvents:LuckyCharm":15,"trackpad:AdjectivePendant":27,"Kunai":35}]},"card_choices":[{"not_picked":["bronze:OilSpill","bronze:DarkDash"],"picked":"bronze:Frontload","floor":2.0},{"not_picked":["bronze:Turbo","bronze:Fortify"],"picked":"bronze:Overload","floor":4.0},{"not_picked":["bronze:MaxOutput","bronze:OilSpill"],"picked":"bronze:NullPointer","floor":6.0},{"not_picked":["bronze:FollowUp","bronze:CutThrough"],"picked":"bronze:WildBeam","floor":8.0},{"not_picked":["bronze:Deprecate","bronze:Repulsor"],"picked":"bronze:Optimize","floor":9.0},{"not_picked":["bronze:Turbo","bronze:Deprecate"],"picked":"bronze:Shell","floor":10.0},{"not_picked":["bronze:Branch","bronze:WhirlingStrike"],"picked":"bronze:FollowUp","floor":12.0},{"not_picked":["bronze:BugBarrage","bronze:ThunderWave"],"picked":"bronze:Safeguard","floor":14.0},{"not_picked":["bronze:OilSpill","bronze:Turbo"],"picked":"bronze:BronzeArmor","floor":15.0},{"not_picked":["bronze:Verify","bronze:RecursiveStrike"],"picked":"bronze:Mutator","floor":16.0},{"not_picked":["bronze:OilSpill","bronze:Overload+1"],"picked":"bronze:WhirlingStrike","floor":19.0},{"not_picked":["bronze:BugBarrage","bronze:Iterate"],"picked":"bronze:Fortify","floor":20.0},{"not_picked":["bronze:Branch","bronze:Iterate"],"picked":"bronze:ChosenStrike","floor":21.0},{"not_picked":["bronze:OilSpill+1","bronze:BugBarrage"],"picked":"bronze:Format","floor":27.0},{"not_picked":["bronze:WhirlingStrike","bronze:BitShift"],"picked":"bronze:BuggyMess+1","floor":30.0},{"not_picked":["bronze:Invalidate","bronze:Backtrace"],"picked":"bronze:ItsAFeature+1","floor":32.0}],"player_experience":375639,"relics_obtained":[{"floor":6.0,"key":"foxEvents:LuckyCharm"},{"floor":7.0,"key":"trackpad:Compendium"},{"floor":9.0,"key":"trackpad:AdjectivePendant"},{"floor":13.0,"key":"Kunai"},{"floor":19.0,"key":"halation:EternalFortune"}],"event_choices":[{"damage_healed":0.0,"max_hp_gain":0.0,"max_hp_loss":0.0,"gold_gain":0.0,"event_name":"conspire:Investor","player_choice":"Invest 2","floor":3.0,"gold_loss":0.0,"damage_taken":0.0}],"is_beta":false,"boss_relics":[{"not_picked":["energizedSpire:CursedPentagram","hubris:BlackHole"],"picked":"Empty Cage"}],"items_purged_floors":[],"is_endless":false,"potions_floor_spawned":[2,6,9,16,27],"killed_by":"DF_ARCHETYPE_CLAW","ascension_level":0}}