{"host":"1vzdexsn8vtq5lt7","time":1611547055,"event":{"mods":["ATMod(阿瑾Mod)","Act Like it!","Ascension Reborn","BaseMod","Colored Map","Colored Powertips","Conspire","Downfall","Easy Mod","Energized Spire","Minty Spire (QoL Compilation)","Quick Restart","Relic Filter Mod","Relic Stats","Replay The Spire","StSLib","SuperFastMode","TestMod","The Marked","[IsaacMod]以撒尖塔","【功能Mod】Neow奖励","【功能Mod】混沌之环修复补丁","【功能Mod】精心准备","【遗物卡牌】REMEMod","没有小屋子和绿帽子啦"],"gold_per_floor":[99,110,166,2,17,52,100,127,52,2,0,10,10,20,40,139,139,89,89,106,116,135,135,159,173,205,205,215,234,253,253,264,364,364,314,314,333,52,70,70,97,114,128,163,113,148,148,148,98,98,98,98],"floor_reached":50,"language":"ZHS","playtime":2045,"items_purged":["Slimebound:Defend_Slimebound","Slimebound:Defend_Slimebound","Slimebound:Defend_Slimebound","Slimebound:Strike_Slimebound"],"score":586,"play_id":"cda308b3-cc4e-4eec-a190-0db4f43ef6d0","local_time":"20210125115735","is_ascension_mode":true,"campfire_choices":[{"floor":1,"key":"DIG"},{"data":"Slimebound:Overexert","floor":10,"key":"SMITH"},{"data":"Slimebound:LevelUp","floor":13,"key":"SMITH"},{"data":"EasyMod:card_1","floor":18,"key":"PURGE"},{"data":"Slimebound:MassRepurpose","floor":35,"key":"SMITH"},{"data":"expansioncontent:StudyTheSpire","floor":45,"key":"SMITH"},{"data":"Slimebound:LeadByExample","floor":49,"key":"SMITH"}],"circlet_count":0,"master_deck":["Slimebound:Strike_Slimebound+1","Slimebound:Defend_Slimebound","Slimebound:Split","Slimebound:CorrosiveSpit","Slimebound:TongueLash+1","Slimebound:GrowthPunch","Slimebound:SplitBruiser","Slimebound:SamplingLick","Slimebound:LevelUp+1","Slimebound:SplitLeeching","Slimebound:SplitAcid","Slimebound:SlimeTap","Slimebound:GoopSpray","Slimebound:LeechLife","Slimebound:RejuvenatingLick+1","Slimebound:SpikyOuterGoop","Slimebound:PressTheAttack","Slimebound:SplitAcid","Slimebound:SamplingLick+1","Slimebound:SamplingLick","Slimebound:Schlurp","Slimebound:MassRepurpose+1","expansioncontent:StudyTheSpire+1","Slimebound:Darklings","Slimebound:LeadByExample+1","Slimebound:RejuvenatingLick+1","Slimebound:Repurpose+1"],"relics":["Slimebound:AbsorbEndCombat","testmod-TestBox","HushsDoor","REME_ComplimentaryCards","AT_ATBox","SteamSale","testmod-CyclicPeriapt","REME_HandOfSuture","Gremlin Food","ReplayTheSpireMod:Lightbulb","Whetstone","Slimebound:GreedOozeRelic","Empty Cage","GuppysHairball","AT_SunfireAegis","UnicornStump","energizedSpire:RedRose","Centennial Puzzle","testmod-ConstraintPeriapt","EasyMod:Easy_7"],"acts_visited":["Exordium","TheCity","TheBeyond"],"potions_floor_usage":[6,16,16,26],"damage_taken":[{"damage":0,"enemies":"conspire:RoseBush","floor":2,"turns":1},{"damage":3,"enemies":"Small Slimes","floor":3,"turns":3},{"damage":10,"enemies":"downfall:FleeingMerchant","floor":4,"turns":4},{"damage":5,"enemies":"Cultist","floor":5,"turns":3},{"damage":0,"enemies":"Gremlin Nob","floor":6,"turns":2},{"damage":0,"enemies":"Replay:BlueRogue","floor":8,"turns":5},{"damage":11,"enemies":"downfall:FleeingMerchant","floor":11,"turns":4},{"damage":11,"enemies":"2 Fungi Beasts","floor":12,"turns":3},{"damage":3,"enemies":"Exordium Wildlife","floor":14,"turns":3},{"damage":0,"enemies":"Blue Slaver","floor":15,"turns":2},{"damage":22,"enemies":"DF_ARCHETYPE_STREAMLINE","floor":16,"turns":8},{"damage":0,"enemies":"Spheric Guardian","floor":20,"turns":2},{"damage":0,"enemies":"Chosen","floor":21,"turns":3},{"damage":21,"enemies":"Snake Plant","floor":22,"turns":3},{"damage":9,"enemies":"Snecko","floor":25,"turns":4},{"damage":25,"enemies":"REME_1_Revenger","floor":26,"turns":3},{"damage":0,"enemies":"Centurion and Healer","floor":28,"turns":4},{"damage":8,"enemies":"conspire:HollyBat","floor":29,"turns":7},{"damage":9,"enemies":"Snake Plant","floor":30,"turns":2},{"damage":12,"enemies":"3 Cultists","floor":32,"turns":4},{"damage":9,"enemies":"IC_MUSHROOM_ARCHETYPE","floor":33,"turns":5},{"damage":8,"enemies":"3 Darklings","floor":37,"turns":3},{"damage":11,"enemies":"downfall:FleeingMerchant","floor":38,"turns":4},{"damage":0,"enemies":"3 Shapes","floor":39,"turns":2},{"damage":23,"enemies":"Maw","floor":42,"turns":6},{"damage":13,"enemies":"4 Shapes","floor":43,"turns":3},{"damage":5,"enemies":"Reptomancer","floor":44,"turns":4},{"damage":1,"enemies":"R_Hoarder","floor":46,"turns":5},{"damage":66,"enemies":"Nemesis","floor":50,"turns":4}],"seed_played":"1251612679113840470","potions_obtained":[{"floor":2,"key":"AttackPotion"},{"floor":5,"key":"Weak Potion"},{"floor":6,"key":"Regen Potion"},{"floor":16,"key":"FearPotion"},{"floor":20,"key":"Fire Potion"},{"floor":26,"key":"Weak Potion"},{"floor":29,"key":"LiquidMemories"}],"is_trial":false,"path_per_floor":["R_BF","M","M","$","M","E","T","E","?","R","$","M","R","M","M","B",null,"R_BF","?","M","M","M","?","T","M","E","?","M","M","M","?","M","B",null,"R","?","M","$","M","?","T","M","M","E","R","E","PTL","PTL","R","E"],"character_chosen":"SLIMEBOUND","items_purchased":["Slimebound:Overexert","GuppysHairball","expansioncontent:StudyTheSpire"],"campfire_rested":0,"item_purchase_floors":[4,17,38],"current_hp_per_floor":[65,65,64,58,57,57,57,63,63,63,56,47,47,48,48,44,52,52,52,52,52,35,35,35,33,15,15,19,19,14,14,18,17,45,45,45,41,34,36,36,36,29,20,23,23,30,30,30,30,0,0,0],"gold":98,"neow_bonus":"RANDOM_COMMON_RELIC","is_daily":false,"chose_seed":false,"campfire_upgraded":5,"win_rate":0.0,"timestamp":1611547055,"path_taken":["R_BF","M","M","$","M","E","T","E","?","R","$","M","R","M","M","BOSS","R_BF","?","?","M","M","?","T","M","E","?","M","M","?","?","M","BOSS","R","?","M","$","M","?","T","?","M","E","R","E","PTL","PTL","R","E"],"items_purchased_type":["Card","Relic","Card"],"build_version":"2020-12-22","purchased_purges":4,"victory":false,"max_hp_per_floor":[65,65,65,67,67,67,67,67,67,67,67,67,67,67,67,67,52,52,52,52,52,52,52,52,52,52,52,52,52,52,52,52,52,45,45,45,45,45,45,45,45,45,45,45,45,45,45,45,45,45,45,45],"relic_stats":{"Centennial Puzzle":[15],"counters":[29,98],"Whetstone":["Slimebound:Strike_Slimebound","Slimebound:TongueLash"],"obtain_stats":[{"KeepersGift":0,"Gremlin Food":1,"energizedSpire:RedRose":34,"UnicornStump":26,"testmod-TestBox":0,"AT_ATBox":0,"testmod-CyclicPeriapt":0,"Whetstone":8,"testmod-ConstraintPeriapt":44,"SteamSale":0,"Empty Cage":17,"Slimebound:GreedOozeRelic":9,"Centennial Puzzle":41,"EasyMod:Easy_7":46,"REME_HandOfSuture":0,"Slimebound:AbsorbEndCombat":0,"GuppysHairball":17,"AT_SunfireAegis":24,"HushsDoor":0,"ReplayTheSpireMod:Lightbulb":7,"REME_ComplimentaryCards":0},{"KeepersGift":0,"Gremlin Food":0,"energizedSpire:RedRose":21,"UnicornStump":16,"testmod-TestBox":0,"AT_ATBox":0,"testmod-CyclicPeriapt":0,"Whetstone":6,"testmod-ConstraintPeriapt":27,"SteamSale":0,"Empty Cage":11,"Slimebound:GreedOozeRelic":6,"Centennial Puzzle":24,"EasyMod:Easy_7":28,"REME_HandOfSuture":0,"Slimebound:AbsorbEndCombat":0,"GuppysHairball":11,"AT_SunfireAegis":14,"HushsDoor":0,"ReplayTheSpireMod:Lightbulb":5,"REME_ComplimentaryCards":0},{"KeepersGift":0,"Gremlin Food":0,"energizedSpire:RedRose":68,"UnicornStump":48,"testmod-TestBox":0,"AT_ATBox":0,"testmod-CyclicPeriapt":0,"Whetstone":16,"testmod-ConstraintPeriapt":89,"SteamSale":0,"Empty Cage":35,"Slimebound:GreedOozeRelic":16,"Centennial Puzzle":76,"EasyMod:Easy_7":94,"REME_HandOfSuture":0,"Slimebound:AbsorbEndCombat":0,"GuppysHairball":35,"AT_SunfireAegis":42,"HushsDoor":0,"ReplayTheSpireMod:Lightbulb":12,"REME_ComplimentaryCards":0}]},"card_choices":[{"not_picked":["Slimebound:ProtectTheBoss","Slimebound:Dissolve"],"picked":"Slimebound:GrowthPunch","floor":2},{"not_picked":["Slimebound:Grow","Slimebound:BestDefense","Slimebound:FinishingTackle"],"picked":"SKIP","floor":3},{"not_picked":["Slimebound:SamplingLick","Slimebound:LeechingTouch"],"picked":"Slimebound:SplitBruiser","floor":4},{"not_picked":["Bomb","Slimebound:LivingWall"],"picked":"Slimebound:SamplingLick","floor":5},{"not_picked":["Slimebound:GoopSpray","Slimebound:Replication"],"picked":"Slimebound:LevelUp","floor":6},{"not_picked":["Slimebound:Dissolve","Slimebound:OozeBath"],"picked":"Slimebound:SplitLeeching","floor":8},{"not_picked":["Slimebound:Nibble","Slimebound:DisruptingSlam"],"picked":"Slimebound:SplitAcid","floor":11},{"not_picked":["Slimebound:PressTheAttack","Slimebound:ProtectTheBoss"],"picked":"Slimebound:SlimeTap","floor":12},{"not_picked":["Slimebound:LeechEnergy","Slimebound:SlimeSpikes","Slimebound:SlimeBrawl"],"picked":"SKIP","floor":14},{"not_picked":["Slimebound:GrowthPunch","Slimebound:FinishingTackle"],"picked":"Slimebound:GoopSpray","floor":15},{"not_picked":["Slimebound:DouseInSlime","Slimebound:SlimeSlap"],"picked":"Slimebound:LeechLife","floor":16},{"not_picked":["Slimebound:SamplingLick+1","Slimebound:Schlurp"],"picked":"Slimebound:RejuvenatingLick+1","floor":20},{"not_picked":["Slimebound:Prepare","Slimebound:LivingWall+1"],"picked":"Slimebound:SpikyOuterGoop","floor":21},{"not_picked":["Slimebound:Chomp","Slimebound:Replication"],"picked":"Slimebound:PressTheAttack","floor":22},{"not_picked":["Slimebound:RollThrough","Slimebound:GoopTackle"],"picked":"Slimebound:SplitAcid","floor":25},{"not_picked":["Slimebound:FinishingTackle+1","Slimebound:ItLooksTasty"],"picked":"Slimebound:SamplingLick+1","floor":26},{"not_picked":["Slimebound:LeechingTouch+1","Slimebound:DuplicatedForm"],"picked":"Slimebound:SamplingLick","floor":28},{"not_picked":["Slimebound:TongueLash","Slimebound:ProtectTheBoss","Slimebound:ItLooksTasty+1"],"picked":"SKIP","floor":29},{"not_picked":["Slimebound:FinishingTackle","Slimebound:LeechEnergy","Slimebound:SplitAcid"],"picked":"SKIP","floor":30},{"not_picked":["Slimebound:SplitBruiser","Slimebound:HauntingLick"],"picked":"Slimebound:Schlurp","floor":32},{"not_picked":["Slimebound:PrepareCrush","Slimebound:DuplicatedForm"],"picked":"Slimebound:MassRepurpose","floor":33},{"not_picked":["Slimebound:SplitAcid","Slimebound:LivingWall","Slimebound:ItLooksTasty"],"picked":"SKIP","floor":37},{"not_picked":["Slimebound:SlimeBrawl+1","Slimebound:AcidTongue+1","Slimebound:FlameTackle"],"picked":"SKIP","floor":38},{"not_picked":["Slimebound:SplitBruiser","Slimebound:ItLooksTasty+1","Slimebound:GoopTackle"],"picked":"SKIP","floor":39},{"not_picked":["Slimebound:GoopSpray+1","Slimebound:RainOfGoop"],"picked":"Slimebound:LeadByExample","floor":42},{"not_picked":["Slimebound:Nibble","Slimebound:ComboTackle+1"],"picked":"Slimebound:RejuvenatingLick+1","floor":43},{"not_picked":["Slimebound:RollThrough+1","Slimebound:Grow","Slimebound:FlameTackle+1"],"picked":"SKIP","floor":44},{"not_picked":["Slimebound:PressTheAttack","Slimebound:Teamwork"],"picked":"Slimebound:Repurpose+1","floor":46}],"player_experience":222297,"relics_obtained":[{"floor":1,"key":"Gremlin Food"},{"floor":7,"key":"ReplayTheSpireMod:Lightbulb"},{"floor":8,"key":"Whetstone"},{"floor":24,"key":"AT_SunfireAegis"},{"floor":26,"key":"UnicornStump"},{"floor":41,"key":"Centennial Puzzle"},{"floor":44,"key":"testmod-ConstraintPeriapt"},{"floor":46,"key":"EasyMod:Easy_7"}],"event_choices":[{"damage_healed":0,"gold_gain":0,"player_choice":"Ignored","damage_taken":0,"max_hp_gain":0,"max_hp_loss":0,"event_name":"Vampires","floor":31,"gold_loss":0}],"is_beta":false,"boss_relics":[{"not_picked":["testmod-KeyOfTheVoid","conspire:RunicOctahedron"],"picked":"Empty Cage"},{"not_picked":[]},{"not_picked":["Runic Pyramid","testmod-Recursion"],"picked":"energizedSpire:RedRose"},{"not_picked":[]}],"items_purged_floors":[4,17,34,38],"is_endless":false,"potions_floor_spawned":[2,5,6,16,20,26,29,33,42,44,46],"killed_by":"Nemesis","ascension_level":0}}