{"host":"557iavmgkmyrqkcw","time":1611616581,"event":{"mods":["2.2 Compatiblity","AchievementEnabler","BaseMod","Better Note","Better Sensory Stone","Better Third Choice","Downfall","Friendly Minions","HololiveMod","Marisa????????","Minty Spire (QoL Compilation)","Replay The Spire","StSLib","The Alterego","The Fake Hero","The IronCluck","The Servant 0.9.4","Waifu the Spire"],"gold_per_floor":[113,113,113,129,140,168,168,168,168,168,179,43,43,59,59,160,160,172,184,195,209,19,19,31,46,46,46,46,46,46,46,46,144,144,163,163,179,49,66,98,98,118,118,118,128,148,148,148,235,235,235],"floor_reached":50,"language":"ENG","playtime":3428,"items_purged":["Strike_R"],"score":811,"play_id":"af394963-2b93-4ff0-bd81-5f1710e2b5c8","local_time":"20210125151621","is_ascension_mode":true,"campfire_choices":[{"data":"Entrench","floor":7,"key":"SMITH"},{"data":"Bash","floor":10,"key":"SMITH"},{"data":"Barricade","floor":13,"key":"SMITH"},{"floor":15,"key":"REST"},{"floor":23,"key":"REST"},{"floor":27,"key":"REST"},{"floor":32,"key":"REST"},{"floor":41,"key":"RECALL"},{"data":"Apotheosis","floor":44,"key":"SMITH"},{"floor":47,"key":"REST"}],"circlet_count":0,"master_deck":["Strike_R","Strike_R","Defend_R","Defend_R","Defend_R","Bash+1","Shrug It Off","Thunderclap","Entrench+1","Inflame","Barricade+1","Berserk","Body Slam","Apotheosis+1","Limit Break","ReplayTheSpireMod:Corrosion Curse","Evolve+1","Heavy Blade"],"relics":["Burning Blood","Ice Cream","Iron Hammer","Champion Belt","Ooze Armor","Enchiridion","Blue Candle","ChewingGum","Bird Faced Urn","Sundial"],"acts_visited":["Exordium","TheCity","TheBeyond"],"potions_floor_usage":[16,16,20,21,42,50,50],"damage_taken":[{"damage":6,"enemies":"Cultist","floor":1,"turns":3},{"damage":1,"enemies":"2 Louse","floor":4,"turns":3},{"damage":1,"enemies":"Small Slimes","floor":5,"turns":5},{"damage":40,"enemies":"Gremlin Nob","floor":6,"turns":5},{"damage":18,"enemies":"Gremlin Gang","floor":11,"turns":6},{"damage":6,"enemies":"3 Louse","floor":14,"turns":6},{"damage":14,"enemies":"The Guardian","floor":16,"turns":15},{"damage":40,"enemies":"2 Thieves","floor":18,"turns":5},{"damage":3,"enemies":"Chosen","floor":19,"turns":4},{"damage":22,"enemies":"3 Cultists","floor":20,"turns":6},{"damage":15,"enemies":"Snake Plant","floor":21,"turns":4},{"damage":6,"enemies":"Snecko","floor":24,"turns":6},{"damage":29,"enemies":"Sentry and Sphere","floor":25,"turns":6},{"damage":10,"enemies":"Pondfish","floor":33,"turns":12},{"damage":14,"enemies":"3 Shapes","floor":35,"turns":4},{"damage":35,"enemies":"3 Darklings","floor":37,"turns":9},{"damage":37,"enemies":"Jaw Worm Horde","floor":39,"turns":5},{"damage":2,"enemies":"Giant Head","floor":40,"turns":6},{"damage":10,"enemies":"Sphere and 2 Shapes","floor":42,"turns":5},{"damage":21,"enemies":"3 Darklings","floor":45,"turns":6},{"damage":30,"enemies":"Writhing Mass","floor":46,"turns":5},{"damage":52,"enemies":"Donu and Deca","floor":50,"turns":4}],"seed_played":"-3107414990072423843","potions_obtained":[{"floor":6,"key":"FairyPotion"},{"floor":11,"key":"PowerPotion"},{"floor":14,"key":"Explosive Potion"},{"floor":16,"key":"Swift Potion"},{"floor":20,"key":"champ:CounterPotion"},{"floor":24,"key":"Dexterity Potion"},{"floor":25,"key":"GamblersBrew"},{"floor":42,"key":"Elixir"},{"floor":45,"key":"champ:CounterPotion"}],"is_trial":false,"path_per_floor":["M","?","?","M","M","E","R","?","T","R","M","$","R","M","R","B",null,"M","M","M","M","$","R","M","M","T","R","?","?","?","$","R","B",null,"M","?","M","$","M","E","R","M","T","R","M","M","R","?","R","B"],"character_chosen":"IRONCLAD","items_purchased":["Barricade","Apotheosis","Evolve+1"],"campfire_rested":5,"item_purchase_floors":[12,22,38],"current_hp_per_floor":[80,80,80,80,80,46,46,46,46,46,34,34,34,34,58,50,73,39,42,26,17,17,41,41,18,18,42,27,11,6,6,31,27,71,63,63,34,34,28,32,32,38,38,38,33,19,44,44,44,0,0],"gold":235,"neow_bonus":"REMOVE_CARD","is_daily":false,"chose_seed":false,"campfire_upgraded":4,"win_rate":0.0,"timestamp":1611616581,"path_taken":["M","?","?","M","?","E","R","?","T","R","M","$","R","?","R","BOSS","M","?","M","M","$","R","M","M","T","R","?","?","?","?","R","BOSS","M","?","M","$","M","E","R","?","T","R","M","M","R","?","R","BOSS"],"items_purchased_type":["Card","Card","Card"],"build_version":"2020-12-22","purchased_purges":1,"victory":false,"max_hp_per_floor":[80,80,80,80,80,80,80,80,80,80,80,80,80,80,80,80,80,80,80,80,80,80,80,80,80,80,80,85,85,85,85,85,85,85,85,85,85,85,85,85,85,85,85,85,85,85,85,85,85,85,85],"card_choices":[{"not_picked":["Clothesline","Sword Boomerang"],"picked":"Shrug It Off","floor":1},{"not_picked":["Warcry","Body Slam","Clothesline"],"picked":"SKIP","floor":4},{"not_picked":["Anger","Dark Embrace"],"picked":"Thunderclap","floor":5},{"not_picked":["Flex","Armaments"],"picked":"Entrench","floor":6},{"not_picked":["Twin Strike","Iron Wave"],"picked":"Inflame","floor":11},{"not_picked":["Entrench","Armaments","Thunderclap"],"picked":"SKIP","floor":14},{"not_picked":["Corruption","Replay:Many Hands"],"picked":"Berserk","floor":16},{"not_picked":["Defy Death","Pommel Strike"],"picked":"Body Slam","floor":18},{"not_picked":["Replay:Undeath\u0027s Touch","Whirlwind","Body Slam"],"picked":"SKIP","floor":19},{"not_picked":["Whirlwind+1","Hemokinesis","ReplayTheSpireMod:Strike From Hell"],"picked":"SKIP","floor":20},{"not_picked":["Bloodletting+1","Sentinel","ReplayTheSpireMod:Strike From Hell"],"picked":"SKIP","floor":21},{"not_picked":["Flame Barrier","Life Link","Clash"],"picked":"SKIP","floor":24},{"not_picked":["Sword Boomerang","Replay:Undeath\u0027s Touch","Headbutt"],"picked":"SKIP","floor":25},{"not_picked":["Barricade","Bludgeon"],"picked":"Limit Break","floor":33},{"not_picked":["Pummel+1","Armaments+1"],"picked":"ReplayTheSpireMod:Corrosion Curse","floor":35},{"not_picked":["ReplayTheSpireMod:Muscle Training+1","Spot Weakness","Clash+1"],"picked":"SKIP","floor":37},{"not_picked":["Pommel Strike+1","True Grit+1","Clothesline+1"],"picked":"SKIP","floor":39},{"not_picked":["Immolate","Armaments+1","True Grit"],"picked":"SKIP","floor":40},{"not_picked":["ReplayTheSpireMod:LeadingStrike","Perfected Strike","Headbutt"],"picked":"SKIP","floor":42},{"not_picked":["Anger+1","Havoc","Iron Wave+1"],"picked":"SKIP","floor":45},{"not_picked":["Disarm+1","Headbutt"],"picked":"Heavy Blade","floor":46}],"player_experience":595454,"relics_obtained":[{"floor":6,"key":"Iron Hammer"},{"floor":9,"key":"Champion Belt"},{"floor":29,"key":"Enchiridion"},{"floor":40,"key":"Bird Faced Urn"},{"floor":43,"key":"Sundial"}],"event_choices":[{"damage_healed":0,"gold_gain":0,"player_choice":"Box","damage_taken":0,"relics_obtained":["Ice Cream"],"max_hp_gain":0,"max_hp_loss":0,"event_name":"Big Fish","floor":2,"gold_loss":0,"cards_obtained":["Regret"]},{"cards_removed":["Regret"],"damage_healed":0,"gold_gain":0,"player_choice":"Removed Curses","damage_taken":0,"max_hp_gain":0,"max_hp_loss":0,"event_name":"Fountain of Cleansing","floor":3,"gold_loss":0},{"cards_removed":["Strike_R"],"damage_healed":0,"gold_gain":0,"player_choice":"Purged","damage_taken":0,"max_hp_gain":0,"max_hp_loss":0,"event_name":"Purifier","floor":8,"gold_loss":0},{"damage_healed":0,"gold_gain":0,"player_choice":"Shed Blood","damage_taken":20,"max_hp_gain":5,"max_hp_loss":0,"event_name":"Forgotten Altar","floor":28,"gold_loss":0},{"damage_healed":0,"gold_gain":0,"player_choice":"Obtained Book","damage_taken":16,"max_hp_gain":0,"max_hp_loss":0,"event_name":"Cursed Tome","floor":29,"gold_loss":0},{"cards_removed":["Strike_R"],"damage_healed":0,"gold_gain":0,"player_choice":"Purged","damage_taken":0,"max_hp_gain":0,"max_hp_loss":0,"event_name":"Purifier","floor":36,"gold_loss":0},{"damage_healed":0,"gold_gain":0,"player_choice":"Bought 0 Potions","damage_taken":0,"max_hp_gain":0,"max_hp_loss":0,"event_name":"The Woman in Blue","floor":48,"gold_loss":0}],"is_beta":false,"boss_relics":[{"not_picked":["Pandora\u0027s Box","Mark of Pain"],"picked":"Ooze Armor"},{"not_picked":["Black Star","Hololive_ChaosS"],"picked":"ChewingGum"}],"items_purged_floors":[38],"is_endless":false,"potions_floor_spawned":[6,11,14,16,20,24,25,37,42,45,46],"killed_by":"Donu and Deca","ascension_level":5}}