{"host":"jlk2k69f9c6o7b3e","time":1611576642,"event":{"mods":["BaseMod","Minty Spire (QoL Compilation)","StSLib"],"gold_per_floor":[18,18,32,32,45,78,91,91,116,116,156,181,215,233,233,358,358,372,391,410,424,444,497,497,537,537,571,624,656,704,394,394,394,394],"floor_reached":33,"language":"ZHS","playtime":2102,"items_purged":[],"score":583,"play_id":"d3104736-69ea-4aaa-90e9-d41860106436","local_time":"20210125201042","is_ascension_mode":true,"campfire_choices":[{"data":"Envenom","floor":8.0,"key":"SMITH"},{"data":"Blade Dance","floor":15.0,"key":"SMITH"},{"data":"Choke","floor":24.0,"key":"SMITH"},{"floor":32,"key":"REST"}],"circlet_count":0,"master_deck":["Strike_G","Strike_G","Strike_G","Strike_G","Strike_G","Defend_G","Defend_G","Defend_G","Defend_G","Defend_G+1","Survivor","Neutralize","Backstab","Injury","Choke","Dagger Throw","Calculated Gamble+1","Envenom+1","Prepared","Backstab","Blade Dance+1","Underhanded Strike","Phantasmal Killer","Blade Dance+1","Adrenaline","Blade Dance+1","Choke+1","Skewer","Underhanded Strike","Caltrops","Blur","A Thousand Cuts","Blade Dance","Noxious Fumes+1","Thinking Ahead"],"relics":["Ring of the Snake","Du-Vu Doll","Golden Idol","CultistMask","Pen Nib","Juzu Bracelet","War Paint","Anchor","Sozu","CeramicFish","Blood Vial","Torii","Oddly Smooth Stone","Ninja Scroll","Ancient Tea Set"],"acts_visited":["Exordium","TheCity"],"potions_floor_usage":[],"damage_taken":[{"damage":0.0,"enemies":"Small Slimes","floor":1.0,"turns":3.0},{"damage":0.0,"enemies":"Jaw Worm","floor":3.0,"turns":4.0},{"damage":0.0,"enemies":"Cultist","floor":5.0,"turns":3.0},{"damage":25.0,"enemies":"Lagavulin","floor":6.0,"turns":4.0},{"damage":2.0,"enemies":"Exordium Thugs","floor":7.0,"turns":4.0},{"damage":0.0,"enemies":"Gremlin Nob","floor":11.0,"turns":2.0},{"damage":0.0,"enemies":"Large Slime","floor":12.0,"turns":4.0},{"damage":12.0,"enemies":"Lagavulin","floor":13.0,"turns":5.0},{"damage":0.0,"enemies":"3 Louse","floor":14.0,"turns":3.0},{"damage":26.0,"enemies":"Hexaghost","floor":16.0,"turns":8.0},{"damage":3.0,"enemies":"3 Byrds","floor":18.0,"turns":6.0},{"damage":0.0,"enemies":"Chosen","floor":19.0,"turns":2.0},{"damage":0.0,"enemies":"Snake Plant","floor":20.0,"turns":2.0},{"damage":1.0,"enemies":"Cultist and Chosen","floor":21.0,"turns":3.0},{"damage":1.0,"enemies":"3 Cultists","floor":22.0,"turns":3.0},{"damage":0.0,"enemies":"Gremlin Leader","floor":23.0,"turns":2.0},{"damage":15.0,"enemies":"Slavers","floor":25.0,"turns":4.0},{"damage":0.0,"enemies":"Snake Plant","floor":27.0,"turns":1.0},{"damage":8,"enemies":"Gremlin Leader","floor":28,"turns":4},{"damage":13,"enemies":"Shelled Parasite and Fungi","floor":29,"turns":3},{"damage":16,"enemies":"Book of Stabbing","floor":30,"turns":4},{"damage":29,"enemies":"Collector","floor":33,"turns":3}],"seed_played":"-1358550543004093011","potions_obtained":[{"floor":1.0,"key":"FearPotion"},{"floor":6.0,"key":"BlessingOfTheForge"},{"floor":7.0,"key":"ColorlessPotion"},{"floor":12.0,"key":"GamblersBrew"}],"is_trial":false,"path_per_floor":["M","?","M","?","M","E","M","R","T","$","E","M","E","M","R","B",null,"M","M","M","M","M","E","R","E","T","M","E","M","E","$","R","B"],"character_chosen":"THE_SILENT","items_purchased":["Ancient Tea Set","Thinking Ahead"],"campfire_rested":1,"item_purchase_floors":[31,31],"current_hp_per_floor":[70,70,70,70,70,45,43,43,43,43,43,43,31,31,31,5,54,51,51,51,50,49,49,49,34,34,36,30,19,5,5,26,0,0],"gold":394,"neow_bonus":"ONE_RARE_RELIC","is_daily":false,"chose_seed":false,"campfire_upgraded":3,"win_rate":0.0,"timestamp":1611576642,"path_taken":["M","?","M","?","M","E","M","R","T","$","E","M","E","M","R","BOSS","M","M","M","M","M","E","R","E","T","M","E","M","E","$","R","BOSS"],"items_purchased_type":["Relic","Card"],"build_version":"2020-12-22","purchased_purges":0,"victory":false,"max_hp_per_floor":[70,70,70,70,70,70,70,70,70,70,70,70,70,70,70,70,70,70,70,70,70,70,70,70,70,70,70,70,70,70,70,70,70,70],"card_choices":[{"not_picked":["Calculated Gamble","Underhanded Strike"],"picked":"Backstab","floor":1.0},{"not_picked":["Escape Plan","Outmaneuver"],"picked":"Choke","floor":3.0},{"not_picked":["Quick Slash","Deadly Poison"],"picked":"Dagger Throw","floor":5.0},{"not_picked":["Sucker Punch","Quick Slash"],"picked":"Calculated Gamble","floor":6.0},{"not_picked":["Caltrops","Catalyst"],"picked":"Envenom","floor":7.0},{"not_picked":["Leg Sweep","Flying Knee"],"picked":"Prepared","floor":11.0},{"not_picked":["Outmaneuver","Dagger Throw"],"picked":"Backstab","floor":12.0},{"not_picked":["Quick Slash","Poisoned Stab"],"picked":"Blade Dance","floor":13.0},{"not_picked":["Backflip","Wraith Form v2"],"picked":"Underhanded Strike","floor":14.0},{"not_picked":["Grand Finale","Corpse Explosion"],"picked":"Phantasmal Killer","floor":16.0},{"not_picked":["Bouncing Flask","Dagger Throw"],"picked":"Blade Dance+1","floor":18.0},{"not_picked":["Dagger Throw+1","Deadly Poison+1"],"picked":"Adrenaline","floor":19.0},{"not_picked":["Bane+1","Backstab"],"picked":"Blade Dance+1","floor":20.0},{"not_picked":["Bane","Acrobatics"],"picked":"Choke","floor":21.0},{"not_picked":["Poisoned Stab","PiercingWail"],"picked":"Skewer","floor":22.0},{"not_picked":["Deflect","PiercingWail"],"picked":"Underhanded Strike","floor":23.0},{"not_picked":["Heel Hook","Bane+1"],"picked":"Caltrops","floor":25.0},{"not_picked":["Sucker Punch","Acrobatics"],"picked":"Blur","floor":27.0},{"not_picked":["Leg Sweep","Cloak And Dagger+1"],"picked":"A Thousand Cuts","floor":28},{"not_picked":["Deadly Poison+1","Escape Plan"],"picked":"Blade Dance","floor":29},{"not_picked":["Footwork","Quick Slash+1"],"picked":"Noxious Fumes+1","floor":30}],"player_experience":289587,"relics_obtained":[{"floor":6.0,"key":"Pen Nib"},{"floor":9.0,"key":"Juzu Bracelet"},{"floor":11.0,"key":"War Paint"},{"floor":13.0,"key":"Anchor"},{"floor":23.0,"key":"CeramicFish"},{"floor":25.0,"key":"Blood Vial"},{"floor":26.0,"key":"Torii"},{"floor":28,"key":"Oddly Smooth Stone"},{"floor":30,"key":"Ninja Scroll"}],"event_choices":[{"damage_healed":0.0,"max_hp_gain":0.0,"max_hp_loss":0.0,"gold_gain":0.0,"event_name":"Golden Idol","player_choice":"Take Wound","floor":2.0,"gold_loss":0.0,"damage_taken":0.0,"relics_obtained":["Golden Idol"],"cards_obtained":["Injury"]},{"damage_healed":0.0,"max_hp_gain":0.0,"max_hp_loss":0.0,"gold_gain":0.0,"event_name":"FaceTrader","player_choice":"Trade","floor":4.0,"gold_loss":0.0,"damage_taken":0.0,"relics_obtained":["CultistMask"]}],"is_beta":false,"boss_relics":[{"not_picked":["Snecko Eye","Tiny House"],"picked":"Sozu"}],"items_purged_floors":[],"is_endless":false,"potions_floor_spawned":[1,6,7,12,19,20,21,27,28],"killed_by":"Collector","ascension_level":5}}