{"host":"7qoz5gmva6til3yp","time":1611568535,"event":{"mods":["AchievementEnabler","BaseMod","Minty Spire (QoL Compilation)","StSLib","SuperFastMode"],"gold_per_floor":[117,135,135,135,145,145,158,158,158,158,189,189,209,244,244,347,347,357,357,372,159,159,159,159,159],"floor_reached":24,"language":"KOR","playtime":997,"items_purged":["Strike_P"],"score":316,"play_id":"aea5a80f-df7d-4536-ad9d-8624ae729cce","local_time":"20210125185535","is_ascension_mode":true,"campfire_choices":[{"data":"Eruption","floor":6.0,"key":"SMITH"},{"data":"FearNoEvil","floor":8.0,"key":"SMITH"},{"floor":10.0,"key":"REST"},{"data":"EmptyFist","floor":15.0,"key":"SMITH"},{"data":"Defend_P","floor":23,"key":"PURGE"}],"circlet_count":0,"master_deck":["AscendersBane","Strike_P","Strike_P","Strike_P","Defend_P","Defend_P","Defend_P","Eruption+1","Vigilance","FearNoEvil+1","EmptyFist+1","FlurryOfBlows","Brilliance","CurseOfTheBell","DeusExMachina"],"relics":["VioletLotus","Darkstone Periapt","Bronze Scales","Ornamental Fan","Shuriken","Pantograph","Calling Bell","Bag of Preparation","HornCleat","Peace Pipe","Enchiridion"],"acts_visited":["Exordium","TheCity"],"potions_floor_usage":[],"damage_taken":[{"damage":3.0,"enemies":"Jaw Worm","floor":1.0,"turns":4.0},{"damage":0.0,"enemies":"2 Louse","floor":2.0,"turns":2.0},{"damage":1.0,"enemies":"Cultist","floor":5.0,"turns":4.0},{"damage":1.0,"enemies":"2 Fungi Beasts","floor":7.0,"turns":4.0},{"damage":32.0,"enemies":"3 Sentries","floor":11.0,"turns":11.0},{"damage":16.0,"enemies":"Looter","floor":13.0,"turns":2.0},{"damage":20.0,"enemies":"Lagavulin","floor":14.0,"turns":6.0},{"damage":55.0,"enemies":"The Guardian","floor":16.0,"turns":7.0},{"damage":16.0,"enemies":"Spheric Guardian","floor":18.0,"turns":4.0},{"damage":10,"enemies":"Shell Parasite","floor":20,"turns":4},{"damage":34,"enemies":"Snake Plant","floor":24,"turns":1}],"seed_played":"-6487650410009962142","potions_obtained":[{"floor":5.0,"key":"LiquidMemories"},{"floor":11.0,"key":"LiquidBronze"},{"floor":14.0,"key":"DuplicationPotion"}],"is_trial":false,"path_per_floor":["M","M","?","?","M","R","M","R","T","R","E","T","M","E","R","B",null,"M","?","M","$","?","R","M"],"character_chosen":"WATCHER","items_purchased":["DeusExMachina"],"campfire_rested":1,"item_purchase_floors":[21],"current_hp_per_floor":[62,62,62,37,36,36,35,35,35,56,24,24,8,52,52,17,64,48,48,38,38,22,22,0,0],"gold":159,"neow_bonus":"BOSS_RELIC","is_daily":false,"chose_seed":false,"campfire_upgraded":3,"win_rate":0.0,"timestamp":1611568535,"path_taken":["M","M","?","?","M","R","M","R","T","R","E","?","?","E","R","BOSS","M","?","M","$","?","R","?"],"items_purchased_type":["Card"],"build_version":"2020-12-22","purchased_purges":1,"victory":false,"max_hp_per_floor":[72,72,72,72,72,72,72,72,72,72,72,72,72,72,72,72,78,78,78,78,78,78,78,78,78],"card_choices":[{"not_picked":["FlyingSleeves","Wallop","DeceiveReality"],"picked":"SKIP","floor":1.0},{"not_picked":["Crescendo","CutThroughFate","SashWhip"],"picked":"SKIP","floor":2.0},{"not_picked":["SashWhip","Nirvana","PathToVictory"],"picked":"SKIP","floor":5.0},{"not_picked":["EmptyMind","Nirvana"],"picked":"FearNoEvil","floor":7.0},{"not_picked":["EmptyBody","ThirdEye","WreathOfFlame"],"picked":"SKIP","floor":11.0},{"not_picked":["CutThroughFate","FlurryOfBlows"],"picked":"EmptyFist","floor":13.0},{"not_picked":["Halt","BowlingBash"],"picked":"FlurryOfBlows","floor":14.0},{"not_picked":["Devotion","MasterReality"],"picked":"Brilliance","floor":16.0},{"not_picked":["FlurryOfBlows","SashWhip","EmptyFist+1"],"picked":"SKIP","floor":18},{"not_picked":["Prostrate","Worship","FlurryOfBlows"],"picked":"SKIP","floor":20}],"player_experience":431468,"relics_obtained":[{"floor":9.0,"key":"Bronze Scales"},{"floor":11.0,"key":"Ornamental Fan"},{"floor":12.0,"key":"Shuriken"},{"floor":14.0,"key":"Pantograph"},{"floor":17.0,"key":"Bag of Preparation"},{"floor":17.0,"key":"HornCleat"},{"floor":17.0,"key":"Peace Pipe"},{"floor":22,"key":"Enchiridion"}],"event_choices":[{"damage_healed":0.0,"max_hp_gain":0.0,"max_hp_loss":0.0,"gold_gain":0.0,"event_name":"Liars Game","player_choice":"Ignored","floor":3.0,"gold_loss":0.0,"damage_taken":0.0},{"damage_healed":0.0,"max_hp_gain":0.0,"max_hp_loss":0.0,"gold_gain":0.0,"event_name":"Scrap Ooze","player_choice":"Success","floor":4.0,"gold_loss":0.0,"damage_taken":25.0,"relics_obtained":["Darkstone Periapt"]},{"damage_healed":0,"gold_gain":0,"player_choice":"Ignored","damage_taken":0,"max_hp_gain":0,"max_hp_loss":0,"event_name":"Vampires","floor":19,"gold_loss":0},{"damage_healed":0,"gold_gain":0,"player_choice":"Obtained Book","damage_taken":16,"max_hp_gain":0,"max_hp_loss":0,"event_name":"Cursed Tome","floor":22,"gold_loss":0}],"is_beta":false,"boss_relics":[{"not_picked":["SlaversCollar","Black Star"],"picked":"Calling Bell"}],"items_purged_floors":[21],"is_endless":false,"potions_floor_spawned":[5,11,14],"killed_by":"Snake Plant","ascension_level":11}}