{"host":"uv5ws9rdk87e8i5k","time":1611560703,"event":{"mods":["AchievementEnabler","BaseMod","Colored Map","Minty Spire (QoL Compilation)","StSLib","SuperFastMode","The Necromancer"],"gold_per_floor":[115,135,135,148,6,34,54,54,81,113,22,51,64,79,79,175,175,194,209,19,31,31,31,59,89,89,105,105,134,146,164,164,259,259,279,289,299,315,327,360,360,53,80,110,38,52,52,71,71,71],"floor_reached":51,"language":"ENG","playtime":1631,"items_purged":["Clumsy","Strike_W"],"score":1140,"play_id":"0d935eeb-625a-4df6-816a-7cebb774670f","local_time":"20210125014503","is_ascension_mode":true,"campfire_choices":[{"data":"Summon_Death_Knight","floor":8.0,"key":"SMITH"},{"data":"Summon_Vampire_Lady","floor":15.0,"key":"SMITH"},{"data":"Summon_Undead","floor":23.0,"key":"SMITH"},{"data":"Summon_Undead_Army","floor":28.0,"key":"SMITH"},{"data":"Summon_Undead_Army","floor":32.0,"key":"SMITH"},{"floor":41.0,"key":"REST"},{"floor":49,"key":"DIG"}],"circlet_count":0,"master_deck":["Strike_W","Strike_W+1","Defend_W","Defend_W","Defend_W","Defend_W","Negative_Energy_Arrows","Bone_Wall","Summon_Death_Knight+1","Negative_Energy_Javelin","Shade_Step","Summon_Lich","Summon_Lich","Summon_Undead+1","Uncharnel","Negative_Energy_Sphere+1","Shade_Step","Summon_Vampire_Lady+1","Spectral_Armor","Spectral_Armor","Spectral_Armor+1","Summon_Undead_Army+1","Stop_Heart","Summon_Undead_Army+1","Grasp_Heart","Summon_Undead_Army+1","Spectral_Armor","Spectral_Armor","Summon_Death_Knight+1","Summon_Vampire_Lady+1","Spectral_Walk+1","Spectral_Armor+1"],"relics":["Vampire_Amulet","Blood Vial","Ancient Tea Set","Bronze Scales","Regal Pillow","SlaversCollar","Membership Card","Darkstone Periapt","Singing Bowl","Matryoshka","Bottled Flame","Sozu","Pen Nib","DollysMirror","Shovel","White Beast Statue","Bag of Marbles","Orrery","Whetstone"],"acts_visited":["Exordium","TheCity","TheBeyond"],"potions_floor_usage":[],"damage_taken":[{"damage":6.0,"enemies":"Cultist","floor":1.0,"turns":5.0},{"damage":0.0,"enemies":"Small Slimes","floor":2.0,"turns":3.0},{"damage":4.0,"enemies":"2 Louse","floor":4.0,"turns":3.0},{"damage":35.0,"enemies":"Gremlin Nob","floor":6.0,"turns":5.0},{"damage":10.0,"enemies":"Red Slaver","floor":7.0,"turns":4.0},{"damage":7.0,"enemies":"Lagavulin","floor":10.0,"turns":7.0},{"damage":20.0,"enemies":"3 Sentries","floor":12.0,"turns":3.0},{"damage":0.0,"enemies":"2 Fungi Beasts","floor":13.0,"turns":3.0},{"damage":3.0,"enemies":"Exordium Wildlife","floor":14.0,"turns":3.0},{"damage":0.0,"enemies":"The Guardian","floor":16.0,"turns":8.0},{"damage":13.0,"enemies":"3 Byrds","floor":18.0,"turns":2.0},{"damage":22.0,"enemies":"Shell Parasite","floor":19.0,"turns":5.0},{"damage":12.0,"enemies":"Snecko","floor":21.0,"turns":5.0},{"damage":30.0,"enemies":"Slavers","floor":24.0,"turns":4.0},{"damage":32.0,"enemies":"Sentry and Sphere","floor":25.0,"turns":5.0},{"damage":2.0,"enemies":"Centurion and Healer","floor":27.0,"turns":7.0},{"damage":0.0,"enemies":"Gremlin Leader","floor":29.0,"turns":5.0},{"damage":5.0,"enemies":"Cultist and Chosen","floor":30.0,"turns":7.0},{"damage":10.0,"enemies":"Snecko","floor":31.0,"turns":6.0},{"damage":13.0,"enemies":"Collector","floor":33.0,"turns":8.0},{"damage":45.0,"enemies":"3 Darklings","floor":35.0,"turns":6.0},{"damage":5.0,"enemies":"Orb Walker","floor":36.0,"turns":4.0},{"damage":16.0,"enemies":"Spire Growth","floor":37.0,"turns":5.0},{"damage":21.0,"enemies":"Jaw Worm Horde","floor":38.0,"turns":6.0},{"damage":35.0,"enemies":"Transient","floor":39.0,"turns":5.0},{"damage":46.0,"enemies":"Giant Head","floor":40.0,"turns":8.0},{"damage":18.0,"enemies":"Nemesis","floor":44.0,"turns":5.0},{"damage":5,"enemies":"Spire Growth","floor":46,"turns":5},{"damage":16,"enemies":"3 Darklings","floor":48,"turns":6},{"damage":23,"enemies":"Time Eater","floor":50,"turns":9}],"seed_played":"-5524626721019457751","potions_obtained":[{"floor":4.0,"key":"Strength Potion"},{"floor":6.0,"key":"DistilledChaos"},{"floor":10.0,"key":"LiquidMemories"},{"floor":13.0,"key":"SteroidPotion"},{"floor":19.0,"key":"Swift Potion"},{"floor":24.0,"key":"ColorlessPotion"},{"floor":27.0,"key":"Swift Potion"},{"floor":31.0,"key":"Fire Potion"},{"floor":33.0,"key":"Ancient Potion"}],"is_trial":false,"path_per_floor":["M","M","?","M","$","E","M","R","T","E","$","E","M","M","R","B",null,"M","M","$","M","?","R","E","M","T","M","R","E","M","M","R","B",null,"M","M","M","M","M","E","R","$","T","E","$","M","?","M","R","B",null],"character_chosen":"NECROMANCER","items_purchased":["Summon_Lich","Uncharnel","Negative_Energy_Sphere","Membership Card","Spectral_Armor","Spectral_Armor","DollysMirror","Shovel","Orrery"],"campfire_rested":1,"item_purchase_floors":[5,11,11,20,20,42,42,42,45],"current_hp_per_floor":[64,68,68,68,68,35,29,29,29,26,26,14,20,23,23,45,68,63,72,72,71,71,71,59,39,39,64,64,77,78,71,71,79,79,50,63,59,46,38,17,58,58,58,47,55,68,68,74,74,94],"gold":71,"neow_bonus":"THREE_RARE_CARDS","is_daily":false,"chose_seed":false,"campfire_upgraded":5,"win_rate":0.0,"timestamp":1611560703,"path_taken":["M","M","?","?","$","E","M","R","T","E","?","E","M","M","R","BOSS","M","M","$","M","?","R","E","M","T","M","R","E","M","M","R","BOSS","M","M","?","M","M","E","R","$","T","E","$","M","?","M","R","BOSS"],"items_purchased_type":["Card","Card","Card","Relic","Card","Card","Relic","Relic","Relic"],"build_version":"2020-12-22","purchased_purges":2,"victory":true,"max_hp_per_floor":[75,75,75,75,75,75,75,75,75,75,75,75,75,75,75,75,75,75,75,75,75,75,75,77,77,77,77,77,77,79,79,79,79,79,81,83,85,85,87,87,87,87,87,87,95,97,97,97,97,97],"card_choices":[{"not_picked":["Skeleton_Dragon","Cloudkill"],"picked":"Summon_Death_Knight","floor":0.0},{"not_picked":["Scare","Strike_from_Beyond"],"picked":"Negative_Energy_Javelin","floor":1.0},{"not_picked":["Negative_Energy_Mist","Bone_Armor","Life_Drain"],"picked":"SKIP","floor":2.0},{"not_picked":["Corrupt","Bone_Spikes"],"picked":"Shade_Step","floor":4.0},{"not_picked":["Chill_Blood","Epidemic"],"picked":"Summon_Lich","floor":6.0},{"not_picked":["Acid_Javelin","Scare","Death_Knell"],"picked":"SKIP","floor":7.0},{"not_picked":["Spectral_Armor","Violent_Necrosis"],"picked":"Summon_Undead","floor":10.0},{"not_picked":["Bone_Spikes","Epidemic","Shackles_Of_Pain"],"picked":"SKIP","floor":12.0},{"not_picked":["Negative_Energy_Shield","Negative_Energy_Javelin"],"picked":"Shade_Step","floor":13.0},{"not_picked":["Blood_Shield","Spectral_Armor"],"picked":"Summon_Vampire_Lady","floor":14.0},{"not_picked":["Summon_Undead","Negative_Energy_Shield"],"picked":"Spectral_Armor","floor":18.0},{"not_picked":["Bones_to_Steel","Strike_from_Beyond","Acid_Javelin+1"],"picked":"SKIP","floor":19.0},{"not_picked":["Bone_Armory","Blood_Whip","Blood_Shield"],"picked":"SKIP","floor":21.0},{"not_picked":["Siphon_Strength","Bone_Bullets","Bone_Armor"],"picked":"Singing Bowl","floor":24.0},{"not_picked":["Siphon_Strength+1","Bone_Armor"],"picked":"Spectral_Armor+1","floor":25.0},{"not_picked":["Flesh_Made_Foul","Vampiric_Strike"],"picked":"Summon_Undead_Army","floor":27.0},{"not_picked":["Corrupt+1","Negative_Energy_Javelin"],"picked":"Stop_Heart","floor":29.0},{"not_picked":["Scare","Negative_Energy_Sphere","Reap_The_Weak"],"picked":"Singing Bowl","floor":30.0},{"not_picked":["Blood_Curse+1","Bones_to_Steel"],"picked":"Summon_Undead_Army","floor":31.0},{"not_picked":["Skeleton_Dragon","Blood_Wake"],"picked":"Grasp_Heart","floor":33.0},{"not_picked":["Bones_to_Steel","Bone_Armor+1","Bone_Shift"],"picked":"Singing Bowl","floor":35.0},{"not_picked":["Negative_Energy_Shield","Vampiric_Strike","Bone_Armory+1"],"picked":"Singing Bowl","floor":36.0},{"not_picked":["Bone_Spikes","Exploit+1","Consume_Illness"],"picked":"Singing Bowl","floor":37.0},{"not_picked":["Negative_Energy_Sphere+1","Bone_Shift"],"picked":"Summon_Undead_Army+1","floor":38.0},{"not_picked":["Negative_Energy_Shield+1","Blood_Wake","Blood_Curse+1"],"picked":"Singing Bowl","floor":39.0},{"not_picked":["Blood_for_Blood+1","Toxic_Smoke_Screen"],"picked":"Spectral_Armor","floor":40.0},{"not_picked":["Acid_Javelin+1","Pandemic+1"],"picked":"Summon_Vampire_Lady","floor":44.0},{"not_picked":["Bone_Armor+1","Vampiric_Strike","Death_March_Dance"],"picked":"Singing Bowl","floor":45.0},{"not_picked":["Whirlwind_of_Bones","Reap_The_Weak","Vampiric_Strike"],"picked":"Singing Bowl","floor":45.0},{"not_picked":["Blood_Whip","Chill_Blood","Shackles_Of_Pain"],"picked":"Singing Bowl","floor":45.0},{"not_picked":["Death_March_Dance","Scare"],"picked":"Spectral_Walk+1","floor":45.0},{"not_picked":["Pandemic+1","Corrupt+1","Bone_Bullets"],"picked":"Singing Bowl","floor":45.0},{"not_picked":["Siphon_Strength","Bone_Armor+1","Blood_Whip+1"],"picked":"Singing Bowl","floor":46},{"not_picked":["Vampiric_Strike","Bone_Armory+1"],"picked":"Spectral_Armor+1","floor":48}],"player_experience":264019,"relics_obtained":[{"floor":6.0,"key":"Blood Vial"},{"floor":9.0,"key":"Ancient Tea Set"},{"floor":10.0,"key":"Bronze Scales"},{"floor":12.0,"key":"Regal Pillow"},{"floor":24.0,"key":"Singing Bowl"},{"floor":26.0,"key":"Matryoshka"},{"floor":29.0,"key":"Bottled Flame"},{"floor":40.0,"key":"Pen Nib"},{"floor":43.0,"key":"White Beast Statue"},{"floor":44.0,"key":"Bag of Marbles"},{"floor":49,"key":"Whetstone"}],"event_choices":[{"cards_removed":["Strike_W"],"damage_healed":0.0,"max_hp_gain":0.0,"max_hp_loss":0.0,"gold_gain":0.0,"event_name":"Bonfire Elementals","player_choice":"Offered Basic","floor":3.0,"gold_loss":0.0,"damage_taken":0.0},{"damage_healed":0.0,"max_hp_gain":0.0,"max_hp_loss":0.0,"gold_gain":0.0,"event_name":"WeMeetAgain","player_choice":"Gave Potion","floor":22.0,"gold_loss":0.0,"damage_taken":0.0,"relics_obtained":["Darkstone Periapt"]},{"damage_healed":0,"gold_gain":0,"player_choice":"Upgraded","damage_taken":0,"max_hp_gain":0,"max_hp_loss":0,"event_name":"Upgrade Shrine","floor":47,"gold_loss":0,"cards_upgraded":["Summon_Vampire_Lady"]}],"is_beta":false,"boss_relics":[{"not_picked":["Calling Bell","SacredBark"],"picked":"SlaversCollar"},{"not_picked":["Fusion Hammer","Empty Cage"],"picked":"Sozu"}],"items_purged_floors":[5,42],"is_endless":false,"potions_floor_spawned":[4,6,10,13,19,24,27,31,33,35,36,38,44,46,48],"ascension_level":6}}