{"host":"p62uqwu04pp7leh9","time":1611599367,"event":{"mods":["BaseMod","Block Reminder","Colored Map","Colored Powertips","Minty Spire (QoL Compilation)","Relic Stats"],"gold_per_floor":[114,114,42,117,140,140,159,159,159,173,173,204,95,115,115,239,239,252,167,20,41,61,61,82,120,120,161,177,102,0,14,14,137,137,158,174,194,115,448,448,474,474,547,115,149,149,168,199,199,199],"floor_reached":51,"language":"ENG","playtime":13720,"items_purged":["Defend_G","Strike_G","Grand Finale"],"score":864,"play_id":"8874815b-ac6d-454e-b984-58d6f0703470","local_time":"20210125122927","is_ascension_mode":true,"campfire_choices":[{"data":"Accuracy","floor":6,"key":"SMITH"},{"data":"Envenom","floor":11,"key":"SMITH"},{"floor":15,"key":"REST"},{"data":"Finisher","floor":23,"key":"SMITH"},{"floor":32,"key":"REST"},{"floor":40,"key":"REST"},{"floor":49,"key":"REST"}],"circlet_count":0,"master_deck":["Survivor+1","Neutralize","Finisher+1","Accuracy+1","Envenom+1","Bane","Blade Dance+1","Catalyst+1","Poisoned Stab","Expertise+1","Malaise+1","Noxious Fumes+1","Bane","Cloak And Dagger+1","Corpse Explosion+1","Outmaneuver+1","Blade Dance+1","Tactician+1","Cloak And Dagger+1","Adrenaline+1","Terror+1","Crippling Poison+1","Masterful Stab","Glass Knife","Infinite Blades+1","Night Terror+1","Deflect+1","Dodge and Roll+1","Catalyst+1"],"relics":["Ring of the Snake","Toxic Egg 2","Dream Catcher","Runic Dome","Strawberry","Ice Cream","War Paint","Ninja Scroll","Pandora\u0027s Box","Singing Bowl","Kunai","PreservedInsect","Lee\u0027s Waffle","Lizard Tail","Du-Vu Doll"],"acts_visited":["Exordium","TheCity","TheBeyond"],"potions_floor_usage":[14,16,25,27,27,31,31,41,50],"damage_taken":[{"damage":1,"enemies":"Jaw Worm","floor":1,"turns":4},{"damage":10,"enemies":"Small Slimes","floor":5,"turns":2},{"damage":0,"enemies":"2 Louse","floor":7,"turns":4},{"damage":13,"enemies":"Lots of Slimes","floor":10,"turns":6},{"damage":30,"enemies":"Lagavulin","floor":12,"turns":7},{"damage":3,"enemies":"3 Louse","floor":14,"turns":3},{"damage":7,"enemies":"The Guardian","floor":16,"turns":9},{"damage":1,"enemies":"3 Byrds","floor":18,"turns":5},{"damage":12,"enemies":"2 Thieves","floor":21,"turns":3},{"damage":13,"enemies":"Cultist and Chosen","floor":22,"turns":5},{"damage":2,"enemies":"Centurion and Healer","floor":24,"turns":4},{"damage":20,"enemies":"Book of Stabbing","floor":25,"turns":4},{"damage":27,"enemies":"Slavers","floor":27,"turns":5},{"damage":0,"enemies":"Snake Plant","floor":28,"turns":1},{"damage":0,"enemies":"Shelled Parasite and Fungi","floor":31,"turns":2},{"damage":11,"enemies":"Champ","floor":33,"turns":7},{"damage":35,"enemies":"3 Darklings","floor":35,"turns":4},{"damage":5,"enemies":"3 Shapes","floor":36,"turns":3},{"damage":18,"enemies":"Jaw Worm Horde","floor":37,"turns":3},{"damage":0,"enemies":"Nemesis","floor":41,"turns":3},{"damage":3,"enemies":"Giant Head","floor":45,"turns":3},{"damage":0,"enemies":"Transient","floor":47,"turns":5},{"damage":23,"enemies":"Nemesis","floor":48,"turns":5},{"damage":78,"enemies":"Time Eater","floor":50,"turns":10}],"seed_played":"3647133599670561860","potions_obtained":[{"floor":5,"key":"AttackPotion"},{"floor":10,"key":"Explosive Potion"},{"floor":12,"key":"Block Potion"},{"floor":21,"key":"CunningPotion"},{"floor":24,"key":"Poison Potion"},{"floor":27,"key":"Explosive Potion"},{"floor":28,"key":"DistilledChaos"},{"floor":35,"key":"Block Potion"},{"floor":36,"key":"SteroidPotion"},{"floor":47,"key":"GamblersBrew"}],"is_trial":false,"path_per_floor":["M","?","$","?","M","R","M","?","T","M","R","E","$","M","R","B",null,"M","?","$","M","M","R","M","E","T","E","M","?","?","M","R","B",null,"M","M","M","$","?","R","E","?","T","$","E","?","M","E","R","B",null],"character_chosen":"THE_SILENT","items_purchased":["Accuracy","Catalyst+1","Bane","Night Terror+1","PreservedInsect","Lee\u0027s Waffle"],"campfire_rested":4,"item_purchase_floors":[3,13,20,38,44,44],"current_hp_per_floor":[76,71,71,60,50,50,50,50,50,37,37,7,7,4,25,18,71,70,77,77,65,52,52,50,30,30,3,3,3,3,3,26,15,78,43,38,20,20,20,43,43,43,43,85,84,84,86,65,93,15],"gold":199,"neow_bonus":"TEN_PERCENT_HP_BONUS","is_daily":false,"chose_seed":false,"campfire_upgraded":3,"win_rate":0.0,"timestamp":1611599367,"path_taken":["M","?","$","?","M","R","M","?","T","M","R","E","$","M","R","BOSS","M","?","$","M","M","R","M","E","T","E","M","?","?","M","R","BOSS","M","M","M","$","?","R","E","?","T","$","E","?","M","E","R","BOSS"],"items_purchased_type":["Card","Card","Card","Card","Relic","Relic"],"build_version":"2020-12-22","purchased_purges":3,"victory":true,"max_hp_per_floor":[77,71,71,71,71,71,71,71,71,71,71,71,71,71,71,71,71,71,78,78,78,78,78,78,78,78,78,78,78,78,78,78,78,78,78,78,78,78,78,78,78,78,78,85,87,87,89,91,93,93],"relic_stats":{"Dream Catcher":4,"Lee\u0027s Waffle":42,"Lizard Tail":0,"Singing Bowl":8,"counters":[24,107],"Pandora\u0027s Box":["Grand Finale","Choke","Terror","Crippling Poison","Masterful Stab","Glass Knife"],"PreservedInsect":172,"Kunai":[25],"War Paint":["Survivor","Defend_G"],"obtain_stats":[{"Ice Cream":25,"Lee\u0027s Waffle":44,"Singing Bowl":41,"Golden Idol":2,"PreservedInsect":44,"War Paint":26,"Du-Vu Doll":48,"Runic Dome":17,"Dream Catcher":12,"Lizard Tail":45,"Ninja Scroll":27,"Strawberry":19,"Pandora\u0027s Box":34,"Kunai":43,"Toxic Egg 2":9,"Ring of the Snake":0},{"Ice Cream":12,"Lee\u0027s Waffle":20,"Singing Bowl":20,"Golden Idol":1,"PreservedInsect":20,"War Paint":12,"Du-Vu Doll":23,"Runic Dome":7,"Dream Catcher":5,"Lizard Tail":21,"Ninja Scroll":13,"Strawberry":8,"Pandora\u0027s Box":16,"Kunai":20,"Toxic Egg 2":3,"Ring of the Snake":0},{"Ice Cream":56,"Lee\u0027s Waffle":84,"Singing Bowl":84,"Golden Idol":4,"PreservedInsect":84,"War Paint":56,"Du-Vu Doll":97,"Runic Dome":35,"Dream Catcher":23,"Lizard Tail":87,"Ninja Scroll":61,"Strawberry":40,"Pandora\u0027s Box":71,"Kunai":84,"Toxic Egg 2":10,"Ring of the Snake":0}],"Ring of the Snake":[48]},"card_choices":[{"not_picked":["Backflip","Sucker Punch"],"picked":"Finisher","floor":1},{"not_picked":["Slice","Quick Slash","Dagger Throw"],"picked":"SKIP","floor":5},{"not_picked":["PiercingWail","Slice"],"picked":"Envenom","floor":7},{"not_picked":["Backflip+1","Deadly Poison+1"],"picked":"Bane","floor":10},{"not_picked":["Deadly Poison+1","Underhanded Strike"],"picked":"Blade Dance+1","floor":12},{"not_picked":["Well Laid Plans","Dagger Throw"],"picked":"Poisoned Stab","floor":14},{"not_picked":["Sucker Punch","Well Laid Plans"],"picked":"Expertise+1","floor":15},{"not_picked":["Storm of Steel+1","Tools of the Trade"],"picked":"Malaise+1","floor":16},{"not_picked":["Dodge and Roll+1","Well Laid Plans"],"picked":"Noxious Fumes+1","floor":18},{"not_picked":["Flechettes","Setup+1","Sucker Punch+1"],"picked":"SKIP","floor":21},{"not_picked":["Endless Agony","Backflip+1"],"picked":"Cloak And Dagger+1","floor":22},{"not_picked":["Backstab","Backflip+1"],"picked":"Corpse Explosion+1","floor":24},{"not_picked":["Poisoned Stab","Bane"],"picked":"Outmaneuver+1","floor":25},{"not_picked":["Outmaneuver+1","Deadly Poison+1"],"picked":"Blade Dance+1","floor":27},{"not_picked":["Distraction+1","Slice"],"picked":"Tactician+1","floor":28},{"not_picked":["Prepared+1","Acrobatics+1","Dagger Throw"],"picked":"SKIP","floor":31},{"not_picked":["Sucker Punch","Blade Dance+1"],"picked":"Cloak And Dagger+1","floor":32},{"not_picked":["Storm of Steel+1","Grand Finale"],"picked":"Adrenaline+1","floor":33},{"not_picked":["Bane","Prepared+1"],"picked":"Infinite Blades+1","floor":35},{"not_picked":["All Out Attack","Bane","Predator+1"],"picked":"SKIP","floor":36},{"not_picked":["Prepared+1","Calculated Gamble+1","Distraction+1"],"picked":"SKIP","floor":37},{"not_picked":["Finisher+1","Sucker Punch+1"],"picked":"Deflect+1","floor":40},{"not_picked":["Slice","Accuracy"],"picked":"Dodge and Roll+1","floor":41},{"not_picked":["Deflect+1","Flying Knee","All Out Attack"],"picked":"Singing Bowl","floor":45},{"not_picked":["Cloak And Dagger+1","Riddle With Holes+1","Well Laid Plans"],"picked":"Singing Bowl","floor":47},{"not_picked":["Doppelganger+1","Sucker Punch","Flying Knee"],"picked":"Singing Bowl","floor":48},{"not_picked":["Prepared+1","Escape Plan+1","Distraction+1"],"picked":"Singing Bowl","floor":49}],"player_experience":342315,"relics_obtained":[{"floor":9,"key":"Toxic Egg 2"},{"floor":12,"key":"Dream Catcher"},{"floor":25,"key":"Ice Cream"},{"floor":26,"key":"War Paint"},{"floor":27,"key":"Ninja Scroll"},{"floor":41,"key":"Singing Bowl"},{"floor":43,"key":"Kunai"},{"floor":45,"key":"Lizard Tail"},{"floor":48,"key":"Du-Vu Doll"}],"event_choices":[{"damage_healed":0,"gold_gain":0,"player_choice":"Lose Max HP","damage_taken":0,"relics_obtained":["Golden Idol"],"max_hp_gain":0,"max_hp_loss":6,"event_name":"Golden Idol","floor":2,"gold_loss":0},{"damage_healed":0,"gold_gain":75,"player_choice":"Gather Gold","damage_taken":11,"max_hp_gain":0,"max_hp_loss":0,"event_name":"World of Goop","floor":4,"gold_loss":0},{"cards_removed":["Strike_G"],"damage_healed":0,"gold_gain":0,"player_choice":"Forget","damage_taken":0,"max_hp_gain":0,"max_hp_loss":0,"event_name":"Living Wall","floor":8,"gold_loss":0},{"damage_healed":0,"gold_gain":0,"player_choice":"Obtained Relic","damage_taken":0,"relics_obtained":["Strawberry"],"max_hp_gain":0,"max_hp_loss":0,"event_name":"Addict","floor":19,"gold_loss":85},{"cards_removed":["Strike_G"],"damage_healed":0,"gold_gain":0,"player_choice":"Gave Gold","damage_taken":0,"max_hp_gain":0,"max_hp_loss":0,"event_name":"Beggar","floor":29,"gold_loss":75},{"damage_healed":0,"gold_gain":0,"player_choice":"Paid Fearfully","damage_taken":0,"max_hp_gain":0,"max_hp_loss":0,"event_name":"Masked Bandits","floor":30,"gold_loss":102},{"damage_healed":0,"gold_gain":333,"player_choice":"Gave Idol","damage_taken":0,"max_hp_gain":0,"max_hp_loss":0,"event_name":"The Moai Head","floor":39,"relics_lost":["Golden Idol"],"gold_loss":0},{"cards_removed":["Choke"],"damage_healed":0,"gold_gain":0,"player_choice":"Removed Attack","damage_taken":0,"max_hp_gain":0,"max_hp_loss":0,"event_name":"Falling","floor":42,"gold_loss":0},{"damage_healed":0,"gold_gain":0,"player_choice":"Copied","damage_taken":0,"max_hp_gain":0,"max_hp_loss":0,"event_name":"Duplicator","floor":46,"gold_loss":0,"cards_obtained":["Catalyst"]}],"is_beta":false,"boss_relics":[{"not_picked":["Ectoplasm","Velvet Choker"],"picked":"Runic Dome"},{"not_picked":["Cursed Key","Snecko Eye"],"picked":"Pandora\u0027s Box"}],"items_purged_floors":[13,20,44],"is_endless":false,"potions_floor_spawned":[5,10,12,21,24,27,28,35,36,47],"ascension_level":1}}