{"host":"vld99k9l4elccfy8","time":1611607404,"event":{"mods":["AchievementEnabler","BaseMod","Bestiary","Block Reminder","Colored Map","Colored Powertips","Custom Start","Highlight Path","Minty Spire (QoL Compilation)","Permanent Neow","Rare Cards Sparkle"],"gold_per_floor":[116,135,63,76,76,76,93,106,130,130,150,124,142,142,142,142,142],"floor_reached":16,"language":"ENG","playtime":1640,"items_purged":[],"score":119,"play_id":"ea216fbe-1393-4add-957b-a92a2fccd0bc","local_time":"20210125134324","is_ascension_mode":false,"campfire_choices":[{"data":"Seeing Red","floor":6.0,"key":"SMITH"},{"data":"Feed","floor":10.0,"key":"SMITH"},{"floor":15,"key":"REST"}],"circlet_count":0,"master_deck":["Strike_R","Strike_R","Strike_R","Strike_R","Strike_R","Defend_R","Defend_R","Defend_R","Defend_R","Doubt","Feed+1","Armaments","Flex","Seeing Red+1","Infernal Blade","Warcry","Uppercut","Warcry","Shrug It Off","Iron Wave","Ghostly Armor"],"relics":["Burning Blood","Lantern","Golden Idol"],"acts_visited":["Exordium"],"potions_floor_usage":[16],"damage_taken":[{"damage":9.0,"enemies":"Jaw Worm","floor":1.0,"turns":6.0},{"damage":3.0,"enemies":"Cultist","floor":2.0,"turns":6.0},{"damage":0.0,"enemies":"Small Slimes","floor":4.0,"turns":3.0},{"damage":19.0,"enemies":"Red Slaver","floor":7.0,"turns":6.0},{"damage":11.0,"enemies":"Exordium Wildlife","floor":8.0,"turns":6.0},{"damage":8.0,"enemies":"Exordium Thugs","floor":11.0,"turns":5.0},{"damage":2,"enemies":"Looter","floor":13,"turns":2},{"damage":111,"enemies":"The Guardian","floor":16,"turns":23}],"seed_played":"2878096882064766372","potions_obtained":[{"floor":7.0,"key":"BloodPotion"},{"floor":8.0,"key":"SmokeBomb"},{"floor":11.0,"key":"Block Potion"}],"is_trial":false,"path_per_floor":["M","M","$","M","?","R","M","M","T","R","M","$","M","?","R","B"],"character_chosen":"IRONCLAD","items_purchased":["Seeing Red","Iron Wave"],"campfire_rested":1,"item_purchase_floors":[3,12],"current_hp_per_floor":[80,83,83,86,86,86,77,76,76,76,78,78,82,58,87,0,0],"gold":142,"neow_bonus":"THREE_RARE_CARDS","is_daily":false,"chose_seed":false,"campfire_upgraded":2,"win_rate":0.0,"timestamp":1611607404,"path_taken":["M","M","$","M","?","R","M","M","T","R","M","$","?","?","R","BOSS"],"items_purchased_type":["Card","Card"],"build_version":"2020-12-22","purchased_purges":0,"victory":false,"max_hp_per_floor":[83,83,83,86,86,86,90,94,94,94,98,98,98,98,98,98,98],"card_choices":[{"not_picked":["Juggernaut","Fiend Fire"],"picked":"Feed","floor":0.0},{"not_picked":["Pommel Strike","Clothesline"],"picked":"Armaments","floor":1.0},{"not_picked":["Disarm","Twin Strike"],"picked":"Flex","floor":2.0},{"not_picked":["Combust","Intimidate"],"picked":"Infernal Blade","floor":4.0},{"not_picked":["Flame Barrier","Shrug It Off"],"picked":"Uppercut","floor":7.0},{"not_picked":["Anger","Evolve"],"picked":"Warcry","floor":8.0},{"not_picked":["Warcry","Twin Strike"],"picked":"Shrug It Off","floor":11.0},{"not_picked":["Clash","Spot Weakness"],"picked":"Ghostly Armor","floor":13}],"player_experience":283761,"relics_obtained":[{"floor":9.0,"key":"Lantern"}],"event_choices":[{"damage_healed":0.0,"max_hp_gain":0.0,"max_hp_loss":0.0,"gold_gain":0.0,"cards_transformed":["Bash"],"event_name":"Transmorgrifier","player_choice":"Transformed","floor":5.0,"gold_loss":0.0,"damage_taken":0.0,"cards_obtained":["Warcry"]},{"damage_healed":0,"gold_gain":0,"player_choice":"Take Damage","damage_taken":24,"relics_obtained":["Golden Idol"],"max_hp_gain":0,"max_hp_loss":0,"event_name":"Golden Idol","floor":14,"gold_loss":0}],"is_beta":false,"boss_relics":[],"items_purged_floors":[],"is_endless":false,"potions_floor_spawned":[7,8,11],"killed_by":"The Guardian","ascension_level":0}}