{"host":"0fmi5fguj5lvt8pf","time":1611595854,"event":{"mods":["BaseMod","Colored Map","Curses Come First","Downfall","Minty Spire (QoL Compilation)","Permanent Neow","StSLib"],"gold_per_floor":[99,117,117,134,146,146,146,221,321,335,354,33,33,76,97,211,211,211,239,17,17,37,46,46,64,91,114,158,158,158,346,361,471,471,471,481,491,491,513,540,540,572,592,359,376,394,94,94,105,105,105,132,7,16,16,16,16,16],"floor_reached":56,"language":"ENG","playtime":4306,"items_purged":["Slimebound:Strike_Slimebound","downfall:Bewildered","Slimebound:Defend_Slimebound"],"score":776,"play_id":"707e6086-79ad-47fd-9f1d-63b1d761a28d","local_time":"20210125093054","is_ascension_mode":false,"campfire_choices":[{"data":"Slimebound:SelfFormingGoo","floor":1.0,"key":"SMITH"},{"data":"Slimebound:SamplingLick","floor":13.0,"key":"SMITH"},{"data":"Slimebound:Split","floor":18.0,"key":"SMITH"},{"floor":35.0,"key":"RECALL"},{"data":"expansioncontent:LastStand","floor":47.0,"key":"SMITH"},{"floor":54,"key":"REST"}],"circlet_count":0,"master_deck":["Slimebound:Tackle","Slimebound:Defend_Slimebound","Slimebound:Defend_Slimebound","Slimebound:Split+1","Slimebound:CorrosiveSpit","Slimebound:SelfFormingGoo+1","Slimebound:Chomp","Slimebound:Gluttony","Slimebound:SamplingLick+1","Slimebound:CheckThePlaybook+1","Slimebound:Dissolve","Slimebound:ItLooksTasty","Slimebound:LivingWall","Slimebound:SplitAcid","Slimebound:Chomp","Slimebound:LeechingTouch","Slimebound:SamplingLick","Slimebound:MassFeed","Slimebound:SlimeSpikes+1","Slimebound:Schlurp","Slimebound:Nibble","Slimebound:SlimeTap","Slimebound:MassRepurpose+1","Slimebound:SplitLeeching","Slimebound:HungryTackle","Slimebound:Recycling","Slimebound:SamplingLick+1","Slimebound:SelfFormingGoo","Slimebound:SplitSpecialist+1","Slimebound:Darklings","Slimebound:HauntingLick+1","Slimebound:Darklings","Slimebound:HungryTackle","expansioncontent:LastStand+1","expansioncontent:AwakenDeath","Slimebound:SpikyOuterGoop+1"],"relics":["Slimebound:AbsorbEndCombatUpgraded","Slimebound:SlimedSkullRelic","Mummified Hand","Slimebound:MaxSlimesRelic","sneckomod:BlankCard","CeramicFish","hexamod:BolsterEngine","sneckomod:BabySnecko","Bag of Marbles","Vajra","MutagenicStrength","Slimebound:AggressiveSlimeRelic","Sozu","Singing Bowl","Dream Catcher","downfall:HeartBlessingRed","downfall:HeartBlessingGreen","downfall:HeartBlessingBlue","Orichalcum"],"acts_visited":["Exordium","TheCity","TheBeyond","TheEnding"],"potions_floor_usage":[56,56],"damage_taken":[{"damage":3.0,"enemies":"Small Slimes","floor":2.0,"turns":3.0},{"damage":6.0,"enemies":"Jaw Worm","floor":4.0,"turns":4.0},{"damage":3.0,"enemies":"2 Louse","floor":5.0,"turns":2.0},{"damage":8.0,"enemies":"downfall:Heads","floor":9.0,"turns":5.0},{"damage":12.0,"enemies":"Exordium Wildlife","floor":10.0,"turns":2.0},{"damage":2.0,"enemies":"2 Fungi Beasts","floor":11.0,"turns":2.0},{"damage":3.0,"enemies":"downfall:FleeingMerchant","floor":12.0,"turns":4.0},{"damage":19.0,"enemies":"3 Sentries","floor":14.0,"turns":4.0},{"damage":7.0,"enemies":"Blue Slaver","floor":15.0,"turns":2.0},{"damage":22.0,"enemies":"IC_STATUS_ARCHETYPE","floor":16.0,"turns":5.0},{"damage":0.0,"enemies":"Chosen","floor":19.0,"turns":3.0},{"damage":6.0,"enemies":"downfall:FleeingMerchant","floor":20.0,"turns":4.0},{"damage":3.0,"enemies":"Spheric Guardian","floor":22.0,"turns":2.0},{"damage":3.0,"enemies":"Snecko","floor":26.0,"turns":5.0},{"damage":0.0,"enemies":"Shelled Parasite and Fungi","floor":27.0,"turns":3.0},{"damage":12.0,"enemies":"Gremlin Leader","floor":28.0,"turns":3.0},{"damage":0.0,"enemies":"downfall:FleeingMerchant","floor":31.0,"turns":4.0},{"damage":0.0,"enemies":"Chosen and Byrds","floor":32.0,"turns":2.0},{"damage":44.0,"enemies":"DF_ARCHETYPE_CLAW","floor":33.0,"turns":6.0},{"damage":0.0,"enemies":"3 Shapes","floor":36.0,"turns":3.0},{"damage":23.0,"enemies":"3 Darklings","floor":37.0,"turns":3.0},{"damage":0.0,"enemies":"4 Shapes","floor":39.0,"turns":2.0},{"damage":33.0,"enemies":"Maw","floor":40.0,"turns":5.0},{"damage":18.0,"enemies":"Reptomancer","floor":42.0,"turns":4.0},{"damage":1.0,"enemies":"Spire Growth","floor":43.0,"turns":3.0},{"damage":2.0,"enemies":"Writhing Mass","floor":45.0,"turns":4.0},{"damage":0.0,"enemies":"3 Darklings","floor":49.0,"turns":2.0},{"damage":30,"enemies":"WA_ARCHETYPE_DIVINITY","floor":50,"turns":7},{"damage":32,"enemies":"downfall:CharBossMerchant","floor":52,"turns":5},{"damage":67,"enemies":"downfall:NeowBoss","floor":55,"turns":15},{"damage":53,"enemies":"downfall:NeowBossFinal","floor":56,"turns":5}],"seed_played":"1086686951249796878","potions_obtained":[{"floor":4.0,"key":"ColorlessPotion"},{"floor":10.0,"key":"SteroidPotion"},{"floor":11.0,"key":"Slimebound:SlimyTonguePotion"},{"floor":15.0,"key":"ColorlessPotion"},{"floor":21.0,"key":"CultistPotion"},{"floor":28.0,"key":"Slimebound:SlimyTonguePotion"},{"floor":33.0,"key":"CultistPotion"}],"is_trial":false,"path_per_floor":["R","M","?","M","M","?","T","T","?","M","M","$","R","E","M","B",null,"R","M","$","?","M","?","T","?","M","M","E","T","?","$","M","B",null,"R","M","M","?","M","M","T","E","M","$","M","?","R","?","M","B",null,"E","$","R","B","B"],"character_chosen":"SLIMEBOUND","items_purchased":["Slimebound:SplitAcid","sneckomod:BlankCard","Slimebound:Chomp","Slimebound:Nibble","hexamod:BolsterEngine","Slimebound:AggressiveSlimeRelic","Slimebound:Darklings","Slimebound:HungryTackle"],"campfire_rested":1,"item_purchase_floors":[12,12,12,20,20,31,44,44],"current_hp_per_floor":[59,58,46,44,45,45,45,45,45,35,39,44,44,31,30,16,59,59,59,56,56,59,59,59,59,62,62,59,59,59,62,62,27,62,62,62,51,51,51,33,33,32,49,49,64,56,66,66,83,65,86,68,68,88,40,0,0,0],"gold":16,"neow_bonus":"THREE_RARE_CARDS","is_daily":false,"chose_seed":false,"campfire_upgraded":4,"win_rate":0.0,"timestamp":1611595854,"path_taken":["R","M","?","M","M","?","T","?","?","?","M","$","R","E","M","BOSS","R","M","$","?","M","?","T","?","?","M","E","?","?","$","M","BOSS","R","M","M","?","M","?","T","E","M","$","M","?","R","?","M","BOSS","E","$","R","BOSS","BOSS"],"items_purchased_type":["Card","Relic","Card","Card","Relic","Relic","Card","Card"],"build_version":"2020-12-22","purchased_purges":3,"victory":false,"max_hp_per_floor":[59,59,59,59,59,59,59,59,59,59,59,59,59,59,59,59,59,59,59,59,59,59,59,59,59,62,62,62,62,62,62,62,62,62,62,62,62,62,62,62,62,64,67,67,69,71,81,81,86,86,86,88,88,88,88,88,88,88],"card_choices":[{"not_picked":["Slimebound:OneTwoCombo","Slimebound:Darklings"],"picked":"Slimebound:SelfFormingGoo","floor":0.0},{"not_picked":["Slimebound:SamplingLick","Slimebound:HauntingLick"],"picked":"Slimebound:Chomp","floor":2.0},{"not_picked":["Slimebound:Chomp","Slimebound:PressTheAttack"],"picked":"Slimebound:Gluttony","floor":4.0},{"not_picked":["Slimebound:GoopSpray","Slimebound:Chomp"],"picked":"Slimebound:SamplingLick","floor":5.0},{"not_picked":["Slimebound:Gluttony","Slimebound:FinishingTackle"],"picked":"Slimebound:Dissolve","floor":9.0},{"not_picked":["Slimebound:ItLooksTasty","Slimebound:RollThrough","Slimebound:SlimeBrawl"],"picked":"SKIP","floor":10.0},{"not_picked":["Slimebound:RollThrough","Slimebound:SlimeBrawl"],"picked":"Slimebound:ItLooksTasty","floor":10.0},{"not_picked":["Slimebound:RainOfGoop","Slimebound:ItLooksTasty"],"picked":"Slimebound:LivingWall","floor":11.0},{"not_picked":["Slimebound:PressTheAttack","Slimebound:GoopTackle","Slimebound:GoopSpray"],"picked":"SKIP","floor":12.0},{"not_picked":["Slimebound:OneTwoCombo","Slimebound:Grow"],"picked":"Slimebound:LeechingTouch","floor":14.0},{"not_picked":["Slimebound:PressTheAttack","Slimebound:LivingWall"],"picked":"Slimebound:SamplingLick","floor":15.0},{"not_picked":["Slimebound:LeechLife","Slimebound:SelfFormingGoo"],"picked":"Slimebound:MassFeed","floor":16.0},{"not_picked":["Slimebound:Gluttony","Slimebound:SplitMire"],"picked":"Slimebound:SlimeSpikes+1","floor":19.0},{"not_picked":["Slimebound:SplitSpecialist","Slimebound:GoopTackle+1"],"picked":"Slimebound:Schlurp","floor":20.0},{"not_picked":["Slimebound:RainOfGoop","Slimebound:LeechEnergy","Slimebound:SplitLeeching"],"picked":"SKIP","floor":22.0},{"not_picked":["Slimebound:Replication","Slimebound:DivideAndConquer"],"picked":"Slimebound:SplitLeeching","floor":26.0},{"not_picked":["Slimebound:GoopTackle","Slimebound:RollThrough"],"picked":"Slimebound:HungryTackle","floor":27.0},{"not_picked":["Slimebound:GoopSpray","Slimebound:FlameTackle"],"picked":"Slimebound:Recycling","floor":28.0},{"not_picked":["Slimebound:SplitLeeching+1","Slimebound:Replication+1"],"picked":"Slimebound:SamplingLick+1","floor":31.0},{"not_picked":["Slimebound:ViciousTackle+1","Slimebound:DisruptingSlam","Slimebound:GoopSpray"],"picked":"SKIP","floor":32.0},{"not_picked":["Slimebound:WasteNot","Slimebound:Overexert"],"picked":"Slimebound:SelfFormingGoo","floor":33.0},{"not_picked":["Slimebound:HauntingLick","Slimebound:ComboTackle","Slimebound:ItLooksTasty+1"],"picked":"SKIP","floor":36.0},{"not_picked":["Slimebound:FinishingTackle","Slimebound:LeechingTouch","Slimebound:GoopTackle"],"picked":"SKIP","floor":37.0},{"not_picked":["Slimebound:RollThrough","Slimebound:LeechEnergy+1"],"picked":"Slimebound:SplitSpecialist+1","floor":39.0},{"not_picked":["Slimebound:GoopTackle","Slimebound:LeechEnergy+1"],"picked":"Slimebound:Darklings","floor":40.0},{"not_picked":["Slimebound:HauntingLick","Slimebound:ItLooksTasty+1","Slimebound:RainOfGoop"],"picked":"Singing Bowl","floor":42.0},{"not_picked":["Slimebound:Prepare+1","Slimebound:SamplingLick"],"picked":"Slimebound:HauntingLick+1","floor":43.0},{"not_picked":["Slimebound:RainOfGoop","Slimebound:FinishingTackle+1","Slimebound:GoopTackle+1"],"picked":"Singing Bowl","floor":45.0},{"not_picked":["expansioncontent:HyperBeam","expansioncontent:YouAreMine"],"picked":"expansioncontent:LastStand","floor":46.0},{"not_picked":["expansioncontent:LastStand","expansioncontent:GuardianWhirl","expansioncontent:Chronoboost"],"picked":"Singing Bowl","floor":46.0},{"not_picked":["expansioncontent:YouAreMine","expansioncontent:HyperBeam"],"picked":"expansioncontent:AwakenDeath","floor":46.0},{"not_picked":["Slimebound:AcidTongue","Slimebound:ViciousTackle","Slimebound:ComboTackle+1"],"picked":"Singing Bowl","floor":49.0},{"not_picked":["Slimebound:MassFeed","Slimebound:LeechEnergy+1","Slimebound:AcidTongue+1"],"picked":"Singing Bowl","floor":52},{"not_picked":["Slimebound:ItLooksTasty+1","Slimebound:Chomp"],"picked":"Slimebound:SpikyOuterGoop+1","floor":54}],"player_experience":1403002,"relics_obtained":[{"floor":7.0,"key":"Mummified Hand"},{"floor":8.0,"key":"Slimebound:MaxSlimesRelic"},{"floor":14.0,"key":"CeramicFish"},{"floor":28.0,"key":"Bag of Marbles"},{"floor":29.0,"key":"Vajra"},{"floor":41.0,"key":"Singing Bowl"},{"floor":42.0,"key":"Dream Catcher"},{"floor":52,"key":"Orichalcum"}],"event_choices":[{"damage_healed":0.0,"max_hp_gain":0.0,"max_hp_loss":0.0,"gold_gain":0.0,"event_name":"Scrap Ooze","player_choice":"Success","floor":3.0,"gold_loss":0.0,"damage_taken":12.0,"relics_obtained":["Slimebound:SlimedSkullRelic"]},{"damage_healed":0.0,"max_hp_gain":0.0,"max_hp_loss":0.0,"gold_gain":0.0,"event_name":"Drug Dealer","player_choice":"Inject Mutagens","floor":30.0,"gold_loss":0.0,"damage_taken":0.0,"relics_obtained":["MutagenicStrength"]},{"damage_healed":0.0,"max_hp_gain":0.0,"max_hp_loss":0.0,"gold_gain":0.0,"event_name":"Accursed Blacksmith","player_choice":"Forge","floor":38.0,"gold_loss":0.0,"damage_taken":0.0,"cards_upgraded":["Slimebound:MassRepurpose"]}],"is_beta":false,"boss_relics":[{"not_picked":["Calling Bell","Astrolabe"],"picked":"Slimebound:AbsorbEndCombatUpgraded"},{"not_picked":["Slimebound:TarBlob","sneckomod:SneckoTalon"],"picked":"Sozu"}],"items_purged_floors":[12,44,53],"is_endless":false,"potions_floor_spawned":[4,10,11,15,16,19,28,32,33,36,39,40,49,52],"killed_by":"downfall:NeowBossFinal","ascension_level":0}}