{"host":"aabv8rsjba1dk38u","time":1611575556,"event":{"mods":["Act Like it!","BaseMod","CapriCore","DeckTracker","Gensokyo","Hermit","HololiveMod","Koishi","Luminous","Marisa????????","Minty Spire (QoL Compilation)","Rare Cards Sparkle","Relic Stats","Remilia??????","StSLib","SuperFastMode","The Immortal","The Marked","The Senshi","The Servant 0.9.4","Waifu the Spire","WarShipGirlsR/????R mod"],"gold_per_floor":[109,109,128,128,128,128,147,147,147,166,266,277,277,289,289,390,390,408,408,423,442,442,442,454,67,67,67,82,82,92,191,191,191,191],"floor_reached":33,"language":"ENG","playtime":875,"items_purged":["theMarked:Strike"],"score":264,"play_id":"653ee3e7-b870-417c-b9c9-236391756fdc","local_time":"20210125185236","is_ascension_mode":false,"campfire_choices":[{"data":"theMarked:Abjuration","floor":6,"key":"SMITH"},{"floor":13,"key":"REST"},{"floor":15,"key":"REST"},{"floor":23,"key":"REST"},{"floor":27,"key":"REST"},{"floor":29,"key":"REST"},{"floor":32,"key":"REST"}],"circlet_count":0,"master_deck":["theMarked:Strike","theMarked:Strike","theMarked:Strike","theMarked:Defend","theMarked:Defend","theMarked:Defend","theMarked:Defend+1","theMarked:SoldierOfQuellstein","theMarked:BindingBlade+1","theMarked:SwordAndMagic","theMarked:Abjuration+1","theMarked:EmpowerWeapon","theMarked:EternalStudent","theMarked:TakeOffHeels","theMarked:BindingBlade"],"relics":["theMarked:BronzeBlade","Singing Bowl","FossilizedHelix","Nunchaku"],"acts_visited":["Exordium","TheCity"],"potions_floor_usage":[16,16,16,24,24,24,33],"damage_taken":[{"damage":10,"enemies":"Jaw Worm","floor":1,"turns":4},{"damage":2,"enemies":"2 Louse","floor":3,"turns":3},{"damage":1,"enemies":"Cultist","floor":7,"turns":3},{"damage":12,"enemies":"Blue Slaver","floor":10,"turns":3},{"damage":10,"enemies":"Looter","floor":12,"turns":3},{"damage":42,"enemies":"Exordium Thugs","floor":14,"turns":5},{"damage":28,"enemies":"Hexaghost","floor":16,"turns":9},{"damage":39,"enemies":"3 Byrds","floor":18,"turns":7},{"damage":23,"enemies":"2 Thieves","floor":20,"turns":4},{"damage":53,"enemies":"Snake Plant","floor":21,"turns":5},{"damage":21,"enemies":"Shelled Parasite and Fungi","floor":24,"turns":4},{"damage":26,"enemies":"Centurion and Healer","floor":28,"turns":4},{"damage":13,"enemies":"Snake Plant","floor":30,"turns":4},{"damage":73,"enemies":"Automaton","floor":33,"turns":6}],"seed_played":"9186712517670741283","potions_obtained":[{"floor":3,"key":"EssenceOfSteel"},{"floor":10,"key":"SkillPotion"},{"floor":12,"key":"SkillPotion"},{"floor":20,"key":"DuplicationPotion"},{"floor":22,"key":"Energy Potion"},{"floor":22,"key":"Strength Potion"},{"floor":28,"key":"LiquidMemories"}],"is_trial":false,"path_per_floor":["M","?","M","?","$","R","M","?","T","M","?","M","R","M","R","B",null,"M","?","M","M","?","R","M","$","T","R","M","R","M","?","R","B"],"character_chosen":"THE_DEFAULT","items_purchased":["FossilizedHelix"],"campfire_rested":6,"item_purchase_floors":[25],"current_hp_per_floor":[67,67,65,65,65,65,64,49,49,37,37,29,52,12,36,8,81,44,83,62,11,11,37,16,16,16,42,18,44,33,33,60,0,0],"gold":191,"neow_bonus":"TEN_PERCENT_HP_BONUS","is_daily":false,"chose_seed":false,"campfire_upgraded":1,"win_rate":0.0,"timestamp":1611575556,"path_taken":["M","?","M","?","$","R","?","?","T","M","?","M","R","?","R","BOSS","M","?","M","?","?","R","M","?","T","R","M","R","M","?","R","BOSS"],"items_purchased_type":["Relic"],"build_version":"2020-12-22","purchased_purges":1,"victory":false,"max_hp_per_floor":[77,77,77,77,77,77,77,77,77,77,77,79,79,81,81,81,81,83,83,85,87,87,87,87,87,87,87,89,89,91,91,91,91,91],"relic_stats":{"Nunchaku":[2],"Singing Bowl":14,"counters":[14,64],"obtain_stats":[{"theMarked:ArtifactOfAir":0,"Nunchaku":26,"Singing Bowl":9,"theMarked:BronzeBlade":17,"FossilizedHelix":25},{"theMarked:ArtifactOfAir":0,"Nunchaku":11,"Singing Bowl":3,"theMarked:BronzeBlade":7,"FossilizedHelix":11},{"theMarked:ArtifactOfAir":0,"Nunchaku":50,"Singing Bowl":10,"theMarked:BronzeBlade":30,"FossilizedHelix":50}]},"card_choices":[{"not_picked":["theMarked:Frustration","theMarked:Improvise","theMarked:TwofoldDefense"],"picked":"SKIP","floor":1},{"not_picked":["theMarked:GodGivenPower","theMarked:Improvise"],"picked":"theMarked:SwordAndMagic","floor":3},{"not_picked":["theMarked:WastefulAttack","theMarked:SwordAndMagic"],"picked":"theMarked:EmpowerWeapon","floor":7},{"not_picked":["theMarked:TwofoldDefense","theMarked:Static"],"picked":"theMarked:EternalStudent","floor":10},{"not_picked":["theMarked:HeightenedSenses","theMarked:SwordAndMagic","theMarked:Heritage"],"picked":"Singing Bowl","floor":12},{"not_picked":["theMarked:RogueSparks","theMarked:Static","theMarked:Maelstrom"],"picked":"Singing Bowl","floor":14},{"not_picked":["theMarked:Vacuum","theMarked:SuspiciousRaven"],"picked":"theMarked:TakeOffHeels","floor":16},{"not_picked":["theMarked:Heritage","theMarked:ResourceFulStrike+1","theMarked:SwordAndMagic"],"picked":"Singing Bowl","floor":18},{"not_picked":["theMarked:Polarize","theMarked:WastefulAttack","theMarked:BanishingStrike"],"picked":"Singing Bowl","floor":20},{"not_picked":["theMarked:ChainLightning","theMarked:Frustration+1","theMarked:TakeCover"],"picked":"Singing Bowl","floor":21},{"not_picked":["theMarked:Opportunist+1","theMarked:EmpowerWeapon+1"],"picked":"theMarked:BindingBlade","floor":24},{"not_picked":["theMarked:Aftermath","theMarked:Generate","theMarked:RepellingDischarge"],"picked":"Singing Bowl","floor":28},{"not_picked":["theMarked:SelfDefenseTraining","theMarked:ShockingTouch","theMarked:Improvise"],"picked":"Singing Bowl","floor":30}],"player_experience":242021,"relics_obtained":[{"floor":9,"key":"Singing Bowl"},{"floor":26,"key":"Nunchaku"}],"event_choices":[{"damage_healed":0,"gold_gain":0,"cards_transformed":["theMarked:Strike"],"player_choice":"Change","damage_taken":0,"max_hp_gain":0,"max_hp_loss":0,"event_name":"Living Wall","floor":2,"gold_loss":0,"cards_obtained":["theMarked:BindingBlade"]},{"damage_healed":0,"gold_gain":0,"player_choice":"1 cards matched","damage_taken":0,"max_hp_gain":0,"max_hp_loss":0,"event_name":"Match and Keep!","floor":4,"gold_loss":0,"cards_obtained":["theMarked:Abjuration"]},{"damage_healed":0,"gold_gain":0,"player_choice":"1 cards matched","damage_taken":0,"max_hp_gain":0,"max_hp_loss":0,"event_name":"Match and Keep!","floor":4,"gold_loss":0,"cards_obtained":["theMarked:Abjuration"]},{"damage_healed":0,"gold_gain":0,"player_choice":"Entered Light","damage_taken":15,"max_hp_gain":0,"max_hp_loss":0,"event_name":"Shining Light","floor":8,"gold_loss":0,"cards_upgraded":["theMarked:Defend","theMarked:BindingBlade"]},{"damage_healed":0,"gold_gain":100,"player_choice":"Pray","damage_taken":0,"max_hp_gain":0,"max_hp_loss":0,"event_name":"Golden Shrine","floor":11,"gold_loss":0},{"damage_healed":39,"gold_gain":0,"player_choice":"Full Heal","damage_taken":0,"max_hp_gain":0,"max_hp_loss":0,"event_name":"Wheel of Change","floor":19,"gold_loss":0},{"damage_healed":0,"gold_gain":0,"player_choice":"Got Potions","damage_taken":0,"max_hp_gain":0,"max_hp_loss":0,"event_name":"Lab","floor":22,"gold_loss":0},{"damage_healed":0,"gold_gain":99,"player_choice":"Stole From Cult","damage_taken":0,"max_hp_gain":0,"max_hp_loss":0,"event_name":"Nest","floor":31,"gold_loss":0}],"is_beta":false,"boss_relics":[{"not_picked":["Empty Cage","Philosopher\u0027s Stone"],"picked":"theMarked:BronzeBlade"}],"items_purged_floors":[25],"is_endless":false,"potions_floor_spawned":[3,10,12,20,28],"killed_by":"Automaton","ascension_level":0}}