{"host":"h1qktzcccqnez8tx","time":1611608358,"event":{"mods":["AchievementEnabler","BaseMod","Bestiary","Better Note","Block Reminder","Colored Map","Colored Powertips","Curses Come First","Highlight Path","Minty Spire (QoL Compilation)","Permanent Neow","Quick Restart","Relic Stats","StSLib","UnlockEverythingMod"],"gold_per_floor":[118,118,133,150,166,166,197,213,264,274,290,309,321,338,338,338,338],"floor_reached":16,"language":"ENG","playtime":955,"items_purged":[],"score":110,"play_id":"771caf62-6d1b-476c-9d02-6b4280fda4c0","local_time":"20210125215918","is_ascension_mode":false,"campfire_choices":[{"data":"Consecrate","floor":6,"key":"SMITH"},{"floor":15,"key":"REST"}],"circlet_count":0,"master_deck":["Strike_P+1","Strike_P","Strike_P+1","Defend_P","Defend_P","Defend_P","Defend_P","Eruption+1","Vigilance","Consecrate+1","Wireheading","ThirdEye","Halt","FearNoEvil","FollowUp","CrushJoints","EmptyBody","Indignation","Sanctity","CrushJoints"],"relics":["PureWater","Whetstone","Strawberry"],"acts_visited":["Exordium"],"potions_floor_usage":[16,16,16],"damage_taken":[{"damage":0,"enemies":"Small Slimes","floor":1,"turns":2},{"damage":1,"enemies":"Jaw Worm","floor":3,"turns":5},{"damage":15,"enemies":"Cultist","floor":4,"turns":5},{"damage":1,"enemies":"2 Fungi Beasts","floor":5,"turns":4},{"damage":13,"enemies":"Lagavulin","floor":7,"turns":8},{"damage":13,"enemies":"Exordium Wildlife","floor":8,"turns":4},{"damage":5,"enemies":"Lots of Slimes","floor":10,"turns":4},{"damage":12,"enemies":"Looter","floor":11,"turns":3},{"damage":1,"enemies":"3 Louse","floor":12,"turns":3},{"damage":4,"enemies":"Gremlin Gang","floor":13,"turns":3},{"damage":0,"enemies":"Exordium Thugs","floor":14,"turns":3},{"damage":31,"enemies":"Slime Boss","floor":16,"turns":10}],"seed_played":"2008125774913811814","potions_obtained":[{"floor":3,"key":"SpeedPotion"},{"floor":5,"key":"SkillPotion"},{"floor":8,"key":"Fire Potion"},{"floor":12,"key":"StancePotion"}],"is_trial":false,"path_per_floor":["M","?","M","M","M","R","E","M","T","M","M","M","M","M","R","B"],"character_chosen":"WATCHER","items_purchased":[],"campfire_rested":1,"item_purchase_floors":[],"current_hp_per_floor":[72,65,64,49,48,48,35,22,29,24,12,11,7,7,30,0,0],"gold":338,"neow_bonus":"UPGRADE_CARD","is_daily":false,"chose_seed":false,"campfire_upgraded":1,"win_rate":0.0,"timestamp":1611608358,"path_taken":["M","?","M","M","M","R","E","M","T","M","M","M","M","M","R","BOSS"],"items_purchased_type":[],"build_version":"2020-12-22","purchased_purges":0,"victory":false,"max_hp_per_floor":[72,72,72,72,72,72,72,72,79,79,79,79,79,79,79,79,79],"relic_stats":{"counters":[12,54],"Whetstone":["Strike_P","Strike_P"],"obtain_stats":[{"Strawberry":9,"Whetstone":7,"PureWater":0},{"Strawberry":6,"Whetstone":5,"PureWater":0},{"Strawberry":28,"Whetstone":24,"PureWater":0}]},"card_choices":[{"not_picked":["JustLucky","ClearTheMind"],"picked":"Consecrate","floor":1},{"not_picked":["EmptyFist","WreathOfFlame"],"picked":"Wireheading","floor":3},{"not_picked":["Protect","SashWhip"],"picked":"ThirdEye","floor":4},{"not_picked":["ClearTheMind","JustLucky"],"picked":"Halt","floor":5},{"not_picked":["CarveReality","Vengeance"],"picked":"FearNoEvil","floor":7},{"not_picked":["EmptyFist","Study"],"picked":"FollowUp","floor":8},{"not_picked":["Weave","DevaForm"],"picked":"CrushJoints","floor":10},{"not_picked":["Collect","Crescendo"],"picked":"EmptyBody","floor":11},{"not_picked":["Wireheading","SashWhip"],"picked":"Indignation","floor":12},{"not_picked":["Swivel","Evaluate"],"picked":"Sanctity","floor":13},{"not_picked":["EmptyBody","FlyingSleeves"],"picked":"CrushJoints","floor":14}],"player_experience":156702,"relics_obtained":[{"floor":7,"key":"Whetstone"},{"floor":9,"key":"Strawberry"}],"event_choices":[{"cards_removed":["Strike_P"],"damage_healed":0,"gold_gain":0,"player_choice":"Card Removal","damage_taken":7,"max_hp_gain":0,"max_hp_loss":0,"event_name":"Golden Wing","floor":2,"gold_loss":0}],"is_beta":false,"boss_relics":[],"items_purged_floors":[],"is_endless":false,"potions_floor_spawned":[3,5,8,12,14],"killed_by":"Slime Boss","ascension_level":0}}