{"host":"8zzc9mdnfkdiyxma","time":1611549170,"event":{"mods":["2.2 Compatiblity","BaseMod","Better Altar","Better Match","Better Note","Better Sensory Stone","Better Skull","Better Third Choice","Better Vampires","Colored Map","Colored Powertips","Emptier Cage","Minty Spire (QoL Compilation)","Permanent Neow","Rare Cards Sparkle","Relic Filter","Reliquary","SacredBarkPlus","StSLib","Waifu the Spire"],"gold_per_floor":[117,117,7,17,35,35,70,70,142,142,153,173,173,173,173,246,246,202,218,218,234,159,159,159,159],"floor_reached":24,"language":"ENG","playtime":1377,"items_purged":["Strike_B"],"score":392,"play_id":"577dab45-a211-4470-92f9-a62dae719b64","local_time":"20210124233250","is_ascension_mode":true,"campfire_choices":[{"data":"Blizzard","floor":6,"key":"SMITH"},{"floor":8,"key":"REST"},{"data":"Zap","floor":13,"key":"SMITH"},{"data":"Dualcast","floor":15,"key":"SMITH"},{"floor":23,"key":"REST"}],"circlet_count":0,"master_deck":["AscendersBane","Strike_B","Strike_B","Strike_B","Defend_B","Defend_B","Defend_B","Zap+1","Dualcast+1","Electrodynamics","Cold Snap","Conserve Battery","Scrape","Cold Snap","Blizzard+1","Steam","BootSequence","Leap","All For One","Cold Snap","Ball Lightning","Beam Cell+1"],"relics":["Cracked Core","Anchor","Inserter"],"acts_visited":["Exordium","TheCity"],"potions_floor_usage":[7,24,24],"damage_taken":[{"damage":1,"enemies":"2 Louse","floor":1,"turns":2},{"damage":0,"enemies":"Cultist","floor":4,"turns":3},{"damage":5,"enemies":"Jaw Worm","floor":5,"turns":3},{"damage":20,"enemies":"Gremlin Nob","floor":7,"turns":4},{"damage":0,"enemies":"Large Slime","floor":11,"turns":4},{"damage":0,"enemies":"3 Louse","floor":12,"turns":3},{"damage":46,"enemies":"The Guardian","floor":16,"turns":12},{"damage":20,"enemies":"2 Thieves","floor":18,"turns":5},{"damage":9,"enemies":"Shell Parasite","floor":19,"turns":7},{"damage":23,"enemies":"Shelled Parasite and Fungi","floor":21,"turns":8},{"damage":32,"enemies":"Book of Stabbing","floor":24,"turns":4}],"seed_played":"-3618373533422197542","potions_obtained":[{"floor":4,"key":"FocusPotion"},{"floor":16,"key":"PowerPotion"},{"floor":18,"key":"Swift Potion"},{"floor":20,"key":"DuplicationPotion"}],"is_trial":false,"path_per_floor":["M","?","$","M","M","R","E","R","T","?","M","M","R","?","R","B",null,"M","M","?","M","$","R","E"],"character_chosen":"DEFECT","items_purchased":["Conserve Battery","Scrape"],"campfire_rested":2,"item_purchase_floors":[3,3],"current_hp_per_floor":[63,63,63,63,58,58,38,59,59,64,64,64,64,64,64,18,62,42,33,33,10,10,32,0,0],"gold":159,"neow_bonus":"ONE_RANDOM_RARE_CARD","is_daily":false,"chose_seed":false,"campfire_upgraded":3,"win_rate":0.0,"timestamp":1611549170,"path_taken":["M","?","$","?","M","R","E","R","T","?","M","M","R","?","R","BOSS","M","M","?","M","$","R","E"],"items_purchased_type":["Card","Card"],"build_version":"2020-12-22","purchased_purges":1,"victory":false,"max_hp_per_floor":[71,71,71,71,71,71,71,71,71,76,76,76,76,76,76,76,76,76,76,76,76,76,76,76,76],"card_choices":[{"not_picked":["Streamline","Beam Cell"],"picked":"Cold Snap","floor":1},{"not_picked":["Static Discharge","Doom and Gloom"],"picked":"Cold Snap","floor":4},{"not_picked":["Redo","Undo"],"picked":"Blizzard","floor":5},{"not_picked":["Rebound","Reinforced Body"],"picked":"Steam","floor":7},{"not_picked":["Streamline","Reinforced Body"],"picked":"BootSequence","floor":11},{"not_picked":["Compile Driver","Turbo"],"picked":"Leap","floor":12},{"not_picked":["Thunder Strike","Hyperbeam"],"picked":"All For One","floor":16},{"not_picked":["Barrage","Stack"],"picked":"Cold Snap","floor":18},{"not_picked":["Lockon","Redo"],"picked":"Ball Lightning","floor":19},{"not_picked":["Capacitor+1","Streamline"],"picked":"Beam Cell+1","floor":21}],"player_experience":1001196,"relics_obtained":[{"floor":7,"key":"Anchor"}],"event_choices":[{"cards_removed":["Defend_B"],"damage_healed":0,"gold_gain":0,"player_choice":"Offered Basic","damage_taken":0,"max_hp_gain":0,"max_hp_loss":0,"event_name":"Bonfire Elementals","floor":2,"gold_loss":0},{"damage_healed":0,"gold_gain":0,"player_choice":"Donut","damage_taken":0,"max_hp_gain":5,"max_hp_loss":0,"event_name":"Big Fish","floor":10,"gold_loss":0},{"damage_healed":0,"gold_gain":0,"player_choice":"Ignored","damage_taken":173,"max_hp_gain":0,"max_hp_loss":0,"event_name":"betterThird:BetterSerpent","floor":14,"gold_loss":0},{"damage_healed":0,"gold_gain":0,"player_choice":"Got Potions","damage_taken":0,"max_hp_gain":0,"max_hp_loss":0,"event_name":"Lab","floor":20,"gold_loss":0}],"is_beta":false,"boss_relics":[{"not_picked":["Nuclear Battery","Cursed Key"],"picked":"Inserter"}],"items_purged_floors":[22],"is_endless":false,"potions_floor_spawned":[4,16,18,21],"killed_by":"Book of Stabbing","ascension_level":20}}