{"host":"tpad8qsc9e0g0pa5","time":1611576556,"event":{"mods":["BaseMod","Minty Spire (QoL Compilation)","Quick Restart","StSLib","The Cursed"],"gold_per_floor":[116,129,148,28,47,47,74,74,126,145,145,156,156,156,156,156,156],"floor_reached":16,"language":"ZHS","playtime":970,"items_purged":["Pain"],"score":107,"play_id":"39423c50-f2e0-4d71-b32b-d0f3b9f27dd9","local_time":"20210125200916","is_ascension_mode":true,"campfire_choices":[{"data":"Corruption","floor":6.0,"key":"SMITH"},{"floor":13.0,"key":"REST"},{"data":"Second Wind","floor":15.0,"key":"SMITH"}],"circlet_count":0,"master_deck":["Strike_R","Strike_R","Strike_R","Defend_R","Defend_R","Defend_R","Defend_R","Bash","Corruption+1","Second Wind+1","Ghostly Armor","Armaments","Seeing Red+1","Pommel Strike","Shrug It Off+1"],"relics":["Burning Blood","Toxic Egg 2","Potion Belt"],"acts_visited":["Exordium"],"potions_floor_usage":[],"damage_taken":[{"damage":10.0,"enemies":"Cultist","floor":1.0,"turns":4.0},{"damage":12.0,"enemies":"Small Slimes","floor":2.0,"turns":4.0},{"damage":1.0,"enemies":"2 Louse","floor":3.0,"turns":3.0},{"damage":10.0,"enemies":"2 Fungi Beasts","floor":5.0,"turns":4.0},{"damage":39.0,"enemies":"Lagavulin","floor":7.0,"turns":7.0},{"damage":33.0,"enemies":"Gremlin Gang","floor":10.0,"turns":7.0},{"damage":2.0,"enemies":"Red Slaver","floor":12.0,"turns":5.0},{"damage":34,"enemies":"Hexaghost","floor":16,"turns":10}],"seed_played":"-1861239817114035262","potions_obtained":[{"floor":2.0,"key":"Dexterity Potion"},{"floor":3.0,"key":"Swift Potion"},{"floor":7.0,"key":"Ancient Potion"}],"is_trial":false,"path_per_floor":["M","M","M","$","M","R","E","?","T","M","?","M","R","?","R","B"],"character_chosen":"IRONCLAD","items_purchased":["Armaments"],"campfire_rested":1,"item_purchase_floors":[4],"current_hp_per_floor":[76,70,75,75,71,71,38,38,38,11,4,8,32,37,37,3,3],"gold":156,"neow_bonus":"THREE_RARE_CARDS","is_daily":false,"chose_seed":false,"campfire_upgraded":2,"win_rate":0.0,"timestamp":1611576556,"path_taken":["M","M","M","$","?","R","E","?","T","?","?","M","R","?","R","BOSS"],"items_purchased_type":["Card"],"build_version":"2020-12-22","purchased_purges":1,"victory":false,"max_hp_per_floor":[80,80,80,80,80,80,80,80,80,80,80,80,80,85,85,85,85],"card_choices":[{"not_picked":["Exhume","Impervious"],"picked":"Corruption","floor":0.0},{"not_picked":["Body Slam","Anger"],"picked":"Second Wind","floor":1.0},{"not_picked":["Infernal Blade","Body Slam","Clash"],"picked":"SKIP","floor":2.0},{"not_picked":["Sever Soul","Headbutt"],"picked":"Ghostly Armor","floor":3.0},{"not_picked":["Flex","Hemokinesis","Shockwave"],"picked":"SKIP","floor":5.0},{"not_picked":["Spot Weakness+1","Bludgeon"],"picked":"Seeing Red+1","floor":7.0},{"not_picked":["Clothesline","Headbutt","Pommel Strike"],"picked":"SKIP","floor":10.0},{"not_picked":["Cleave","Clothesline"],"picked":"Shrug It Off+1","floor":12.0}],"player_experience":222162,"relics_obtained":[{"floor":7.0,"key":"Toxic Egg 2"},{"floor":9.0,"key":"Potion Belt"}],"event_choices":[{"damage_healed":0.0,"max_hp_gain":0.0,"max_hp_loss":0.0,"gold_gain":0.0,"cards_transformed":["Strike_R"],"event_name":"Transmorgrifier","player_choice":"Transformed","floor":8.0,"gold_loss":0.0,"damage_taken":0.0,"cards_obtained":["Pommel Strike"]},{"cards_removed":["Strike_R"],"damage_healed":0.0,"max_hp_gain":0.0,"max_hp_loss":0.0,"gold_gain":0.0,"event_name":"Golden Wing","player_choice":"Card Removal","floor":11.0,"gold_loss":0.0,"damage_taken":7.0},{"damage_healed":0.0,"max_hp_gain":5.0,"max_hp_loss":0.0,"gold_gain":0.0,"event_name":"Big Fish","player_choice":"Donut","floor":14.0,"gold_loss":0.0,"damage_taken":0.0}],"is_beta":false,"boss_relics":[],"items_purged_floors":[4],"is_endless":false,"potions_floor_spawned":[2,3,7],"killed_by":"Hexaghost","ascension_level":1}}