{"host":"1tl36azeqm6yhdgj","time":1611575175,"event":{"mods":["AchievementEnabler","BaseMod","Minty Spire (QoL Compilation)","StSLib","The IronCluck","everything is the same but u backflip on backflip"],"gold_per_floor":[116,136,136,152,172,206,226,261,261,261,274,286,321,336,336,415,415,415,465,465,42,42,42,42],"floor_reached":23,"language":"ENG","playtime":629,"items_purged":["Strike_R"],"score":426,"play_id":"34cedafc-1393-442d-8a77-ede10b8372cd","local_time":"20210125064615","is_ascension_mode":true,"campfire_choices":[{"floor":10.0,"key":"DIG"},{"floor":15.0,"key":"REST"}],"circlet_count":0,"master_deck":["AscendersBane","Strike_R","Strike_R","Strike_R","Defend_R","Defend_R+1","Defend_R","Defend_R","Bash","Infernal Blade","Dropkick","Thunderclap","Anger","Shrug It Off","Clothesline","Fire Breathing","Flame Barrier+1","Evolve","Spot Weakness","Infernal Blade","Disarm","Demon Form","Enlightenment","Inflame"],"relics":["Black Blood","NeowsBlessing","FaceOfCleric","Prayer Wheel","Shovel","MealTicket","War Paint","Matryoshka","Red Skull"],"acts_visited":["Exordium","TheCity"],"potions_floor_usage":[],"damage_taken":[{"damage":0.0,"enemies":"Small Slimes","floor":1.0,"turns":1.0},{"damage":0.0,"enemies":"Cultist","floor":2.0,"turns":1.0},{"damage":0.0,"enemies":"2 Louse","floor":4.0,"turns":1.0},{"damage":5.0,"enemies":"Blue Slaver","floor":5.0,"turns":4.0},{"damage":30.0,"enemies":"Lagavulin","floor":6.0,"turns":5.0},{"damage":5.0,"enemies":"Exordium Wildlife","floor":7.0,"turns":3.0},{"damage":22.0,"enemies":"3 Sentries","floor":8.0,"turns":5.0},{"damage":4.0,"enemies":"2 Fungi Beasts","floor":11.0,"turns":4.0},{"damage":4.0,"enemies":"Red Slaver","floor":12.0,"turns":2.0},{"damage":28.0,"enemies":"Gremlin Nob","floor":13.0,"turns":4.0},{"damage":8.0,"enemies":"Looter","floor":14.0,"turns":2.0},{"damage":42.0,"enemies":"Hexaghost","floor":16.0,"turns":11.0},{"damage":0.0,"enemies":"Shell Parasite","floor":18.0,"turns":1.0},{"damage":90,"enemies":"Book of Stabbing","floor":23,"turns":6}],"seed_played":"-6433405625988000711","potions_obtained":[{"floor":2.0,"key":"Weak Potion"},{"floor":4.0,"key":"LiquidMemories"},{"floor":6.0,"key":"SteroidPotion"},{"floor":7.0,"key":"SmokeBomb"},{"floor":11.0,"key":"AttackPotion"},{"floor":13.0,"key":"DuplicationPotion"}],"is_trial":false,"path_per_floor":["M","M","?","M","M","E","M","E","T","R","M","M","E","M","R","B",null,"M","?","?","$","?","E"],"character_chosen":"IRONCLAD","items_purchased":["Enlightenment","Red Skull","Inflame"],"campfire_rested":1,"item_purchase_floors":[21,21,21],"current_hp_per_floor":[74,75,75,76,77,54,56,41,41,41,44,47,26,25,50,15,68,81,81,81,86,86,0,0],"gold":42,"neow_bonus":"THREE_ENEMY_KILL","is_daily":false,"chose_seed":false,"campfire_upgraded":0,"win_rate":0.0,"timestamp":1611575175,"path_taken":["M","M","?","M","M","E","M","E","T","R","M","M","E","?","R","BOSS","M","?","?","?","?","E"],"items_purchased_type":["Card","Relic","Card"],"build_version":"2020-12-22","purchased_purges":1,"victory":false,"max_hp_per_floor":[75,75,75,76,77,78,79,80,80,80,81,82,83,84,84,85,85,86,86,86,86,86,86,86],"card_choices":[{"not_picked":["Pommel Strike","Intimidate"],"picked":"Infernal Blade","floor":1.0},{"not_picked":["Clash","Inflame"],"picked":"Dropkick","floor":2.0},{"not_picked":["Whirlwind","True Grit"],"picked":"Thunderclap","floor":4.0},{"not_picked":["Whirlwind","Clothesline"],"picked":"Anger","floor":5.0},{"not_picked":["Hemokinesis","Blood for Blood"],"picked":"Shrug It Off","floor":6.0},{"not_picked":["Infernal Blade","Pommel Strike"],"picked":"Clothesline","floor":7.0},{"not_picked":["True Grit","Iron Wave"],"picked":"Fire Breathing","floor":7.0},{"not_picked":["Heavy Blade","Double Tap"],"picked":"Flame Barrier","floor":8.0},{"not_picked":["Pommel Strike","Hemokinesis"],"picked":"Evolve","floor":11.0},{"not_picked":["Sword Boomerang","Pommel Strike","Iron Wave"],"picked":"SKIP","floor":11.0},{"not_picked":["Anger","Flame Barrier"],"picked":"Spot Weakness","floor":12.0},{"not_picked":["Clothesline","Warcry"],"picked":"Infernal Blade","floor":12.0},{"not_picked":["Wild Strike","Heavy Blade"],"picked":"Disarm","floor":13.0},{"not_picked":["Wild Strike","Clothesline","Perfected Strike"],"picked":"SKIP","floor":14.0},{"not_picked":["Brutality","Heavy Blade","Sever Soul"],"picked":"SKIP","floor":14.0},{"not_picked":["Juggernaut","Offering"],"picked":"Demon Form","floor":16.0}],"player_experience":2033746,"relics_obtained":[{"floor":6.0,"key":"Prayer Wheel"},{"floor":8.0,"key":"Shovel"},{"floor":9.0,"key":"MealTicket"},{"floor":10.0,"key":"War Paint"},{"floor":13.0,"key":"Matryoshka"}],"event_choices":[{"damage_healed":0.0,"max_hp_gain":0.0,"max_hp_loss":0.0,"gold_gain":0.0,"event_name":"FaceTrader","player_choice":"Trade","floor":3.0,"gold_loss":0.0,"damage_taken":0.0,"relics_obtained":["FaceOfCleric"]},{"damage_healed":0.0,"max_hp_gain":0.0,"max_hp_loss":0.0,"gold_gain":50.0,"event_name":"Nest","player_choice":"Stole From Cult","floor":19.0,"gold_loss":0.0,"damage_taken":0.0},{"damage_healed":0.0,"max_hp_gain":0.0,"max_hp_loss":0.0,"gold_gain":0.0,"event_name":"Vampires","player_choice":"Ignored","floor":20.0,"gold_loss":0.0,"damage_taken":0.0},{"cards_removed":["Strike_R"],"damage_healed":0.0,"max_hp_gain":0.0,"max_hp_loss":0.0,"gold_gain":0.0,"event_name":"Purifier","player_choice":"Purged","floor":22.0,"gold_loss":0.0,"damage_taken":0.0}],"is_beta":false,"boss_relics":[{"not_picked":["Snecko Eye","SacredBark"],"picked":"Black Blood"}],"items_purged_floors":[21],"is_endless":false,"potions_floor_spawned":[2,4,6,7,11,13],"killed_by":"Book of Stabbing","ascension_level":20}}