{"host":"ac6e1xz8pi3qqstb","time":1611575975,"event":{"mods":["BaseMod","Minty Spire (QoL Compilation)","MostiFishMod","Relic Stats","Replay The Spire","StSLib","[IsaacMod]ÒÔÈö¼âËþ"],"gold_per_floor":[110,74,74,91,18,18,18,18,88,88,88,100,100,119,119,217,217,227,227,50,63,90,90,109,125,151,151,75,75,75,86,86,184,184,202,252,0,0,18,49,49,60,112,112,127,127,147,147,147,147,147,147,4,36,36],"floor_reached":56,"language":"ZHS","playtime":1822,"items_purged":[],"score":1238,"play_id":"b21ab314-8eb8-49c8-8534-a6a3091efe4d","local_time":"20210125195935","is_ascension_mode":false,"campfire_choices":[{"data":"ReplayGash","floor":6.0,"key":"SMITH"},{"data":"Go for the Eyes","floor":8.0,"key":"SMITH"},{"data":"Sweeping Beam","floor":10.0,"key":"SMITH"},{"data":"Beam Cell","floor":13.0,"key":"SMITH"},{"data":"MostiFishMod:Overload","floor":23.0,"key":"SMITH"},{"data":"Scrape","floor":29.0,"key":"SMITH"},{"data":"Zap","floor":32.0,"key":"PURGE"},{"data":"MostiFishMod:Hijack","floor":41.0,"key":"SMITH"},{"data":"ReplayGash","floor":46.0,"key":"SMITH"},{"floor":49.0,"key":"RECALL"},{"floor":52.0,"key":"REST"}],"circlet_count":0,"master_deck":["Strike_B+1","Strike_B+1","Strike_B+1","Strike_B+1","Defend_B+1","Defend_B+1","Defend_B+1","Defend_B+1","Sweeping Beam+1","ReplayGash+1","Cold Snap+1","Go for the Eyes+1","Beam Cell+1","MostiFishMod:Overload+1","Steam+1","Gash+1","Sunder+1","Leap+1","Gash+1","ReplayGash+1","Conserve Battery+1","Scrape+1","Beam Cell+1","MostiFishMod:Hijack+1","Go for the Eyes+1","Steam+1","Steam+1","Parasite","ReplaySolidLightProjector+1","Cold Snap+1","Streamline+1","Reprogram","Cancel","Sunder","Sunder","ReplayTheSpireMod:Omega Cannon"],"relics":["DaveBox","HushsDoor","PatriotShield","Leech","RhineSuit","SynthV:TestCard","Divine Protection","Boot","Blue Doll","Replay:Wax Seal","Ring of Chaos","BookofShadows","Nunchaku","Red Mask","Gremlin Horn","Mark of the Bloom","Replay:Kaleidoscope"],"acts_visited":["Exordium","TheCity","TheBeyond","TheEnding"],"potions_floor_usage":[55,55],"damage_taken":[{"damage":0.0,"enemies":"Jaw Worm","floor":1.0,"turns":2.0},{"damage":0.0,"enemies":"Cultist","floor":4.0,"turns":1.0},{"damage":0.0,"enemies":"Small Slimes","floor":12.0,"turns":1.0},{"damage":0.0,"enemies":"Red Slaver","floor":14.0,"turns":1.0},{"damage":0.0,"enemies":"The Guardian","floor":16.0,"turns":3.0},{"damage":0.0,"enemies":"Shell Parasite","floor":18.0,"turns":1.0},{"damage":0.0,"enemies":"3 Byrds","floor":21.0,"turns":2.0},{"damage":0.0,"enemies":"Centurion and Healer","floor":24.0,"turns":2.0},{"damage":0.0,"enemies":"Snake Plant","floor":25.0,"turns":1.0},{"damage":0.0,"enemies":"Sentry and Sphere","floor":31.0,"turns":2.0},{"damage":0.0,"enemies":"Collector","floor":33.0,"turns":2.0},{"damage":0.0,"enemies":"3 Shapes","floor":35.0,"turns":3.0},{"damage":0.0,"enemies":"Hiden Room Battle","floor":36.0,"turns":2.0},{"damage":0.0,"enemies":"Orb Walker","floor":39.0,"turns":2.0},{"damage":0.0,"enemies":"Nemesis","floor":40.0,"turns":3.0},{"damage":0.0,"enemies":"Writhing Mass","floor":42.0,"turns":3.0},{"damage":0.0,"enemies":"Jaw Worm Horde","floor":45.0,"turns":1.0},{"damage":0.0,"enemies":"3 Darklings","floor":47.0,"turns":2.0},{"damage":0.0,"enemies":"Time Eater","floor":50.0,"turns":3.0},{"damage":0,"enemies":"Shield and Spear","floor":54,"turns":2},{"damage":0,"enemies":"Delirium","floor":55,"turns":23}],"seed_played":"3367168622166576125","potions_obtained":[{"floor":1.0,"key":"DuplicationPotion"},{"floor":16.0,"key":"Dexterity Potion"},{"floor":18.0,"key":"Reflective Coating"},{"floor":47.0,"key":"FairyPotion"}],"is_trial":false,"path_per_floor":["M","$","?","M","$","R","?","R","T","R","?","M","R","M","R","B",null,"M","?","$","M","T","R","M","M","T","?","$","R","$","M","R","B",null,"M","?","?","$","M","E","R","M","T","?","M","R","M","?","R","B",null,"R","$","E","B",null],"character_chosen":"DEFECT","items_purchased":["ReplayGash","Cold Snap","Go for the Eyes","Gash","Sunder","Leap","Scrape","Reprogram","Cancel","Sunder"],"campfire_rested":1,"item_purchase_floors":[2,5,5,20,20,20,28,53,53,53],"current_hp_per_floor":[75,75,68,68,68,68,53,53,53,53,53,53,53,53,35,37,75,75,75,75,75,75,75,75,75,75,75,75,75,75,75,75,75,75,75,61,61,61,62,64,64,66,66,66,66,66,67,67,67,67,67,67,67,67,67],"gold":36,"neow_bonus":"BOSS_RELIC","is_daily":false,"chose_seed":false,"campfire_upgraded":8,"win_rate":0.0,"timestamp":1611575975,"path_taken":["M","$","?","M","?","R","?","R","T","R","?","M","R","M","R","BOSS","BOSS","M","?","$","M","?","R","M","?","T","?","?","R","$","M","R","BOSS","M","?","?","$","M","E","R","M","T","?","?","R","M","?","R","BOSS","R","$","E","BOSS"],"items_purchased_type":["Card","Card","Card","Card","Card","Card","Card","Card","Card","Card"],"build_version":"2020-12-22","purchased_purges":0,"victory":true,"max_hp_per_floor":[75,75,75,75,75,75,75,75,75,75,75,75,75,75,75,75,75,75,75,75,75,75,75,75,75,75,75,75,75,75,75,75,75,75,75,75,75,75,75,75,75,75,75,75,75,75,75,75,75,75,75,75,75,75,69],"relic_stats":{"Nunchaku":[20],"Mark of the Bloom":107,"Gremlin Horn":[7,7],"counters":[21,62],"Boot":[4],"obtain_stats":[{"KeepersGift":0,"Divine Protection":9,"PatriotShield":0,"BookofShadows":36,"Mark of the Bloom":48,"DaveBox":0,"Gremlin Horn":40,"RhineSuit":0,"Blue Doll":22,"Ring of Chaos":34,"Replay:Kaleidoscope":54,"Boot":15,"Leech":0,"Nunchaku":36,"SynthV:TestCard":1,"Red Mask":37,"Replay:Wax Seal":26,"Cracked Core":0,"HushsDoor":0},{"KeepersGift":0,"Divine Protection":2,"PatriotShield":0,"BookofShadows":13,"Mark of the Bloom":18,"DaveBox":0,"Gremlin Horn":15,"RhineSuit":0,"Blue Doll":7,"Ring of Chaos":11,"Replay:Kaleidoscope":20,"Boot":4,"Leech":0,"Nunchaku":13,"SynthV:TestCard":1,"Red Mask":13,"Replay:Wax Seal":9,"Cracked Core":0,"HushsDoor":0},{"KeepersGift":0,"Divine Protection":3,"PatriotShield":0,"BookofShadows":23,"Mark of the Bloom":34,"DaveBox":0,"Gremlin Horn":28,"RhineSuit":0,"Blue Doll":11,"Ring of Chaos":18,"Replay:Kaleidoscope":39,"Boot":5,"Leech":0,"Nunchaku":23,"SynthV:TestCard":2,"Red Mask":23,"Replay:Wax Seal":14,"Cracked Core":0,"HushsDoor":0}]},"card_choices":[{"not_picked":[],"picked":"ChaosCard","floor":0.0},{"not_picked":["MostiFishMod:PushDownKick","Turbo"],"picked":"Sweeping Beam","floor":1.0},{"not_picked":["Ball Lightning","MostiFishMod:PushDownKick","Blizzard","Sweeping Beam","ReplayTheSpireMod:Reroute Power"],"picked":"SKIP","floor":4.0},{"not_picked":["Rebound","ReplayTheSpireMod:GoodbyeWorld","Turbo","Reboot"],"picked":"Beam Cell","floor":12.0},{"not_picked":["Hologram","BasicCrystalCard","Static Discharge","FTL","Cold Snap"],"picked":"SKIP","floor":14.0},{"not_picked":["Multi-Cast","Meteor Strike","MostiFishMod:TalkingToTheRain","Echo Form"],"picked":"MostiFishMod:Overload","floor":16.0},{"not_picked":["Cold Snap","Lockon+1","Leap","Redo"],"picked":"Steam","floor":18.0},{"not_picked":["Beam Cell","Ball Lightning","Coolheaded","Compile Driver"],"picked":"Gash+1","floor":21.0},{"not_picked":["Beam Cell+1","Self Repair","ReplaySort","Rebound"],"picked":"ReplayGash","floor":24.0},{"not_picked":["Sweeping Beam","Compile Driver+1","Blizzard+1","MostiFishMod:ReprogramOld"],"picked":"Conserve Battery","floor":25.0},{"not_picked":["BasicCrystalCard+1","Storm+1","ReplayTheSpireMod:Reroute Power+1","MostiFishMod:FluxCapactior"],"picked":"Beam Cell","floor":31.0},{"not_picked":["MostiFishMod:SeaWaves","Mirror Shield","Thunder Strike","Fission"],"picked":"MostiFishMod:Hijack","floor":33.0},{"not_picked":["ReplaySort+1","Genetic Algorithm+1","White Noise+1","Pulse"],"picked":"Go for the Eyes+1","floor":35.0},{"not_picked":["MostiFishMod:PushDownKick","Hologram+1","ReplayTheSpireMod:Reroute Power","Conserve Battery"],"picked":"Steam","floor":36.0},{"not_picked":["Sweeping Beam","Heatsinks+1","Fusion+1","Coolheaded+1"],"picked":"Steam","floor":39.0},{"not_picked":["ReplayTheSpireMod:Reroute Power","Time Bomb","Self Repair+1","Conserve Battery","MostiFishMod:PushDownKick"],"picked":"SKIP","floor":40.0},{"not_picked":["Cold Snap","Heatsinks+1","MostiFishMod:PushDownKick+1","ReplaySort"],"picked":"ReplaySolidLightProjector+1","floor":42.0},{"not_picked":["Skim","Stack","Darkness+1","MostiFishMod:PushDownKick"],"picked":"Cold Snap","floor":45.0},{"not_picked":["Beam Cell+1","Rebound+1","Redo+1","Gash+1"],"picked":"Streamline","floor":47.0},{"not_picked":["Panic Button","Scrape","MostiFishMod:StarOceanB","Crystallizer+1"],"picked":"ReplayTheSpireMod:Omega Cannon","floor":54}],"player_experience":421911,"relics_obtained":[{"floor":1.0,"key":"SynthV:TestCard"},{"floor":9.0,"key":"Divine Protection"},{"floor":22.0,"key":"Blue Doll"},{"floor":26.0,"key":"Replay:Wax Seal"},{"floor":36.0,"key":"BookofShadows"},{"floor":36.0,"key":"Nunchaku"},{"floor":40.0,"key":"Gremlin Horn"},{"floor":54,"key":"Replay:Kaleidoscope"}],"event_choices":[{"cards_removed":["Dualcast"],"damage_healed":0.0,"max_hp_gain":0.0,"max_hp_loss":0.0,"gold_gain":0.0,"event_name":"Golden Wing","player_choice":"Card Removal","floor":3.0,"gold_loss":0.0,"damage_taken":7.0},{"damage_healed":0.0,"max_hp_gain":0.0,"max_hp_loss":0.0,"gold_gain":0.0,"event_name":"The Cleric","player_choice":"Leave","floor":11.0,"gold_loss":0.0,"damage_taken":0.0},{"damage_healed":0.0,"max_hp_gain":0.0,"max_hp_loss":0.0,"gold_gain":0.0,"event_name":"Scrap Ooze","player_choice":"Success","floor":15.0,"gold_loss":0.0,"damage_taken":18.0,"relics_obtained":["Boot"]},{"damage_healed":0.0,"max_hp_gain":0.0,"max_hp_loss":0.0,"gold_gain":0.0,"event_name":"Vampires","player_choice":"Ignored","floor":19.0,"gold_loss":0.0,"damage_taken":0.0},{"damage_healed":0.0,"max_hp_gain":0.0,"max_hp_loss":0.0,"gold_gain":0.0,"event_name":"Ghosts","player_choice":"Ignored","floor":27.0,"gold_loss":0.0,"damage_taken":0.0},{"damage_healed":0.0,"max_hp_gain":0.0,"max_hp_loss":0.0,"gold_gain":0.0,"event_name":"HidenRoomEvent","player_choice":"Fight","floor":36.0,"gold_loss":0.0,"damage_taken":0.0},{"damage_healed":0.0,"max_hp_gain":0.0,"max_hp_loss":0.0,"gold_gain":0.0,"event_name":"Tomb of Lord Red Mask","player_choice":"Paid","floor":37.0,"gold_loss":252.0,"damage_taken":0.0,"relics_obtained":["Red Mask"]},{"damage_healed":0.0,"max_hp_gain":0.0,"max_hp_loss":0.0,"gold_gain":0.0,"event_name":"MindBloom","player_choice":"Upgrade","floor":48.0,"gold_loss":0.0,"damage_taken":0.0,"cards_upgraded":["Strike_B","Strike_B","Strike_B","Strike_B","Defend_B","Defend_B","Defend_B","Defend_B","Cold Snap","Steam","Gash","Sunder","Leap","Conserve Battery","Beam Cell","Steam","Steam","Cold Snap","Streamline"],"relics_obtained":["Mark of the Bloom"]}],"is_beta":false,"boss_relics":[{"not_picked":["Coffee Dripper","Calling Bell","Honey Jar"]},{"not_picked":["Snecko Eye","MagicMushroom"],"picked":"Ring of Chaos"},{"not_picked":[]}],"items_purged_floors":[],"is_endless":false,"potions_floor_spawned":[1,16,18,21,31,42,45,47],"ascension_level":0}}