{"host":"7l2t4psy44vpcd9q","time":1611590415,"event":{"mods":["AchievementEnabler","BaseMod","DeckTracker","Minty Spire (QoL Compilation)","SuperFastMode"],"gold_per_floor":[119,137,137,151,151,177,177,177,200,33,73,73,91,131,131,227,227,242,68,88,88,101,101,101,101,176,176,66,87,110,110,110,203,203,217,217,217],"floor_reached":36,"language":"KOR","playtime":1383,"items_purged":[],"score":854,"play_id":"bd65feae-b4c5-4817-b133-eee740625f49","local_time":"20210126010015","is_ascension_mode":true,"campfire_choices":[{"data":"Flex","floor":8.0,"key":"SMITH"},{"data":"Dark Embrace","floor":12.0,"key":"SMITH"},{"floor":15.0,"key":"REST"},{"data":"Uppercut","floor":23.0,"key":"SMITH"},{"data":"Offering","floor":25.0,"key":"SMITH"},{"data":"Power Through","floor":27.0,"key":"SMITH"},{"floor":32.0,"key":"REST"}],"circlet_count":0,"master_deck":["AscendersBane","Strike_R","Strike_R","Strike_R+1","Defend_R","Defend_R+1","Defend_R","Bash","Panacea","Infernal Blade","Pommel Strike+1","Uppercut+1","Flex+1","Dark Embrace+1","Power Through+1","Shockwave","Offering+1","Sentinel+1","Madness","Bludgeon","Evolve","Reaper","Flex"],"relics":["Burning Blood","Art of War","Golden Idol","Pen Nib","Bag of Marbles","Happy Flower","Nunchaku","Empty Cage","Darkstone Periapt","Gremlin Horn","Coffee Dripper"],"acts_visited":["Exordium","TheCity","TheBeyond"],"potions_floor_usage":[36],"damage_taken":[{"damage":2.0,"enemies":"Cultist","floor":1.0,"turns":4.0},{"damage":2.0,"enemies":"2 Louse","floor":2.0,"turns":4.0},{"damage":2.0,"enemies":"Jaw Worm","floor":4.0,"turns":4.0},{"damage":30.0,"enemies":"3 Sentries","floor":6.0,"turns":7.0},{"damage":8.0,"enemies":"Gremlin Nob","floor":11.0,"turns":3.0},{"damage":10.0,"enemies":"Gremlin Gang","floor":13.0,"turns":3.0},{"damage":15.0,"enemies":"3 Sentries","floor":14.0,"turns":4.0},{"damage":39.0,"enemies":"The Guardian","floor":16.0,"turns":11.0},{"damage":6.0,"enemies":"Chosen","floor":18.0,"turns":2.0},{"damage":18.0,"enemies":"3 Byrds","floor":20.0,"turns":6.0},{"damage":0.0,"enemies":"Snake Plant","floor":21.0,"turns":1.0},{"damage":24.0,"enemies":"Sentry and Sphere","floor":22.0,"turns":5.0},{"damage":1.0,"enemies":"Gremlin Leader","floor":24.0,"turns":2.0},{"damage":6.0,"enemies":"Centurion and Healer","floor":29.0,"turns":4.0},{"damage":10.0,"enemies":"Shelled Parasite and Fungi","floor":30.0,"turns":2.0},{"damage":47.0,"enemies":"Automaton","floor":33.0,"turns":7.0},{"damage":28.0,"enemies":"Orb Walker","floor":35.0,"turns":4.0},{"damage":36,"enemies":"3 Darklings","floor":36,"turns":2}],"seed_played":"5829846794026521296","potions_obtained":[{"floor":2.0,"key":"AttackPotion"},{"floor":4.0,"key":"ColorlessPotion"},{"floor":13.0,"key":"SmokeBomb"},{"floor":14.0,"key":"SmokeBomb"},{"floor":22.0,"key":"EssenceOfSteel"},{"floor":29.0,"key":"Explosive Potion"},{"floor":33.0,"key":"Weak Potion"}],"is_trial":false,"path_per_floor":["M","M","?","M","?","E","?","R","T","$","E","R","M","E","R","B",null,"M","$","M","M","M","R","E","R","T","R","?","M","M","T","R","B",null,"M","M"],"character_chosen":"IRONCLAD","items_purchased":["Bag of Marbles","Madness","Bludgeon"],"campfire_rested":2,"item_purchase_floors":[10,19,19],"current_hp_per_floor":[72,75,52,56,61,37,37,37,37,37,35,35,31,22,43,10,57,57,57,45,51,33,33,38,38,38,38,38,38,34,34,55,14,58,36,0,0],"gold":217,"neow_bonus":"RANDOM_COLORLESS","is_daily":false,"chose_seed":false,"campfire_upgraded":5,"win_rate":0.0,"timestamp":1611590415,"path_taken":["M","M","?","M","?","E","?","R","T","$","E","R","?","E","R","BOSS","M","$","M","M","?","R","E","R","T","R","?","M","?","?","R","BOSS","M","M"],"items_purchased_type":["Relic","Card","Card"],"build_version":"2020-12-22","purchased_purges":0,"victory":false,"max_hp_per_floor":[75,75,75,75,80,80,72,72,72,72,72,72,72,72,72,72,72,72,72,72,72,72,72,72,72,72,72,72,72,72,72,72,72,72,72,72,72],"card_choices":[{"not_picked":["Madness","PanicButton"],"picked":"Panacea","floor":0.0},{"not_picked":["True Grit","Evolve"],"picked":"Infernal Blade","floor":1.0},{"not_picked":["Iron Wave","True Grit"],"picked":"Pommel Strike","floor":2.0},{"not_picked":["Flex","Disarm"],"picked":"Uppercut","floor":4.0},{"not_picked":["Berserk","Fire Breathing"],"picked":"Flex","floor":6.0},{"not_picked":["Searing Blow","Havoc"],"picked":"Dark Embrace","floor":11.0},{"not_picked":["Perfected Strike","Thunderclap"],"picked":"Power Through","floor":13.0},{"not_picked":["Shrug It Off","Double Tap"],"picked":"Shockwave","floor":14.0},{"not_picked":["Bludgeon","Juggernaut"],"picked":"Offering","floor":16.0},{"not_picked":["Anger","Clash"],"picked":"Sentinel+1","floor":18.0},{"not_picked":["Blood for Blood","Rage","Clash"],"picked":"SKIP","floor":20.0},{"not_picked":["Warcry","Iron Wave","Clash"],"picked":"SKIP","floor":22.0},{"not_picked":["Clothesline","Infernal Blade+1"],"picked":"Evolve","floor":29.0},{"not_picked":["Fire Breathing","Armaments","Havoc"],"picked":"SKIP","floor":30.0},{"not_picked":["Juggernaut","Feed"],"picked":"Reaper","floor":33.0},{"not_picked":["Sword Boomerang+1","Shockwave"],"picked":"Flex","floor":35.0}],"player_experience":1278891,"relics_obtained":[{"floor":6.0,"key":"Art of War"},{"floor":9.0,"key":"Pen Nib"},{"floor":11.0,"key":"Happy Flower"},{"floor":14.0,"key":"Nunchaku"},{"floor":26.0,"key":"Darkstone Periapt"},{"floor":31.0,"key":"Gremlin Horn"}],"event_choices":[{"damage_healed":0.0,"max_hp_gain":0.0,"max_hp_loss":0.0,"gold_gain":0.0,"event_name":"Shining Light","player_choice":"Entered Light","floor":3.0,"gold_loss":0.0,"damage_taken":23.0,"cards_upgraded":["Pommel Strike","Strike_R"]},{"damage_healed":0.0,"max_hp_gain":5.0,"max_hp_loss":0.0,"gold_gain":0.0,"event_name":"Big Fish","player_choice":"Donut","floor":5.0,"gold_loss":0.0,"damage_taken":0.0},{"damage_healed":0.0,"max_hp_gain":0.0,"max_hp_loss":8.0,"gold_gain":0.0,"event_name":"Golden Idol","player_choice":"Lose Max HP","floor":7.0,"gold_loss":0.0,"damage_taken":0.0,"relics_obtained":["Golden Idol"]},{"cards_removed":["Defend_R"],"damage_healed":0.0,"max_hp_gain":0.0,"max_hp_loss":0.0,"gold_gain":0.0,"event_name":"Designer","player_choice":"Upgrade and Remove","floor":28.0,"gold_loss":110.0,"damage_taken":0.0,"cards_upgraded":["Defend_R"]}],"is_beta":false,"boss_relics":[{"not_picked":["Snecko Eye","Black Star"],"picked":"Empty Cage"},{"not_picked":["Black Blood","Runic Pyramid"],"picked":"Coffee Dripper"}],"items_purged_floors":[],"is_endless":false,"potions_floor_spawned":[2,4,13,14,21,22,29,33],"killed_by":"3 Darklings","ascension_level":20}}