{"host":"n9lc5i44t98l6pio","time":1611538374,"event":{"mods":["BaseMod","Curses Come First","Downfall","Minty Spire (QoL Compilation)","Replay The Spire","Say the Spire","StSLib"],"gold_per_floor":[117,130,130,149,149,183,195,222,222,240,240,240,274,1,1,106,106,121,45,144,65,65,96,96,113,113,143,143,143,172,172,172,270,270,290,290,290,307,319,319,351,351,351,361,172,20,20,53,53,53,53,53,37,66,66],"floor_reached":56,"language":"ENG","playtime":2900,"items_purged":[],"score":1455,"play_id":"c266df40-788a-47c5-81f1-c9e92844f5e7","local_time":"20210125023254","is_ascension_mode":true,"campfire_choices":[{"floor":12.0,"key":"REST"},{"floor":15.0,"key":"REST"},{"floor":24.0,"key":"REST"},{"floor":29.0,"key":"REST"},{"floor":32.0,"key":"REST"},{"floor":40,"key":"RECALL"},{"floor":42,"key":"REST"},{"data":"Echo Form","floor":47,"key":"SMITH"},{"data":"Rainbow","floor":49,"key":"SMITH"}],"circlet_count":0,"master_deck":["Strike_B+1","Strike_B","Strike_B","Strike_B","Defend_B","Defend_B+1","Defend_B","Defend_B+1","Zap","Dualcast","White Noise","Aggregate","Tempest","Defragment+1","Loop","BasicCrystalCard","White Noise","Rainbow+1","Ball Lightning","Glacier","BasicCrystalCard","Fusion","Cold Snap","Creative AI","Consume","Hello World","Defragment+1","ReplayTheSpireMod:System Scan","Consume","Hello World+1","Amplify","Echo Form+1","Creative AI","Double Energy+1","Melter+1","Buffer","Coolheaded","Mayhem","Conserve Battery","Cold Snap","Cold Snap+1"],"relics":["Cracked Core","Replay:Ringing Soul","Unceasing Top","Lizard Tail","Replay:Bottled Eggs","Orrery","ChewingGum","MealTicket","Pet Ghost","Replay:Bottled Steam","Enchiridion","Black Star","Ring of Peace","ReplayTheSpireMod:Ring of Addiction","White Beast Statue","Chameleon Ring","Smiling Mask","Simple Rune","DataDisk","Runic Capacitor","Blue Doll","Bottled Lightning","Replay:Accelerometer","Thread and Needle"],"acts_visited":["Exordium","TheCity","TheBeyond","TheEnding"],"potions_floor_usage":[38,41,50,50,52,54,55,55],"damage_taken":[{"damage":0.0,"enemies":"2 Louse","floor":1.0,"turns":1.0},{"damage":12.0,"enemies":"Small Slimes","floor":2.0,"turns":3.0},{"damage":1.0,"enemies":"Cultist","floor":4.0,"turns":4.0},{"damage":0.0,"enemies":"3 Sentries","floor":6.0,"turns":2.0},{"damage":16.0,"enemies":"Blue Slaver","floor":7.0,"turns":4.0},{"damage":21.0,"enemies":"Lagavulin","floor":8.0,"turns":6.0},{"damage":9.0,"enemies":"Exordium Wildlife","floor":10.0,"turns":3.0},{"damage":44.0,"enemies":"3 Sentries","floor":13.0,"turns":5.0},{"damage":29.0,"enemies":"Hexaghost","floor":16.0,"turns":10.0},{"damage":26.0,"enemies":"Shell Parasite","floor":18.0,"turns":5.0},{"damage":32.0,"enemies":"Slavers","floor":23.0,"turns":3.0},{"damage":25.0,"enemies":"2 Thieves","floor":25.0,"turns":3.0},{"damage":12.0,"enemies":"Gremlin Leader","floor":27.0,"turns":5.0},{"damage":57.0,"enemies":"Book of Stabbing","floor":30.0,"turns":7.0},{"damage":58.0,"enemies":"Collector","floor":33.0,"turns":10.0},{"damage":25.0,"enemies":"3 Shapes","floor":35.0,"turns":3.0},{"damage":23,"enemies":"3 Darklings","floor":38,"turns":5},{"damage":3,"enemies":"Maw","floor":39,"turns":7},{"damage":32,"enemies":"Reptomancer","floor":41,"turns":6},{"damage":0,"enemies":"Sphere and 2 Shapes","floor":44,"turns":3},{"damage":0,"enemies":"Nemesis","floor":48,"turns":7},{"damage":168,"enemies":"Awakened One","floor":50,"turns":11},{"damage":39,"enemies":"Shield and Spear","floor":54,"turns":6},{"damage":109,"enemies":"The Heart","floor":55,"turns":9}],"seed_played":"8663619270592035531","potions_obtained":[{"floor":2.0,"key":"ColorlessPotion"},{"floor":4.0,"key":"Block Potion"},{"floor":6.0,"key":"SkillPotion"},{"floor":8.0,"key":"DuplicationPotion"},{"floor":13.0,"key":"CultistPotion"},{"floor":18.0,"key":"AttackPotion"},{"floor":30.0,"key":"Doom Potion"},{"floor":35.0,"key":"Milkshake"},{"floor":36.0,"key":"ColorlessPotion"},{"floor":38,"key":"FocusPotion"},{"floor":41,"key":"Swift Potion"},{"floor":44,"key":"Dexterity Potion"},{"floor":52,"key":"Weak Potion"},{"floor":52,"key":"Fruit Juice"},{"floor":54,"key":"DuplicationPotion"}],"is_trial":false,"path_per_floor":["M","M","?","M","?","E","M","E","T","M","?","R","E","$","R","B",null,"M","$","?","$","?","E","R","M","T","E","$","R","E","?","R","B",null,"M","?","?","M","M","R","E","R","T","M","$","$","R","E","R","B",null,"R","$","E","B",null],"character_chosen":"DEFECT","items_purchased":["Orrery","Fusion","Cold Snap","Hello World","Defragment","Mayhem","Runic Capacitor","Cold Snap"],"campfire_rested":6,"item_purchase_floors":[14,14,14,19,21,45,46,53],"current_hp_per_floor":[75,63,63,62,62,65,52,34,34,28,57,83,42,45,72,46,96,73,76,76,79,82,53,86,64,64,55,70,105,51,35,71,16,123,98,98,98,78,78,78,49,88,88,91,109,124,124,127,127,42,137,144,147,111,2],"gold":66,"neow_bonus":"RANDOM_EVENT","is_daily":false,"chose_seed":false,"campfire_upgraded":2,"win_rate":0.0,"timestamp":1611538374,"path_taken":["M","M","?","M","?","E","M","E","T","?","?","R","E","$","R","BOSS","M","$","?","$","?","E","R","?","T","E","$","R","E","?","R","BOSS","M","?","?","?","M","R","E","R","T","M","?","$","R","E","R","BOSS","R","$","E","BOSS"],"items_purchased_type":["Relic","Card","Card","Card","Card","Card","Relic","Card"],"build_version":"2020-12-22","purchased_purges":0,"victory":true,"max_hp_per_floor":[75,75,75,75,75,78,81,84,84,87,87,87,90,93,93,96,96,99,102,102,105,108,111,111,114,114,117,117,117,120,120,120,123,123,123,123,123,126,129,129,132,132,132,135,136,136,136,137,137,137,137,144,147,150,150],"card_choices":[{"not_picked":["Sweeping Beam","ReplayTheSpireMod:Calculation Training"],"picked":"White Noise","floor":1.0},{"not_picked":["Compile Driver","Redo"],"picked":"Chaos","floor":2.0},{"not_picked":["Barrage","Stack"],"picked":"Aggregate","floor":4.0},{"not_picked":["Rebound","Glacier"],"picked":"Defragment","floor":6.0},{"not_picked":["Conserve Battery","Streamline"],"picked":"Loop","floor":7.0},{"not_picked":["Rip and Tear","Reprogram"],"picked":"BasicCrystalCard","floor":8.0},{"not_picked":["Rebound","Stack"],"picked":"White Noise","floor":10.0},{"not_picked":["Tempest","Redo"],"picked":"Rainbow","floor":13.0},{"not_picked":["ReplayGash","Streamline"],"picked":"Ball Lightning","floor":14.0},{"not_picked":["Sweeping Beam","Darkness"],"picked":"Glacier","floor":14.0},{"not_picked":["Double Energy","Melter"],"picked":"BasicCrystalCard","floor":14.0},{"not_picked":["Auto Shields","Fission"],"picked":"Redo","floor":14.0},{"not_picked":["ReplayRNGCard","Meteor Strike"],"picked":"Creative AI","floor":16.0},{"not_picked":["Coolheaded","Conserve Battery"],"picked":"Consume","floor":18.0},{"not_picked":["Panic Button","Hologram"],"picked":"Consume","floor":23.0},{"not_picked":["Turbo+1","Stack"],"picked":"Hello World+1","floor":25.0},{"not_picked":["BootSequence","Turbo"],"picked":"Amplify","floor":27.0},{"not_picked":["Beam Cell+1","Leap"],"picked":"Echo Form","floor":30.0},{"not_picked":["ReplayRNGCard","Meteor Strike"],"picked":"Creative AI","floor":33.0},{"not_picked":["Beam Cell","Compile Driver","Scrape"],"picked":"SKIP","floor":35.0},{"not_picked":["Ball Lightning+1","Redo+1"],"picked":"Double Energy+1","floor":38},{"not_picked":["Redo+1","Rebound+1"],"picked":"Melter+1","floor":39},{"not_picked":["Turbo","Steam"],"picked":"Buffer","floor":41},{"not_picked":["Barrage","Beam Cell"],"picked":"Coolheaded","floor":44},{"not_picked":["ReplayTheSpireMod:Repulse","Steam+1"],"picked":"Conserve Battery","floor":48},{"not_picked":["Go for the Eyes","Gash"],"picked":"Cold Snap+1","floor":54}],"player_experience":194897,"relics_obtained":[{"floor":6.0,"key":"Replay:Ringing Soul"},{"floor":8.0,"key":"Unceasing Top"},{"floor":9.0,"key":"Lizard Tail"},{"floor":13.0,"key":"Replay:Bottled Eggs"},{"floor":23.0,"key":"MealTicket"},{"floor":27.0,"key":"Pet Ghost"},{"floor":30.0,"key":"Replay:Bottled Steam"},{"floor":31.0,"key":"Enchiridion"},{"floor":36.0,"key":"Ring of Peace"},{"floor":36.0,"key":"ReplayTheSpireMod:Ring of Addiction"},{"floor":36.0,"key":"White Beast Statue"},{"floor":36.0,"key":"Chameleon Ring"},{"floor":41,"key":"Smiling Mask"},{"floor":41,"key":"Simple Rune"},{"floor":43,"key":"DataDisk"},{"floor":48,"key":"Blue Doll"},{"floor":48,"key":"Bottled Lightning"},{"floor":54,"key":"Replay:Accelerometer"},{"floor":54,"key":"Thread and Needle"}],"event_choices":[{"damage_healed":0.0,"max_hp_gain":0.0,"max_hp_loss":0.0,"gold_gain":0.0,"cards_transformed":["Rip and Tear"],"event_name":"Transmorgrifier","player_choice":"Transformed","floor":5.0,"gold_loss":0.0,"damage_taken":0.0,"cards_obtained":["Tempest"]},{"damage_healed":29.0,"max_hp_gain":0.0,"max_hp_loss":0.0,"gold_gain":0.0,"event_name":"Big Fish","player_choice":"Banana","floor":11.0,"gold_loss":0.0,"damage_taken":0.0},{"damage_healed":0.0,"max_hp_gain":0.0,"max_hp_loss":0.0,"gold_gain":99.0,"event_name":"Nest","player_choice":"Stole From Cult","floor":20.0,"gold_loss":0.0,"damage_taken":0.0},{"damage_healed":0.0,"max_hp_gain":0.0,"max_hp_loss":0.0,"gold_gain":0.0,"cards_transformed":["Redo"],"event_name":"Transmorgrifier","player_choice":"Transformed","floor":22.0,"gold_loss":0.0,"damage_taken":0.0,"cards_obtained":["ReplayTheSpireMod:System Scan"]},{"damage_healed":0.0,"max_hp_gain":0.0,"max_hp_loss":0.0,"gold_gain":0.0,"event_name":"Cursed Tome","player_choice":"Obtained Book","floor":31.0,"gold_loss":0.0,"damage_taken":16.0},{"damage_healed":0.0,"max_hp_gain":0.0,"max_hp_loss":0.0,"gold_gain":0.0,"event_name":"The Woman in Blue","player_choice":"Bought 0 Potions","floor":37.0,"gold_loss":0.0,"damage_taken":0.0}],"is_beta":false,"boss_relics":[{"not_picked":["Ring of Chaos","Replay:Bronze Core"],"picked":"ChewingGum"},{"not_picked":["FrozenCore","Fusion Hammer"],"picked":"Black Star"}],"items_purged_floors":[],"is_endless":false,"potions_floor_spawned":[2,4,6,8,13,18,30,35,38,39,41,44,48,54],"ascension_level":1}}