{"host":"x730sfaw5rd1mxd8","time":1611535911,"event":{"mods":["BaseMod","BetterRewards","Colored Map","Colored Powertips","Highlight Path","Minty Spire (QoL Compilation)","Relic Sorter","Relic Stats","Replay The Spire","StSLib"],"gold_per_floor":[125,148,47,65,65,102,102,141,141,141,141,157,203,55,55,182,182,212,246,275,332,332,377,410,467,492,492,544,594,663,702,702,804,804,858,889,921,564,597,642,642,693,775,775,532,564,564,564,564,596,596,596,214,282,306],"floor_reached":56,"language":"ENG","playtime":3932,"items_purged":["Strike_G","Strike_G","Defend_G","Strike_G","Strike_G","Dagger Spray"],"score":2094,"play_id":"e5934307-0e4f-4e5b-b419-89a80954aa46","local_time":"20210124195151","is_ascension_mode":true,"campfire_choices":[{"data":"Apotheosis","floor":7,"key":"SMITH"},{"data":"A Thousand Cuts","floor":10,"key":"SMITH"},{"data":"Noxious Fumes","floor":15,"key":"SMITH"},{"data":"Footwork","floor":27,"key":"SMITH"},{"data":"After Image","floor":32,"key":"SMITH"},{"data":"Envenom","floor":41,"key":"SMITH"},{"floor":44,"key":"RECALL"},{"data":"ReplayTheSpireMod:Scrap Shanks","floor":49,"key":"SMITH"},{"data":"Well Laid Plans","floor":52,"key":"SMITH"}],"circlet_count":0,"master_deck":["Defend_G+1","Defend_G+1","Defend_G","Defend_G","Neutralize","Apotheosis+1","Quick Slash","Acrobatics","ReplayTheSpireMod:Speed Training+1","Noxious Fumes+1","Cloak And Dagger","Backstab+1","Blur","Backflip+1","Deflect+1","Flying Knee","A Thousand Cuts+1","Well Laid Plans+1","Acrobatics+1","PiercingWail+1","Leg Sweep+1","m_Survivalism+1","Night Terror+1","Blade Dance+1","Burst+1","Malaise+1","CurseOfTheBell","Calculated Gamble+1","Blade Dance+1","Footwork+1","Necronomicurse","Pot Of Greed+1","Pot Of Greed+1","Pot Of Greed+1","Reflex+1","Envenom+1","Blade Dance+1","Pot Of Greed+1","After Image+1","Cloak And Dagger+1","Burst+1","Deflect+1","Backflip+1","Replay:Bootleg Shield Generator+1","Footwork+1","Adrenaline+1","ReplayTheSpireMod:Scrap Shanks+1","Deflect+1","ReplayTheSpireMod:Private Reserves+1","Dodge and Roll+1","Pot Of Greed+1"],"relics":["Ring of the Snake","Pocketwatch","Membership Card","Mercury Hourglass","Oddly Smooth Stone","Replay:Bandana","Happy Flower","Toxic Egg 2","Replay:Rubber Ducky","Replay:Bottled Snecko","Bag of Marbles","Unceasing Top","Replay:Baseball","Calling Bell","Pear","ReplayTheSpireMod:TigerMarble","Red Mask","Necronomicon","Grinning Jar","Gambling Chip","Toy Ornithopter","Matryoshka","StoneCalendar","ChewingGum","Anchor","Bag of Preparation","DollysMirror","PreservedInsect","Replay:Bottled Steam","Orichalcum","StrikeDummy","Divine Protection","Guide Book","Bronze Scales","Mummified Hand","Medical Kit","ReplayFunnel","Vajra","War Paint"],"acts_visited":["Exordium","TheCity","TheBeyond","TheEnding"],"potions_floor_usage":[20,39,50,55,55,55],"damage_taken":[{"damage":0.0,"enemies":"Cultist","floor":1.0,"turns":3.0},{"damage":0.0,"enemies":"2 Louse","floor":2.0,"turns":1.0},{"damage":0.0,"enemies":"Jaw Worm","floor":4.0,"turns":2.0},{"damage":13,"enemies":"Gremlin Nob","floor":6,"turns":4},{"damage":0,"enemies":"Replay:BlueRogue","floor":8,"turns":4},{"damage":0,"enemies":"3 Louse","floor":12,"turns":2},{"damage":8,"enemies":"Lagavulin","floor":13,"turns":4},{"damage":0,"enemies":"Slime Boss","floor":16,"turns":6},{"damage":0,"enemies":"2 Thieves","floor":18,"turns":1},{"damage":0,"enemies":"Shell Parasite","floor":19,"turns":4},{"damage":0,"enemies":"3 Cultists","floor":20,"turns":3},{"damage":0,"enemies":"Masked Bandits","floor":21,"turns":2},{"damage":5,"enemies":"Slavers","floor":23,"turns":5},{"damage":0,"enemies":"Centurion and Healer","floor":24,"turns":2},{"damage":4,"enemies":"Gremlin Leader","floor":25,"turns":5},{"damage":0,"enemies":"Replay:Snechameleon","floor":28,"turns":5},{"damage":0,"enemies":"Snecko","floor":29,"turns":2},{"damage":0,"enemies":"Book of Stabbing","floor":30,"turns":3},{"damage":0,"enemies":"Shelled Parasite and Fungi","floor":31,"turns":2},{"damage":0,"enemies":"Collector","floor":33,"turns":9},{"damage":0,"enemies":"3 Shapes","floor":35,"turns":3},{"damage":0,"enemies":"3 Darklings","floor":36,"turns":4},{"damage":0,"enemies":"Sphere and 2 Shapes","floor":37,"turns":4},{"damage":0,"enemies":"Jaw Worm Horde","floor":39,"turns":3},{"damage":0,"enemies":"Nemesis","floor":40,"turns":6},{"damage":0,"enemies":"Reptomancer","floor":42,"turns":3},{"damage":0,"enemies":"Spire Growth","floor":46,"turns":5},{"damage":0,"enemies":"Replay:Hell Engine","floor":50,"turns":10},{"damage":0,"enemies":"Shield and Spear","floor":54,"turns":3},{"damage":0,"enemies":"The Heart","floor":55,"turns":8}],"seed_played":"-3388327901017032510","potions_obtained":[{"floor":4.0,"key":"DistilledChaos"},{"floor":12,"key":"Reflective Coating"},{"floor":13,"key":"Explosive Potion"},{"floor":18,"key":"Venom Potion"},{"floor":21,"key":"Strength Potion"},{"floor":23,"key":"Adrenaline Potion"},{"floor":31,"key":"FearPotion"},{"floor":33,"key":"DistilledChaos"},{"floor":39,"key":"Reflective Coating"}],"is_trial":false,"path_per_floor":["M","M","$","M","?","E","R","E","T","R","?","M","E","$","R","B",null,"M","M","M","?","?","E","M","E","T","R","E","M","E","M","R","B",null,"M","M","M","$","M","E","R","E","T","R","$","M","?","T","R","B",null,"R","$","E","B",null],"character_chosen":"THE_SILENT","items_purchased":["Membership Card","Apotheosis","Mercury Hourglass","Quick Slash","Acrobatics","Oddly Smooth Stone","ReplayTheSpireMod:Speed Training","Noxious Fumes","Cloak And Dagger","Replay:Bandana","Backstab","Happy Flower","Blur","Dagger Spray","Toxic Egg 2","Backflip+1","Deflect+1","Flying Knee","PiercingWail+1","Burst+1","Replay:Baseball","Anchor","Replay:Bootleg Shield Generator+1","Bag of Preparation","DollysMirror","Divine Protection","ReplayTheSpireMod:Scrap Shanks","Guide Book","Medical Kit","ReplayFunnel","Vajra","LiquidBronze","Dodge and Roll+1"],"campfire_rested":0,"item_purchase_floors":[0,0,0,0,0,0,0,0,0,0,0,0,0,0,0,0,0,0,3,14,14,38,38,38,38,45,45,45,53,53,53,53,53],"current_hp_per_floor":[70,70,70,70,70,57,57,57,57,57,57,57,49,49,49,49,75,75,75,75,75,59,54,54,50,50,50,50,50,50,50,50,50,73,73,73,73,73,78,78,78,78,78,78,78,78,78,78,78,80,80,80,80,80,80],"gold":306,"neow_bonus":"","is_daily":false,"chose_seed":false,"campfire_upgraded":8,"win_rate":0.0,"timestamp":1611535911,"path_taken":["M","M","$","M","?","E","R","E","T","R","?","?","E","?","R","BOSS","M","M","M","?","?","E","M","E","T","R","E","M","E","M","R","BOSS","M","M","M","$","M","E","R","E","T","R","$","M","?","?","R","BOSS","R","$","E","BOSS"],"items_purchased_type":["Relic","Card","Relic","Card","Card","Relic","Card","Card","Card","Relic","Card","Relic","Card","Card","Relic","Card","Card","Card","Card","Card","Relic","Relic","Card","Relic","Relic","Relic","Card","Relic","Relic","Relic","Relic","Potion","Card"],"build_version":"2020-12-22","purchased_purges":6,"victory":true,"max_hp_per_floor":[70,70,70,70,70,70,70,70,70,70,70,70,70,70,70,70,80,80,80,80,80,80,80,80,80,80,80,80,80,80,80,80,80,80,80,80,80,80,80,80,80,80,80,80,80,80,80,80,80,80,80,80,80,80,80],"relic_stats":{"Happy Flower":[39],"counters":[186,766],"StoneCalendar":[182],"PreservedInsect":458,"Bag of Preparation":[14],"Orichalcum":[54],"War Paint":["Defend_P","Protect","True Grit","Defend_R","Defend_G","Defend_G"],"Medical Kit":[2],"Mercury Hourglass":[533],"Mummified Hand":[159],"Gambling Chip":[54],"Bronze Scales":[1199],"Necronomicon":[0],"obtain_stats":[{"Vampiric Spirits":0,"Whetstone":55,"Boot":55,"Sling":55,"Blood Vial":20,"MealTicket":27,"Fusion Hammer":36,"Necronomicon":22,"Kunai":26,"Electric Blood":17,"Replay:Bottled Steam":43,"Pear":46,"Blue Candle":30,"Tingsha":0,"Pen Nib":48,"Paper Crane":8,"SlaversCollar":17,"Snecko Scales":34,"Bird Faced Urn":12,"Mark of Pain":0,"StrikeDummy":6,"Unceasing Top":27,"Regal Pillow":0,"Singing Bowl":10,"Magic Flower":11,"Painkiller Herb":19,"StoneCalendar":30,"Bag of Preparation":55,"Replay:Multitool":44,"Cursed Key":34,"Burning Blood":0,"Pet Ghost":23,"Replay:Rubber Ducky":55,"Matryoshka":0,"Ring of the Snake":0,"Potion Belt":0,"The Specimen":25,"Golden Idol":11,"Basket Of Snakes":39,"The Courier":14,"PreservedInsect":22,"Frozen Egg 2":0,"MawBank":31,"Replay:Arrowhead":9,"Busted Crown":17,"Ornamental Fan":55,"Orrery":0,"Turnip":46,"Art of War":40,"ReplayTheSpireMod:Ring of Challenge":38,"Toy Ornithopter":26,"Ice Cream":14,"Divine Protection":45,"Gremlin Horn":9,"Nilry\u0027s Codex":23,"Vajra":28,"Centennial Puzzle":9,"DollysMirror":30,"Strawberry":28,"Prayer Wheel":0,"Toxic Egg 2":0,"Byrd Skull":11,"Happy Flower":55,"Oddly Smooth Stone":26,"Ring of Chaos":47,"War Paint":54,"OrangePellets":0,"Bottled Flame":15,"Replay:Baseball":0,"Bronze Scales":12,"Simple Rune":55,"ReplayTheSpireMod:TigerMarble":17,"Grinning Jar":23,"Pocketwatch":0,"Meat on the Bone":38,"Darkstone Periapt":5,"ReplayFunnel":55,"Mango":6,"Snake Skull":29,"Incense Burner":45,"ClockworkSouvenir":45,"Dream Catcher":43,"Nunchaku":24,"Replay:Bandana":10,"Mummified Hand":48,"Pantograph":23,"Gambling Chip":24,"Red Mask":22,"Replay:Bottled Snecko":8,"Red Skull":6,"Gremlin Food":44,"ReplayTheSpireMod:Ninjato":40,"Replay:Towering Pillar of Hats":10,"Quantum Egg":46,"Guide Book":0,"Replay:WaspNest":0,"Orichalcum":56,"Medical Kit":42,"Mercury Hourglass":0,"Calling Bell":17,"Anchor":11,"CaptainsWheel":43,"Pondfish Scales":55,"ChewingGum":34,"Snack Pack":8,"Coffee Dripper":17,"Bag of Marbles":11,"Membership Card":0},{"Vampiric Spirits":61,"Whetstone":91,"Boot":91,"Sling":91,"Blood Vial":26,"MealTicket":58,"Fusion Hammer":80,"Necronomicon":168,"Kunai":142,"Electric Blood":51,"Replay:Bottled Steam":119,"Pear":122,"Blue Candle":30,"Tingsha":93,"Pen Nib":153,"Paper Crane":66,"SlaversCollar":24,"Snecko Scales":115,"Bird Faced Urn":22,"Mark of Pain":0,"StrikeDummy":98,"Unceasing Top":143,"Regal Pillow":93,"Singing Bowl":21,"Magic Flower":49,"Painkiller Herb":72,"StoneCalendar":174,"Bag of Preparation":91,"Replay:Multitool":120,"Cursed Key":31,"Burning Blood":0,"Pet Ghost":56,"Replay:Rubber Ducky":91,"Matryoshka":61,"Ring of the Snake":0,"Potion Belt":126,"The Specimen":76,"Golden Idol":5,"Basket Of Snakes":82,"The Courier":7,"PreservedInsect":11,"Frozen Egg 2":14,"MawBank":79,"Replay:Arrowhead":131,"Busted Crown":8,"Ornamental Fan":91,"Orrery":126,"Turnip":38,"Art of War":36,"ReplayTheSpireMod:Ring of Challenge":81,"Toy Ornithopter":171,"Ice Cream":23,"Divine Protection":182,"Gremlin Horn":20,"Nilry\u0027s Codex":75,"Vajra":77,"Centennial Puzzle":5,"DollysMirror":144,"Strawberry":13,"Prayer Wheel":93,"Toxic Egg 2":156,"Byrd Skull":66,"Happy Flower":91,"Oddly Smooth Stone":57,"Ring of Chaos":122,"War Paint":185,"OrangePellets":93,"Bottled Flame":70,"Replay:Baseball":93,"Bronze Scales":6,"Simple Rune":91,"ReplayTheSpireMod:TigerMarble":164,"Grinning Jar":169,"Pocketwatch":41,"Meat on the Bone":117,"Darkstone Periapt":18,"ReplayFunnel":91,"Mango":19,"Snake Skull":78,"Incense Burner":87,"ClockworkSouvenir":151,"Dream Catcher":37,"Nunchaku":75,"Replay:Bandana":100,"Mummified Hand":183,"Pantograph":12,"Gambling Chip":27,"Red Mask":140,"Replay:Bottled Snecko":161,"Red Skull":47,"Gremlin Food":87,"ReplayTheSpireMod:Ninjato":149,"Replay:Towering Pillar of Hats":66,"Quantum Egg":87,"Guide Book":93,"Replay:WaspNest":61,"Orichalcum":92,"Medical Kit":119,"Mercury Hourglass":61,"Calling Bell":164,"Anchor":66,"CaptainsWheel":86,"Pondfish Scales":91,"ChewingGum":176,"Snack Pack":48,"Coffee Dripper":137,"Bag of Marbles":161,"Membership Card":61},{"Vampiric Spirits":244,"Whetstone":364,"Boot":364,"Sling":364,"Blood Vial":107,"MealTicket":230,"Fusion Hammer":315,"Necronomicon":684,"Kunai":570,"Electric Blood":208,"Replay:Bottled Steam":471,"Pear":484,"Blue Candle":123,"Tingsha":376,"Pen Nib":627,"Paper Crane":257,"SlaversCollar":100,"Snecko Scales":459,"Bird Faced Urn":86,"Mark of Pain":0,"StrikeDummy":392,"Unceasing Top":574,"Regal Pillow":376,"Singing Bowl":82,"Magic Flower":200,"Painkiller Herb":279,"StoneCalendar":706,"Bag of Preparation":364,"Replay:Multitool":475,"Cursed Key":130,"Burning Blood":0,"Pet Ghost":224,"Replay:Rubber Ducky":364,"Matryoshka":244,"Ring of the Snake":0,"Potion Belt":505,"The Specimen":292,"Golden Idol":17,"Basket Of Snakes":325,"The Courier":25,"PreservedInsect":40,"Frozen Egg 2":51,"MawBank":304,"Replay:Arrowhead":520,"Busted Crown":30,"Ornamental Fan":364,"Orrery":505,"Turnip":156,"Art of War":146,"ReplayTheSpireMod:Ring of Challenge":318,"Toy Ornithopter":696,"Ice Cream":93,"Divine Protection":740,"Gremlin Horn":78,"Nilry\u0027s Codex":288,"Vajra":296,"Centennial Puzzle":17,"DollysMirror":580,"Strawberry":48,"Prayer Wheel":376,"Toxic Egg 2":649,"Byrd Skull":257,"Happy Flower":364,"Oddly Smooth Stone":226,"Ring of Chaos":484,"War Paint":758,"OrangePellets":376,"Bottled Flame":268,"Replay:Baseball":376,"Bronze Scales":20,"Simple Rune":364,"ReplayTheSpireMod:TigerMarble":674,"Grinning Jar":689,"Pocketwatch":170,"Meat on the Bone":463,"Darkstone Periapt":65,"ReplayFunnel":364,"Mango":73,"Snake Skull":300,"Incense Burner":344,"ClockworkSouvenir":618,"Dream Catcher":151,"Nunchaku":288,"Replay:Bandana":399,"Mummified Hand":745,"Pantograph":44,"Gambling Chip":111,"Red Mask":561,"Replay:Bottled Snecko":663,"Red Skull":189,"Gremlin Food":344,"ReplayTheSpireMod:Ninjato":609,"Replay:Towering Pillar of Hats":257,"Quantum Egg":344,"Guide Book":376,"Replay:WaspNest":244,"Orichalcum":369,"Medical Kit":471,"Mercury Hourglass":244,"Calling Bell":674,"Anchor":257,"CaptainsWheel":341,"Pondfish Scales":364,"ChewingGum":717,"Snack Pack":196,"Coffee Dripper":549,"Bag of Marbles":663,"Membership Card":244}],"Unceasing Top":[45],"Toy Ornithopter":7,"Ring of the Snake":[250],"Pocketwatch":[8]},"card_choices":[{"not_picked":["Dagger Spray","Dagger Throw"],"picked":"Well Laid Plans","floor":1.0},{"not_picked":["Fluid Movement","Terror+1"],"picked":"Acrobatics+1","floor":2.0},{"not_picked":["ReplayTheSpireMod:Exploit Weakness+1","Concentrate+1"],"picked":"Leg Sweep+1","floor":4.0},{"not_picked":["ReplayTheSpireMod:The Works+1","Outmaneuver+1","Distraction+1"],"picked":"SKIP","floor":6},{"not_picked":["Sucker Punch","Slice","Accuracy"],"picked":"SKIP","floor":8},{"not_picked":["Outmaneuver+1","Backstab"],"picked":"Night Terror+1","floor":12},{"not_picked":["Deadly Poison+1","Flying Knee"],"picked":"Blade Dance+1","floor":13},{"not_picked":["Die Die Die","Glass Knife"],"picked":"Malaise+1","floor":16},{"not_picked":["Bane+1","Dodge and Roll+1"],"picked":"Calculated Gamble+1","floor":18},{"not_picked":["PiercingWail+1","Dagger Throw"],"picked":"Blade Dance+1","floor":19},{"not_picked":["PiercingWail+1","Accuracy"],"picked":"Footwork","floor":20},{"not_picked":["Sucker Punch+1","Escape Plan+1"],"picked":"Reflex+1","floor":23},{"not_picked":["Flying Knee","Outmaneuver+1","Masterful Stab"],"picked":"SKIP","floor":24},{"not_picked":["Crippling Poison+1","Blur+1"],"picked":"Envenom","floor":25},{"not_picked":["Fluid Movement+1","Predator+1"],"picked":"Blade Dance+1","floor":28},{"not_picked":["Sucker Punch","Flying Knee","Slice"],"picked":"SKIP","floor":29},{"not_picked":["Deadly Poison+1","Calculated Gamble+1"],"picked":"After Image","floor":30},{"not_picked":["Endless Agony","Sneak Up+1"],"picked":"Cloak And Dagger+1","floor":31},{"not_picked":["Storm of Steel+1","Replay:Bag of Tricks+1"],"picked":"Burst+1","floor":33},{"not_picked":["Dagger Throw","Caltrops","Deadly Poison+1"],"picked":"SKIP","floor":35},{"not_picked":["Poisoned Stab+1","Infinite Blades+1"],"picked":"Deflect+1","floor":36},{"not_picked":["Accuracy","Flechettes+1"],"picked":"Backflip+1","floor":37},{"not_picked":["Atom Bomb","Accuracy","Sucker Punch+1"],"picked":"SKIP","floor":39},{"not_picked":["Blur+1","Noxious Fumes"],"picked":"Adrenaline+1","floor":40},{"not_picked":["Deadly Poison+1","Endless Agony+1","Eviscerate"],"picked":"SKIP","floor":42},{"not_picked":["Quick Slash+1","Slice+1"],"picked":"Deflect+1","floor":46},{"not_picked":["ReplayTheSpireMod:Brewmster","Secret Technique+1"],"picked":"ReplayTheSpireMod:Private Reserves+1","floor":47},{"not_picked":["Terror+1","Dodge and Roll+1","Sucker Punch+1"],"picked":"SKIP","floor":54}],"player_experience":4008502,"relics_obtained":[{"floor":6,"key":"Replay:Rubber Ducky"},{"floor":8,"key":"Replay:Bottled Snecko"},{"floor":13,"key":"Unceasing Top"},{"floor":17,"key":"Pocketwatch"},{"floor":17,"key":"Pear"},{"floor":17,"key":"ReplayTheSpireMod:TigerMarble"},{"floor":21,"key":"Red Mask"},{"floor":22,"key":"Necronomicon"},{"floor":23,"key":"Grinning Jar"},{"floor":25,"key":"Gambling Chip"},{"floor":26,"key":"Toy Ornithopter"},{"floor":28,"key":"Matryoshka"},{"floor":30,"key":"StoneCalendar"},{"floor":40,"key":"PreservedInsect"},{"floor":42,"key":"Replay:Bottled Steam"},{"floor":43,"key":"Orichalcum"},{"floor":43,"key":"StrikeDummy"},{"floor":48,"key":"Bronze Scales"},{"floor":48,"key":"Mummified Hand"},{"floor":54,"key":"War Paint"}],"event_choices":[{"damage_healed":0,"gold_gain":0,"player_choice":"Gave Potion","damage_taken":0,"relics_obtained":["Bag of Marbles"],"max_hp_gain":0,"max_hp_loss":0,"event_name":"WeMeetAgain","floor":11,"gold_loss":0},{"damage_healed":0,"gold_gain":0,"player_choice":"Fought Bandits","damage_taken":0,"max_hp_gain":0,"max_hp_loss":0,"event_name":"Masked Bandits","floor":21,"gold_loss":0},{"damage_healed":0,"gold_gain":0,"player_choice":"Obtained Book","damage_taken":16,"max_hp_gain":0,"max_hp_loss":0,"event_name":"Cursed Tome","floor":22,"gold_loss":0},{"damage_healed":0,"gold_gain":0,"player_choice":"Memory 1","damage_taken":0,"max_hp_gain":0,"max_hp_loss":0,"event_name":"SensoryStone","floor":47,"gold_loss":0}],"is_beta":false,"boss_relics":[{"not_picked":["Kintsugi","Empty Cage"],"picked":"Calling Bell"},{"not_picked":["Replay:Drink Me","Replay:Wanted Poster"],"picked":"ChewingGum"}],"items_purged_floors":[0,0,0,3,38,53],"is_endless":false,"potions_floor_spawned":[4,12,13,18,21,23,31,33,35,36,39,42],"ascension_level":5}}