{"host":"rx4dvj46as2nh7wl","time":1611558837,"event":{"mods":["100% Spire Juice","ATMod(°¢èªMod)","Act Like it!","BaseMod","BetterRewards","Defective Defect","Dota2Spire","Friendly Minions","Gensokyo","GifTheSpireLib","HololiveMod","Hubris","KomeijiMod","Lobotomy","Minty Spire (QoL Compilation)","Permanent Neow","Relic Stats","Replay The Spire","Spicy Shops","StSLib","The Alterego","WarShipGirlsR/Õ½½¢ÉÙÅ®R mod","Yakumo Yukari mod"],"gold_per_floor":[276,287,307,321,321,350,350,382,382,382,414,428,443,36,36,139,139,158,172,172,172,192,225,143,143,169,272,307,513,927,981,981,1128,1128,1228,1228,611,611,591,591,466,527,550,612,612,675,822,915,915,940],"floor_reached":51,"language":"ZHS","playtime":4864,"items_purged":["Pain","Confused","ReplayTheSpireMod:Splinters","Pride"],"score":1123,"play_id":"384bd814-748a-4938-aef4-9951d5491509","local_time":"20210125151357","is_ascension_mode":true,"campfire_choices":[{"data":"AT_ShrugMaster","floor":7,"key":"SMITH"},{"data":"rmod:supriseattacks","floor":10,"key":"SMITH"},{"data":"rmod:basicallowance","floor":15,"key":"SMITH"},{"floor":32,"key":"REST"},{"floor":40,"key":"RECALL"},{"floor":45,"key":"REST"},{"data":"rmod:acesubmarine","floor":49,"key":"SMITH"}],"circlet_count":0,"master_deck":["rmod:strick","rmod:strick","rmod:strick","rmod:defend","rmod:defend","rmod:basicallowance+1","rmod:maingunfire","AT_ShrugMaster+1","rmod:lonelyqueen","rmod:fletcherpendant","rmod:firesupport","ShyLook","rmod:overbreakdown","QueenOfHatred","rmod:supriseattacks+1","rmod:luckystar+1","Porccubus","rmod:expeditionaryescort+1","rmod:fletcherpendant","LaLuna","rmod:ammunitionsupply+1","rmod:fletcher+1","Woodsman","rmod:wolves+1","rmod:goodsister+1","rmod:intelligenceanalysis","rmod:aviationdawn+1","Gensokyo:SummonFieryMouse","rmod:acesubmarine+1","Clumsy","hubris:Greed","rmod:tearstotiara+1","rmod:openingtorpedo","rmod:garrisonisland","rmod:wife","Pain","rmod:goodfighter+1","rmod:firesupport+1"],"relics":["rmod:firstchargereward","AT_ATBox","CogitoBucket","Gensokyo:LunaticRedEyes","hubris:Metronome","Dota2Spire:MantaStyle","Iron Hammer","AT_ArcaneBoots","SkinProphecy","Toolbox","hubris:SphereOfDissonance","rmod:monthlycard","ReplayTheSpireMod:Ring of Collecting","BackwardClock","Smiling Mask","Pear","AT_MibuBalloonWealth","AT_SunfireAegis","AtMidnight","HellTrain","Bronze Scales","Kintsugi","Gensokyo:Companionship","ClockworkSouvenir","Torii","Gremlin Food","ReplayTheSpireMod:CursedCoin","Guide Book","AT_RedNoBalance","Lantern","hubris:CrystalStatue","AT_ForceNature"],"acts_visited":["Gensokyo:Gensokyo","Gensokyo:Gensokyoer","TheBeyond"],"potions_floor_usage":[30,31,50],"damage_taken":[{"damage":0,"enemies":"Gensokyo:Python","floor":1,"turns":3},{"damage":0,"enemies":"Gensokyo:3_Fairies","floor":2,"turns":5},{"damage":4,"enemies":"Gensokyo:2_Kodama","floor":3,"turns":4},{"damage":1,"enemies":"Gensokyo:VengefulSpirit","floor":4,"turns":5},{"damage":19,"enemies":"Gensokyo:Aya","floor":6,"turns":7},{"damage":4,"enemies":"Gensokyo:Cirno","floor":8,"turns":5},{"damage":12,"enemies":"Gensokyo:Aya","floor":11,"turns":7},{"damage":5,"enemies":"Gensokyo:Python_and_Kodama","floor":12,"turns":4},{"damage":0,"enemies":"Gensokyo:2_Rabbits","floor":13,"turns":4},{"damage":13,"enemies":"Gensokyo:Reimu","floor":16,"turns":5},{"damage":0,"enemies":"Gensokyo:2_Gloops","floor":18,"turns":3},{"damage":0,"enemies":"Gensokyo:3_Dogs","floor":19,"turns":4},{"damage":3,"enemies":"Gensokyo:Slime_Group","floor":22,"turns":6},{"damage":20,"enemies":"Gensokyo:Reisen","floor":23,"turns":3},{"damage":25,"enemies":"Gensokyo:Koishi","floor":25,"turns":6},{"damage":19,"enemies":"Gensokyo:Reisen","floor":27,"turns":6},{"damage":10,"enemies":"Gensokyo:Wraith","floor":28,"turns":3},{"damage":31,"enemies":"Gensokyo:Swordslinger","floor":30,"turns":5},{"damage":22,"enemies":"Gensokyo:Koishi","floor":31,"turns":4},{"damage":25,"enemies":"Gensokyo:Eiki","floor":33,"turns":5},{"damage":11,"enemies":"3 Shapes","floor":35,"turns":3},{"damage":7,"enemies":"Giant Head","floor":42,"turns":3},{"damage":0,"enemies":"Nemesis","floor":44,"turns":3},{"damage":6,"enemies":"Giant Head","floor":46,"turns":3},{"damage":0,"enemies":"3 Darklings","floor":47,"turns":1},{"damage":0,"enemies":"Jaw Worm Horde","floor":48,"turns":1},{"damage":61,"enemies":"Time Eater","floor":50,"turns":5}],"seed_played":"103205196050118491","potions_obtained":[{"floor":1,"key":"PowerPotion"},{"floor":6,"key":"GamblersBrew"},{"floor":11,"key":"Ancient Potion"},{"floor":12,"key":"Adrenaline Potion"},{"floor":31,"key":"CultistPotion"},{"floor":42,"key":"SneckoOil"},{"floor":46,"key":"Fire Potion"}],"is_trial":false,"path_per_floor":["M","M","M","M","?","E","R","E","T","R","?","M","M","$","R","B",null,"M","M","?","?","M","E","COS","E","T","E","M","?","M","E","R","B",null,"M","?","$","?","?","R","$","E","T","E","R","E","M","M","R","B",null],"character_chosen":"PRAEFECT","items_purchased":["Toolbox","hubris:SphereOfDissonance","ClockworkSouvenir","rmod:openingtorpedo","Torii","Gremlin Food","ReplayTheSpireMod:CursedCoin","Guide Book"],"campfire_rested":2,"item_purchase_floors":[14,14,37,37,37,41,41,41],"current_hp_per_floor":[75,75,71,70,70,51,51,53,53,53,47,48,50,50,50,39,79,81,83,83,83,80,63,63,57,57,60,52,52,44,18,51,40,113,115,115,115,115,115,115,115,110,110,60,95,91,105,119,119,62],"gold":940,"neow_bonus":"","is_daily":false,"chose_seed":false,"campfire_upgraded":4,"win_rate":0.0,"timestamp":1611558837,"path_taken":["M","M","M","M","?","E","R","E","T","R","?","M","M","?","R","BOSS","M","M","?","?","M","E","COS","E","T","E","M","?","M","E","R","BOSS","M","?","$","?","?","R","?","E","T","E","R","E","M","M","R","BOSS"],"items_purchased_type":["Relic","Relic","Relic","Card","Relic","Relic","Relic","Relic"],"build_version":"2020-12-22","purchased_purges":4,"victory":true,"max_hp_per_floor":[75,75,75,75,75,75,75,75,75,75,75,75,77,77,77,79,79,81,83,83,83,87,89,89,101,101,103,105,105,109,111,111,113,113,115,115,115,115,115,115,115,117,117,119,119,121,123,125,125,129],"relic_stats":{"Torii":0,"counters":[31,117],"Bronze Scales":[18],"Smiling Mask":225,"obtain_stats":[{"hubris:Metronome":6,"Lantern":43,"AT_ATBox":0,"hubris:CrystalStatue":44,"Torii":37,"AT_MibuBalloonWealth":26,"AT_ArcaneBoots":27,"SkinProphecy":12,"Smiling Mask":23,"Gensokyo:LunaticRedEyes":5,"ClockworkSouvenir":37,"Frozen Eye":25,"CogitoBucket":0,"Gensokyo:Companionship":35,"Toolbox":14,"Iron Hammer":9,"AT_RedNoBalance":44,"Gremlin Food":41,"AT_ForceNature":46,"BackwardClock":22,"Dota2Spire:MantaStyle":8,"Pear":25,"ReplayTheSpireMod:CursedCoin":41,"Guide Book":41,"hubris:SphereOfDissonance":14,"AT_SilverBalance":42,"AT_SpeedBoots":11,"ReplayTheSpireMod:Ring of Collecting":21,"Bronze Scales":31,"AtMidnight":30,"rmod:firstchargereward":0,"AT_SunfireAegis":27,"HellTrain":30,"Kintsugi":34,"rmod:monthlycard":17},{"hubris:Metronome":5,"Lantern":25,"AT_ATBox":0,"hubris:CrystalStatue":26,"Torii":24,"AT_MibuBalloonWealth":17,"AT_ArcaneBoots":18,"SkinProphecy":9,"Smiling Mask":16,"Gensokyo:LunaticRedEyes":4,"ClockworkSouvenir":24,"Frozen Eye":16,"CogitoBucket":0,"Gensokyo:Companionship":24,"Toolbox":10,"Iron Hammer":6,"AT_RedNoBalance":26,"Gremlin Food":24,"AT_ForceNature":27,"BackwardClock":15,"Dota2Spire:MantaStyle":6,"Pear":17,"ReplayTheSpireMod:CursedCoin":24,"Guide Book":24,"hubris:SphereOfDissonance":10,"AT_SilverBalance":25,"AT_SpeedBoots":7,"ReplayTheSpireMod:Ring of Collecting":13,"Bronze Scales":22,"AtMidnight":21,"rmod:firstchargereward":0,"AT_SunfireAegis":18,"HellTrain":21,"Kintsugi":23,"rmod:monthlycard":11},{"hubris:Metronome":24,"Lantern":103,"AT_ATBox":0,"hubris:CrystalStatue":106,"Torii":100,"AT_MibuBalloonWealth":73,"AT_ArcaneBoots":75,"SkinProphecy":41,"Smiling Mask":67,"Gensokyo:LunaticRedEyes":17,"ClockworkSouvenir":100,"Frozen Eye":67,"CogitoBucket":0,"Gensokyo:Companionship":98,"Toolbox":45,"Iron Hammer":29,"AT_RedNoBalance":103,"Gremlin Food":100,"AT_ForceNature":109,"BackwardClock":64,"Dota2Spire:MantaStyle":29,"Pear":73,"ReplayTheSpireMod:CursedCoin":100,"Guide Book":100,"hubris:SphereOfDissonance":45,"AT_SilverBalance":103,"AT_SpeedBoots":36,"ReplayTheSpireMod:Ring of Collecting":57,"Bronze Scales":92,"AtMidnight":88,"rmod:firstchargereward":0,"AT_SunfireAegis":79,"HellTrain":88,"Kintsugi":97,"rmod:monthlycard":50}]},"card_choices":[{"not_picked":["rmod:mineteam","rmod:maintain"],"picked":"rmod:lonelyqueen","floor":1},{"not_picked":["FairyFestival","UniverseFragment"],"picked":"Laetitia","floor":2},{"not_picked":["rmod:overbreakdown","rmod:spoils"],"picked":"rmod:fletcherpendant","floor":2},{"not_picked":["rmod:launchingtorpedo","rmod:royalracing"],"picked":"rmod:firesupport","floor":3},{"not_picked":["QueenBee","VoidDream"],"picked":"ShyLook","floor":3},{"not_picked":["rmod:bulid","rmod:combined"],"picked":"rmod:overbreakdown","floor":4},{"not_picked":["CrumblingArmor","VoidDream"],"picked":"QueenOfHatred","floor":6},{"not_picked":["rmod:aluminumsupply","rmod:overbreakdown"],"picked":"rmod:desperatesituation","floor":6},{"not_picked":["BigBadWolf","Freischutz"],"picked":"DespairKnight","floor":8},{"not_picked":["rmod:highspeedshooting","rmod:desperatesituation"],"picked":"rmod:supriseattacks","floor":8},{"not_picked":["rmod:aviationdawn","rmod:highspeedshooting"],"picked":"rmod:luckystar","floor":11},{"not_picked":["rmod:supportescort","rmod:expedition"],"picked":"rmod:firesupport","floor":12},{"not_picked":["rmod:combined","rmod:fuelsupply"],"picked":"rmod:launchingtorpedo","floor":13},{"not_picked":["HeroicMonk","MHz"],"picked":"Porccubus","floor":16},{"not_picked":["rmod:abidefaith","rmod:highspeedmaneuver"],"picked":"rmod:expeditionaryescort","floor":16},{"not_picked":["rmod:supportescort","rmod:ammunitionsupply"],"picked":"rmod:fletcherpendant","floor":18},{"not_picked":["Bloodbath","PunishingBird"],"picked":"Funeral","floor":18},{"not_picked":["Wellcheers","SnowQueen"],"picked":"LaLuna","floor":19},{"not_picked":["rmod:expedition","rmod:supportescort+1"],"picked":"rmod:ammunitionsupply+1","floor":19},{"not_picked":["rmod:steelsupply+1","rmod:aluminumsupply+1"],"picked":"rmod:fletcher","floor":22},{"not_picked":["FairyFestival","SilentOrchestra"],"picked":"Woodsman","floor":22},{"not_picked":["rmod:highspeedshooting","rmod:punchline","rmod:overbreakdown"],"picked":"SKIP","floor":23},{"not_picked":["rmod:supportescort","rmod:steelsupply+1","rmod:u235"],"picked":"SKIP","floor":25},{"not_picked":["rmod:lonelyqueen","rmod:aluminumsupply","rmod:steelsupply"],"picked":"SKIP","floor":27},{"not_picked":["rmod:robin","rmod:victimresponsibility"],"picked":"rmod:wolves+1","floor":28},{"not_picked":["rmod:spoils","rmod:supportaircraftcarrier"],"picked":"rmod:goodsister+1","floor":29},{"not_picked":["rmod:ammunitionsupply","rmod:diaomin"],"picked":"rmod:intelligenceanalysis","floor":30},{"not_picked":["rmod:capitalist","rmod:generalist"],"picked":"rmod:aviationdawn+1","floor":31},{"not_picked":["rmod:fletcher","rmod:highspeedmaneuver"],"picked":"rmod:acesubmarine","floor":33},{"not_picked":["rmod:expedition+1","rmod:aggressivemary+1"],"picked":"rmod:tearstotiara+1","floor":35},{"not_picked":[],"picked":"rmod:garrisonisland","floor":39},{"not_picked":[],"picked":"rmod:wife","floor":39},{"not_picked":["rmod:luckystar","rmod:seals"],"picked":"rmod:goodfighter+1","floor":42},{"not_picked":["rmod:openingtorpedo+1","rmod:wife","rmod:shuttlebombing+1"],"picked":"SKIP","floor":44},{"not_picked":["rmod:overbreakdown+1","rmod:victimresponsibility"],"picked":"rmod:firesupport+1","floor":46},{"not_picked":["rmod:steelsupply","rmod:diaomin","rmod:supportescort+1"],"picked":"SKIP","floor":47},{"not_picked":["rmod:diamondstrike","rmod:steelsupply","rmod:tearstotiara"],"picked":"SKIP","floor":48}],"player_experience":174777,"relics_obtained":[{"floor":6,"key":"hubris:Metronome"},{"floor":8,"key":"Dota2Spire:MantaStyle"},{"floor":9,"key":"Iron Hammer"},{"floor":11,"key":"AT_SpeedBoots"},{"floor":21,"key":"ReplayTheSpireMod:Ring of Collecting"},{"floor":23,"key":"Smiling Mask"},{"floor":25,"key":"Pear"},{"floor":26,"key":"AT_MibuBalloonWealth"},{"floor":27,"key":"AT_SunfireAegis"},{"floor":30,"key":"AtMidnight"},{"floor":31,"key":"Bronze Scales"},{"floor":42,"key":"AT_SilverBalance"},{"floor":43,"key":"Lantern"},{"floor":44,"key":"hubris:CrystalStatue"},{"floor":46,"key":"AT_ForceNature"}],"event_choices":[{"damage_healed":0,"gold_gain":0,"player_choice":"Ignored","damage_taken":0,"max_hp_gain":0,"max_hp_loss":0,"event_name":"Tomb of Lord Red Mask","floor":38,"gold_loss":0}],"is_beta":false,"boss_relics":[{"not_picked":["Snecko Eye","Cursed Key"],"picked":"rmod:monthlycard"},{"not_picked":["rmod:mogul","Honey Jar"],"picked":"Kintsugi"}],"items_purged_floors":[14,37,37,41],"is_endless":false,"potions_floor_spawned":[1,6,11,12,13,19,22,23,27,31,42,46,47],"ascension_level":1}}