{"host":"r6jigiblrojhp6xe","time":1611595641,"event":{"mods":["AchievementEnabler","BaseMod","DeckTracker","Hermit","Minty Spire (QoL Compilation)","Quick Restart","Rare Cards Sparkle","Relic Stats","StSLib","SuperFastMode","everything is the same but u backflip on backflip"],"gold_per_floor":[110,110,120,135,149,181,181,213,213,171,171,189,222,68,68,140,190,205,221,232,232,232],"floor_reached":21,"language":"KOR","playtime":634,"items_purged":["Strike_G"],"score":402,"play_id":"f2bea494-4c03-4327-9f86-27b6143b5295","local_time":"20210126022721","is_ascension_mode":true,"campfire_choices":[{"data":"Terror","floor":7,"key":"SMITH"},{"floor":11,"key":"REST"},{"floor":15,"key":"REST"}],"circlet_count":0,"master_deck":["AscendersBane","Strike_G","Strike_G","Strike_G","Strike_G+1","Defend_G","Defend_G","Defend_G","Defend_G","Defend_G","Survivor","Neutralize","Terror+1","Poisoned Stab","Deadly Poison","Dagger Spray","Blade Dance","Masterful Stab","Adrenaline","Dagger Spray+1","Deadly Poison+1","Venomology"],"relics":["Ring of the Snake","Ginger","InkBottle","Pocketwatch","Incense Burner","Tiny House"],"acts_visited":["Exordium","TheCity"],"potions_floor_usage":[6,12,19],"damage_taken":[{"damage":6,"enemies":"Jaw Worm","floor":1,"turns":7},{"damage":6,"enemies":"2 Louse","floor":3,"turns":3},{"damage":0,"enemies":"Cultist","floor":4,"turns":4},{"damage":3,"enemies":"3 Louse","floor":5,"turns":3},{"damage":11,"enemies":"Gremlin Nob","floor":6,"turns":3},{"damage":36,"enemies":"3 Sentries","floor":8,"turns":13},{"damage":0,"enemies":"Lots of Slimes","floor":12,"turns":1},{"damage":17,"enemies":"Lagavulin","floor":13,"turns":6},{"damage":23,"enemies":"The Guardian","floor":16,"turns":11},{"damage":14,"enemies":"Chosen","floor":18,"turns":4},{"damage":20,"enemies":"2 Thieves","floor":19,"turns":3},{"damage":19,"enemies":"Centurion and Healer","floor":20,"turns":6},{"damage":15,"enemies":"3 Cultists","floor":21,"turns":3}],"seed_played":"6055966946912975299","potions_obtained":[{"floor":3,"key":"Fire Potion"},{"floor":8,"key":"Explosive Potion"},{"floor":16,"key":"EssenceOfSteel"},{"floor":17,"key":"Poison Potion"},{"floor":19,"key":"SpeedPotion"}],"is_trial":false,"path_per_floor":["M","?","M","M","M","E","R","E","T","?","R","M","E","$","R","B",null,"M","M","M","M"],"character_chosen":"THE_SILENT","items_purchased":["Masterful Stab"],"campfire_rested":2,"item_purchase_floors":[14],"current_hp_per_floor":[59,59,53,53,50,39,39,3,3,3,24,24,7,7,28,5,60,46,26,7,0,0],"gold":232,"neow_bonus":"TEN_PERCENT_HP_BONUS","is_daily":false,"chose_seed":false,"campfire_upgraded":1,"win_rate":0.0,"timestamp":1611595641,"path_taken":["M","?","M","M","M","E","R","E","T","?","R","M","E","?","R","BOSS","M","M","?","M"],"items_purchased_type":["Card"],"build_version":"2020-12-22","purchased_purges":1,"victory":false,"max_hp_per_floor":[72,72,72,72,72,72,72,72,72,72,72,72,72,72,72,72,77,77,77,77,77,77],"relic_stats":{"counters":[13,67],"Ginger":[0],"obtain_stats":[{"Tiny House":17,"Incense Burner":13,"Ginger":6,"InkBottle":8,"Ring of the Snake":0,"Pocketwatch":9},{"Tiny House":9,"Incense Burner":8,"Ginger":5,"InkBottle":6,"Ring of the Snake":0,"Pocketwatch":6},{"Tiny House":51,"Incense Burner":40,"Ginger":20,"InkBottle":33,"Ring of the Snake":0,"Pocketwatch":33}],"InkBottle":[14],"Ring of the Snake":[26],"Pocketwatch":[33]},"card_choices":[{"not_picked":["Backflip","Outmaneuver"],"picked":"Terror","floor":1},{"not_picked":["Dodge and Roll","Underhanded Strike"],"picked":"Poisoned Stab","floor":3},{"not_picked":["Acrobatics","Slice"],"picked":"Deadly Poison","floor":4},{"not_picked":["Catalyst","Glass Knife"],"picked":"Dagger Spray","floor":5},{"not_picked":["Bane","Predator","Deflect"],"picked":"SKIP","floor":6},{"not_picked":["All Out Attack","Expertise","Finisher"],"picked":"SKIP","floor":8},{"not_picked":["PiercingWail","Bane"],"picked":"Blade Dance","floor":12},{"not_picked":["Bane","Expertise","Riddle With Holes"],"picked":"SKIP","floor":13},{"not_picked":["Tools of the Trade","Grand Finale"],"picked":"Adrenaline","floor":16},{"not_picked":["Slice","Quick Slash"],"picked":"Dagger Spray+1","floor":18},{"not_picked":["Heel Hook","Acrobatics"],"picked":"Deadly Poison+1","floor":19},{"not_picked":["All Out Attack+1","Skewer"],"picked":"Venomology","floor":20}],"player_experience":590832,"relics_obtained":[{"floor":6,"key":"Ginger"},{"floor":8,"key":"InkBottle"},{"floor":9,"key":"Pocketwatch"},{"floor":13,"key":"Incense Burner"}],"event_choices":[{"damage_healed":0,"gold_gain":0,"player_choice":"Ignored","damage_taken":0,"max_hp_gain":0,"max_hp_loss":0,"event_name":"Liars Game","floor":2,"gold_loss":0},{"damage_healed":0,"gold_gain":0,"player_choice":"Left Gold","damage_taken":0,"max_hp_gain":0,"max_hp_loss":0,"event_name":"World of Goop","floor":10,"gold_loss":42}],"is_beta":false,"boss_relics":[{"not_picked":["Busted Crown","Ring of the Serpent"],"picked":"Tiny House"}],"items_purged_floors":[14],"is_endless":false,"potions_floor_spawned":[3,8,16,19,20],"killed_by":"3 Cultists","ascension_level":20}}