{"host":"359hz4210ybch7ku","time":1611540923,"event":{"mods":["BaseMod","Block Reminder","Colored Map","Colored Powertips","Highlight Path","Minty Spire (QoL Compilation)","Slay the Relics Exporter","StSLib"],"gold_per_floor":[118,145,156,231,211,246,246,579,579,229,255,255,289,308,308,410,410,421,501,501,501,521,521,42,54,54,79,79,79,95,120,120,218,218,257,295,395,225,269,269,269,269],"floor_reached":41,"language":"ENG","playtime":2313,"items_purged":["Defend_P","Pain"],"score":739,"play_id":"e39cd2eb-6b64-4346-8c88-00c02e9cd758","local_time":"20210124181523","is_ascension_mode":true,"campfire_choices":[{"data":"Eruption","floor":7,"key":"SMITH"},{"data":"MasterReality","floor":12,"key":"SMITH"},{"data":"Nirvana","floor":15,"key":"SMITH"},{"data":"Wireheading","floor":23,"key":"SMITH"},{"data":"BattleHymn","floor":29,"key":"SMITH"},{"data":"Pray","floor":32,"key":"SMITH"},{"data":"Indignation","floor":40,"key":"SMITH"}],"circlet_count":0,"master_deck":["Strike_P","Strike_P","Strike_P","Strike_P","Defend_P","Defend_P","Defend_P","Eruption+1","Vigilance","Wireheading+1","Indignation+1","Nirvana+1","MasterReality+1","CutThroughFate","FollowUp","Pray+1","Halt+1","Ghostly","Ghostly","Ghostly","Ghostly","Ghostly","CutThroughFate","BowlingBash","BattleHymn+1","Writhe","Adaptation+1","Wish","Wireheading+1","Halt+1"],"relics":["PureWater","NeowsBlessing","Strawberry","Art of War","Old Coin","StoneCalendar","Meat on the Bone","Unceasing Top","Bottled Lightning","Cursed Key","Pear","Strange Spoon","Mummified Hand","Shuriken","Frozen Egg 2","Mango","Busted Crown","Ice Cream"],"acts_visited":["Exordium","TheCity","TheBeyond"],"potions_floor_usage":[8,11,13,18,18,30,36,37],"damage_taken":[{"damage":0,"enemies":"Cultist","floor":1,"turns":1},{"damage":0,"enemies":"Jaw Worm","floor":3,"turns":1},{"damage":0,"enemies":"Gremlin Nob","floor":6,"turns":1},{"damage":11,"enemies":"Lagavulin","floor":8,"turns":7},{"damage":10,"enemies":"Gremlin Nob","floor":11,"turns":3},{"damage":1,"enemies":"Lagavulin","floor":13,"turns":5},{"damage":0,"enemies":"Small Slimes","floor":14,"turns":3},{"damage":0,"enemies":"Slime Boss","floor":16,"turns":6},{"damage":15,"enemies":"Spheric Guardian","floor":18,"turns":4},{"damage":9,"enemies":"Chosen","floor":22,"turns":5},{"damage":4,"enemies":"Centurion and Healer","floor":25,"turns":4},{"damage":7,"enemies":"Gremlin Leader","floor":27,"turns":5},{"damage":5,"enemies":"Snecko","floor":30,"turns":4},{"damage":9,"enemies":"Book of Stabbing","floor":31,"turns":4},{"damage":7,"enemies":"Collector","floor":33,"turns":6},{"damage":3,"enemies":"3 Shapes","floor":35,"turns":4},{"damage":22,"enemies":"Orb Walker","floor":36,"turns":3},{"damage":8,"enemies":"Mind Bloom Boss Battle","floor":37,"turns":6},{"damage":1,"enemies":"Maw","floor":39,"turns":6},{"damage":35,"enemies":"Nemesis","floor":41,"turns":2}],"seed_played":"-6555393961534090447","potions_obtained":[{"floor":1,"key":"Block Potion"},{"floor":5,"key":"AttackPotion"},{"floor":8,"key":"AttackPotion"},{"floor":11,"key":"Swift Potion"},{"floor":14,"key":"Explosive Potion"},{"floor":25,"key":"AttackPotion"},{"floor":31,"key":"SkillPotion"},{"floor":36,"key":"Swift Potion"}],"is_trial":false,"path_per_floor":["M","T","M","?","?","E","R","E","T","$","E","R","E","M","R","B",null,"M","T","?","?","M","R","$","M","T","E","$","R","M","E","R","B",null,"M","M","?","$","M","R","E"],"character_chosen":"WATCHER","items_purchased":["CutThroughFate","Meat on the Bone","Strange Spoon","Mummified Hand","BattleHymn","Wireheading+1"],"campfire_rested":0,"item_purchase_floors":[10,10,24,24,24,38],"current_hp_per_floor":[65,72,72,61,61,61,61,50,50,50,40,40,51,51,51,51,72,57,67,44,44,35,35,35,31,31,24,24,24,31,48,48,41,54,51,41,33,33,32,32,0,0],"gold":269,"neow_bonus":"THREE_ENEMY_KILL","is_daily":false,"chose_seed":false,"campfire_upgraded":7,"win_rate":0.0,"timestamp":1611540923,"path_taken":["M","?","?","?","?","E","R","E","T","$","E","R","E","M","R","BOSS","M","?","?","?","M","R","$","M","T","E","?","R","?","E","R","BOSS","M","M","?","$","M","R","E"],"items_purchased_type":["Card","Relic","Relic","Relic","Card","Card"],"build_version":"2020-12-22","purchased_purges":2,"victory":false,"max_hp_per_floor":[72,79,79,79,79,79,79,79,79,79,79,79,79,79,79,79,79,79,89,44,44,44,44,44,44,44,44,44,44,44,58,58,58,58,58,58,58,58,58,58,58,58],"card_choices":[{"not_picked":["CarveReality","PathToVictory"],"picked":"Wireheading","floor":1},{"not_picked":["FlurryOfBlows","EmptyBody"],"picked":"Indignation","floor":3},{"not_picked":["CrushJoints","Conclude"],"picked":"Nirvana","floor":6},{"not_picked":["Sanctity","FlurryOfBlows"],"picked":"MasterReality","floor":8},{"not_picked":["Crescendo","FlurryOfBlows"],"picked":"FollowUp","floor":11},{"not_picked":["ReachHeaven","Conclude"],"picked":"Pray","floor":13},{"not_picked":["LikeWater","Halt","EmptyBody"],"picked":"SKIP","floor":14},{"not_picked":["Consecrate","ForeignInfluence"],"picked":"Halt+1","floor":18},{"not_picked":["Halt","FlyingSleeves+1"],"picked":"BowlingBash","floor":22},{"not_picked":["ClearTheMind","CrushJoints","CarveReality"],"picked":"SKIP","floor":25},{"not_picked":["Worship","ForeignInfluence","ReachHeaven"],"picked":"SKIP","floor":27},{"not_picked":["ForeignInfluence+1","ThirdEye"],"picked":"Adaptation+1","floor":30},{"not_picked":["DeusExMachina","Consecrate","Conclude"],"picked":"SKIP","floor":31},{"not_picked":["Ragnarok","Brilliance"],"picked":"Wish","floor":33},{"not_picked":["FlurryOfBlows+1"],"picked":"SKIP","floor":35},{"not_picked":["Swivel+1"],"picked":"SKIP","floor":36},{"not_picked":[],"picked":"Halt+1","floor":39}],"player_experience":285912,"relics_obtained":[{"floor":2,"key":"Strawberry"},{"floor":6,"key":"Art of War"},{"floor":8,"key":"Old Coin"},{"floor":9,"key":"StoneCalendar"},{"floor":11,"key":"Unceasing Top"},{"floor":13,"key":"Bottled Lightning"},{"floor":19,"key":"Pear"},{"floor":26,"key":"Shuriken"},{"floor":27,"key":"Frozen Egg 2"},{"floor":31,"key":"Mango"},{"floor":37,"key":"Ice Cream"}],"event_choices":[{"damage_healed":0,"gold_gain":75,"player_choice":"Gather Gold","damage_taken":11,"max_hp_gain":0,"max_hp_loss":0,"event_name":"World of Goop","floor":4,"gold_loss":0},{"damage_healed":0,"gold_gain":0,"player_choice":"Bought 1 Potion","damage_taken":0,"max_hp_gain":0,"max_hp_loss":0,"event_name":"The Woman in Blue","floor":5,"gold_loss":0},{"damage_healed":0,"gold_gain":0,"player_choice":"Became a Ghost","damage_taken":0,"max_hp_gain":0,"max_hp_loss":45,"event_name":"Ghosts","floor":20,"gold_loss":0,"cards_obtained":["Ghostly","Ghostly","Ghostly","Ghostly","Ghostly"]},{"damage_healed":0,"gold_gain":0,"player_choice":"Read","damage_taken":0,"max_hp_gain":0,"max_hp_loss":0,"event_name":"The Library","floor":21,"gold_loss":0,"cards_obtained":["CutThroughFate"]},{"damage_healed":0,"gold_gain":0,"player_choice":"Fight","damage_taken":0,"max_hp_gain":0,"max_hp_loss":0,"event_name":"MindBloom","floor":37,"gold_loss":0}],"is_beta":false,"boss_relics":[{"not_picked":["Velvet Choker","Coffee Dripper"],"picked":"Cursed Key"},{"not_picked":["VioletLotus","HolyWater"],"picked":"Busted Crown"}],"items_purged_floors":[10,38],"is_endless":false,"potions_floor_spawned":[1,8,11,14,25,31,36],"killed_by":"Nemesis","ascension_level":6}}