{"host":"cfluht5kr2kfk9p9","time":1611593623,"event":{"mods":["ATMod(阿瑾Mod)","Act Like it!","Arknights The Spire","BaseMod","Gensokyo","Highlight Path","Minty Spire (QoL Compilation)","Quick Restart","Rare Cards Sparkle","Reimu（博丽灵梦）","Relic Stats","RumiaBox-露米娅的神秘盒子","Spicy Shops","StSLib","TestMod","【功能Mod】混沌之环修复补丁"],"gold_per_floor":[116,53,66,66,77,93,4,30,42,42,30,59,127,157,171,204,223,223,223,223,223,328,328,357,357,376,390,405,443,443,464,464,489,534,534,534,579,0,135,135,343,343,369,214,214,214,312,398,398,474,474,474,566,692,261,268,268,268,289,289],"floor_reached":59,"language":"ZHS","playtime":3174,"items_purged":["Defend_Lin:ReiMu+1","Injury"],"score":1079,"play_id":"95b7980d-883a-4ca4-9372-74f78367dc51","local_time":"20210126005343","is_ascension_mode":true,"campfire_choices":[{"data":"AT_FamilyPortrait","floor":10,"key":"SMITH"},{"floor":18,"key":"REST"},{"data":"NB:ReiMu","floor":20,"key":"SMITH"},{"data":"Enchanting:ReiMu","floor":21,"key":"SMITH"},{"floor":30,"key":"RECALL"},{"data":"FantasyMoon:ReiMu","floor":40,"key":"SMITH"},{"data":"SpringWay:ReiMu","floor":49,"key":"SMITH"},{"data":"RunawayExorcism:ReiMu","floor":52,"key":"SMITH"},{"data":"Stagnation:ReiMu","floor":57,"key":"SMITH"},{"floor":58,"key":"REST"}],"circlet_count":0,"master_deck":["Strike_Lin:ReiMu+1","Strike_Lin:ReiMu+1","Defend_Lin:ReiMu+1","Defend_Lin:ReiMu","Defend_Lin:ReiMu","NB:ReiMu+1","Stagnation:ReiMu+1","Gathering:ReiMu+1","DoubleButterfly:ReiMu","PayForSelf:ReiMu","SealNeedle:ReiMu","Conquer:ReiMu","Enchanting:ReiMu+1","Dreaming:ReiMu","AirStrike:ReiMu","RainPray2:ReiMu+1","MikOfLucky:ReiMu","SafetyPray:ReiMu","Intuition:ReiMu","RunawayExorcism:ReiMu+1","FoulBorder2:ReiMu+1","SealNeedle:ReiMu","LearningPray:ReiMu","Gensokyo:ManorOfTheDishes","RainPray2:ReiMu+1","FantasyMoon:ReiMu+1","KamiRite:ReiMu","SpringWay:ReiMu+1","PrepareRite:ReiMu+1","CeremonyResonance:ReiMu","SealNeedle:ReiMu"],"relics":["testmod-TestBox","AT_ATBox","testmod-EqualTreatment","Snecko Eye","testmod-ConstraintPeriapt","testmod-ConstraintPeriapt","Potion Belt","Mastiff:ReiMu","AT_RedNoBalance","Dream Catcher","AT_Manta","Strawberry","testmod-DeterminationOfClimber","testmod-Acrobat","Kunai","Toy Ornithopter","Baka2","Vajra","Gensokyo:SongOfSouls","Matryoshka","testmod-FatalChain","Ancient Tea Set","testmod-Fanaticism","HornCleat","AT_MibuBalloonWealth","AT_BellowingDragoncrestRing","Art of War","GodSword1","Letter Opener","GodSword3","AT_BladeRuinedKing"],"acts_visited":["Exordium","Gensokyo:Gensokyo","Gensokyo:Gensokyoer"],"potions_floor_usage":[],"damage_taken":[{"damage":0,"enemies":"Gensokyo:2_Kodama","floor":1,"turns":3},{"damage":0,"enemies":"Gensokyo:3_Fairies","floor":2,"turns":3},{"damage":0,"enemies":"Gensokyo:Gryphon","floor":3,"turns":2},{"damage":6,"enemies":"Gensokyo:VengefulSpirit","floor":5,"turns":2},{"damage":0,"enemies":"Gensokyo:Gryphon_and_Rabbit","floor":6,"turns":3},{"damage":0,"enemies":"Gensokyo:Aya","floor":8,"turns":1},{"damage":0,"enemies":"Gensokyo:3_Kodama","floor":9,"turns":1},{"damage":2,"enemies":"Gensokyo:LivingMonolith","floor":11,"turns":3},{"damage":6,"enemies":"Gensokyo:Cirno","floor":12,"turns":5},{"damage":18,"enemies":"Gensokyo:Mamizou","floor":14,"turns":5},{"damage":0,"enemies":"Gensokyo:2_Rabbits","floor":15,"turns":1},{"damage":0,"enemies":"Gensokyo:Cirno","floor":16,"turns":5},{"damage":5,"enemies":"Gensokyo:VengefulSpirit","floor":17,"turns":4},{"damage":3,"enemies":"Gensokyo:Reimu","floor":22,"turns":6},{"damage":20,"enemies":"Gensokyo:CosmicMonolith","floor":24,"turns":7},{"damage":0,"enemies":"Gensokyo:2_Gloops","floor":26,"turns":2},{"damage":3,"enemies":"Gensokyo:Monolith_and_Dog","floor":27,"turns":2},{"damage":0,"enemies":"Gensokyo:Wraith","floor":28,"turns":1},{"damage":0,"enemies":"Gensokyo:Tenshi","floor":29,"turns":2},{"damage":0,"enemies":"Gensokyo:Swordslinger","floor":31,"turns":1},{"damage":11,"enemies":"Gensokyo:Reisen","floor":34,"turns":3},{"damage":0,"enemies":"Gensokyo:Tenshi","floor":37,"turns":1},{"damage":0,"enemies":"Gensokyo:Koishi","floor":39,"turns":3},{"damage":0,"enemies":"Gensokyo:Kaguya","floor":41,"turns":1},{"damage":0,"enemies":"Gensokyo:AncientGuardian","floor":43,"turns":1},{"damage":0,"enemies":"Gensokyo:3_Bats","floor":47,"turns":1},{"damage":0,"enemies":"Gensokyo:Doremy","floor":48,"turns":2},{"damage":0,"enemies":"Gensokyo:Marisa","floor":50,"turns":1},{"damage":0,"enemies":"Gensokyo:3_Boulders","floor":53,"turns":1},{"damage":0,"enemies":"Gensokyo:Kasen","floor":54,"turns":1},{"damage":0,"enemies":"Gensokyo:SeedOfUnknown","floor":56,"turns":2},{"damage":81,"enemies":"Gensokyo:Scarlet_Devils","floor":59,"turns":2}],"seed_played":"-951224353458952101","potions_obtained":[{"floor":2,"key":"ColorlessPotion"},{"floor":3,"key":"ZuzhouPotion:ReiMu"},{"floor":8,"key":"LiquidFlight:ReiMu"},{"floor":9,"key":"PinkPotion:ReiMu"},{"floor":11,"key":"Strength Potion"},{"floor":14,"key":"Energy Potion"},{"floor":15,"key":"BlessingOfTheForge"},{"floor":31,"key":"LiquidMemories"}],"is_trial":false,"path_per_floor":["M","M","M","?","M","M","COS","E","M","R","M","E","T","E","M","?","M","R","?","R","R","B",null,"M","?","M","M","M","E","R","M","T","T","E","?","?","E","?","E","R","B",null,"M","COS","T","?","M","E","R","E","T","R","M","E","$","M","R","R","B"],"character_chosen":"REIMU","items_purchased":["Ancient Potion","ColorlessPotion"],"campfire_rested":2,"item_purchase_floors":[55,55],"current_hp_per_floor":[65,65,65,65,59,63,63,65,65,65,63,63,63,45,32,32,31,50,50,50,50,38,72,51,51,58,60,63,72,72,72,72,72,69,69,65,65,65,65,65,65,65,65,65,65,65,74,74,74,74,74,74,74,77,77,77,77,77,0,0],"gold":289,"neow_bonus":"BOSS_RELIC","is_daily":false,"chose_seed":false,"campfire_upgraded":7,"win_rate":0.0,"timestamp":1611593623,"path_taken":["M","M","M","?","M","M","COS","E","M","R","M","E","T","E","M","?","M","R","?","R","R","BOSS","M","?","?","M","M","E","R","M","T","T","E","?","?","E","?","E","R","BOSS","M","COS","?","?","M","E","R","E","T","R","M","E","$","M","R","R","BOSS"],"items_purchased_type":["Potion","Potion"],"build_version":"2020-12-22","purchased_purges":2,"victory":false,"max_hp_per_floor":[65,65,65,65,65,65,65,65,65,65,65,65,65,65,65,65,65,65,65,65,65,72,72,72,72,72,72,72,72,72,72,72,72,72,72,65,65,65,65,65,65,65,65,65,65,65,74,74,74,74,74,74,74,77,77,77,77,77,77,77],"relic_stats":{"Dream Catcher":2,"counters":[32,78],"Snecko Eye":[175,158,172,181],"Art of War":[0],"Kunai":[24],"Letter Opener":[87],"obtain_stats":[{"AT_ATBox":0,"AT_MibuBalloonWealth":45,"testmod-EqualTreatment":0,"Vajra":34,"Ancient Tea Set":39,"Frozen Eye":39,"testmod-Fanaticism":42,"Dream Catcher":15,"Baka2":34,"Matryoshka":37,"HornCleat":45,"Mastiff:ReiMu":12,"Strawberry":22,"testmod-DeterminationOfClimber":23,"Kunai":32,"AT_RedNoBalance":24,"Gensokyo:SongOfSouls":35,"Potion Belt":8,"testmod-TestBox":0,"AT_Manta":16,"testmod-FatalChain":39,"AT_SilverBalance":14,"AT_BladeRuinedKing":54,"Baka":1,"Letter Opener":51,"testmod-ConstraintPeriapt":2,"Medical Kit":44,"AT_BellowingDragoncrestRing":46,"testmod-Acrobat":29,"Snecko Eye":0,"Art of War":48,"FlyPower:ReiMu":0,"GodSword3":51,"testmod-OneHitWonder":19,"Toy Ornithopter":33,"GodSword1":50},{"AT_ATBox":0,"AT_MibuBalloonWealth":25,"testmod-EqualTreatment":0,"Vajra":21,"Ancient Tea Set":23,"Frozen Eye":22,"testmod-Fanaticism":24,"Dream Catcher":11,"Baka2":21,"Matryoshka":22,"HornCleat":25,"Mastiff:ReiMu":9,"Strawberry":14,"testmod-DeterminationOfClimber":14,"Kunai":20,"AT_RedNoBalance":15,"Gensokyo:SongOfSouls":21,"Potion Belt":6,"testmod-TestBox":0,"AT_Manta":12,"testmod-FatalChain":23,"AT_SilverBalance":10,"AT_BladeRuinedKing":30,"Baka":1,"Letter Opener":28,"testmod-ConstraintPeriapt":2,"Medical Kit":25,"AT_BellowingDragoncrestRing":25,"testmod-Acrobat":19,"Snecko Eye":0,"Art of War":27,"FlyPower:ReiMu":0,"GodSword3":28,"testmod-OneHitWonder":13,"Toy Ornithopter":20,"GodSword1":28},{"AT_ATBox":0,"AT_MibuBalloonWealth":68,"testmod-EqualTreatment":0,"Vajra":62,"Ancient Tea Set":66,"Frozen Eye":63,"testmod-Fanaticism":67,"Dream Catcher":29,"Baka2":62,"Matryoshka":63,"HornCleat":68,"Mastiff:ReiMu":23,"Strawberry":44,"testmod-DeterminationOfClimber":44,"Kunai":59,"AT_RedNoBalance":44,"Gensokyo:SongOfSouls":62,"Potion Belt":14,"testmod-TestBox":0,"AT_Manta":34,"testmod-FatalChain":66,"AT_SilverBalance":28,"AT_BladeRuinedKing":74,"Baka":3,"Letter Opener":72,"testmod-ConstraintPeriapt":6,"Medical Kit":68,"AT_BellowingDragoncrestRing":68,"testmod-Acrobat":58,"Snecko Eye":0,"Art of War":71,"FlyPower:ReiMu":0,"GodSword3":72,"testmod-OneHitWonder":38,"Toy Ornithopter":59,"GodSword1":72}],"Toy Ornithopter":0},"card_choices":[{"not_picked":["TightArray:ReiMu","OctopathBindingBorder2:ReiMu"],"picked":"Gathering:ReiMu","floor":1},{"not_picked":["SubcavityInstant:ReiMu","OrbThrow:ReiMu"],"picked":"DoubleButterfly:ReiMu","floor":2},{"not_picked":["TakeOff:ReiMu","AirStrike:ReiMu"],"picked":"PayForSelf:ReiMu","floor":3},{"not_picked":["FantasyBorder:ReiMu","Amulet:ReiMu"],"picked":"SealNeedle:ReiMu","floor":4},{"not_picked":["RainPray2:ReiMu","ManaGlint:ReiMu"],"picked":"Conquer:ReiMu","floor":4},{"not_picked":["AlertArray:ReiMu","Crusade:ReiMu"],"picked":"Enchanting:ReiMu","floor":5},{"not_picked":["DoubleButterfly:ReiMu","WonderfulDomain:ReiMu"],"picked":"Dreaming:ReiMu","floor":6},{"not_picked":["Conquer:ReiMu","EmergencyTakeOff:ReiMu","SpringWay:ReiMu"],"picked":"SKIP","floor":8},{"not_picked":["KamiSacrifice:ReiMu","Conquer:ReiMu"],"picked":"AirStrike:ReiMu","floor":9},{"not_picked":["SafetyPray:ReiMu+1","TightArray:ReiMu+1"],"picked":"RainPray2:ReiMu+1","floor":11},{"not_picked":["OrbThrow:ReiMu","Amulet:ReiMu"],"picked":"MikOfLucky:ReiMu","floor":11},{"not_picked":["Conquer:ReiMu","MountainWay:ReiMu","FineLineFantasy:ReiMu"],"picked":"SKIP","floor":12},{"not_picked":["SubcavityInstant:ReiMu","SpiritualOutbreak2:ReiMu","HakureiPhantom:ReiMu"],"picked":"SKIP","floor":14},{"not_picked":["AirStrike:ReiMu","SubcavityInstant:ReiMu","Amulet:ReiMu"],"picked":"SKIP","floor":15},{"not_picked":["SpreadBorder2:ReiMu","SpringWay:ReiMu","ShadowOfCrow2:ReiMu"],"picked":"SKIP","floor":16},{"not_picked":["UpKicking:ReiMu","BlastKick2:ReiMu","CollectionFlower2:ReiMu"],"picked":"SKIP","floor":16},{"not_picked":["OrbThrow:ReiMu","PhosphorusFlame:ReiMu","ForcedLanding:ReiMu"],"picked":"SKIP","floor":16},{"not_picked":["CareerPray:ReiMu","RainPray2:ReiMu","MountainWay:ReiMu"],"picked":"SKIP","floor":16},{"not_picked":["EmergencyTakeOff:ReiMu","Revelation:ReiMu"],"picked":"SafetyPray:ReiMu","floor":17},{"not_picked":["UpKicking:ReiMu","Enchanting:ReiMu"],"picked":"Intuition:ReiMu","floor":18},{"not_picked":["CardOfSanctity:ReiMu","Free:ReiMu"],"picked":"RunawayExorcism:ReiMu","floor":22},{"not_picked":["SubAcupoint:ReiMu","ManaGlint:ReiMu","YinYangSign:ReiMu"],"picked":"SKIP","floor":24},{"not_picked":["TightArray:ReiMu","PassingAway:ReiMu"],"picked":"FoulBorder2:ReiMu+1","floor":26},{"not_picked":["TightArray:ReiMu","AirStrike:ReiMu","OrbThrow:ReiMu"],"picked":"SKIP","floor":27},{"not_picked":["SubcavityInstant:ReiMu","SafetyPray:ReiMu+1","FantasyBorder:ReiMu"],"picked":"SKIP","floor":28},{"not_picked":["Intuition:ReiMu","SubcavityInstant:ReiMu+1"],"picked":"SealNeedle:ReiMu","floor":29},{"not_picked":["Meditation:ReiMu","CareerPray:ReiMu","SpreadBorder2:ReiMu"],"picked":"SKIP","floor":31},{"not_picked":["SpringWay:ReiMu","Dreaming:ReiMu"],"picked":"LearningPray:ReiMu","floor":34},{"not_picked":["Gensokyo:SlitMouthedWoman","Gensokyo:GapWoman"],"picked":"Gensokyo:ManorOfTheDishes","floor":36},{"not_picked":["SubAcupoint:ReiMu+1","SpringWay:ReiMu+1"],"picked":"RainPray2:ReiMu","floor":37},{"not_picked":["MountainWay:ReiMu","SpringWay:ReiMu+1"],"picked":"FantasyMoon:ReiMu","floor":39},{"not_picked":["Free:ReiMu","Shading:ReiMu"],"picked":"KamiRite:ReiMu","floor":41},{"not_picked":["EmergencyTakeOff:ReiMu","Enchanting:ReiMu"],"picked":"SpringWay:ReiMu","floor":43},{"not_picked":["SpringWay:ReiMu","Meditation:ReiMu+1"],"picked":"PrepareRite:ReiMu+1","floor":47},{"not_picked":["WonderfulDomain:ReiMu+1","AirStrike:ReiMu+1"],"picked":"CeremonyResonance:ReiMu","floor":48},{"not_picked":["TakeOff:ReiMu+1","AirStrike:ReiMu","CareerPray:ReiMu"],"picked":"SKIP","floor":50},{"not_picked":["SpringWay:ReiMu+1","Amulet:ReiMu+1","Meditation:ReiMu+1"],"picked":"SKIP","floor":53},{"not_picked":["YinYang:ReiMu","TakeOff:ReiMu+1","ForcedLanding:ReiMu"],"picked":"SKIP","floor":54},{"not_picked":["Enchanting:ReiMu","FantasyBorder:ReiMu+1","SafetyPray:ReiMu"],"picked":"SKIP","floor":56}],"player_experience":68163,"relics_obtained":[{"floor":1,"key":"Baka"},{"floor":2,"key":"testmod-ConstraintPeriapt"},{"floor":2,"key":"testmod-ConstraintPeriapt"},{"floor":8,"key":"Potion Belt"},{"floor":12,"key":"Mastiff:ReiMu"},{"floor":14,"key":"AT_SilverBalance"},{"floor":16,"key":"AT_Manta"},{"floor":22,"key":"Strawberry"},{"floor":29,"key":"testmod-Acrobat"},{"floor":32,"key":"Kunai"},{"floor":33,"key":"Toy Ornithopter"},{"floor":34,"key":"Baka2"},{"floor":34,"key":"Vajra"},{"floor":37,"key":"Matryoshka"},{"floor":39,"key":"testmod-FatalChain"},{"floor":39,"key":"Ancient Tea Set"},{"floor":45,"key":"HornCleat"},{"floor":45,"key":"AT_MibuBalloonWealth"},{"floor":48,"key":"Art of War"},{"floor":50,"key":"GodSword1"},{"floor":51,"key":"Letter Opener"},{"floor":51,"key":"GodSword3"},{"floor":54,"key":"AT_BladeRuinedKing"}],"event_choices":[{"damage_healed":0,"gold_gain":0,"player_choice":"Swap Relic","damage_taken":0,"relics_obtained":["AT_BellowingDragoncrestRing"],"max_hp_gain":0,"max_hp_loss":0,"event_name":"给自己的盒子","floor":46,"relics_lost":["Medical Kit"],"gold_loss":0}],"is_beta":false,"boss_relics":[{"not_picked":["Busted Crown","testmod-StringDisintegrator"],"picked":"testmod-DeterminationOfClimber"},{"not_picked":["Runic Dome","RedLine:ReiMu"],"picked":"testmod-Fanaticism"}],"items_purged_floors":[55,55],"is_endless":false,"potions_floor_spawned":[2,3,8,9,11,14,15,22,26,27,29,31,47,50],"killed_by":"Gensokyo:Scarlet_Devils","ascension_level":1}}