{"host":"313mh4uoe5sucao3","time":1611564793,"event":{"mods":["Arknights The Spire","BaseMod","Dota2Spire","Downfall","Good Game Mod","Hero for Fun","Minty Spire (QoL Compilation)","Quick Restart","Shop Mod","StSLib","Td1madao Mod","The Bladedancer","UnlockEverythingMod","[IsaacMod]ÒÔÈö¼âËþ"],"gold_per_floor":[114,132,182,0,18,18,18,45,45,145,170,170,26,41,41,138,138,155,168,20,20,20,51,51,84,84,99,99,99,109,109,109,211,211,223,237,255,273,213,240,285,302,302,320,352,352,372,177,177,177,177,177,50,85,85,85],"floor_reached":55,"language":"ZHS","playtime":5868,"items_purged":["bronze:AlphaBuild","Strike_C"],"score":825,"play_id":"453d6fa1-2010-4ab4-8b66-c93fca18e073","local_time":"20210125165313","is_ascension_mode":false,"campfire_choices":[{"floor":6.0,"key":"REST"},{"floor":12.0,"key":"REST"},{"floor":15.0,"key":"RECALL"},{"floor":24.0,"key":"REST"},{"floor":32.0,"key":"REST"},{"floor":46.0,"key":"REST"},{"floor":49.0,"key":"REST"},{"floor":52.0,"key":"REST"}],"circlet_count":0,"master_deck":["Strike_C","Strike_C","Strike_C","Defend_C","Defend_C","Defend_C","Defend_C+1","Knight Kick","Chip","Oblique Hack","Twin Teeth","Fire Up","EpicFetus+1","Transfer Energy","Moon Tear","Light Attack","EpicFetus+1","Bursts","Fixing+1","Fixing","Here Defend Chip","Machining+1","Moon Tear","Provocative+1","Provocative+1","Recovery Mechanism+1","Optimization","Twin Teeth","Light Attack+1"],"relics":["Apod","REME:ComplimentaryCards","HushsDoor","HowToJump","Dota2Spire:BattleFury","Dota2Spire:ArcaneBoots","Dota2Spire:MonkeyKingBar","Dream Catcher","DollysMirror","Sozu","Blood Vial","MutagenicStrength","Bronze Scales","Meat on the Bone","DoctorsRemote","Lsj Skin","Fusion Hammer","Dota2Spire:ArmletOfMordiggian","Mango","Eternal Feather","BloodDonationMachine","Membership Card","Lantern","Vajra"],"acts_visited":["Exordium","TheCity","TheBeyond","TheEnding"],"potions_floor_usage":[],"damage_taken":[{"damage":1.0,"enemies":"2 Louse","floor":1.0,"turns":2.0},{"damage":4.0,"enemies":"Cultist","floor":2.0,"turns":3.0},{"damage":39.0,"enemies":"Hiden Room Battle","floor":3.0,"turns":9.0},{"damage":6.0,"enemies":"Jaw Worm","floor":5.0,"turns":4.0},{"damage":22.0,"enemies":"3 Sentries","floor":8.0,"turns":4.0},{"damage":6.0,"enemies":"Gremlin Nob","floor":11.0,"turns":3.0},{"damage":1.0,"enemies":"Exordium Wildlife","floor":14.0,"turns":2.0},{"damage":38.0,"enemies":"The Guardian","floor":16.0,"turns":7.0},{"damage":6.0,"enemies":"3 Byrds","floor":18.0,"turns":5.0},{"damage":12.0,"enemies":"Shell Parasite","floor":19.0,"turns":4.0},{"damage":14.0,"enemies":"Book of Stabbing","floor":23.0,"turns":4.0},{"damage":17.0,"enemies":"Slavers","floor":25.0,"turns":2.0},{"damage":10.0,"enemies":"Centurion and Healer","floor":27.0,"turns":4.0},{"damage":2.0,"enemies":"Snake Plant","floor":30.0,"turns":2.0},{"damage":10.0,"enemies":"Collector","floor":33.0,"turns":3.0},{"damage":3.0,"enemies":"3 Darklings","floor":35.0,"turns":4.0},{"damage":0.0,"enemies":"Orb Walker","floor":36.0,"turns":3.0},{"damage":5.0,"enemies":"Sphere and 2 Shapes","floor":37.0,"turns":3.0},{"damage":21.0,"enemies":"Spire Growth","floor":38.0,"turns":3.0},{"damage":0.0,"enemies":"Reptomancer","floor":40.0,"turns":2.0},{"damage":0.0,"enemies":"2 Orb Walkers","floor":41.0,"turns":3.0},{"damage":0.0,"enemies":"Transient","floor":42.0,"turns":5.0},{"damage":21.0,"enemies":"Maw","floor":44.0,"turns":6.0},{"damage":0.0,"enemies":"Giant Head","floor":45.0,"turns":5.0},{"damage":26.0,"enemies":"Sphere and 2 Shapes","floor":47.0,"turns":4.0},{"damage":57.0,"enemies":"Awakened One","floor":50.0,"turns":6.0},{"damage":51.0,"enemies":"Shield and Spear","floor":54.0,"turns":6.0},{"damage":65,"enemies":"Delirium","floor":55,"turns":7}],"seed_played":"-5449285716548066850","potions_obtained":[{"floor":1.0,"key":"Weak Potion"},{"floor":5.0,"key":"DistilledChaos"},{"floor":8.0,"key":"SpeedPotion"},{"floor":16.0,"key":"GamblersBrew"}],"is_trial":false,"path_per_floor":["M","M","?","$","M","R","?","E","T","?","E","R","$","M","R","B",null,"M","M","$","?","?","E","R","E","T","M","?","$","M","T","R","B",null,"M","M","M","M","?","E","?","M","T","M","E","R","M","$","R","B",null,"R","$","E","B"],"character_chosen":"TD1MADAO_CLASS","items_purchased":["EpicFetus","DollysMirror","Blood Vial","Membership Card","Lantern"],"campfire_rested":7,"item_purchase_floors":[4,13,20,48,53],"current_hp_per_floor":[76,72,33,33,27,50,50,28,28,28,22,45,45,44,44,6,77,71,59,59,59,59,47,70,55,55,47,47,47,47,47,70,62,77,74,76,72,53,53,55,71,73,73,54,56,91,65,65,91,46,91,91,91,52,0,0],"gold":85,"neow_bonus":"TEN_PERCENT_HP_BONUS","is_daily":false,"chose_seed":false,"campfire_upgraded":0,"win_rate":0.0,"timestamp":1611564793,"path_taken":["M","M","?","$","M","R","?","E","T","?","E","R","$","M","R","BOSS","M","M","$","?","?","E","R","E","T","M","?","$","?","?","R","BOSS","M","M","?","M","?","E","?","M","T","M","E","R","M","?","R","BOSS","R","$","E","BOSS"],"items_purchased_type":["Card","Relic","Relic","Relic","Relic"],"build_version":"2020-12-22","purchased_purges":2,"victory":false,"max_hp_per_floor":[77,77,77,77,77,77,77,77,77,77,77,77,77,77,77,77,77,77,77,77,77,77,77,77,77,77,77,77,77,77,77,77,77,77,77,77,77,77,77,77,91,91,91,91,91,91,91,91,91,91,91,91,91,91,91,91],"card_choices":[{"not_picked":[],"picked":"Bomb","floor":0.0},{"not_picked":["Perfect Defend","Preloading"],"picked":"Oblique Hack","floor":1.0},{"not_picked":["Winding Magic","Resistance"],"picked":"Twin Teeth","floor":2.0},{"not_picked":["Machining","Afterwards"],"picked":"Fire Up","floor":3.0},{"not_picked":["Transfer Energy","Gravity Defend"],"picked":"Load Balancing","floor":5.0},{"not_picked":["Three Hit","Floating Swing Kick"],"picked":"Transfer Energy","floor":8.0},{"not_picked":["Sudden Beat","Black Spear"],"picked":"Moon Tear","floor":10.0},{"not_picked":["Rupture","Moon Tear"],"picked":"Light Attack","floor":11.0},{"not_picked":["Provocative","Trader"],"picked":"Bursts","floor":14.0},{"not_picked":["Black Shadow","Oblique Hack","Floating Swing Kick"],"picked":"SKIP","floor":18.0},{"not_picked":["Black Execution","White Contract+1","Afterwards"],"picked":"SKIP","floor":19.0},{"not_picked":["Twin Teeth","Sub Weapons"],"picked":"Fixing+1","floor":23.0},{"not_picked":["Oblique Hack","Reinforcement Parts"],"picked":"Fixing","floor":24.0},{"not_picked":["Reflection Mechanism","Floating Swing Kick"],"picked":"Here Defend Chip","floor":25.0},{"not_picked":["Recovery Mechanism","White Contract","Black Execution"],"picked":"SKIP","floor":27.0},{"not_picked":["Floating Swing Kick","Resistance","Trader"],"picked":"SKIP","floor":30.0},{"not_picked":["Sudden Beat","Fire Up"],"picked":"Machining+1","floor":32.0},{"not_picked":["Overclocking","Optimization"],"picked":"Moon Tear","floor":33.0},{"not_picked":["Machining","Lore"],"picked":"Provocative+1","floor":35.0},{"not_picked":["Lunge","Revenge+1","Three Hit"],"picked":"SKIP","floor":36.0},{"not_picked":["De Ware Chip","Oblique Hack+1"],"picked":"Provocative+1","floor":37.0},{"not_picked":["Three Hit+1","Lore"],"picked":"Recovery Mechanism+1","floor":38.0},{"not_picked":["Black Shadow","Black Contract"],"picked":"Optimization","floor":40.0},{"not_picked":["Lunge+1","Floating Swing Kick+1"],"picked":"Twin Teeth","floor":42.0},{"not_picked":["Break Into+1","Lore+1","Fire Blade"],"picked":"SKIP","floor":44.0},{"not_picked":["Black Hand+1","Ruin Defend+1","Rupture"],"picked":"SKIP","floor":45.0},{"not_picked":["Twin Teeth+1","Cursed Blade+1"],"picked":"Light Attack+1","floor":46.0},{"not_picked":["Oblique Hack","Format All Data","Judgment"],"picked":"SKIP","floor":47.0},{"not_picked":["Black Execution+1","White Contract","Money Cant Rescue"],"picked":"SKIP","floor":54.0}],"player_experience":21225,"relics_obtained":[{"floor":3.0,"key":"Dota2Spire:BattleFury"},{"floor":3.0,"key":"Dota2Spire:ArcaneBoots"},{"floor":8.0,"key":"Dota2Spire:MonkeyKingBar"},{"floor":11.0,"key":"Dream Catcher"},{"floor":23.0,"key":"Bronze Scales"},{"floor":25.0,"key":"Meat on the Bone"},{"floor":26.0,"key":"DoctorsRemote"},{"floor":31.0,"key":"Lsj Skin"},{"floor":40.0,"key":"Dota2Spire:ArmletOfMordiggian"},{"floor":41.0,"key":"Mango"},{"floor":43.0,"key":"Eternal Feather"},{"floor":45.0,"key":"BloodDonationMachine"},{"floor":54.0,"key":"Vajra"}],"event_choices":[{"damage_healed":0.0,"max_hp_gain":0.0,"max_hp_loss":0.0,"gold_gain":0.0,"event_name":"HidenRoomEvent","player_choice":"Fight","floor":3.0,"gold_loss":0.0,"damage_taken":0.0},{"damage_healed":0.0,"max_hp_gain":0.0,"max_hp_loss":0.0,"gold_gain":0.0,"event_name":"Living Wall","player_choice":"Grow","floor":7.0,"gold_loss":0.0,"damage_taken":0.0,"cards_upgraded":["EpicFetus"]},{"damage_healed":0.0,"max_hp_gain":0.0,"max_hp_loss":0.0,"gold_gain":0.0,"event_name":"Upgrade Shrine","player_choice":"Upgraded","floor":21.0,"gold_loss":0.0,"damage_taken":0.0,"cards_upgraded":["Defend_C"]},{"damage_healed":0.0,"max_hp_gain":0.0,"max_hp_loss":0.0,"gold_gain":0.0,"event_name":"Drug Dealer","player_choice":"Inject Mutagens","floor":22.0,"gold_loss":0.0,"damage_taken":0.0,"relics_obtained":["MutagenicStrength"]},{"damage_healed":0.0,"max_hp_gain":0.0,"max_hp_loss":0.0,"gold_gain":0.0,"cards_transformed":["Load Balancing"],"event_name":"Transmorgrifier","player_choice":"Transformed","floor":28.0,"gold_loss":0.0,"damage_taken":0.0,"cards_obtained":["Recovery Mechanism"]},{"cards_removed":["Recovery Mechanism"],"damage_healed":0.0,"max_hp_gain":0.0,"max_hp_loss":0.0,"gold_gain":0.0,"event_name":"Designer","player_choice":"Single Remove","floor":39.0,"gold_loss":60.0,"damage_taken":0.0},{"damage_healed":0.0,"max_hp_gain":0.0,"max_hp_loss":0.0,"gold_gain":0.0,"event_name":"Mysterious Sphere","player_choice":"Fight","floor":41.0,"gold_loss":0.0,"damage_taken":0.0}],"is_beta":false,"boss_relics":[{"not_picked":["Snecko Eye","Velvet Choker"],"picked":"Sozu"},{"not_picked":[]},{"not_picked":["SacredBark","Philosopher\u0027s Stone"],"picked":"Fusion Hammer"},{"not_picked":[]}],"items_purged_floors":[48,53],"is_endless":false,"potions_floor_spawned":[1,5,8,16,18,23,27,30,33,35,38,44],"killed_by":"Delirium","ascension_level":0}}