{"host":"18wi9kpcl4eah7pe","time":1611554965,"event":{"mods":["BaseMod","Colored Powertips","Downfall","Minty Spire (QoL Compilation)","StSLib"],"gold_per_floor":[99,99,99,99,199,199,250,332,332,349,149,59,90,68,106,120,120,120],"floor_reached":16,"language":"ENG","playtime":566,"items_purged":["downfall:Malfunctioning"],"score":94,"play_id":"eb1d6fdf-685d-429f-b1ec-902e2f394bd5","local_time":"20210125000925","is_ascension_mode":false,"campfire_choices":[{"floor":1,"key":"RECALL"}],"circlet_count":0,"master_deck":["sneckomod:Strike","sneckomod:Strike","sneckomod:Strike","sneckomod:Defend","sneckomod:Defend","sneckomod:Defend","sneckomod:TailWhip+1","sneckomod:SnekBite","sneckomod:Unknown+1","sneckomod:UnendingSupply+1","sneckomod:QuickBite","sneckomod:SerpentIdol","Prostrate","sneckomod:SlitherStrike","sneckomod:GlitteringGambit","sneckomod:UnknownUncommonPower","sneckomod:SnekBeam"],"relics":["sneckomod:SneckoSoul","downfall:HeartsMalice","Letter Opener","downfall:HeartBlessingRed","downfall:HeartBlessingBlue","Pantograph"],"acts_visited":["Exordium"],"potions_floor_usage":[16],"damage_taken":[{"damage":0,"enemies":"Jaw Worm","floor":2,"turns":1},{"damage":0,"enemies":"Cultist","floor":4,"turns":1},{"damage":0,"enemies":"2 Louse","floor":9,"turns":1},{"damage":16,"enemies":"Blue Slaver","floor":10,"turns":4},{"damage":10,"enemies":"downfall:FleeingMerchant","floor":12,"turns":4},{"damage":5,"enemies":"Lagavulin","floor":13,"turns":5},{"damage":5,"enemies":"downfall:FleeingMerchant","floor":14,"turns":4},{"damage":0,"enemies":"2 Fungi Beasts","floor":15,"turns":2},{"damage":93,"enemies":"DF_ARCHETYPE_STREAMLINE","floor":16,"turns":14}],"seed_played":"4761258583704233084","potions_obtained":[{"floor":13,"key":"Dexterity Potion"},{"floor":15,"key":"Ancient Potion"}],"is_trial":false,"path_per_floor":["R","M","?","M","?","?","T","T","M","M","R","$","E","$","M","B"],"character_chosen":"THE_SNECKO","items_purchased":[],"campfire_rested":0,"item_purchase_floors":[],"current_hp_per_floor":[90,90,90,90,90,90,90,90,90,74,84,74,69,64,64,0,0,0],"gold":120,"neow_bonus":"THREE_ENEMY_KILL","is_daily":false,"chose_seed":false,"campfire_upgraded":0,"win_rate":0.0,"timestamp":1611554965,"path_taken":["R","M","?","?","?","?","T","?","M","M","R","$","E","$","M","BOSS"],"items_purchased_type":[],"build_version":"2020-12-22","purchased_purges":1,"victory":false,"max_hp_per_floor":[90,90,90,90,90,90,90,90,90,90,100,100,100,100,100,100,100,100],"card_choices":[{"not_picked":["sneckomod:UnknownCommonSkill","sneckomod:SnekBeam"],"picked":"sneckomod:UnknownStrike","floor":2},{"not_picked":["sneckomod:Nope","sneckomod:SlitherStrike"],"picked":"sneckomod:UnendingSupply","floor":4},{"not_picked":["sneckomod:SoulRoll","sneckomod:Nope"],"picked":"sneckomod:QuickBite","floor":9},{"not_picked":["sneckomod:SoulRoll","sneckomod:MasterEye"],"picked":"sneckomod:SerpentIdol","floor":10},{"not_picked":["sneckomod:Unknown1Cost","sneckomod:ImprovisedGuard"],"picked":"sneckomod:SlitherStrike","floor":12},{"not_picked":["sneckomod:SoulDraw","sneckomod:QuickMove"],"picked":"sneckomod:GlitteringGambit","floor":13},{"not_picked":["sneckomod:WideSting","sneckomod:SnakeSap"],"picked":"sneckomod:UnknownUncommonPower","floor":14},{"not_picked":["sneckomod:Unknown1Cost","sneckomod:UnknownDraw"],"picked":"sneckomod:SnekBeam","floor":15}],"player_experience":957590,"relics_obtained":[{"floor":8,"key":"Letter Opener"},{"floor":13,"key":"Pantograph"}],"event_choices":[],"is_beta":false,"boss_relics":[],"items_purged_floors":[12],"is_endless":false,"potions_floor_spawned":[13,15],"killed_by":"DF_ARCHETYPE_STREAMLINE","ascension_level":0}}