{"host":"56qj8mvhgmcu65ix","time":1611555190,"event":{"mods":["AchievementEnabler","BaseMod","Colored Map","Colored Powertips","DeckTracker","Highlight Path","Minty Spire (QoL Compilation)","Permanent Neow","Quick Restart","Rare Cards Sparkle","Relic Stats","StSLib","everything is the same but u backflip on backflip","slay the spire mod where everything is the same but ironclad has a cowboy hat"],"gold_per_floor":[111,91,103,121,121,121,134,161,186,186,3,3,33,51,51,125,125,145,145,166,187,196,196,196],"floor_reached":23,"language":"ENG","playtime":786,"items_purged":["Strike_R"],"score":427,"play_id":"252532a3-dd95-4162-b527-7a5a5121a033","local_time":"20210125001310","is_ascension_mode":true,"campfire_choices":[{"data":"Whirlwind","floor":6.0,"key":"SMITH"},{"floor":10.0,"key":"REST"},{"data":"Clothesline","floor":12.0,"key":"SMITH"},{"data":"True Grit","floor":15.0,"key":"SMITH"}],"circlet_count":0,"master_deck":["AscendersBane","Strike_R","Strike_R","Strike_R","Strike_R","Defend_R","Defend_R","Defend_R","Defend_R","Bash+1","Whirlwind+1","Spot Weakness","Immolate","Anger","Clothesline+1","True Grit+1","Berserk","CurseOfTheBell","Shockwave","Thunderclap","Dropkick","Writhe"],"relics":["Burning Blood","Red Skull","Blood Vial","Regal Pillow","Strawberry","Calling Bell","CeramicFish","Meat on the Bone","Mango","MutagenicStrength","Molten Egg 2"],"acts_visited":["Exordium","TheCity"],"potions_floor_usage":[21,21],"damage_taken":[{"damage":12.0,"enemies":"Small Slimes","floor":1.0,"turns":4.0},{"damage":1.0,"enemies":"Cultist","floor":3.0,"turns":3.0},{"damage":9.0,"enemies":"Jaw Worm","floor":4.0,"turns":4.0},{"damage":21.0,"enemies":"Exordium Wildlife","floor":7.0,"turns":3.0},{"damage":35.0,"enemies":"Lagavulin","floor":8.0,"turns":5.0},{"damage":26.0,"enemies":"Gremlin Nob","floor":13.0,"turns":4.0},{"damage":0.0,"enemies":"2 Fungi Beasts","floor":14.0,"turns":1.0},{"damage":39.0,"enemies":"Slime Boss","floor":16.0,"turns":7.0},{"damage":27.0,"enemies":"Chosen","floor":18.0,"turns":4.0},{"damage":24.0,"enemies":"2 Thieves","floor":20.0,"turns":3.0},{"damage":57,"enemies":"Shelled Parasite and Fungi","floor":21,"turns":6},{"damage":23,"enemies":"Book of Stabbing","floor":23,"turns":2}],"seed_played":"-5004109043631318628","potions_obtained":[{"floor":2.0,"key":"SkillPotion"},{"floor":7.0,"key":"Weak Potion"},{"floor":16.0,"key":"Block Potion"},{"floor":18.0,"key":"BlessingOfTheForge"}],"is_trial":false,"path_per_floor":["M","?","M","M","?","R","M","E","T","R","$","R","E","M","R","B",null,"M","?","M","M","?","E"],"character_chosen":"IRONCLAD","items_purchased":["Anger","Clothesline"],"campfire_rested":1,"item_purchase_floors":[11,11],"current_hp_per_floor":[62,62,67,64,53,53,38,9,9,46,46,46,35,43,43,12,79,60,60,56,19,19,0,0],"gold":196,"neow_bonus":"UPGRADE_CARD","is_daily":false,"chose_seed":false,"campfire_upgraded":3,"win_rate":0.0,"timestamp":1611555190,"path_taken":["M","?","?","M","?","R","M","E","T","R","$","R","E","M","R","BOSS","M","?","M","M","?","E"],"items_purchased_type":["Card","Card"],"build_version":"2020-12-22","purchased_purges":1,"victory":false,"max_hp_per_floor":[75,75,75,75,75,75,75,75,75,75,75,75,82,82,82,82,96,96,96,96,96,96,96,96],"relic_stats":{"Blood Vial":14,"Regal Pillow":15,"counters":[12,46],"CeramicFish":36,"obtain_stats":[{"Blood Vial":8,"Calling Bell":17,"Regal Pillow":9,"Strawberry":13,"CeramicFish":17,"MutagenicStrength":19,"Mango":17,"Molten Egg 2":22,"Burning Blood":0,"Red Skull":5,"Meat on the Bone":17},{"Blood Vial":5,"Calling Bell":8,"Regal Pillow":5,"Strawberry":6,"CeramicFish":8,"MutagenicStrength":9,"Mango":8,"Molten Egg 2":11,"Burning Blood":0,"Red Skull":3,"Meat on the Bone":8},{"Blood Vial":19,"Calling Bell":31,"Regal Pillow":19,"Strawberry":23,"CeramicFish":31,"MutagenicStrength":35,"Mango":31,"Molten Egg 2":44,"Burning Blood":0,"Red Skull":11,"Meat on the Bone":31}],"Burning Blood":66,"Meat on the Bone":24},"card_choices":[{"not_picked":["Armaments","Clothesline"],"picked":"Whirlwind","floor":1.0},{"not_picked":["Anger","Sword Boomerang"],"picked":"Spot Weakness","floor":3.0},{"not_picked":["Iron Wave","Clothesline","Pommel Strike"],"picked":"SKIP","floor":4.0},{"not_picked":["Warcry","Rage","Sentinel"],"picked":"SKIP","floor":7.0},{"not_picked":["Havoc","Reckless Charge"],"picked":"Immolate","floor":8.0},{"not_picked":["Sentinel","Cleave"],"picked":"True Grit","floor":13.0},{"not_picked":["Dual Wield","Sword Boomerang","Clothesline"],"picked":"SKIP","floor":14.0},{"not_picked":["Offering","Impervious"],"picked":"Berserk","floor":16.0},{"not_picked":["Flex","Anger"],"picked":"Shockwave","floor":18.0},{"not_picked":["Flex","True Grit"],"picked":"Thunderclap","floor":20.0},{"not_picked":["Uppercut","Iron Wave"],"picked":"Dropkick","floor":21}],"player_experience":317555,"relics_obtained":[{"floor":8.0,"key":"Blood Vial"},{"floor":9.0,"key":"Regal Pillow"},{"floor":13.0,"key":"Strawberry"},{"floor":17.0,"key":"CeramicFish"},{"floor":17.0,"key":"Meat on the Bone"},{"floor":17.0,"key":"Mango"}],"event_choices":[{"damage_healed":0.0,"max_hp_gain":0.0,"max_hp_loss":0.0,"gold_gain":0.0,"event_name":"The Woman in Blue","player_choice":"Bought 1 Potion","floor":2.0,"gold_loss":0.0,"damage_taken":0.0},{"damage_healed":0.0,"max_hp_gain":0.0,"max_hp_loss":0.0,"gold_gain":0.0,"event_name":"Scrap Ooze","player_choice":"Success","floor":5.0,"gold_loss":0.0,"damage_taken":11.0,"relics_obtained":["Red Skull"]},{"damage_healed":0.0,"max_hp_gain":0.0,"max_hp_loss":0.0,"gold_gain":0.0,"event_name":"Drug Dealer","player_choice":"Inject Mutagens","floor":19.0,"gold_loss":0.0,"damage_taken":0.0,"relics_obtained":["MutagenicStrength"]},{"damage_healed":0,"gold_gain":0,"player_choice":"Opened","damage_taken":0,"relics_obtained":["Molten Egg 2"],"max_hp_gain":0,"max_hp_loss":0,"event_name":"The Mausoleum","floor":22,"gold_loss":0,"cards_obtained":["Writhe"]}],"is_beta":false,"boss_relics":[{"not_picked":["Philosopher\u0027s Stone","Velvet Choker"],"picked":"Calling Bell"}],"items_purged_floors":[11],"is_endless":false,"potions_floor_spawned":[7,16,18],"killed_by":"Book of Stabbing","ascension_level":20}}