{"host":"ibckqdmmf9y74ymf","time":1611582579,"event":{"mods":["2.2 Compatiblity","Ascension Unlocker","BaseMod","Colored Map","Curses Come First","Highlight Path","Minty Spire (QoL Compilation)","Quick Restart","Rare Cards Sparkle","Relic Stats","StSLib"],"gold_per_floor":[117,117,117,42,42,85,109,31,31,50,50,90,90,125,125,216,216,235,282,303,122,122,122,161,161,161,184,203,244,265,296,296,398,452,477,477,490,0,16,41,82,415,497,91,91,91,111,155,155,155,155,155,155,88,128,128],"floor_reached":57,"language":"ENG","playtime":6106,"items_purged":["Strike_P","Defend_P"],"score":2847,"play_id":"373be8e0-5335-4884-937a-a240418b4692","local_time":"20210125144939","is_ascension_mode":true,"campfire_choices":[{"data":"SandsOfTime","floor":13.0,"key":"SMITH"},{"data":"FearNoEvil","floor":15.0,"key":"SMITH"},{"floor":23.0,"key":"REST"},{"data":"Protect","floor":25.0,"key":"SMITH"},{"data":"Vigilance","floor":32.0,"key":"SMITH"},{"floor":45.0,"key":"RECALL"},{"data":"TalkToTheHand","floor":49.0,"key":"SMITH"},{"data":"SpiritShield","floor":53,"key":"SMITH"}],"circlet_count":0,"master_deck":["AscendersBane","Eruption","Vigilance+1","EmptyFist+1","DevaForm","ClearTheMind","SandsOfTime+1","FlyingSleeves","FearNoEvil+1","Omniscience","Vault","EmptyBody","Protect+1","MentalFortress+1","Wireheading+1","Establishment+1","SpiritShield+1","Halt","Ragnarok","WheelKick","Crescendo","CarveReality","Tantrum","LikeWater+1","TalkToTheHand+1","Fasting2+1","SpiritShield"],"relics":["PureWater","NeowsBlessing","Happy Flower","Meat on the Bone","Frozen Egg 2","Bottled Flame","Snecko Eye","Omamori","White Beast Statue","Mercury Hourglass","Pear","CeramicFish","Pandora\u0027s Box","Prayer Wheel","Blood Vial","Incense Burner","Lee\u0027s Waffle","Lantern","Bag of Preparation","CloakClasp"],"acts_visited":["Exordium","TheCity","TheBeyond","TheEnding"],"potions_floor_usage":[55,56,56],"damage_taken":[{"damage":0.0,"enemies":"Jaw Worm","floor":1.0,"turns":1.0},{"damage":0.0,"enemies":"Gremlin Nob","floor":6.0,"turns":1.0},{"damage":0.0,"enemies":"Small Slimes","floor":7.0,"turns":1.0},{"damage":3.0,"enemies":"2 Louse","floor":10.0,"turns":2.0},{"damage":14.0,"enemies":"3 Sentries","floor":12.0,"turns":7.0},{"damage":12.0,"enemies":"Lagavulin","floor":14.0,"turns":6.0},{"damage":22.0,"enemies":"The Guardian","floor":16.0,"turns":8.0},{"damage":21.0,"enemies":"Shell Parasite","floor":18.0,"turns":3.0},{"damage":0.0,"enemies":"2 Thieves","floor":20.0,"turns":1.0},{"damage":7.0,"enemies":"Slavers","floor":24.0,"turns":4.0},{"damage":1.0,"enemies":"Centurion and Healer","floor":27.0,"turns":3.0},{"damage":16.0,"enemies":"Shelled Parasite and Fungi","floor":28.0,"turns":4.0},{"damage":0.0,"enemies":"Gremlin Leader","floor":29.0,"turns":4.0},{"damage":0.0,"enemies":"Snecko","floor":30.0,"turns":2.0},{"damage":2.0,"enemies":"Slavers","floor":31.0,"turns":4.0},{"damage":31.0,"enemies":"Collector","floor":33.0,"turns":6.0},{"damage":0.0,"enemies":"3 Darklings","floor":35.0,"turns":3.0},{"damage":4.0,"enemies":"Orb Walker","floor":37.0,"turns":2.0},{"damage":0.0,"enemies":"3 Darklings","floor":39.0,"turns":2.0},{"damage":0.0,"enemies":"Spire Growth","floor":40.0,"turns":2.0},{"damage":13.0,"enemies":"Giant Head","floor":41.0,"turns":5.0},{"damage":0.0,"enemies":"Jaw Worm Horde","floor":47.0,"turns":3.0},{"damage":0.0,"enemies":"Reptomancer","floor":48.0,"turns":3.0},{"damage":37,"enemies":"Time Eater","floor":50,"turns":7},{"damage":5,"enemies":"Donu and Deca","floor":51,"turns":8},{"damage":15,"enemies":"Shield and Spear","floor":55,"turns":7},{"damage":14,"enemies":"The Heart","floor":56,"turns":10}],"seed_played":"-3819197078742391551","potions_obtained":[{"floor":6.0,"key":"DistilledChaos"},{"floor":7.0,"key":"BottledMiracle"},{"floor":11.0,"key":"DuplicationPotion"},{"floor":14.0,"key":"Fire Potion"},{"floor":27.0,"key":"SneckoOil"},{"floor":28.0,"key":"GamblersBrew"},{"floor":33.0,"key":"AttackPotion"},{"floor":39.0,"key":"Ancient Potion"},{"floor":47.0,"key":"BlessingOfTheForge"},{"floor":48.0,"key":"Strength Potion"},{"floor":55,"key":"DuplicationPotion"}],"is_trial":false,"path_per_floor":["M","?","?","$","?","E","M","$","T","M","?","E","R","E","R","B",null,"M","T","M","$","?","R","E","R","T","M","M","E","M","E","R","B",null,"M","?","M","$","M","M","E","?","T","$","R","?","M","E","R","B","B",null,"R","$","E","B",null],"character_chosen":"WATCHER","items_purchased":["SandsOfTime","MentalFortress+1","Prayer Wheel","Blood Vial","Lee\u0027s Waffle","LikeWater+1","Lantern","Fasting2+1"],"campfire_rested":1,"item_purchase_floors":[8,21,38,38,44,44,44,54],"current_hp_per_floor":[61,61,41,41,41,41,41,41,41,38,38,36,36,36,36,26,53,32,32,32,32,32,50,43,43,43,42,38,48,48,46,46,27,61,61,61,57,57,59,61,50,50,50,79,79,79,79,79,79,42,51,72,72,72,59,47],"gold":128,"neow_bonus":"THREE_ENEMY_KILL","is_daily":false,"chose_seed":false,"campfire_upgraded":6,"win_rate":0.0,"timestamp":1611582579,"path_taken":["M","?","?","?","?","E","M","$","T","M","?","E","R","E","R","BOSS","M","?","M","$","?","R","E","R","T","M","M","E","M","E","R","BOSS","M","?","?","$","M","M","E","?","T","$","R","?","M","E","R","BOSS","BOSS","R","$","E","BOSS"],"items_purchased_type":["Card","Card","Relic","Relic","Relic","Card","Relic","Card"],"build_version":"2020-12-22","purchased_purges":2,"victory":true,"max_hp_per_floor":[68,68,68,68,62,62,62,62,62,62,62,62,62,62,62,62,62,62,62,62,62,62,62,62,62,62,62,62,72,72,72,72,72,72,72,72,72,72,72,72,72,72,72,79,79,79,79,79,79,79,79,79,79,79,79,79],"relic_stats":{"Lee\u0027s Waffle":29,"Happy Flower":[35],"counters":[27,109],"CeramicFish":99,"Bag of Preparation":[8],"CloakClasp":[35],"Mercury Hourglass":[281],"Blood Vial":12,"Snecko Eye":[170,135,148,115],"Pandora\u0027s Box":["Halt","Ragnarok","WheelKick","Crescendo","CarveReality","Tantrum"],"Prayer Wheel":3,"obtain_stats":[{"Lee\u0027s Waffle":44,"Lantern":44,"Pear":29,"NeowsBlessing":0,"Happy Flower":6,"Golden Idol":5,"CeramicFish":31,"Omamori":19,"Incense Burner":41,"Bag of Preparation":48,"CloakClasp":55,"Frozen Egg 2":12,"White Beast Statue":24,"Mercury Hourglass":26,"Blood Vial":38,"Bottled Flame":14,"Snecko Eye":17,"Pandora\u0027s Box":34,"Prayer Wheel":38,"PureWater":0,"Meat on the Bone":9},{"Lee\u0027s Waffle":21,"Lantern":21,"Pear":13,"NeowsBlessing":0,"Happy Flower":2,"Golden Idol":1,"CeramicFish":15,"Omamori":8,"Incense Burner":21,"Bag of Preparation":23,"CloakClasp":26,"Frozen Egg 2":5,"White Beast Statue":10,"Mercury Hourglass":10,"Blood Vial":18,"Bottled Flame":6,"Snecko Eye":7,"Pandora\u0027s Box":16,"Prayer Wheel":18,"PureWater":0,"Meat on the Bone":3},{"Lee\u0027s Waffle":71,"Lantern":71,"Pear":45,"NeowsBlessing":0,"Happy Flower":2,"Golden Idol":1,"CeramicFish":51,"Omamori":29,"Incense Burner":71,"Bag of Preparation":77,"CloakClasp":99,"Frozen Egg 2":12,"White Beast Statue":34,"Mercury Hourglass":34,"Blood Vial":62,"Bottled Flame":18,"Snecko Eye":26,"Pandora\u0027s Box":57,"Prayer Wheel":62,"PureWater":0,"Meat on the Bone":3}],"Meat on the Bone":72},"card_choices":[{"not_picked":["Protect","FlyingSleeves"],"picked":"EmptyFist","floor":1.0},{"not_picked":["Crescendo","ThirdEye"],"picked":"DevaForm","floor":6.0},{"not_picked":["Wireheading","Crescendo"],"picked":"ClearTheMind","floor":7.0},{"not_picked":["CutThroughFate","EmptyBody"],"picked":"FlyingSleeves","floor":10.0},{"not_picked":["SashWhip","CrushJoints"],"picked":"FearNoEvil","floor":12.0},{"not_picked":["Consecrate","InnerPeace"],"picked":"Omniscience","floor":14.0},{"not_picked":["MasterReality+1","Judgement"],"picked":"Vault","floor":16.0},{"not_picked":["BowlingBash","Consecrate"],"picked":"EmptyBody","floor":18.0},{"not_picked":["FlyingSleeves","SashWhip"],"picked":"Protect","floor":20.0},{"not_picked":["Evaluate","Weave+1"],"picked":"Wireheading+1","floor":24.0},{"not_picked":["Halt","Sanctity+1","JustLucky"],"picked":"SKIP","floor":27.0},{"not_picked":["Halt","Sanctity+1","JustLucky"],"picked":"SKIP","floor":27.0},{"not_picked":["Perseverance","Crescendo","EmptyBody"],"picked":"SKIP","floor":28.0},{"not_picked":["FollowUp","Consecrate"],"picked":"Establishment+1","floor":29.0},{"not_picked":["CrushJoints+1","BowlingBash","Sanctity"],"picked":"SKIP","floor":30.0},{"not_picked":["Sanctity","ThirdEye","JustLucky"],"picked":"SKIP","floor":31.0},{"not_picked":["Omniscience","Establishment+1"],"picked":"SpiritShield","floor":33.0},{"not_picked":["CutThroughFate","WreathOfFlame","FlurryOfBlows+1"],"picked":"SKIP","floor":35.0},{"not_picked":["SashWhip","EmptyFist","EmptyBody"],"picked":"SKIP","floor":37.0},{"not_picked":["Prostrate","ClearTheMind","ThirdEye"],"picked":"SKIP","floor":39.0},{"not_picked":["Halt+1","Judgement","WreathOfFlame"],"picked":"SKIP","floor":39.0},{"not_picked":["Halt","EmptyFist","CutThroughFate+1"],"picked":"SKIP","floor":40.0},{"not_picked":["Study+1","Prostrate","PathToVictory"],"picked":"SKIP","floor":40.0},{"not_picked":["Collect+1","WreathOfFlame","ConjureBlade"],"picked":"SKIP","floor":41.0},{"not_picked":["EmptyFist","FlurryOfBlows","FlyingSleeves+1"],"picked":"SKIP","floor":47.0},{"not_picked":["ClearTheMind","Adaptation+1","Crescendo+1"],"picked":"SKIP","floor":47.0},{"not_picked":["WreathOfFlame+1","Perseverance"],"picked":"TalkToTheHand","floor":48.0},{"not_picked":["Crescendo","Pray"],"picked":"SpiritShield","floor":55}],"player_experience":658448,"relics_obtained":[{"floor":6.0,"key":"Happy Flower"},{"floor":9.0,"key":"Meat on the Bone"},{"floor":12.0,"key":"Frozen Egg 2"},{"floor":14.0,"key":"Bottled Flame"},{"floor":19.0,"key":"Omamori"},{"floor":24.0,"key":"White Beast Statue"},{"floor":26.0,"key":"Mercury Hourglass"},{"floor":29.0,"key":"Pear"},{"floor":31.0,"key":"CeramicFish"},{"floor":41.0,"key":"Incense Burner"},{"floor":48.0,"key":"Bag of Preparation"},{"floor":55,"key":"CloakClasp"}],"event_choices":[{"damage_healed":0.0,"max_hp_gain":0.0,"max_hp_loss":0.0,"gold_gain":0.0,"event_name":"Living Wall","player_choice":"Grow","floor":2.0,"gold_loss":0.0,"damage_taken":0.0,"cards_upgraded":["EmptyFist"]},{"damage_healed":0.0,"max_hp_gain":0.0,"max_hp_loss":0.0,"gold_gain":0.0,"event_name":"Shining Light","player_choice":"Entered Light","floor":3.0,"gold_loss":0.0,"damage_taken":20.0,"cards_upgraded":["Strike_P","Strike_P"]},{"damage_healed":0.0,"max_hp_gain":0.0,"max_hp_loss":6.0,"gold_gain":0.0,"event_name":"Golden Idol","player_choice":"Lose Max HP","floor":5.0,"gold_loss":0.0,"damage_taken":0.0,"relics_obtained":["Golden Idol"]},{"damage_healed":0.0,"max_hp_gain":0.0,"max_hp_loss":0.0,"gold_gain":0.0,"event_name":"Lab","player_choice":"Got Potions","floor":11.0,"gold_loss":0.0,"damage_taken":0.0},{"damage_healed":0.0,"max_hp_gain":0.0,"max_hp_loss":0.0,"gold_gain":0.0,"event_name":"Ghosts","player_choice":"Ignored","floor":22.0,"gold_loss":0.0,"damage_taken":0.0},{"damage_healed":0.0,"max_hp_gain":0.0,"max_hp_loss":0.0,"gold_gain":0.0,"event_name":"SecretPortal","player_choice":"Ignored","floor":36.0,"gold_loss":0.0,"damage_taken":0.0},{"damage_healed":0.0,"max_hp_gain":0.0,"max_hp_loss":0.0,"gold_gain":333.0,"event_name":"The Moai Head","player_choice":"Gave Idol","floor":42.0,"relics_lost":["Golden Idol"],"gold_loss":0.0,"damage_taken":0.0},{"damage_healed":0.0,"max_hp_gain":0.0,"max_hp_loss":0.0,"gold_gain":0.0,"event_name":"Match and Keep!","player_choice":"1 cards matched","floor":46.0,"gold_loss":0.0,"damage_taken":0.0,"cards_obtained":["Injury"]}],"is_beta":false,"boss_relics":[{"not_picked":["SlaversCollar","Fusion Hammer"],"picked":"Snecko Eye"},{"not_picked":["Tiny House","Runic Dome"],"picked":"Pandora\u0027s Box"}],"items_purged_floors":[4,21],"is_endless":false,"potions_floor_spawned":[6,7,14,27,28,29,30,31,33,35,37,39,40,41,47,48,55],"ascension_level":20}}