{"host":"fmb9x04chdot191d","time":1611536967,"event":{"mods":["2.2 Compatiblity","AchievementEnabler","BaseMod","BetterRewards","Colored Map","Downfall","Hermit","Highlight Path","Marisa（霧雨　魔理沙）","Minty Spire (QoL Compilation)","Permanent Neow","Quick Restart","StSLib","The Servant 0.9.4","[IsaacMod]以撒尖塔"],"gold_per_floor":[111,186,201,17,27,44,70,70,70,70,70,117,117,134,144,144,163,163,175,205,95,95,170,197,223,236,291,291,291,389,389,399,399,417,431,257,257,268,268,346,346,445,474,474,524,524,524,524],"floor_reached":33,"language":"ENG","playtime":3018,"items_purged":["Regret","hermit:Strike_Hermit"],"score":343,"play_id":"787971f5-9275-46ce-a1c7-73d15bfb0d2e","local_time":"20210125140927","is_ascension_mode":false,"campfire_choices":[{"data":"hermit:Snipe","floor":10.0,"key":"SMITH"},{"data":"hermit:Snipe","floor":13.0,"key":"SMITH"},{"floor":15.0,"key":"REST"},{"data":"hermit:PistolWhip","floor":8.0,"key":"SMITH"},{"data":"hermit:EyeOfTheStorm","floor":15.0,"key":"SMITH"},{"data":"hermit:HeroicBravado","floor":23,"key":"SMITH"},{"data":"hermit:FlashPowder","floor":25,"key":"SMITH"},{"data":"hermit:BigShot","floor":27,"key":"SMITH"},{"data":"hermit:Brawl","floor":30,"key":"SMITH"},{"floor":32,"key":"REST"}],"circlet_count":0,"master_deck":["hermit:Strike_Hermit","hermit:Strike_Hermit","hermit:Defend_Hermit","hermit:Defend_Hermit","hermit:Defend_Hermit","hermit:Snapshot+1","hermit:Covet","hermit:Snipe+1","hermit:EyeOfTheStorm+1","hermit:PistolWhip+1","hermit:EyeOfTheStorm+1","hermit:Snipe+1","hermit:Glare+1","hermit:Snipe","hermit:FlashPowder+1","hermit:Glare","hermit:Brawl+1","hermit:Enervate","hermit:HeroicBravado+1","hermit:Shortfuse","hermit:BigShot+1","hermit:FlashPowder"],"relics":["hermit:Momento","HushsDoor","Vajra","PokeGo","Anchor","DeathBook","Ice Cream","MealTicket","Mummified Hand","Bag of Marbles","BFFS","Sundial","Velvet Choker","Regal Pillow","hermit:Spyglass","BelialBook"],"acts_visited":["Exordium","TheCity"],"potions_floor_usage":[20],"damage_taken":[{"damage":4.0,"enemies":"Jaw Worm","floor":1.0,"turns":4.0},{"damage":0.0,"enemies":"Cultist","floor":3.0,"turns":4.0},{"damage":0.0,"enemies":"2 Louse","floor":5.0,"turns":3.0},{"damage":11.0,"enemies":"Large Slime","floor":6.0,"turns":6.0},{"damage":4.0,"enemies":"3 Sentries","floor":7.0,"turns":6.0},{"damage":0.0,"enemies":"Looter","floor":12.0,"turns":3.0},{"damage":0.0,"enemies":"3 Louse","floor":14.0,"turns":3.0},{"damage":0.0,"enemies":"Cultist","floor":1.0,"turns":1.0},{"damage":0.0,"enemies":"Jaw Worm","floor":3.0,"turns":2.0},{"damage":0.0,"enemies":"2 Louse","floor":5.0,"turns":2.0},{"damage":0.0,"enemies":"Gremlin Nob","floor":6.0,"turns":4.0},{"damage":7.0,"enemies":"Lagavulin","floor":11.0,"turns":4.0},{"damage":0.0,"enemies":"Exordium Wildlife","floor":12.0,"turns":4.0},{"damage":0.0,"enemies":"3 Sentries","floor":13.0,"turns":1.0},{"damage":23.0,"enemies":"The Guardian","floor":16.0,"turns":8.0},{"damage":0.0,"enemies":"Chosen","floor":18.0,"turns":3.0},{"damage":0,"enemies":"Spheric Guardian","floor":20,"turns":3},{"damage":12,"enemies":"Snecko","floor":21,"turns":4},{"damage":15,"enemies":"Centurion and Healer","floor":24,"turns":6},{"damage":13,"enemies":"Gremlin Leader","floor":29,"turns":4},{"damage":17,"enemies":"Hiden Room Battle","floor":31,"turns":6},{"damage":65,"enemies":"Collector","floor":33,"turns":5}],"seed_played":"8403837017514097742","potions_obtained":[{"floor":1.0,"key":"Dexterity Potion"},{"floor":5.0,"key":"DuplicationPotion"},{"floor":12.0,"key":"SmokeBomb"},{"floor":14.0,"key":"SkillPotion"},{"floor":11.0,"key":"Regen Potion"},{"floor":13.0,"key":"Dexterity Potion"},{"floor":20,"key":"GamblersBrew"},{"floor":29,"key":"SkillPotion"}],"is_trial":false,"path_per_floor":["M","?","M","$","M","M","E","?","T","R","?","M","R","M","R","M","?","M","?","M","E","$","R","T","T","E","M","?","?","R","B",null,"M","?","M","M","$","R","M","R","T","R","?","E","R","?","R","B"],"character_chosen":"HERMIT","items_purchased":["hermit:PistolWhip","Anchor","hermit:Brawl","hermit:BigShot"],"campfire_rested":2,"item_purchase_floors":[4,4,7,22],"current_hp_per_floor":[71,60,60,60,60,49,45,45,45,45,45,45,45,45,75,60,60,60,60,60,75,75,75,75,68,68,68,68,68,45,75,75,75,75,63,75,75,60,60,60,60,60,47,47,15,52,0,0],"gold":524,"neow_bonus":"RANDOM_COMMON_RELIC","is_daily":false,"chose_seed":false,"campfire_upgraded":8,"win_rate":0.0,"timestamp":1611536967,"path_taken":["M","?","?","$","M","M","E","?","T","R","?","M","R","M","R","M","?","M","?","M","E","?","R","T","?","E","?","?","?","R","BOSS","M","?","?","M","$","R","M","R","T","R","?","E","R","?","R","BOSS"],"items_purchased_type":["Card","Relic","Card","Card"],"build_version":"2020-12-22","purchased_purges":2,"victory":false,"max_hp_per_floor":[75,75,75,75,75,75,75,75,75,75,75,75,75,75,75,75,75,75,75,75,75,75,75,75,75,75,75,75,75,75,75,75,75,75,75,75,75,75,75,75,75,75,75,75,75,75,75,75],"card_choices":[{"not_picked":[],"picked":"Bomb","floor":0.0},{"not_picked":["hermit:BodyArmor","hermit:ItchyTrigger"],"picked":"hermit:Snipe","floor":1.0},{"not_picked":["hermit:Dive","hermit:FatalDesire"],"picked":"hermit:EyeOfTheStorm","floor":3.0},{"not_picked":["hermit:Manifest","hermit:Headshot","hermit:Dive"],"picked":"SKIP","floor":5.0},{"not_picked":["hermit:Misfire","hermit:LowProfile","hermit:Spite"],"picked":"SKIP","floor":6.0},{"not_picked":["hermit:Dissolve","hermit:Combo"],"picked":"hermit:EyeOfTheStorm","floor":7.0},{"not_picked":["hermit:LowProfile","hermit:Spite"],"picked":"hermit:Snipe","floor":12.0},{"not_picked":["hermit:Manifest","hermit:GoldenBullet"],"picked":"hermit:Glare","floor":14.0},{"not_picked":["hermit:Shortfuse","hermit:BodyArmor","hermit:LuckOfTheDraw"],"picked":"SKIP","floor":1.0},{"not_picked":["hermit:Ricochet","hermit:Quickdraw"],"picked":"hermit:Snipe","floor":3.0},{"not_picked":["hermit:Headshot","hermit:LowProfile"],"picked":"hermit:FlashPowder","floor":5.0},{"not_picked":["hermit:DeadOrAlive","hermit:HoleUp"],"picked":"hermit:Glare","floor":6.0},{"not_picked":["hermit:Midnight","hermit:Cheat","hermit:Magnum"],"picked":"SKIP","floor":11.0},{"not_picked":["hermit:Vantage","hermit:TrackingShot","hermit:Spite"],"picked":"SKIP","floor":12.0},{"not_picked":["hermit:Snipe","hermit:Ricochet"],"picked":"hermit:Enervate","floor":13.0},{"not_picked":["hermit:Roughhouse","hermit:Adapt"],"picked":"hermit:HeroicBravado","floor":16.0},{"not_picked":["hermit:SprayPray","hermit:HighCaliber","hermit:Desperado"],"picked":"SKIP","floor":18.0},{"not_picked":["hermit:Cheat","hermit:SprayPray","hermit:Virtue"],"picked":"SKIP","floor":20},{"not_picked":["hermit:HoleUp","hermit:BlackWind","hermit:Glare"],"picked":"SKIP","floor":21},{"not_picked":["hermit:Misfire","hermit:WideOpen","hermit:LowProfile"],"picked":"SKIP","floor":24},{"not_picked":["hermit:Quickdraw","hermit:HighCaliber+1"],"picked":"hermit:FlashPowder","floor":29}],"player_experience":69344,"relics_obtained":[{"floor":7.0,"key":"DeathBook"},{"floor":9.0,"key":"ForgetMeNow"},{"floor":6.0,"key":"MealTicket"},{"floor":9.0,"key":"Mummified Hand"},{"floor":10.0,"key":"Bag of Marbles"},{"floor":11.0,"key":"BFFS"},{"floor":13.0,"key":"Sundial"},{"floor":29,"key":"Regal Pillow"},{"floor":31,"key":"hermit:Spyglass"},{"floor":31,"key":"BelialBook"}],"event_choices":[{"damage_healed":0.0,"max_hp_gain":0.0,"max_hp_loss":0.0,"gold_gain":75.0,"event_name":"World of Goop","player_choice":"Gather Gold","floor":2.0,"gold_loss":0.0,"damage_taken":11.0},{"cards_removed":["hermit:Strike_Hermit"],"damage_healed":0.0,"max_hp_gain":0.0,"max_hp_loss":0.0,"gold_gain":0.0,"event_name":"Living Wall","player_choice":"Forget","floor":8.0,"gold_loss":0.0,"damage_taken":0.0},{"damage_healed":0.0,"max_hp_gain":0.0,"max_hp_loss":0.0,"gold_gain":0.0,"event_name":"Liars Game","player_choice":"Ignored","floor":11.0,"gold_loss":0.0,"damage_taken":0.0},{"damage_healed":0.0,"max_hp_gain":0.0,"max_hp_loss":0.0,"gold_gain":0.0,"event_name":"Shining Light","player_choice":"Entered Light","floor":2.0,"gold_loss":0.0,"damage_taken":15.0,"cards_upgraded":["hermit:Snapshot","hermit:Glare"]},{"damage_healed":0.0,"max_hp_gain":0.0,"max_hp_loss":0.0,"gold_gain":0.0,"event_name":"Big Fish","player_choice":"Box","floor":4.0,"gold_loss":0.0,"damage_taken":0.0,"relics_obtained":["Ice Cream"],"cards_obtained":["Regret"]},{"damage_healed":0.0,"max_hp_gain":0.0,"max_hp_loss":0.0,"gold_gain":0.0,"event_name":"Dead Adventurer","player_choice":"Searched \u00271\u0027 times","floor":13.0,"gold_loss":0.0,"damage_taken":0.0},{"damage_healed":0.0,"max_hp_gain":0.0,"max_hp_loss":0.0,"gold_gain":0.0,"event_name":"Living Wall","player_choice":"Grow","floor":14.0,"gold_loss":0.0,"damage_taken":0.0,"cards_upgraded":["hermit:EyeOfTheStorm"]},{"damage_healed":0,"gold_gain":0,"cards_transformed":["hermit:Defend_Hermit"],"player_choice":"Transformed","damage_taken":0,"max_hp_gain":0,"max_hp_loss":0,"event_name":"Transmorgrifier","floor":19,"gold_loss":0,"cards_obtained":["hermit:Shortfuse"]},{"damage_healed":0,"gold_gain":99,"player_choice":"Stole From Cult","damage_taken":0,"max_hp_gain":0,"max_hp_loss":0,"event_name":"Nest","floor":28,"gold_loss":0},{"damage_healed":0,"gold_gain":0,"player_choice":"Fight","damage_taken":0,"max_hp_gain":0,"max_hp_loss":0,"event_name":"HidenRoomEvent","floor":31,"gold_loss":0}],"is_beta":false,"boss_relics":[{"not_picked":["ChampionBelt","Coffee Dripper"],"picked":"Velvet Choker"},{"not_picked":[]}],"items_purged_floors":[7,22],"is_endless":false,"potions_floor_spawned":[1,5,12,14,1,5,11,13,20,29],"killed_by":"Collector","ascension_level":0}}