{"host":"yzlg3mitc00v31o1","time":1611587740,"event":{"mods":["AchievementEnabler","BaseMod","BetterRewards","DeckTracker","Gold Saver","KOR Keyword Fix","Minty Spire (QoL Compilation)","Remove Card Discount Mod","Spicy Shops","StSLib","SuperFastMode"],"gold_per_floor":[740,740,751,761,780,815,825,854,881,881,125,144,158,158,158,263,263,282,282,294,325,337,337,362,56,109,144,144,154,154,186,186,283,283,297,310,360,414,414,424,424,436,484,495,526,541,558,572,572,572],"floor_reached":51,"language":"KOR","playtime":2919,"items_purged":["Strike_G","Defend_G","Strike_G","Strike_G","Strike_G","Strike_G","Defend_G","Defend_G","Defend_G","Defend_G","Survivor","Backflip","Backflip","Deadly Poison"],"score":1128,"play_id":"7f1c23c9-8794-4e64-92b0-749f3bd26250","local_time":"20210126001540","is_ascension_mode":false,"campfire_choices":[{"data":"Venomology","floor":15,"key":"SMITH"},{"data":"Catalyst","floor":23,"key":"SMITH"},{"data":"Deadly Poison","floor":28,"key":"SMITH"},{"data":"Catalyst","floor":30,"key":"SMITH"},{"data":"Flying Knee","floor":32,"key":"SMITH"},{"data":"1","floor":41,"key":"LIFT"},{"data":"2","floor":49,"key":"LIFT"}],"circlet_count":0,"master_deck":["Neutralize","Quick Slash","Flying Knee","Cloak And Dagger","Secret Technique","Flying Knee+1","Noxious Fumes","Flying Knee","Catalyst+1","Poisoned Stab","Venomology+1","Bane","Bouncing Flask","Cloak And Dagger+1","Catalyst+1","Crippling Poison+1","Backflip+1","Backflip+1","Deadly Poison+1","Poisoned Stab+1","Poisoned Stab+1","Deadly Poison+1","Flechettes"],"relics":["Ring of the Serpent","Lantern","Omamori","DollysMirror","Orichalcum","Tingsha","PreservedInsect","Nunchaku","Oddly Smooth Stone","Snake Skull","Ninja Scroll","TheAbacus","Red Mask","Boot","Bag of Marbles","Toy Ornithopter","Blue Candle","Anchor","SacredBark","Peace Pipe","Girya","Art of War","Mercury Hourglass"],"acts_visited":["Exordium","TheCity","TheBeyond"],"potions_floor_usage":[4,13,16,16,18,20,21,22,22,24,27,29,29,33,33,33,35,35,37,38,40,42,46,47,47,50,50,50],"damage_taken":[{"damage":0,"enemies":"Jaw Worm","floor":1,"turns":1},{"damage":0,"enemies":"Cultist","floor":3,"turns":1},{"damage":0,"enemies":"2 Louse","floor":4,"turns":2},{"damage":1,"enemies":"Exordium Thugs","floor":5,"turns":4},{"damage":12,"enemies":"Lagavulin","floor":6,"turns":4},{"damage":0,"enemies":"Blue Slaver","floor":7,"turns":2},{"damage":6,"enemies":"3 Sentries","floor":8,"turns":6},{"damage":0,"enemies":"2 Fungi Beasts","floor":12,"turns":2},{"damage":0,"enemies":"3 Louse","floor":13,"turns":1},{"damage":0,"enemies":"Hexaghost","floor":16,"turns":4},{"damage":0,"enemies":"3 Byrds","floor":18,"turns":2},{"damage":5,"enemies":"2 Thieves","floor":20,"turns":3},{"damage":8,"enemies":"Masked Bandits","floor":21,"turns":3},{"damage":0,"enemies":"Cultist and Chosen","floor":22,"turns":4},{"damage":3,"enemies":"Book of Stabbing","floor":24,"turns":3},{"damage":0,"enemies":"Slavers","floor":27,"turns":2},{"damage":0,"enemies":"Snake Plant","floor":29,"turns":2},{"damage":0,"enemies":"Gremlin Leader","floor":31,"turns":2},{"damage":0,"enemies":"Champ","floor":33,"turns":4},{"damage":0,"enemies":"3 Darklings","floor":35,"turns":1},{"damage":0,"enemies":"Orb Walker","floor":36,"turns":1},{"damage":0,"enemies":"Mind Bloom Boss Battle","floor":37,"turns":2},{"damage":0,"enemies":"2 Orb Walkers","floor":38,"turns":1},{"damage":0,"enemies":"Maw","floor":40,"turns":2},{"damage":0,"enemies":"Sphere and 2 Shapes","floor":42,"turns":2},{"damage":3,"enemies":"4 Shapes","floor":44,"turns":4},{"damage":24,"enemies":"Nemesis","floor":45,"turns":3},{"damage":0,"enemies":"Spire Growth","floor":46,"turns":2},{"damage":0,"enemies":"Writhing Mass","floor":47,"turns":2},{"damage":0,"enemies":"4 Shapes","floor":48,"turns":3},{"damage":9,"enemies":"Donu and Deca","floor":50,"turns":5}],"seed_played":"-3853470487658688896","potions_obtained":[{"floor":1,"key":"GamblersBrew"},{"floor":4,"key":"Fruit Juice"},{"floor":5,"key":"GhostInAJar"},{"floor":7,"key":"Explosive Potion"},{"floor":14,"key":"Explosive Potion"},{"floor":14,"key":"BlessingOfTheForge"},{"floor":21,"key":"BlessingOfTheForge"},{"floor":27,"key":"Strength Potion"},{"floor":29,"key":"Fruit Juice"},{"floor":33,"key":"AttackPotion"},{"floor":36,"key":"AttackPotion"},{"floor":37,"key":"AttackPotion"},{"floor":47,"key":"Fruit Juice"}],"is_trial":false,"path_per_floor":["M","?","M","M","M","E","M","E","T","T","$","M","M","?","R","B",null,"M","?","M","?","M","R","E","$","T","E","R","M","R","E","R","B",null,"M","M","?","?","?","M","R","M","T","M","E","M","M","M","R","B",null],"character_chosen":"THE_SILENT","items_purchased":["Lantern","Omamori","Quick Slash","Flying Knee","Cloak And Dagger","Secret Technique","DollysMirror","Catalyst","Snake Skull","Poisoned Stab","Venomology","Ninja Scroll","TheAbacus","Deadly Poison","Bag of Marbles"],"campfire_rested":0,"item_purchase_floors":[0,0,0,0,0,0,0,11,11,11,11,11,11,25,25],"current_hp_per_floor":[49,49,49,54,53,41,41,35,35,35,35,35,35,35,35,35,75,75,75,70,62,62,62,59,59,59,64,64,79,79,79,79,80,80,80,80,80,80,80,80,80,80,80,77,53,58,78,78,78,81],"gold":572,"neow_bonus":"","is_daily":false,"chose_seed":false,"campfire_upgraded":5,"win_rate":0.0,"timestamp":1611587740,"path_taken":["M","?","?","M","?","E","M","E","T","?","$","M","M","?","R","BOSS","M","?","M","?","M","R","E","$","T","E","R","M","R","E","R","BOSS","M","M","?","?","?","M","R","M","T","M","E","M","M","M","R","BOSS"],"items_purchased_type":["Relic","Relic","Card","Card","Card","Card","Relic","Card","Relic","Card","Card","Relic","Relic","Card","Relic"],"build_version":"2020-12-22","purchased_purges":14,"victory":true,"max_hp_per_floor":[70,70,70,75,75,75,75,75,75,75,75,75,75,75,75,75,75,75,75,75,75,75,75,75,75,75,75,75,80,80,80,80,80,80,80,80,80,80,80,80,80,80,80,80,80,80,90,90,90,90],"card_choices":[{"not_picked":["PiercingWail","Escape Plan"],"picked":"Backflip","floor":1},{"not_picked":["Flying Knee","Underhanded Strike"],"picked":"Noxious Fumes","floor":3},{"not_picked":["Dodge and Roll","Dagger Spray"],"picked":"Acrobatics","floor":4},{"not_picked":["Sucker Punch","Distraction"],"picked":"Deadly Poison","floor":5},{"not_picked":["Acrobatics","All Out Attack"],"picked":"Backflip","floor":6},{"not_picked":["All Out Attack","Choke"],"picked":"Flying Knee","floor":7},{"not_picked":["All Out Attack","Skewer","Underhanded Strike"],"picked":"SKIP","floor":8},{"not_picked":["All Out Attack","Skewer","Underhanded Strike"],"picked":"SKIP","floor":8},{"not_picked":["Blur","Prepared"],"picked":"Bane","floor":12},{"not_picked":["Night Terror","Endless Agony"],"picked":"Bouncing Flask","floor":13},{"not_picked":["Sucker Punch","Bane+1"],"picked":"Cloak And Dagger+1","floor":18},{"not_picked":["Dagger Spray","Slice+1"],"picked":"Crippling Poison+1","floor":20},{"not_picked":["Acrobatics","Outmaneuver"],"picked":"Backflip+1","floor":21},{"not_picked":["Eviscerate","Skewer","Crippling Poison+1"],"picked":"SKIP","floor":22},{"not_picked":["Masterful Stab","Leg Sweep"],"picked":"Backflip+1","floor":24},{"not_picked":["Dash","After Image","Footwork"],"picked":"SKIP","floor":27},{"not_picked":["Poisoned Stab","Backstab","PiercingWail"],"picked":"SKIP","floor":29},{"not_picked":["Dodge and Roll","Cloak And Dagger"],"picked":"Poisoned Stab+1","floor":31},{"not_picked":["Noxious Fumes","Heel Hook+1","Blur"],"picked":"SKIP","floor":35},{"not_picked":["Cloak And Dagger","Acrobatics"],"picked":"Poisoned Stab+1","floor":36},{"not_picked":["Outmaneuver","Bouncing Flask"],"picked":"Deadly Poison+1","floor":38},{"not_picked":["Deflect","Storm of Steel","Flying Knee"],"picked":"SKIP","floor":40},{"not_picked":["Blade Dance","Eviscerate","Cloak And Dagger"],"picked":"SKIP","floor":42},{"not_picked":["Accuracy+1","Predator","Caltrops"],"picked":"SKIP","floor":44},{"not_picked":["Underhanded Strike","Bullet Time","Acrobatics"],"picked":"SKIP","floor":45},{"not_picked":["Deadly Poison","PiercingWail+1","Quick Slash"],"picked":"SKIP","floor":46},{"not_picked":["Dash+1","Backflip","Blade Dance+1"],"picked":"SKIP","floor":47},{"not_picked":["Well Laid Plans+1","Dodge and Roll","Caltrops+1"],"picked":"SKIP","floor":48}],"player_experience":80595,"relics_obtained":[{"floor":6,"key":"Tingsha"},{"floor":8,"key":"PreservedInsect"},{"floor":9,"key":"Nunchaku"},{"floor":10,"key":"Oddly Smooth Stone"},{"floor":21,"key":"Red Mask"},{"floor":24,"key":"Boot"},{"floor":26,"key":"Toy Ornithopter"},{"floor":27,"key":"Blue Candle"},{"floor":31,"key":"Anchor"},{"floor":37,"key":"Peace Pipe"},{"floor":38,"key":"Girya"},{"floor":43,"key":"Art of War"},{"floor":45,"key":"Mercury Hourglass"}],"event_choices":[{"damage_healed":0,"gold_gain":0,"player_choice":"Gave Potion","damage_taken":0,"relics_obtained":["Orichalcum"],"max_hp_gain":0,"max_hp_loss":0,"event_name":"WeMeetAgain","floor":2,"gold_loss":0},{"damage_healed":0,"gold_gain":0,"player_choice":"Got Potions","damage_taken":0,"max_hp_gain":0,"max_hp_loss":0,"event_name":"Lab","floor":14,"gold_loss":0},{"damage_healed":0,"gold_gain":0,"player_choice":"Read","damage_taken":0,"max_hp_gain":0,"max_hp_loss":0,"event_name":"The Library","floor":19,"gold_loss":0,"cards_obtained":["Catalyst"]},{"damage_healed":0,"gold_gain":0,"player_choice":"Fought Bandits","damage_taken":0,"max_hp_gain":0,"max_hp_loss":0,"event_name":"Masked Bandits","floor":21,"gold_loss":0},{"damage_healed":0,"gold_gain":0,"player_choice":"Fight","damage_taken":0,"max_hp_gain":0,"max_hp_loss":0,"event_name":"MindBloom","floor":37,"gold_loss":0},{"damage_healed":0,"gold_gain":0,"player_choice":"Fight","damage_taken":0,"max_hp_gain":0,"max_hp_loss":0,"event_name":"Mysterious Sphere","floor":38,"gold_loss":0},{"damage_healed":0,"gold_gain":0,"cards_transformed":["Acrobatics"],"player_choice":"Transformed","damage_taken":0,"max_hp_gain":0,"max_hp_loss":0,"event_name":"Transmorgrifier","floor":39,"gold_loss":0,"cards_obtained":["Flechettes"]}],"is_beta":false,"boss_relics":[{"not_picked":["WristBlade","HoveringKite"],"picked":"Ring of the Serpent"},{"not_picked":["Astrolabe","Sozu"],"picked":"SacredBark"}],"items_purged_floors":[0,0,0,0,0,0,0,0,0,11,11,25,25,25],"is_endless":false,"potions_floor_spawned":[1,4,5,7,21,27,29,31,33,36,37,45,47,48],"ascension_level":0}}