{"host":"3qkmyeoym75lj4wn","time":1611607609,"event":{"mods":["2.2 Compatiblity","BaseMod","Block Reminder","Colored Powertips","Highlight Path","Minty Spire (QoL Compilation)","Permanent Neow","Potion Indicator Mod","Rare Cards Sparkle","Relic Stats","StSLib","Unceasing Turn Reminder"],"gold_per_floor":[114,133,144,161,181,215,215,215,215],"floor_reached":8,"language":"ENG","playtime":292,"items_purged":[],"score":140,"play_id":"20a6fccc-da8c-434c-9971-c1e637970e5a","local_time":"20210125204649","is_ascension_mode":true,"campfire_choices":[{"floor":7,"key":"REST"}],"circlet_count":0,"master_deck":["AscendersBane","Strike_B","Strike_B","Strike_B","Strike_B","Defend_B","Defend_B","Defend_B","Defend_B","Zap+1","Dualcast","Genetic Algorithm","Gash","Chaos","Consume","Cold Snap","Biased Cognition"],"relics":["Cracked Core","Blood Vial"],"acts_visited":["Exordium"],"potions_floor_usage":[5,6,8,8],"damage_taken":[{"damage":0,"enemies":"Cultist","floor":1,"turns":3},{"damage":11,"enemies":"Jaw Worm","floor":2,"turns":3},{"damage":5,"enemies":"Small Slimes","floor":3,"turns":2},{"damage":8,"enemies":"Red Slaver","floor":4,"turns":4},{"damage":0,"enemies":"2 Fungi Beasts","floor":5,"turns":2},{"damage":30,"enemies":"Lagavulin","floor":6,"turns":8},{"damage":14,"enemies":"Gremlin Nob","floor":8,"turns":3},{"damage":0,"enemies":"Gremlin Nob","floor":8,"turns":1}],"seed_played":"-7006932931350310487","potions_obtained":[{"floor":2,"key":"Fire Potion"},{"floor":4,"key":"SteroidPotion"},{"floor":5,"key":"SmokeBomb"},{"floor":6,"key":"LiquidMemories"}],"is_trial":false,"path_per_floor":["M","M","M","M","M","E","R","E"],"character_chosen":"DEFECT","items_purchased":[],"campfire_rested":1,"item_purchase_floors":[],"current_hp_per_floor":[64,53,48,40,40,10,31,19,19],"gold":215,"neow_bonus":"UPGRADE_CARD","is_daily":false,"chose_seed":false,"campfire_upgraded":0,"win_rate":0.0,"timestamp":1611607609,"path_taken":["M","?","M","M","M","E","R","E"],"items_purchased_type":[],"build_version":"2020-12-22","purchased_purges":0,"victory":false,"max_hp_per_floor":[71,71,71,71,71,71,71,71,71],"relic_stats":{"Blood Vial":2,"counters":[7,25],"obtain_stats":[{"Blood Vial":6,"Cracked Core":0},{"Blood Vial":6,"Cracked Core":0},{"Blood Vial":22,"Cracked Core":0}]},"card_choices":[{"not_picked":["Sweeping Beam","Steam"],"picked":"Genetic Algorithm","floor":1},{"not_picked":["Fusion","Stack"],"picked":"Gash","floor":2},{"not_picked":["Turbo","Melter"],"picked":"Chaos","floor":3},{"not_picked":["Compile Driver","Go for the Eyes"],"picked":"Consume","floor":4},{"not_picked":["Steam","Multi-Cast"],"picked":"Cold Snap","floor":5},{"not_picked":["Streamline","Hologram"],"picked":"Biased Cognition","floor":6}],"player_experience":1701132,"relics_obtained":[{"floor":6,"key":"Blood Vial"}],"event_choices":[],"is_beta":false,"boss_relics":[],"items_purged_floors":[],"is_endless":false,"potions_floor_spawned":[2,4,5,6,8],"killed_by":"Gremlin Nob","ascension_level":20}}