{"host":"fortuna","time":1611587988,"event":{"mods":["Act Like it!","Arknights The Spire","BaseMod","Downfall","Gensokyo","Minty Spire (QoL Compilation)","Reimu£®≤©¿ˆ¡È√Œ£©","Relic Stats","StSLib","The Administrix"],"gold_per_floor":[119,119,45,45,63,80,97,328,351,366,366,366,366,395,395,498,498,518,283,301,314,314,314],"floor_reached":22,"language":"ZHS","playtime":1553,"items_purged":["Strike_Lin:ReiMu"],"score":221,"play_id":"cc6b82e7-8b79-45b0-834f-478f8464e653","local_time":"20210125231948","is_ascension_mode":false,"campfire_choices":[{"floor":11.0,"key":"REST"},{"data":"NineCharacters:ReiMu","floor":13.0,"key":"SMITH"},{"data":"KyokaiOfKami:ReiMu","floor":15.0,"key":"SMITH"}],"circlet_count":0,"master_deck":["Strike_Lin:ReiMu","Strike_Lin:ReiMu","Strike_Lin:ReiMu","Defend_Lin:ReiMu","Defend_Lin:ReiMu","Defend_Lin:ReiMu","Defend_Lin:ReiMu","Stagnation:ReiMu","NineCharacters:ReiMu+1","SubcavityInstant:ReiMu","Amulet:ReiMu","MikOfLucky:ReiMu+1","KyokaiOfKami:ReiMu+1","Crusade:ReiMu","DependentForm:ReiMu","LearningPray:ReiMu+1","LovePray:ReiMu","AlertArray:ReiMu","Conquer:ReiMu"],"relics":["FlyPower:ReiMu","NeowsBlessing","Happy Flower","Gensokyo:PortableGap","PreservedInsect","Vajra","Bow_fan:ReiMu","Smiling Mask","Black Star","Membership Card"],"acts_visited":["Gensokyo:Gensokyo","Gensokyo:Gensokyoer"],"potions_floor_usage":[],"damage_taken":[{"damage":0.0,"enemies":"Gensokyo:2_Kodama","floor":1.0,"turns":1.0},{"damage":0.0,"enemies":"Gensokyo:3_Fairies","floor":5.0,"turns":3.0},{"damage":0.0,"enemies":"Gensokyo:Gryphon","floor":6.0,"turns":1.0},{"damage":27.0,"enemies":"Gensokyo:Python_and_Kodama","floor":7.0,"turns":7.0},{"damage":0.0,"enemies":"Gensokyo:Mamizou","floor":8.0,"turns":12.0},{"damage":13.0,"enemies":"Gensokyo:2_Rabbits","floor":10.0,"turns":6.0},{"damage":16.0,"enemies":"Gensokyo:Aya","floor":14.0,"turns":5.0},{"damage":17,"enemies":"Gensokyo:Reimu","floor":16,"turns":13},{"damage":28,"enemies":"Gensokyo:3_Dogs","floor":18,"turns":7},{"damage":1,"enemies":"Gensokyo:Chomper","floor":20,"turns":7},{"damage":13,"enemies":"Gensokyo:Slime_Group","floor":21,"turns":8},{"damage":17,"enemies":"Gensokyo:Wraith","floor":22,"turns":5}],"seed_played":"4308439831251671343","potions_obtained":[{"floor":1.0,"key":"Strength Potion"},{"floor":6.0,"key":"ZuzhouPotion:ReiMu"},{"floor":16,"key":"Guardian:BlockOnCardUsePotion"}],"is_trial":false,"path_per_floor":["M","?","COS","?","M","M","M","E","T","M","R","?","R","E","R","B",null,"M","$","M","M","M"],"character_chosen":"REIMU","items_purchased":["Membership Card","LovePray:ReiMu"],"campfire_rested":1,"item_purchase_floors":[19,19],"current_hp_per_floor":[65,65,65,59,59,59,32,32,32,19,36,36,36,20,20,3,59,31,31,30,17,0,0],"gold":314,"neow_bonus":"THREE_ENEMY_KILL","is_daily":false,"chose_seed":false,"campfire_upgraded":2,"win_rate":0.0,"timestamp":1611587988,"path_taken":["M","?","COS","?","?","M","?","E","T","M","R","?","R","E","R","BOSS","M","$","M","?","?"],"items_purchased_type":["Relic","Card"],"build_version":"2020-12-18","purchased_purges":1,"victory":false,"max_hp_per_floor":[65,65,65,59,59,59,59,59,59,59,59,59,59,59,59,59,59,59,59,59,59,59,59],"relic_stats":{"Happy Flower":[24],"counters":[12,75],"PreservedInsect":18,"Black Star":0,"Smiling Mask":-12,"obtain_stats":[{"NeowsBlessing":0,"Happy Flower":2,"Vajra":8,"PreservedInsect":8,"Black Star":17,"Membership Card":19,"Bow_fan:ReiMu":9,"FlyPower:ReiMu":0,"Gensokyo:PortableGap":4,"Smiling Mask":14},{"NeowsBlessing":0,"Happy Flower":1,"Vajra":5,"PreservedInsect":5,"Black Star":8,"Membership Card":9,"Bow_fan:ReiMu":5,"FlyPower:ReiMu":0,"Gensokyo:PortableGap":1,"Smiling Mask":7},{"NeowsBlessing":0,"Happy Flower":1,"Vajra":24,"PreservedInsect":15,"Black Star":48,"Membership Card":55,"Bow_fan:ReiMu":24,"FlyPower:ReiMu":0,"Gensokyo:PortableGap":1,"Smiling Mask":35}]},"card_choices":[{"not_picked":["UniversalSpiritual:ReiMu","EmergencyTakeOff:ReiMu"],"picked":"NineCharacters:ReiMu","floor":1.0},{"not_picked":["EmergencyTakeOff:ReiMu","SafetyPray:ReiMu"],"picked":"SubcavityInstant:ReiMu","floor":5.0},{"not_picked":["AirManeuver:ReiMu","SubcavityInstant:ReiMu"],"picked":"Amulet:ReiMu","floor":6.0},{"not_picked":["RainPray2:ReiMu","MountainWay:ReiMu"],"picked":"MikOfLucky:ReiMu","floor":7.0},{"not_picked":["EmergencyTakeOff:ReiMu","Intuition:ReiMu","PassingAway:ReiMu"],"picked":"SKIP","floor":8.0},{"not_picked":["RainPray2:ReiMu","PayForSelf:ReiMu"],"picked":"KyokaiOfKami:ReiMu","floor":10.0},{"not_picked":["MountainWay:ReiMu","Revelation:ReiMu"],"picked":"Crusade:ReiMu","floor":14.0},{"not_picked":["CeremonyResonance:ReiMu","Free:ReiMu"],"picked":"DependentForm:ReiMu","floor":16},{"not_picked":["TightArray:ReiMu+1","ForcedLanding:ReiMu"],"picked":"LearningPray:ReiMu+1","floor":18},{"not_picked":["SubAcupoint:ReiMu","CollectionFlower2:ReiMu"],"picked":"AlertArray:ReiMu","floor":20},{"not_picked":["LearningPray:ReiMu","PayForSelf:ReiMu"],"picked":"Conquer:ReiMu","floor":21}],"player_experience":259766,"relics_obtained":[{"floor":8.0,"key":"Vajra"},{"floor":9.0,"key":"Bow_fan:ReiMu"},{"floor":14.0,"key":"Smiling Mask"}],"event_choices":[],"is_beta":true,"boss_relics":[{"not_picked":["Fusion Hammer","Calling Bell"],"picked":"Black Star"}],"items_purged_floors":[19],"is_endless":false,"potions_floor_spawned":[1,6,16,18,21],"killed_by":"Gensokyo:Wraith","ascension_level":0}}