{"host":"fuszjwm6fqgjjp4d","time":1611538061,"event":{"mods":["BaseMod","Bestiary","Colored Map","DeckTracker","Minty Spire (QoL Compilation)","Permanent Neow","Relic Sorter","Relic Stats","StSLib"],"gold_per_floor":[113,188,206,225,239,239,267,285,285,285,285,52,52,69,69,154,154,178,192,211,261,270,270,307,307,316,332,60,60,75,75,75],"floor_reached":31,"language":"ENG","playtime":1263,"items_purged":["Clumsy","Pain"],"score":599,"play_id":"f4c2834e-0f00-40e0-85db-945d7fad8d1d","local_time":"20210124192741","is_ascension_mode":true,"campfire_choices":[{"data":"Wallop","floor":6.0,"key":"SMITH"},{"data":"Eruption","floor":10.0,"key":"SMITH"},{"data":"FearNoEvil","floor":13.0,"key":"SMITH"},{"data":"CrushJoints","floor":15.0,"key":"SMITH"},{"floor":23,"key":"REST"},{"floor":25,"key":"REST"}],"circlet_count":0,"master_deck":["AscendersBane","Strike_P+1","Strike_P","Strike_P","Strike_P","Defend_P","Defend_P+1","Defend_P+1","Defend_P","Eruption+1","Vigilance","Evaluate+1","Wallop+1","CrushJoints+1","FearNoEvil+1","EmptyBody+1","LessonLearned+1","FlurryOfBlows","TalkToTheHand+1","TalkToTheHand+1"],"relics":["Cursed Key","Yang","CeramicFish","War Paint","Black Star","Potion Belt","Sundial","Matryoshka","Anchor"],"acts_visited":["Exordium","TheCity"],"potions_floor_usage":[19,24,30,31],"damage_taken":[{"damage":2.0,"enemies":"2 Louse","floor":1.0,"turns":3.0},{"damage":0.0,"enemies":"Small Slimes","floor":3.0,"turns":2.0},{"damage":0.0,"enemies":"Jaw Worm","floor":4.0,"turns":4.0},{"damage":0.0,"enemies":"3 Louse","floor":5.0,"turns":2.0},{"damage":16.0,"enemies":"Gremlin Nob","floor":7.0,"turns":3.0},{"damage":0.0,"enemies":"Looter","floor":8.0,"turns":3.0},{"damage":0.0,"enemies":"2 Fungi Beasts","floor":14.0,"turns":3.0},{"damage":0.0,"enemies":"Slime Boss","floor":16.0,"turns":8.0},{"damage":0,"enemies":"Shell Parasite","floor":18,"turns":8},{"damage":32,"enemies":"3 Byrds","floor":19,"turns":8},{"damage":16,"enemies":"Shelled Parasite and Fungi","floor":20,"turns":8},{"damage":52,"enemies":"Gremlin Leader","floor":24,"turns":5},{"damage":5,"enemies":"Cultist and Chosen","floor":27,"turns":4},{"damage":6,"enemies":"Snecko","floor":30,"turns":6},{"damage":17,"enemies":"Slavers","floor":31,"turns":3}],"seed_played":"5657280476690059981","potions_obtained":[{"floor":3.0,"key":"FairyPotion"},{"floor":4.0,"key":"DistilledChaos"},{"floor":7.0,"key":"Swift Potion"},{"floor":14.0,"key":"DuplicationPotion"},{"floor":20,"key":"Explosive Potion"},{"floor":24,"key":"Fire Potion"},{"floor":30,"key":"Dexterity Potion"}],"is_trial":false,"path_per_floor":["M","?","M","M","M","R","E","M","T","R","?","$","R","M","R","B",null,"M","M","M","?","?","R","E","R","T","M","$","?","M","E"],"character_chosen":"WATCHER","items_purchased":["War Paint","Anchor"],"campfire_rested":2,"item_purchase_floors":[12,28],"current_hp_per_floor":[59,48,48,48,48,48,32,32,32,32,32,32,32,32,32,32,59,59,27,11,11,11,31,4,24,24,19,19,19,13,0,0],"gold":75,"neow_bonus":"BOSS_RELIC","is_daily":false,"chose_seed":false,"campfire_upgraded":4,"win_rate":0.0,"timestamp":1611538061,"path_taken":["M","?","M","M","M","R","E","M","T","R","?","$","R","M","R","BOSS","M","M","M","?","?","R","E","R","T","M","$","?","M","E"],"items_purchased_type":["Relic","Relic"],"build_version":"2020-12-22","purchased_purges":2,"victory":false,"max_hp_per_floor":[68,68,68,68,68,68,68,68,68,68,68,68,68,68,68,68,68,68,68,68,68,68,68,68,68,68,68,68,68,68,68,68],"relic_stats":{"counters":[15,70],"Sundial":[0],"CeramicFish":45,"Yang":[127],"Black Star":1,"War Paint":["EmptyBody","Defend_P"],"Cursed Key":2,"obtain_stats":[{"Potion Belt":24,"Anchor":28,"Matryoshka":26,"Sundial":24,"CeramicFish":9,"Yang":7,"Black Star":17,"PureWater":0,"War Paint":12,"Cursed Key":0},{"Potion Belt":12,"Anchor":13,"Matryoshka":12,"Sundial":12,"CeramicFish":6,"Yang":5,"Black Star":8,"PureWater":0,"War Paint":6,"Cursed Key":0},{"Potion Belt":57,"Anchor":61,"Matryoshka":57,"Sundial":57,"CeramicFish":17,"Yang":14,"Black Star":28,"PureWater":0,"War Paint":17,"Cursed Key":0}]},"card_choices":[{"not_picked":["EmptyFist","Wireheading"],"picked":"Evaluate","floor":1.0},{"not_picked":["ThirdEye","Worship"],"picked":"Wallop","floor":3.0},{"not_picked":["ClearTheMind","Perseverance"],"picked":"CrushJoints","floor":4.0},{"not_picked":["Consecrate","Crescendo","ClearTheMind"],"picked":"SKIP","floor":5.0},{"not_picked":["Collect","CutThroughFate"],"picked":"FearNoEvil","floor":7.0},{"not_picked":["WindmillStrike","CutThroughFate"],"picked":"EmptyBody","floor":8.0},{"not_picked":["Halt","FlyingSleeves","FearNoEvil"],"picked":"SKIP","floor":14.0},{"not_picked":["Omniscience","Wish"],"picked":"LessonLearned","floor":16.0},{"not_picked":["BowlingBash","Halt"],"picked":"FlurryOfBlows","floor":18},{"not_picked":["Worship","EmptyMind","Indignation"],"picked":"SKIP","floor":19},{"not_picked":["CrushJoints+1","ForeignInfluence","SashWhip"],"picked":"SKIP","floor":20},{"not_picked":["MentalFortress","EmptyFist+1"],"picked":"TalkToTheHand+1","floor":24},{"not_picked":["SignatureMove+1","Halt","JustLucky"],"picked":"SKIP","floor":27},{"not_picked":["FearNoEvil","FollowUp","Prostrate"],"picked":"SKIP","floor":30}],"player_experience":1335523,"relics_obtained":[{"floor":7.0,"key":"Yang"},{"floor":9.0,"key":"CeramicFish"},{"floor":24,"key":"Potion Belt"},{"floor":24,"key":"Sundial"},{"floor":26,"key":"Matryoshka"}],"event_choices":[{"damage_healed":0.0,"max_hp_gain":0.0,"max_hp_loss":0.0,"gold_gain":75.0,"event_name":"World of Goop","player_choice":"Gather Gold","floor":2.0,"gold_loss":0.0,"damage_taken":11.0},{"damage_healed":0.0,"max_hp_gain":0.0,"max_hp_loss":0.0,"gold_gain":0.0,"event_name":"Living Wall","player_choice":"Grow","floor":11.0,"gold_loss":0.0,"damage_taken":0.0,"cards_upgraded":["Evaluate"]},{"damage_healed":0,"gold_gain":50,"player_choice":"Stole From Cult","damage_taken":0,"max_hp_gain":0,"max_hp_loss":0,"event_name":"Nest","floor":21,"gold_loss":0},{"damage_healed":0,"gold_gain":0,"player_choice":"Read","damage_taken":0,"max_hp_gain":0,"max_hp_loss":0,"event_name":"The Library","floor":22,"gold_loss":0,"cards_obtained":["TalkToTheHand"]}],"is_beta":false,"boss_relics":[{"not_picked":["Busted Crown","Snecko Eye"],"picked":"Black Star"}],"items_purged_floors":[12,28],"is_endless":false,"potions_floor_spawned":[3,4,7,14,20,24,30],"killed_by":"Slavers","ascension_level":19}}