{"host":"qfrmffs8rw9cf08l","time":1611578367,"event":{"mods":["AchievementEnabler","Act Like it!","AlwaysNeverKeys","Arknights The Spire","BaseMod","Bestiary","Better Match","Better Note","Better Sensory Stone","Better Skull","Better Third Choice","Better Vampires","BetterRewards","Curses Come First","Custom Start","Gensokyo","Gold Saver","MarisaÅiñ∂âJÅ@ñÇóùçπÅj","Minty Spire (QoL Compilation)","Permanent Neow","Poor People Problems","Quick Restart","Relic Sorter","Relic Stats","StSLib"],"gold_per_floor":[1135,1146,1164,1164,1177,1177,1202,1216,1216,1216,1243,1258,1271,1196,1196,1292,1292,1310,1310,1190,1204,1204,1204,836,868,868,903,778,794,806,825,825,928,928,939,953,742,742,742,776,776,809,809,827,861,881,881,901,901,901,901,901,549,574,574],"floor_reached":56,"language":"ENG","playtime":5381,"items_purged":["MysteriousBeam+1","StarlightTyphoon+1","SuperNova+1","ShootTheMoon+1"],"score":2509,"play_id":"48cc2ad2-8e1d-4bbe-953d-18413141bf57","local_time":"20210125203927","is_ascension_mode":true,"campfire_choices":[{"data":"MagicChant","floor":6.0,"key":"SMITH"},{"data":"OneTimeOff","floor":10.0,"key":"SMITH"},{"data":"EnergyRecoil","floor":15.0,"key":"SMITH"},{"data":"MasterSpark","floor":23.0,"key":"SMITH"},{"data":"UpSweep","floor":32.0,"key":"SMITH"},{"data":"NonDirectionalLaser+1","floor":47,"key":"PURGE"},{"data":"FairyDestructionRay+1","floor":49,"key":"PURGE"},{"data":"MasterSpark+1","floor":52,"key":"PURGE"}],"circlet_count":0,"master_deck":["AscendersBane","UpSweep+1","BlazingStar+1","OneTimeOff+1","MagicChant+1","EnergyRecoil+1","OortCloud+1","EarthLightRay+1","MagicAbsorber+1","AsteroidBelt+1","CollectingQuirk+1","EscapeVelocity+1","Orbital+1","Orbital+1","OneTimeOff+1","ShootingEcho+1","GalacticHalo+1","EarthLightRay+1","MagicChant+1","AsteroidBelt+1","EventHorizon+1","MilkyWay+1","EnergyFlow+1","EnergyRecoil+1","OrrerysSun+1","ChargingUp+1","MagicAbsorber+1","Gensokyo:UnlikelyAid+1","Gensokyo:AllTheWorldsEvil","OortCloud+1","OneTimeOff+1","DarkMatter+1"],"relics":["MiniHakkero","MagicBroom","Membership Card","Torii","Incense Burner","Du-Vu Doll","Nunchaku","Toxic Egg 2","Molten Egg 2","Frozen Egg 2","ClockworkSouvenir","Prayer Wheel","Gambling Chip","Ginger","Singing Bowl","Orrery","Mango","Ancient Tea Set","Pandora\u0027s Box","White Beast Statue","Gensokyo:SpiderMask","FossilizedHelix","Turnip","Centennial Puzzle","Cursed Key","Anchor","Bag of Preparation","Strawberry","Bottled Flame","Gremlin Horn","Peace Pipe","Art of War","Pantograph","Lee\u0027s Waffle","Unceasing Top"],"acts_visited":["Exordium","Gensokyo:Gensokyo","Gensokyo:Gensokyoer","TheEnding"],"potions_floor_usage":[55,55,55],"damage_taken":[{"damage":4.0,"enemies":"Gensokyo:2_Kodama","floor":1.0,"turns":3.0},{"damage":6.0,"enemies":"Gensokyo:3_Fairies","floor":2.0,"turns":3.0},{"damage":0.0,"enemies":"Gensokyo:Gryphon","floor":3.0,"turns":3.0},{"damage":2.0,"enemies":"Gensokyo:CorruptedTreant","floor":5.0,"turns":3.0},{"damage":0.0,"enemies":"Gensokyo:Cirno","floor":7.0,"turns":5.0},{"damage":0.0,"enemies":"Gensokyo:VengefulSpirit","floor":8.0,"turns":3.0},{"damage":9.0,"enemies":"Gensokyo:Aya","floor":11.0,"turns":4.0},{"damage":0.0,"enemies":"Gensokyo:5_Fairies","floor":12.0,"turns":2.0},{"damage":2.0,"enemies":"Gensokyo:2_Rabbits","floor":13.0,"turns":3.0},{"damage":0.0,"enemies":"Gensokyo:Yukari","floor":16.0,"turns":5.0},{"damage":0.0,"enemies":"Gensokyo:CosmicMonolith","floor":18.0,"turns":2.0},{"damage":0.0,"enemies":"Gensokyo:Chomper","floor":21.0,"turns":2.0},{"damage":9.0,"enemies":"Gensokyo:Koishi","floor":25.0,"turns":3.0},{"damage":0.0,"enemies":"Gensokyo:Tenshi","floor":27.0,"turns":2.0},{"damage":0.0,"enemies":"Gensokyo:Swordslinger","floor":29.0,"turns":5.0},{"damage":1.0,"enemies":"Gensokyo:Slime_Group","floor":30.0,"turns":3.0},{"damage":0.0,"enemies":"Gensokyo:3_Gloops","floor":31.0,"turns":3.0},{"damage":15.0,"enemies":"Gensokyo:Eiki","floor":33.0,"turns":9.0},{"damage":0.0,"enemies":"Gensokyo:AncientGuardian","floor":35.0,"turns":1.0},{"damage":0.0,"enemies":"Gensokyo:3_Bats","floor":36.0,"turns":1.0},{"damage":0.0,"enemies":"Gensokyo:3_Bats","floor":39.0,"turns":4.0},{"damage":0.0,"enemies":"Gensokyo:Marisa","floor":40.0,"turns":3.0},{"damage":0.0,"enemies":"Gensokyo:Kasen","floor":42.0,"turns":4.0},{"damage":0.0,"enemies":"Gensokyo:3_Boulders","floor":44.0,"turns":2.0},{"damage":0,"enemies":"Gensokyo:Doremy","floor":45,"turns":3},{"damage":0,"enemies":"Gensokyo:Dusk_and_Dawn","floor":46,"turns":1},{"damage":0,"enemies":"Gensokyo:4_Bats","floor":48,"turns":1},{"damage":0,"enemies":"Gensokyo:Yuyuko","floor":50,"turns":3},{"damage":0,"enemies":"Shield and Spear","floor":54,"turns":1},{"damage":1,"enemies":"The Heart","floor":55,"turns":6}],"seed_played":"-4685424875835258366","potions_obtained":[{"floor":1.0,"key":"Explosive Potion"},{"floor":3.0,"key":"AttackPotion"},{"floor":8.0,"key":"SneckoOil"},{"floor":21.0,"key":"Fruit Juice"},{"floor":25.0,"key":"StarNLove"},{"floor":27.0,"key":"DuplicationPotion"},{"floor":42.0,"key":"Fruit Juice"},{"floor":44.0,"key":"LiquidBronze"}],"is_trial":false,"path_per_floor":["M","M","M","?","M","R","E","M","T","R","E","M","M","?","R","B",null,"M","?","?","M","?","R","$","E","T","E","$","M","M","M","R","B",null,"M","M","$","?","?","E","T","E","T","M","E","M","R","M","R","B",null,"R","$","E","B",null],"character_chosen":"MARISA","items_purchased":["Molten Egg 2","Frozen Egg 2","ClockworkSouvenir","Incense Burner","Gambling Chip","ShootTheMoon+1","Singing Bowl","Orrery","Membership Card","Torii","MilkyWay+1","Centennial Puzzle","Anchor","Bag of Preparation","Art of War","Pantograph","Lee\u0027s Waffle"],"campfire_rested":0,"item_purchase_floors":[0,0,0,0,0,0,0,0,24,24,24,28,37,37,53,53,53],"current_hp_per_floor":[86,82,82,48,46,46,48,52,52,52,43,53,57,61,61,67,102,108,104,104,106,106,106,106,102,102,110,110,113,116,120,120,114,121,123,125,125,106,106,127,127,135,135,147,149,151,151,153,153,153,153,153,160,160,160],"gold":574,"neow_bonus":"","is_daily":false,"chose_seed":false,"campfire_upgraded":5,"win_rate":0.0,"timestamp":1611578367,"path_taken":["M","M","M","?","M","R","E","?","T","R","E","M","M","?","R","BOSS","M","?","?","M","?","R","$","E","T","E","?","M","M","?","R","BOSS","M","M","$","?","?","E","?","E","T","M","E","M","R","?","R","BOSS","R","$","E","BOSS"],"items_purchased_type":["Relic","Relic","Relic","Relic","Relic","Card","Relic","Relic","Relic","Relic","Card","Relic","Relic","Relic","Relic","Relic","Relic"],"build_version":"2020-12-22","purchased_purges":4,"victory":true,"max_hp_per_floor":[97,99,99,99,99,99,101,105,105,105,105,109,109,113,113,113,113,113,104,104,106,106,106,106,111,111,113,113,113,117,121,121,123,123,125,127,127,127,127,136,136,138,138,147,149,151,151,153,153,153,153,153,160,160,160],"relic_stats":{"Lee\u0027s Waffle":43,"Torii":18,"Singing Bowl":298,"Gremlin Horn":[96,134],"counters":[272,436],"Bag of Preparation":[109],"Ginger":[28],"Cursed Key":1,"Peace Pipe":41,"Nunchaku":[46],"Centennial Puzzle":[11],"Gambling Chip":[212],"Pantograph":82,"Prayer Wheel":129,"Pandora\u0027s Box":["OneTimeOff","FinalSpark","SprinkleStarSeal","MysteriousBeam","Orbital","Orbital","SuperNova","OneTimeOff","ShootingEcho","StarlightTyphoon","GalacticHalo"],"Turnip":[12],"Art of War":[14],"obtain_stats":[{"Gensokyo:UndefinedDarkness":123,"Ginger":92,"Whetstone":360,"Bottled Tornado":360,"Sling":54,"Boot":70,"Old Coin":40,"Blood Vial":3,"Sundial":62,"MealTicket":54,"Fusion Hammer":51,"HandDrill":96,"Kunai":25,"Pear":65,"Blue Candle":10,"BreadOfAWashokuLover":42,"Eternal Feather":72,"Pen Nib":23,"Akabeko":54,"SlaversCollar":0,"Runic Dome":357,"Bird Faced Urn":95,"Pandora\u0027s Box":391,"MiniHakkero":0,"StrikeDummy":331,"Gensokyo:MarisaImprobabilityPotion":74,"Unceasing Top":83,"AmplifyWand":9,"Lantern":7,"Regal Pillow":331,"Torii":0,"Singing Bowl":0,"StoneCalendar":79,"Bag of Preparation":43,"SproutingBranch":49,"Smiling Mask":0,"Ancient Tea Set":42,"Cursed Key":408,"Gensokyo:LunaticRedEyes":156,"Shovel":0,"Matryoshka":0,"Gensokyo:OccultBall":155,"WingedGreaves":0,"HandmadeGrimoire":59,"Chemical X":107,"BewitchedHakkero":85,"InkBottle":7,"Potion Belt":0,"Lee\u0027s Waffle":336,"MagicBroom":28,"Gensokyo:DirgeOfMelancholy":132,"Golden Idol":362,"Circlet":106,"Gensokyo:MosesMiracle":237,"Thread and Needle":12,"The Courier":0,"PreservedInsect":72,"Omamori":0,"Frozen Egg 2":0,"MawBank":0,"Gensokyo:RedStar":122,"ats:Gyao":0,"Busted Crown":323,"ExperimentalFamiliar":17,"Ornamental Fan":79,"Gensokyo:DayTheSeaSplit":232,"Orrery":354,"Turnip":62,"Art of War":54,"Bottled Lightning":91,"Toy Ornithopter":326,"Ice Cream":100,"Calipers":62,"Tiny House":68,"Gremlin Horn":87,"CeramicFish":23,"Vajra":12,"Sozu":374,"Centennial Puzzle":62,"Lizard Tail":92,"HornCleat":10,"FaceOfCleric":376,"Gensokyo:LionMask":184,"DollysMirror":360,"Strawberry":336,"Prayer Wheel":62,"Philosopher\u0027s Stone":102,"Toxic Egg 2":0,"Happy Flower":70,"Oddly Smooth Stone":80,"Letter Opener":87,"War Paint":25,"Question Card":0,"WarpedTongs":365,"Du-Vu Doll":37,"OrangePellets":107,"Bottled Flame":54,"Shuriken":10,"Bronze Scales":40,"Molten Egg 2":0,"Black Star":0,"CatCart":301,"Meat on the Bone":10,"Pocketwatch":331,"Darkstone Periapt":80,"SacredBark":340,"Enchiridion":14,"Gensokyo:MarisaIngredientList":53,"Mango":92,"Gensokyo:SpiderMask":20,"Gensokyo:NagashiBinaDoll":4,"Juzu Bracelet":62,"Incense Burner":106,"Empty Cage":62,"PrismaticShard":387,"Gensokyo:DualWield":199,"ClockworkSouvenir":62,"Frozen Eye":75,"Nunchaku":31,"Dream Catcher":316,"Gensokyo:MarisaPhilosophersStone":8,"TheAbacus":37,"Mummified Hand":87,"Gambling Chip":20,"Pantograph":37,"Tiny Chest":9,"Red Mask":279,"SimpleLauncher":0,"Gensokyo:ConquerorOfFear":124,"Orichalcum":31,"Medical Kit":0,"White Beast Statue":26,"Mercury Hourglass":57,"Peace Pipe":0,"Gensokyo:EmptyGrave":38,"Strange Spoon":96,"ShroomBag":331,"Cauldron":331,"CaptainsWheel":20,"Anchor":28,"Gensokyo:Mercy":3,"Coffee Dripper":34,"Bag of Marbles":62,"Membership Card":0,"TungstenRod":0,"FossilizedHelix":62},{"Gensokyo:UndefinedDarkness":65,"Ginger":49,"Whetstone":186,"Bottled Tornado":186,"Sling":31,"Boot":40,"Old Coin":24,"Blood Vial":2,"Sundial":36,"MealTicket":31,"Fusion Hammer":30,"HandDrill":51,"Kunai":17,"Pear":38,"Blue Candle":7,"BreadOfAWashokuLover":26,"Eternal Feather":41,"Pen Nib":16,"Akabeko":31,"SlaversCollar":0,"Runic Dome":185,"Bird Faced Urn":51,"Pandora\u0027s Box":203,"MiniHakkero":0,"StrikeDummy":172,"Gensokyo:MarisaImprobabilityPotion":42,"Unceasing Top":45,"AmplifyWand":6,"Lantern":5,"Regal Pillow":172,"Torii":0,"Singing Bowl":0,"StoneCalendar":44,"Bag of Preparation":26,"SproutingBranch":29,"Smiling Mask":0,"Ancient Tea Set":26,"Cursed Key":213,"Gensokyo:LunaticRedEyes":81,"Shovel":0,"Matryoshka":0,"Gensokyo:OccultBall":81,"WingedGreaves":0,"HandmadeGrimoire":34,"Chemical X":57,"BewitchedHakkero":46,"InkBottle":5,"Potion Belt":0,"Lee\u0027s Waffle":174,"MagicBroom":18,"Gensokyo:DirgeOfMelancholy":70,"Golden Idol":187,"Circlet":57,"Gensokyo:MosesMiracle":120,"Thread and Needle":9,"The Courier":0,"PreservedInsect":41,"Omamori":0,"Frozen Egg 2":0,"MawBank":0,"Gensokyo:RedStar":65,"ats:Gyao":0,"Busted Crown":169,"ExperimentalFamiliar":11,"Ornamental Fan":44,"Gensokyo:DayTheSeaSplit":117,"Orrery":184,"Turnip":36,"Art of War":31,"Bottled Lightning":49,"Toy Ornithopter":171,"Ice Cream":53,"Calipers":36,"Tiny House":39,"Gremlin Horn":47,"CeramicFish":16,"Vajra":9,"Sozu":194,"Centennial Puzzle":36,"Lizard Tail":49,"HornCleat":7,"FaceOfCleric":195,"Gensokyo:LionMask":93,"DollysMirror":186,"Strawberry":174,"Prayer Wheel":36,"Philosopher\u0027s Stone":54,"Toxic Egg 2":0,"Happy Flower":40,"Oddly Smooth Stone":44,"Letter Opener":47,"War Paint":17,"Question Card":0,"WarpedTongs":189,"Du-Vu Doll":22,"OrangePellets":57,"Bottled Flame":31,"Shuriken":7,"Bronze Scales":24,"Molten Egg 2":0,"Black Star":0,"CatCart":157,"Meat on the Bone":7,"Pocketwatch":172,"Darkstone Periapt":44,"SacredBark":175,"Enchiridion":10,"Gensokyo:MarisaIngredientList":31,"Mango":49,"Gensokyo:SpiderMask":253,"Gensokyo:NagashiBinaDoll":217,"Juzu Bracelet":36,"Incense Burner":57,"Empty Cage":36,"PrismaticShard":201,"Gensokyo:DualWield":99,"ClockworkSouvenir":36,"Frozen Eye":42,"Nunchaku":19,"Dream Catcher":166,"Gensokyo:MarisaPhilosophersStone":6,"TheAbacus":22,"Mummified Hand":47,"Gambling Chip":14,"Pantograph":22,"Tiny Chest":6,"Red Mask":145,"SimpleLauncher":0,"Gensokyo:ConquerorOfFear":66,"Orichalcum":19,"Medical Kit":0,"White Beast Statue":17,"Mercury Hourglass":33,"Peace Pipe":0,"Gensokyo:EmptyGrave":22,"Strange Spoon":51,"ShroomBag":172,"Cauldron":172,"CaptainsWheel":14,"Anchor":18,"Gensokyo:Mercy":217,"Coffee Dripper":20,"Bag of Marbles":36,"Membership Card":0,"TungstenRod":0,"FossilizedHelix":36},{"Gensokyo:UndefinedDarkness":127,"Ginger":108,"Whetstone":268,"Bottled Tornado":268,"Sling":83,"Boot":99,"Old Coin":72,"Blood Vial":7,"Sundial":95,"MealTicket":83,"Fusion Hammer":82,"HandDrill":110,"Kunai":56,"Pear":97,"Blue Candle":31,"BreadOfAWashokuLover":77,"Eternal Feather":100,"Pen Nib":54,"Akabeko":83,"SlaversCollar":0,"Runic Dome":267,"Bird Faced Urn":110,"Pandora\u0027s Box":285,"MiniHakkero":0,"StrikeDummy":253,"Gensokyo:MarisaImprobabilityPotion":101,"Unceasing Top":104,"AmplifyWand":28,"Lantern":23,"Regal Pillow":253,"Torii":0,"Singing Bowl":0,"StoneCalendar":103,"Bag of Preparation":77,"SproutingBranch":80,"Smiling Mask":0,"Ancient Tea Set":77,"Cursed Key":295,"Gensokyo:LunaticRedEyes":146,"Shovel":0,"Matryoshka":0,"Gensokyo:OccultBall":146,"WingedGreaves":0,"HandmadeGrimoire":90,"Chemical X":119,"BewitchedHakkero":105,"InkBottle":23,"Potion Belt":0,"Lee\u0027s Waffle":255,"MagicBroom":57,"Gensokyo:DirgeOfMelancholy":132,"Golden Idol":269,"Circlet":119,"Gensokyo:MosesMiracle":194,"Thread and Needle":38,"The Courier":0,"PreservedInsect":100,"Omamori":0,"Frozen Egg 2":0,"MawBank":0,"Gensokyo:RedStar":127,"ats:Gyao":0,"Busted Crown":250,"ExperimentalFamiliar":45,"Ornamental Fan":103,"Gensokyo:DayTheSeaSplit":189,"Orrery":265,"Turnip":95,"Art of War":83,"Bottled Lightning":108,"Toy Ornithopter":252,"Ice Cream":112,"Calipers":95,"Tiny House":98,"Gremlin Horn":106,"CeramicFish":54,"Vajra":38,"Sozu":276,"Centennial Puzzle":95,"Lizard Tail":108,"HornCleat":33,"FaceOfCleric":277,"Gensokyo:LionMask":159,"DollysMirror":268,"Strawberry":255,"Prayer Wheel":95,"Philosopher\u0027s Stone":115,"Toxic Egg 2":0,"Happy Flower":99,"Oddly Smooth Stone":103,"Letter Opener":106,"War Paint":56,"Question Card":0,"WarpedTongs":271,"Du-Vu Doll":68,"OrangePellets":119,"Bottled Flame":83,"Shuriken":33,"Bronze Scales":72,"Molten Egg 2":0,"Black Star":0,"CatCart":238,"Meat on the Bone":31,"Pocketwatch":253,"Darkstone Periapt":103,"SacredBark":256,"Enchiridion":41,"Gensokyo:MarisaIngredientList":83,"Mango":108,"Gensokyo:SpiderMask":379,"Gensokyo:NagashiBinaDoll":308,"Juzu Bracelet":95,"Incense Burner":119,"Empty Cage":95,"PrismaticShard":283,"Gensokyo:DualWield":165,"ClockworkSouvenir":95,"Frozen Eye":101,"Nunchaku":59,"Dream Catcher":247,"Gensokyo:MarisaPhilosophersStone":28,"TheAbacus":68,"Mummified Hand":106,"Gambling Chip":51,"Pantograph":68,"Tiny Chest":28,"Red Mask":225,"SimpleLauncher":0,"Gensokyo:ConquerorOfFear":128,"Orichalcum":59,"Medical Kit":0,"White Beast Statue":56,"Mercury Hourglass":89,"Peace Pipe":0,"Gensokyo:EmptyGrave":68,"Strange Spoon":110,"ShroomBag":253,"Cauldron":253,"CaptainsWheel":51,"Anchor":57,"Gensokyo:Mercy":308,"Coffee Dripper":65,"Bag of Marbles":95,"Membership Card":0,"TungstenRod":0,"FossilizedHelix":95}],"Unceasing Top":[0]},"card_choices":[{"not_picked":["Orbital","GravityBeat+1"],"picked":"FairyDestructionRay+1","floor":0.0},{"not_picked":["BlazeAway","SporeBomb"],"picked":"Singularity+1","floor":0.0},{"not_picked":["MagicAbsorber","IllusionStar","PowerUp"],"picked":"Singing Bowl","floor":0.0},{"not_picked":["IllusionStar","DoubleSpark+1","DC+1"],"picked":"Singing Bowl","floor":0.0},{"not_picked":["SprinkleStarSeal","AsteroidBelt","DoubleSpark+1"],"picked":"Singing Bowl","floor":0.0},{"not_picked":["SporeBomb","DC+1"],"picked":"BlazingStar+1","floor":1.0},{"not_picked":["DC+1","MysteriousBeam+1","GravityBeat+1"],"picked":"Singing Bowl","floor":1.0},{"not_picked":["GalacticHalo","6A+1"],"picked":"NonDirectionalLaser+1","floor":2.0},{"not_picked":["AsteroidBelt","Acceleration","IllusionStar"],"picked":"Singing Bowl","floor":2.0},{"not_picked":["GalacticHalo","Acceleration"],"picked":"OneTimeOff","floor":3.0},{"not_picked":["IllusionStar","EarthLightRay"],"picked":"MagicChant","floor":3.0},{"not_picked":["DoubleSpark+1","DC+1"],"picked":"EnergyRecoil","floor":5.0},{"not_picked":["MilkyWay","SuperPerseids"],"picked":"OortCloud+1","floor":5.0},{"not_picked":["EnergyRecoil","StarlightTyphoon","GasGiant"],"picked":"Singing Bowl","floor":7.0},{"not_picked":["ShootTheMoon+1","Orbital","GravityBeat+1"],"picked":"Singing Bowl","floor":8.0},{"not_picked":["DC+1","SuperPerseids","AsteroidBelt"],"picked":"Singing Bowl","floor":8.0},{"not_picked":["DoubleSpark+1","AsteroidBelt+1"],"picked":"EarthLightRay+1","floor":11.0},{"not_picked":["Acceleration+1","FairyDestructionRay+1","SatelliteIllusion+1"],"picked":"Singing Bowl","floor":12.0},{"not_picked":["ShootingEcho+1","AsteroidBelt+1","DragonMeteor+1"],"picked":"Singing Bowl","floor":12.0},{"not_picked":["StarBarrage+1","SporeBomb+1"],"picked":"MagicAbsorber+1","floor":13.0},{"not_picked":["GalacticHalo+1","IllusionStar+1"],"picked":"AsteroidBelt+1","floor":13.0},{"not_picked":["BinaryStars+1","UltimateShortwave+1"],"picked":"CollectingQuirk+1","floor":14.0},{"not_picked":["TreasureHunter+1","BlazingStar+1","BigCrunch+1"],"picked":"Singing Bowl","floor":14.0},{"not_picked":["SatelliteIllusion+1","MaximisePower+1","SuperNova+1"],"picked":"Singing Bowl","floor":14.0},{"not_picked":["BlazingStar+1","SuperNova+1"],"picked":"EscapeVelocity+1","floor":16.0},{"not_picked":["SporeBomb+1","MilkyWay+1"],"picked":"EarthLightRay+1","floor":18.0},{"not_picked":["SuperPerseids+1","DC+1"],"picked":"MagicChant+1","floor":18.0},{"not_picked":["LuminesStrike+1","Orbital+1","UnstableBomb+1"],"picked":"Singing Bowl","floor":21.0},{"not_picked":["Orbital+1","WitchOfGreed+1"],"picked":"AsteroidBelt+1","floor":21.0},{"not_picked":["ShootingEcho+1","AsteroidBelt+1"],"picked":"EnergyFlow+1","floor":25.0},{"not_picked":["DragonMeteor+1","6A+1","RefractionSpark+1"],"picked":"Singing Bowl","floor":27.0},{"not_picked":["GravityBeat+1","NonDirectionalLaser+1"],"picked":"EnergyRecoil+1","floor":29.0},{"not_picked":["BlazeAway+1","Acceleration+1"],"picked":"OrrerysSun+1","floor":29.0},{"not_picked":["GalacticHalo+1","6A+1","LuminesStrike+1"],"picked":"Singing Bowl","floor":30.0},{"not_picked":["MilkyWay+1","ShootingEcho+1","IllusionStar+1"],"picked":"Singing Bowl","floor":30.0},{"not_picked":["EventHorizon+1","PropBag+1","GravityBeat+1"],"picked":"Singing Bowl","floor":31.0},{"not_picked":["ShootingEcho+1","OpenUniverse+1","SporeBomb+1"],"picked":"Singing Bowl","floor":31.0},{"not_picked":["TreasureHunter+1","ManaRampage+1","StarDustReverie+1"],"picked":"Singing Bowl","floor":33.0},{"not_picked":["MilkyWay+1","LuminesStrike+1","WitchLeyline+1"],"picked":"Singing Bowl","floor":35.0},{"not_picked":["GrandCross+1","AlicesGift+1"],"picked":"ChargingUp+1","floor":35.0},{"not_picked":["UnstableBomb+1","OpenUniverse+1"],"picked":"MagicAbsorber+1","floor":36.0},{"not_picked":["RefractionSpark+1","LuminesStrike+1","MilkyWay+1"],"picked":"Singing Bowl","floor":36.0},{"not_picked":["Gensokyo:DreamlikeParadise+1","Gensokyo:RainbowDanmaku+1"],"picked":"Gensokyo:UnlikelyAid+1","floor":39.0},{"not_picked":["Acceleration+1","UnstableBomb+1","ManaConvection+1"],"picked":"Singing Bowl","floor":40.0},{"not_picked":["SporeBomb+1","SuperNova+1","MagicChant+1"],"picked":"Singing Bowl","floor":42.0},{"not_picked":["WitchLeyline+1","MeteoricShower+1","PowerUp+1"],"picked":"Singing Bowl","floor":44.0},{"not_picked":["OpenUniverse+1","LuminesStrike+1","MilkyWay+1"],"picked":"Singing Bowl","floor":44.0},{"not_picked":["6A+1","NonDirectionalLaser+1","Occultation+1"],"picked":"Singing Bowl","floor":45},{"not_picked":["MeteoricShower+1","DragonMeteor+1","NonDirectionalLaser+1"],"picked":"Singing Bowl","floor":46},{"not_picked":["GrandCross+1","Acceleration+1"],"picked":"OortCloud+1","floor":46},{"not_picked":["DC+1","MilkyWay+1"],"picked":"OneTimeOff+1","floor":48},{"not_picked":["Robbery+1","MysteriousBeam+1","PropBag+1"],"picked":"Singing Bowl","floor":48},{"not_picked":["DarkSpark+1","MysteriousBeam+1"],"picked":"DarkMatter+1","floor":54}],"player_experience":320793,"relics_obtained":[{"floor":7.0,"key":"Nunchaku"},{"floor":9.0,"key":"Toxic Egg 2"},{"floor":11.0,"key":"Du-Vu Doll"},{"floor":25.0,"key":"MagicBroom"},{"floor":26.0,"key":"FossilizedHelix"},{"floor":27.0,"key":"Turnip"},{"floor":40.0,"key":"Strawberry"},{"floor":42.0,"key":"Bottled Flame"},{"floor":43.0,"key":"Gremlin Horn"},{"floor":45,"key":"Peace Pipe"},{"floor":54,"key":"Unceasing Top"}],"event_choices":[{"damage_healed":0.0,"max_hp_gain":0.0,"max_hp_loss":0.0,"gold_gain":0.0,"event_name":"betterSkull:BetterSkull","player_choice":"UP RE ","floor":4.0,"gold_loss":0.0,"damage_taken":38.0,"cards_upgraded":["Defend_MRS"],"relics_obtained":["Ancient Tea Set"]},{"damage_healed":0.0,"max_hp_gain":0.0,"max_hp_loss":0.0,"gold_gain":0.0,"event_name":"betterMatch:BetterMatch","player_choice":"3","floor":14.0,"gold_loss":0.0,"damage_taken":0.0,"cards_obtained":["betterMatch:RareCard"]}],"is_beta":false,"boss_relics":[{"not_picked":["Empty Cage","Runic Dome"],"picked":"Pandora\u0027s Box"},{"not_picked":["Astrolabe","ExperimentalFamiliar"],"picked":"Cursed Key"}],"items_purged_floors":[24,28,37,53],"is_endless":false,"potions_floor_spawned":[1,3,8,16,21,25,27,29,30,31,33,35,36,40,42,44,45,46,48,54],"ascension_level":10}}