{"host":"ex6y92ceh6h0mo7k","time":1611590599,"event":{"mods":["BaseMod","Minty Spire (QoL Compilation)","Quick Restart","StSLib","SuperFastMode"],"gold_per_floor":[116,15,28,42,53,53,82,82,82,82,113,133,158,158,158,234,234,246,296,329,329,30,62,62,91,91,120,45,45,72,92,92,163,163,180,180,180,205,427,455,455,487,487,513,523,540,540,551,551,551,551,551,551,39,67,67],"floor_reached":57,"language":"ENG","playtime":4959,"items_purged":["Strike_G","Deadly Poison"],"score":3264,"play_id":"97f21729-e90e-4868-a2b8-0adcdf5722c7","local_time":"20210126000319","is_ascension_mode":true,"campfire_choices":[{"data":"Footwork","floor":6.0,"key":"SMITH"},{"data":"Deadly Poison","floor":8.0,"key":"SMITH"},{"data":"Noxious Fumes","floor":15.0,"key":"SMITH"},{"floor":32.0,"key":"DIG"},{"floor":41.0,"key":"DIG"},{"floor":47.0,"key":"DIG"},{"floor":49.0,"key":"RECALL"},{"floor":53.0,"key":"DIG"}],"circlet_count":0,"master_deck":["AscendersBane","Defend_G+1","Defend_G+1","Defend_G+1","Defend_G+1","Defend_G+1","Survivor","Neutralize","Deadly Poison+1","Backflip+1","Leg Sweep","Footwork+1","Blur","Prepared","Acrobatics+1","Noxious Fumes+1","Adrenaline","Noxious Fumes","Prepared","Well Laid Plans","Backflip","Bite","Bite","Bite","PiercingWail","Deadly Poison+1","CurseOfTheBell","Backstab+1","Footwork","Bouncing Flask+1","Escape Plan"],"relics":["Ring of the Snake","Juzu Bracelet","PreservedInsect","WarpedTongs","Mummified Hand","Happy Flower","Fusion Hammer","Red Mask","Enchiridion","Oddly Smooth Stone","Bird Faced Urn","Centennial Puzzle","Lizard Tail","Blood Vial","Shovel","CaptainsWheel","Calling Bell","Ancient Tea Set","Pantograph","Peace Pipe","Unceasing Top","WingedGreaves","FossilizedHelix","Mercury Hourglass","Vajra","War Paint","Ninja Scroll","Ice Cream","Pear"],"acts_visited":["Exordium","TheCity","TheBeyond","TheEnding"],"potions_floor_usage":[56,56],"damage_taken":[{"damage":0.0,"enemies":"Cultist","floor":1.0,"turns":3.0},{"damage":0.0,"enemies":"Jaw Worm","floor":3.0,"turns":5.0},{"damage":0.0,"enemies":"Small Slimes","floor":4.0,"turns":5.0},{"damage":2.0,"enemies":"2 Fungi Beasts","floor":5.0,"turns":4.0},{"damage":4.0,"enemies":"Lagavulin","floor":7.0,"turns":9.0},{"damage":7.0,"enemies":"3 Sentries","floor":11.0,"turns":14.0},{"damage":1.0,"enemies":"Looter","floor":12.0,"turns":4.0},{"damage":37.0,"enemies":"Gremlin Nob","floor":13.0,"turns":5.0},{"damage":0.0,"enemies":"Hexaghost","floor":16.0,"turns":9.0},{"damage":0.0,"enemies":"3 Byrds","floor":18.0,"turns":4.0},{"damage":23.0,"enemies":"Masked Bandits","floor":20.0,"turns":5.0},{"damage":9.0,"enemies":"Slavers","floor":23.0,"turns":6.0},{"damage":6.0,"enemies":"Gremlin Leader","floor":25.0,"turns":5.0},{"damage":0.0,"enemies":"Book of Stabbing","floor":27.0,"turns":5.0},{"damage":0.0,"enemies":"Gremlin Leader","floor":30.0,"turns":6.0},{"damage":0.0,"enemies":"Spheric Guardian","floor":31.0,"turns":3.0},{"damage":4.0,"enemies":"Collector","floor":33.0,"turns":8.0},{"damage":16.0,"enemies":"3 Darklings","floor":35.0,"turns":5.0},{"damage":0.0,"enemies":"Mind Bloom Boss Battle","floor":38.0,"turns":7.0},{"damage":21.0,"enemies":"Nemesis","floor":40.0,"turns":7.0},{"damage":0.0,"enemies":"Reptomancer","floor":42.0,"turns":7.0},{"damage":0.0,"enemies":"Giant Head","floor":44.0,"turns":8.0},{"damage":0.0,"enemies":"3 Shapes","floor":45.0,"turns":5.0},{"damage":0.0,"enemies":"3 Darklings","floor":46.0,"turns":5.0},{"damage":0.0,"enemies":"Maw","floor":48.0,"turns":7.0},{"damage":0.0,"enemies":"Donu and Deca","floor":50.0,"turns":9.0},{"damage":5.0,"enemies":"Time Eater","floor":51.0,"turns":14.0},{"damage":0.0,"enemies":"Shield and Spear","floor":55.0,"turns":5.0},{"damage":51,"enemies":"The Heart","floor":56,"turns":14}],"seed_played":"8926283408870367193","potions_obtained":[{"floor":1.0,"key":"LiquidMemories"},{"floor":3.0,"key":"PowerPotion"},{"floor":13.0,"key":"Explosive Potion"},{"floor":23.0,"key":"SmokeBomb"},{"floor":30.0,"key":"GamblersBrew"}],"is_trial":false,"path_per_floor":["M","$","M","M","M","R","E","R","T","?","E","M","E","?","R","B",null,"M","?","?","?","$","E","?","E","T","E","?","?","E","M","R","B",null,"M","?","?","?","?","E","R","E","T","E","M","M","R","M","R","B","B",null,"R","$","E","B",null],"character_chosen":"THE_SILENT","items_purchased":["Backflip","Oddly Smooth Stone","Well Laid Plans","PowerPotion","Ice Cream","Escape Plan"],"campfire_rested":0,"item_purchase_floors":[2,22,22,22,54,54],"current_hp_per_floor":[65,65,65,65,63,63,59,59,59,59,52,51,14,7,7,7,56,56,56,33,12,12,3,3,26,26,50,50,50,50,50,50,50,50,50,47,47,47,47,40,40,47,47,47,47,47,47,47,47,47,45,47,47,47,57,24],"gold":67,"neow_bonus":"TEN_PERCENT_HP_BONUS","is_daily":false,"chose_seed":false,"campfire_upgraded":3,"win_rate":0.0,"timestamp":1611590599,"path_taken":["M","?","M","M","M","R","E","R","T","?","E","M","E","?","R","BOSS","M","?","?","?","$","E","?","E","T","E","?","?","E","M","R","BOSS","M","?","?","?","?","E","R","E","T","E","M","M","R","M","R","BOSS","BOSS","R","$","E","BOSS"],"items_purchased_type":["Card","Relic","Card","Potion","Relic","Card"],"build_version":"2020-12-22","purchased_purges":2,"victory":true,"max_hp_per_floor":[72,72,72,72,72,72,72,72,72,72,72,72,72,72,72,72,72,72,72,72,72,72,72,50,50,50,50,50,50,50,50,50,50,50,50,47,47,47,47,47,47,47,47,47,47,47,47,47,47,47,47,47,47,47,57,57],"card_choices":[{"not_picked":["Deflect","Footwork"],"picked":"Deadly Poison","floor":1.0},{"not_picked":["Sucker Punch","Flying Knee"],"picked":"Leg Sweep","floor":3.0},{"not_picked":["Outmaneuver","Masterful Stab"],"picked":"Deadly Poison","floor":4.0},{"not_picked":["Flying Knee","Dagger Spray"],"picked":"Footwork","floor":5.0},{"not_picked":["Sucker Punch","Dagger Spray"],"picked":"Blur","floor":7.0},{"not_picked":["Eviscerate","Poisoned Stab"],"picked":"Prepared","floor":11.0},{"not_picked":["Underhanded Strike","All Out Attack"],"picked":"Acrobatics","floor":12.0},{"not_picked":["Flying Knee","Dash"],"picked":"Noxious Fumes","floor":13.0},{"not_picked":["Unload","Bullet Time"],"picked":"Adrenaline","floor":16.0},{"not_picked":["Endless Agony","Prepared"],"picked":"Noxious Fumes","floor":18.0},{"not_picked":["Skewer","Outmaneuver"],"picked":"Prepared","floor":20.0},{"not_picked":["Calculated Gamble","Die Die Die"],"picked":"Backflip","floor":23.0},{"not_picked":["Backflip","Slice"],"picked":"PiercingWail","floor":25.0},{"not_picked":["Reflex+1","Unload"],"picked":"Deadly Poison+1","floor":27.0},{"not_picked":["Backflip","Tools of the Trade","Caltrops"],"picked":"SKIP","floor":30.0},{"not_picked":["Acrobatics","Cloak And Dagger","Bane"],"picked":"SKIP","floor":31.0},{"not_picked":["Dash+1","Setup","Backflip"],"picked":"SKIP","floor":35.0},{"not_picked":["Infinite Blades+1","Slice+1"],"picked":"Backstab+1","floor":40.0},{"not_picked":["Unload","Bane"],"picked":"Footwork","floor":42.0},{"not_picked":["Underhanded Strike","Distraction","Backstab"],"picked":"SKIP","floor":44.0},{"not_picked":["Slice","Backstab"],"picked":"Bouncing Flask+1","floor":45.0},{"not_picked":["Heel Hook","Dodge and Roll","Outmaneuver"],"picked":"SKIP","floor":46.0},{"not_picked":["Dagger Throw+1","Expertise","Bouncing Flask"],"picked":"SKIP","floor":48.0},{"not_picked":["Crippling Poison","Bullet Time","Poisoned Stab"],"picked":"SKIP","floor":55.0}],"player_experience":920783,"relics_obtained":[{"floor":7.0,"key":"Juzu Bracelet"},{"floor":9.0,"key":"PreservedInsect"},{"floor":11.0,"key":"Mummified Hand"},{"floor":13.0,"key":"Happy Flower"},{"floor":20.0,"key":"Red Mask"},{"floor":21.0,"key":"Enchiridion"},{"floor":23.0,"key":"Bird Faced Urn"},{"floor":25.0,"key":"Centennial Puzzle"},{"floor":26.0,"key":"Lizard Tail"},{"floor":27.0,"key":"Blood Vial"},{"floor":30.0,"key":"Shovel"},{"floor":32.0,"key":"CaptainsWheel"},{"floor":34.0,"key":"Ancient Tea Set"},{"floor":34.0,"key":"Pantograph"},{"floor":34.0,"key":"Peace Pipe"},{"floor":38.0,"key":"Unceasing Top"},{"floor":40.0,"key":"WingedGreaves"},{"floor":41.0,"key":"FossilizedHelix"},{"floor":42.0,"key":"Mercury Hourglass"},{"floor":44.0,"key":"Vajra"},{"floor":47.0,"key":"War Paint"},{"floor":53.0,"key":"Ninja Scroll"},{"floor":55.0,"key":"Pear"}],"event_choices":[{"damage_healed":0.0,"max_hp_gain":0.0,"max_hp_loss":0.0,"gold_gain":0.0,"event_name":"Accursed Blacksmith","player_choice":"Rummage","floor":10.0,"gold_loss":0.0,"damage_taken":0.0,"relics_obtained":["WarpedTongs"],"cards_obtained":["Pain"]},{"cards_removed":["Pain"],"damage_healed":0.0,"max_hp_gain":0.0,"max_hp_loss":0.0,"gold_gain":0.0,"event_name":"Golden Wing","player_choice":"Card Removal","floor":14.0,"gold_loss":0.0,"damage_taken":7.0},{"damage_healed":0.0,"max_hp_gain":0.0,"max_hp_loss":0.0,"gold_gain":50.0,"event_name":"Nest","player_choice":"Stole From Cult","floor":19.0,"gold_loss":0.0,"damage_taken":0.0},{"damage_healed":0.0,"max_hp_gain":0.0,"max_hp_loss":0.0,"gold_gain":0.0,"event_name":"Masked Bandits","player_choice":"Fought Bandits","floor":20.0,"gold_loss":0.0,"damage_taken":0.0},{"damage_healed":0.0,"max_hp_gain":0.0,"max_hp_loss":0.0,"gold_gain":0.0,"event_name":"Cursed Tome","player_choice":"Obtained Book","floor":21.0,"gold_loss":0.0,"damage_taken":21.0},{"damage_healed":0.0,"max_hp_gain":0.0,"max_hp_loss":22.0,"gold_gain":0.0,"event_name":"Vampires","player_choice":"Became a vampire","floor":24.0,"gold_loss":0.0,"damage_taken":0.0,"cards_obtained":["Bite","Bite","Bite","Bite","Bite"]},{"cards_removed":["Bite"],"damage_healed":0.0,"max_hp_gain":0.0,"max_hp_loss":0.0,"gold_gain":0.0,"event_name":"Beggar","player_choice":"Gave Gold","floor":28.0,"gold_loss":75.0,"damage_taken":0.0},{"damage_healed":0.0,"max_hp_gain":0.0,"max_hp_loss":0.0,"gold_gain":0.0,"event_name":"Back to Basics","player_choice":"Simplicity","floor":29.0,"gold_loss":0.0,"damage_taken":0.0,"cards_upgraded":["Defend_G","Defend_G","Defend_G","Defend_G","Defend_G"]},{"damage_healed":0.0,"max_hp_gain":0.0,"max_hp_loss":3.0,"gold_gain":0.0,"event_name":"Winding Halls","player_choice":"Max HP","floor":36.0,"gold_loss":0.0,"damage_taken":0.0},{"cards_removed":["Bite"],"damage_healed":0.0,"max_hp_gain":0.0,"max_hp_loss":0.0,"gold_gain":0.0,"event_name":"Falling","player_choice":"Removed Attack","floor":37.0,"gold_loss":0.0,"damage_taken":0.0},{"damage_healed":0.0,"max_hp_gain":0.0,"max_hp_loss":0.0,"gold_gain":0.0,"event_name":"MindBloom","player_choice":"Fight","floor":38.0,"gold_loss":0.0,"damage_taken":0.0},{"damage_healed":0.0,"max_hp_gain":0.0,"max_hp_loss":0.0,"gold_gain":222.0,"event_name":"Tomb of Lord Red Mask","player_choice":"Wore Mask","floor":39.0,"gold_loss":0.0,"damage_taken":0.0}],"is_beta":false,"boss_relics":[{"not_picked":["Astrolabe","Coffee Dripper"],"picked":"Fusion Hammer"},{"not_picked":["Snecko Eye","Velvet Choker"],"picked":"Calling Bell"}],"items_purged_floors":[2,54],"is_endless":false,"potions_floor_spawned":[1,3,12,13,16,23,30,33,38,42,44,55],"ascension_level":20}}