{"host":"ss2ocoam53r2lno0","time":1611585511,"event":{"mods":["Act Like it!","BaseMod","ChefMod","Clockwork Mod","Colored Powertips","Curses Come First","Displayed Cursed Tome","Downfall","Evolution","Googly Eyes","Hallownest","Highlight Path","Minty Spire (QoL Compilation)","Poor People Problems","Rare Cards Sparkle","Robot Space Explorer","Shade Mod","Shop Mod","Spicy Shops","StSLib","The Marked"],"gold_per_floor":[114,131,131,131,142,142,157,157,157,170,180,190,210,220,220,297,297,317,317,351,182,201,201,211,48,98,98,98,114,114,129,129,202,202,213,213,48,65,83,118,118,118,143,162,177,209,209,239,239,239],"floor_reached":51,"language":"ENG","playtime":2960,"items_purged":[],"score":1712,"play_id":"6e7dffeb-0ae8-49c2-8f7b-1ba248a02b9d","local_time":"20210125153831","is_ascension_mode":true,"campfire_choices":[{"data":"Clockwork:Shield","floor":6.0,"key":"SMITH"},{"data":"Clockwork:Efficiency","floor":8.0,"key":"SMITH"},{"floor":15.0,"key":"REST"},{"data":"Clockwork:WarmUp","floor":23.0,"key":"SMITH"},{"data":"Clockwork:CraftCopperScales","floor":27.0,"key":"SMITH"},{"floor":30.0,"key":"REST"},{"data":"Clockwork:PerfectForm","floor":32.0,"key":"SMITH"},{"floor":41.0,"key":"REST"},{"floor":47.0,"key":"REST"},{"floor":49.0,"key":"REST"}],"circlet_count":0,"master_deck":["AscendersBane","Clockwork:SnapKeep+1","Clockwork:Shield+1","Clockwork:Tinker+1","Clockwork:WarmUp+1","Clockwork:PerfectForm+1","Clockwork:Efficiency+1"],"relics":["Clockwork:MomentumEngine","EVO:Axolotl","Mercury Hourglass","sneckomod:SneckoTalon","Red Mask","Pen Nib","Bag of Preparation","Regal Pillow","Clockwork:CopperScales","Busted Crown","Bronze Scales","Sundial","CeramicFish","Oddly Smooth Stone","CaptainsWheel"],"acts_visited":["Exordium","TheCity","TheBeyond"],"potions_floor_usage":[50],"damage_taken":[{"damage":4.0,"enemies":"Small Slimes","floor":1.0,"turns":5.0},{"damage":3.0,"enemies":"Jaw Worm","floor":2.0,"turns":11.0},{"damage":0.0,"enemies":"2 Louse","floor":5.0,"turns":14.0},{"damage":5.0,"enemies":"Exordium Wildlife","floor":7.0,"turns":7.0},{"damage":1.0,"enemies":"Gremlin Gang","floor":10.0,"turns":7.0},{"damage":13.0,"enemies":"Blue Slaver","floor":11.0,"turns":5.0},{"damage":2.0,"enemies":"Exordium Thugs","floor":12.0,"turns":11.0},{"damage":1.0,"enemies":"Gremlin Gang","floor":13.0,"turns":5.0},{"damage":0.0,"enemies":"Lots of Slimes","floor":14.0,"turns":4.0},{"damage":0.0,"enemies":"Hexaghost","floor":16.0,"turns":6.0},{"damage":0.0,"enemies":"2 Thieves","floor":18.0,"turns":3.0},{"damage":0.0,"enemies":"Masked Bandits","floor":20.0,"turns":5.0},{"damage":0.0,"enemies":"Spheric Guardian","floor":22.0,"turns":4.0},{"damage":0.0,"enemies":"Centurion and Healer","floor":24.0,"turns":4.0},{"damage":0.0,"enemies":"3 Cultists","floor":29.0,"turns":4.0},{"damage":0.0,"enemies":"Snake Plant","floor":31.0,"turns":3.0},{"damage":0.0,"enemies":"Collector","floor":33.0,"turns":6.0},{"damage":9.0,"enemies":"3 Shapes","floor":35.0,"turns":6.0},{"damage":0.0,"enemies":"3 Darklings","floor":38.0,"turns":4.0},{"damage":0.0,"enemies":"Sphere and 2 Shapes","floor":39.0,"turns":4.0},{"damage":0.0,"enemies":"Giant Head","floor":40.0,"turns":5.0},{"damage":0.0,"enemies":"Transient","floor":44.0,"turns":6.0},{"damage":0.0,"enemies":"3 Darklings","floor":45.0,"turns":3.0},{"damage":0.0,"enemies":"Nemesis","floor":46.0,"turns":5.0},{"damage":0.0,"enemies":"Giant Head","floor":48.0,"turns":4.0},{"damage":17,"enemies":"Awakened One","floor":50,"turns":5}],"seed_played":"5311573476556226817","potions_obtained":[{"floor":2.0,"key":"SpeedPotion"},{"floor":7.0,"key":"SneckoOil"},{"floor":11.0,"key":"SpeedPotion"},{"floor":29.0,"key":"DistilledChaos"},{"floor":35.0,"key":"PowerPotion"}],"is_trial":false,"path_per_floor":["M","M","?","?","M","R","M","R","T","M","M","M","M","M","R","B",null,"M","?","?","$","M","R","M","$","T","R","$","M","R","M","R","B",null,"M","?","$","M","M","E","R","$","T","M","M","E","R","E","R","B",null],"character_chosen":"CLOCKWORK","items_purchased":["Pen Nib","Bag of Preparation","Bronze Scales"],"campfire_rested":5,"item_purchase_floors":[21,25,37],"current_hp_per_floor":[67,64,40,33,33,33,28,28,28,27,14,12,11,11,34,34,68,68,68,68,68,68,68,68,68,68,68,68,68,79,79,79,79,79,70,70,70,70,70,70,79,79,79,79,79,79,79,79,79,62],"gold":239,"neow_bonus":"ONE_RANDOM_RARE_CARD","is_daily":false,"chose_seed":false,"campfire_upgraded":5,"win_rate":0.0,"timestamp":1611585511,"path_taken":["M","M","?","?","M","R","M","R","T","M","M","M","M","M","R","BOSS","M","?","?","$","M","R","M","$","T","R","?","M","R","?","R","BOSS","M","?","?","M","M","E","R","$","T","?","M","E","R","E","R","BOSS"],"items_purchased_type":["Relic","Relic","Relic"],"build_version":"2020-12-22","purchased_purges":0,"victory":true,"max_hp_per_floor":[79,79,79,79,79,79,79,79,79,79,79,79,79,79,79,79,79,79,79,79,79,79,79,79,79,79,79,79,79,79,79,79,79,79,79,79,79,79,79,79,79,79,79,79,79,79,79,79,79,79],"card_choices":[{"not_picked":["Clockwork:SystemHardening","Clockwork:AdaptiveCannon"],"picked":"Clockwork:Downsize","floor":1.0},{"not_picked":["Clockwork:CogShield","Clockwork:TimeOut","Clockwork:InertialShield"],"picked":"SKIP","floor":2.0},{"not_picked":["Clockwork:TimeOut","Clockwork:Friction"],"picked":"Clockwork:PerfectForm","floor":5.0},{"not_picked":["Clockwork:AdaptiveCannon","Clockwork:Enhance"],"picked":"Clockwork:Efficiency","floor":7.0},{"not_picked":["Clockwork:AdaptiveCannon","Clockwork:SystemScan","Clockwork:InertialShield"],"picked":"SKIP","floor":10.0},{"not_picked":["Clockwork:Enhance","Clockwork:ChargingShield"],"picked":"Clockwork:Downsize","floor":11.0},{"not_picked":["Clockwork:Improve","Clockwork:SmithsMallet"],"picked":"Clockwork:CraftMomentumEngine","floor":12.0},{"not_picked":["Clockwork:SystemHardening","Clockwork:CogBarrier","Clockwork:InertialShield"],"picked":"SKIP","floor":13.0},{"not_picked":["Clockwork:StasisBreak","Clockwork:CraftCopperScales","Clockwork:AdaptiveShield"],"picked":"SKIP","floor":14.0},{"not_picked":["Clockwork:OccamsRazor","Clockwork:ChargingShield","Clockwork:Friction"],"picked":"SKIP","floor":18.0},{"not_picked":["Clockwork:MechanicalMass+1","Clockwork:ReserveSystems","Clockwork:Enhance"],"picked":"SKIP","floor":22.0},{"not_picked":["Clockwork:AeonShield","Clockwork:Friction"],"picked":"Clockwork:CraftCopperScales","floor":24.0},{"not_picked":["Clockwork:Roundhouse","Clockwork:SearchingStrike","Clockwork:TestingEnvironment"],"picked":"SKIP","floor":29.0},{"not_picked":["Clockwork:AdaptiveShield+1","Clockwork:Enhance+1","Clockwork:LogisticRegression"],"picked":"SKIP","floor":31.0},{"not_picked":["Clockwork:ZeroPointEnergy","Clockwork:CraftQuicksilverHourglass"],"picked":"Clockwork:CraftMomentumEngine","floor":33.0},{"not_picked":["Clockwork:ChargingShield"],"picked":"SKIP","floor":35.0},{"not_picked":["Clockwork:SystemScan"],"picked":"SKIP","floor":38.0},{"not_picked":["Clockwork:CraftVarja"],"picked":"SKIP","floor":39.0},{"not_picked":["Clockwork:Friction"],"picked":"SKIP","floor":40.0},{"not_picked":["Clockwork:AdaptiveShield"],"picked":"SKIP","floor":44.0},{"not_picked":["Clockwork:Inspiration"],"picked":"SKIP","floor":45.0},{"not_picked":["Clockwork:CogBarrier+1"],"picked":"SKIP","floor":46.0},{"not_picked":["Clockwork:ReserveSystems"],"picked":"SKIP","floor":48.0}],"player_experience":842128,"relics_obtained":[{"floor":9.0,"key":"Mercury Hourglass"},{"floor":20.0,"key":"Red Mask"},{"floor":26.0,"key":"Regal Pillow"},{"floor":40.0,"key":"Sundial"},{"floor":43.0,"key":"CeramicFish"},{"floor":46.0,"key":"Oddly Smooth Stone"},{"floor":48.0,"key":"CaptainsWheel"}],"event_choices":[{"damage_healed":0.0,"max_hp_gain":0.0,"max_hp_loss":0.0,"gold_gain":0.0,"event_name":"Shining Light","player_choice":"Entered Light","floor":3.0,"gold_loss":0.0,"damage_taken":24.0,"cards_upgraded":["Clockwork:Tinker","Clockwork:SnapKeep"]},{"cards_removed":["Clockwork:Shield"],"damage_healed":0.0,"max_hp_gain":0.0,"max_hp_loss":0.0,"gold_gain":0.0,"event_name":"Golden Wing","player_choice":"Card Removal","floor":4.0,"gold_loss":0.0,"damage_taken":7.0},{"damage_healed":0.0,"max_hp_gain":0.0,"max_hp_loss":0.0,"gold_gain":0.0,"event_name":"Beggar","player_choice":"Ignored","floor":19.0,"gold_loss":0.0,"damage_taken":0.0},{"damage_healed":0.0,"max_hp_gain":0.0,"max_hp_loss":0.0,"gold_gain":0.0,"event_name":"Masked Bandits","player_choice":"Fought Bandits","floor":20.0,"gold_loss":0.0,"damage_taken":0.0},{"damage_healed":0.0,"max_hp_gain":0.0,"max_hp_loss":0.0,"gold_gain":0.0,"event_name":"Match and Keep!","player_choice":"0 cards matched","floor":36.0,"gold_loss":0.0,"damage_taken":0.0,"cards_obtained":[]}],"is_beta":false,"boss_relics":[{"not_picked":["bronze:MakeshiftBattery","Coffee Dripper"],"picked":"sneckomod:SneckoTalon"},{"not_picked":["expansioncontent:StudyCardRelic","SlaversCollar"],"picked":"Busted Crown"}],"items_purged_floors":[],"is_endless":false,"potions_floor_spawned":[2,7,11,12,16,18,29,33,35,40,44,48],"ascension_level":17}}