{"host":"nwd160me4iqdtr8u","time":1611552291,"event":{"mods":["AchievementEnabler","Act Like it!","BaseMod","Colored Map","DeckTracker","Minty Spire (QoL Compilation)","Quick Restart","Rare Cards Sparkle","StSLib","SuperFastMode","everything is the same but u backflip on backflip"],"gold_per_floor":[112,125,125,125,300,300,311,327,327,346,373,373,373,3,3,131,131,156,81,94,109,109,109,109,122,122,122,37,37,37,51,51,175,175,198,198,214,114,38,38,61,76,76,76,97,0,24,82,82,82],"floor_reached":51,"language":"KOR","playtime":2290,"items_purged":["Defend_G","Dagger Spray"],"score":859,"play_id":"94fa1c54-7db7-4295-b7d0-f469f7ecee54","local_time":"20210125142451","is_ascension_mode":true,"campfire_choices":[{"floor":6.0,"key":"REST"},{"floor":12.0,"key":"REST"},{"data":"Setup","floor":15.0,"key":"SMITH"},{"floor":23.0,"key":"REST"},{"data":"Venomology","floor":27.0,"key":"SMITH"},{"floor":29.0,"key":"REST"},{"data":"Noxious Fumes","floor":32.0,"key":"SMITH"},{"data":"Bouncing Flask","floor":40.0,"key":"SMITH"},{"data":"Deadly Poison","floor":44.0,"key":"SMITH"},{"floor":49,"key":"REST"}],"circlet_count":0,"master_deck":["Defend_G","Defend_G+1","Defend_G","Survivor","Neutralize","Flying Knee","Corpse Explosion","Bouncing Flask+1","Deadly Poison+1","Setup+1","Noxious Fumes+1","Venomology+1","Backstab+1","Catalyst+1","Catalyst+1","Backflip+1","Burst+1","Glass Knife+1","Calculated Gamble+1","Escape Plan+1","Dodge and Roll+1","Skewer+1","Acrobatics+1","Escape Plan+1","Outmaneuver+1"],"relics":["Ring of the Snake","Bird Faced Urn","TungstenRod","Golden Idol","Lantern","Empty Cage","Toxic Egg 2","War Paint","Astrolabe","Paper Crane","Red Mask","Turnip"],"acts_visited":["TheCity","TheBeyond"],"potions_floor_usage":[48,50,50,50],"damage_taken":[{"damage":2.0,"enemies":"Small Slimes","floor":1.0,"turns":4.0},{"damage":6.0,"enemies":"2 Louse","floor":2.0,"turns":2.0},{"damage":0.0,"enemies":"Cultist","floor":7.0,"turns":3.0},{"damage":6.0,"enemies":"Exordium Thugs","floor":8.0,"turns":5.0},{"damage":4.0,"enemies":"Looter","floor":10.0,"turns":3.0},{"damage":19.0,"enemies":"Lagavulin","floor":11.0,"turns":6.0},{"damage":26.0,"enemies":"The Guardian","floor":16.0,"turns":8.0},{"damage":16.0,"enemies":"2 Thieves","floor":18.0,"turns":3.0},{"damage":21.0,"enemies":"3 Byrds","floor":20.0,"turns":3.0},{"damage":8.0,"enemies":"3 Cultists","floor":21.0,"turns":3.0},{"damage":12.0,"enemies":"Snecko","floor":25.0,"turns":3.0},{"damage":1.0,"enemies":"Snake Plant","floor":31.0,"turns":1.0},{"damage":44.0,"enemies":"Champ","floor":33.0,"turns":6.0},{"damage":0.0,"enemies":"3 Shapes","floor":35.0,"turns":3.0},{"damage":3.0,"enemies":"Orb Walker","floor":37.0,"turns":3.0},{"damage":0.0,"enemies":"4 Shapes","floor":41.0,"turns":4.0},{"damage":0.0,"enemies":"Jaw Worm Horde","floor":42.0,"turns":2.0},{"damage":0.0,"enemies":"3 Darklings","floor":45.0,"turns":3.0},{"damage":5.0,"enemies":"Sphere and 2 Shapes","floor":47.0,"turns":4.0},{"damage":12,"enemies":"2 Orb Walkers","floor":48,"turns":5},{"damage":9,"enemies":"Time Eater","floor":50,"turns":4}],"seed_played":"9214677697821409677","potions_obtained":[{"floor":7.0,"key":"CunningPotion"},{"floor":10.0,"key":"Weak Potion"},{"floor":11.0,"key":"Block Potion"},{"floor":21.0,"key":"SneckoOil"},{"floor":31.0,"key":"Explosive Potion"},{"floor":33.0,"key":"Poison Potion"},{"floor":42.0,"key":"Strength Potion"},{"floor":48,"key":"SkillPotion"}],"is_trial":false,"path_per_floor":["M","M","?","?","?","R","M","M","T","M","E","R","?","$","R","B",null,"M","$","M","M","?","R","?","M","T","R","?","R","?","M","R","B",null,"M","?","M","$","$","R","M","M","T","R","M","?","M","?","R","B",null],"character_chosen":"THE_SILENT","items_purchased":["Noxious Fumes","Lantern","Venomology","Escape Plan+1"],"campfire_rested":5,"item_purchase_floors":[14,14,14,39],"current_hp_per_floor":[43,37,30,35,35,57,57,51,51,47,28,50,50,50,50,26,58,42,42,23,17,17,37,37,27,27,27,27,47,47,46,46,4,53,53,53,50,50,50,50,50,52,52,52,52,52,49,39,59,52],"gold":82,"neow_bonus":"TRANSFORM_TWO_CARDS","is_daily":false,"chose_seed":false,"campfire_upgraded":5,"win_rate":0.0,"timestamp":1611552291,"path_taken":["M","M","?","?","?","R","M","M","T","M","E","R","?","?","R","BOSS","M","$","M","M","?","R","?","M","T","R","?","R","?","M","R","BOSS","M","?","M","?","$","R","M","M","T","R","?","?","M","?","R","BOSS"],"items_purchased_type":["Card","Relic","Card","Card"],"build_version":"2020-12-22","purchased_purges":2,"victory":true,"max_hp_per_floor":[70,70,70,75,75,75,75,75,75,75,75,75,69,69,69,69,69,69,69,69,69,69,69,69,69,69,69,69,69,69,69,69,69,69,69,69,69,69,69,69,69,69,69,69,69,69,69,69,69,69],"card_choices":[{"not_picked":["Acrobatics","Caltrops","Cloak And Dagger"],"picked":"SKIP","floor":1.0},{"not_picked":["Eviscerate","Bane"],"picked":"Bouncing Flask","floor":2.0},{"not_picked":["Concentrate","Prepared"],"picked":"Dagger Spray","floor":7.0},{"not_picked":["Outmaneuver","Terror","Acrobatics"],"picked":"SKIP","floor":8.0},{"not_picked":["Slice","Acrobatics"],"picked":"Deadly Poison","floor":10.0},{"not_picked":["Quick Slash","Dagger Spray"],"picked":"Setup","floor":11.0},{"not_picked":["Blade Dance","Riddle With Holes+1"],"picked":"Backstab+1","floor":18.0},{"not_picked":["Blade Dance+1","Backstab"],"picked":"Dagger Throw+1","floor":20.0},{"not_picked":["Cloak And Dagger","Blade Dance"],"picked":"Catalyst","floor":21.0},{"not_picked":["Terror","Deflect"],"picked":"Catalyst+1","floor":25.0},{"not_picked":["All Out Attack","Choke"],"picked":"Backflip+1","floor":31.0},{"not_picked":["Phantasmal Killer+1","After Image"],"picked":"Burst+1","floor":33.0},{"not_picked":["All Out Attack+1","Reflex+1","Riddle With Holes+1"],"picked":"SKIP","floor":35.0},{"not_picked":["Blade Dance+1","Deadly Poison+1","Masterful Stab+1"],"picked":"SKIP","floor":37.0},{"not_picked":["Outmaneuver+1","Eviscerate"],"picked":"Dodge and Roll+1","floor":41.0},{"not_picked":["Bane+1","Quick Slash"],"picked":"Skewer+1","floor":42.0},{"not_picked":["Outmaneuver+1","Deadly Poison+1"],"picked":"Acrobatics+1","floor":45.0},{"not_picked":["Corpse Explosion+1","Setup+1"],"picked":"Escape Plan+1","floor":47.0},{"not_picked":["Leg Sweep+1","Blade Dance+1"],"picked":"Outmaneuver+1","floor":48}],"player_experience":248918,"relics_obtained":[{"floor":9.0,"key":"Bird Faced Urn"},{"floor":11.0,"key":"TungstenRod"},{"floor":26.0,"key":"Toxic Egg 2"},{"floor":43.0,"key":"Paper Crane"},{"floor":48,"key":"Turnip"}],"event_choices":[{"cards_removed":["Strike_G"],"damage_healed":0.0,"max_hp_gain":0.0,"max_hp_loss":0.0,"gold_gain":0.0,"event_name":"Golden Wing","player_choice":"Card Removal","floor":3.0,"gold_loss":0.0,"damage_taken":7.0},{"damage_healed":0.0,"max_hp_gain":5.0,"max_hp_loss":0.0,"gold_gain":0.0,"event_name":"Big Fish","player_choice":"Donut","floor":4.0,"gold_loss":0.0,"damage_taken":0.0},{"damage_healed":0.0,"max_hp_gain":0.0,"max_hp_loss":0.0,"gold_gain":175.0,"event_name":"Liars Game","player_choice":"AGREE","floor":5.0,"gold_loss":0.0,"damage_taken":0.0,"cards_obtained":["Doubt"]},{"damage_healed":0.0,"max_hp_gain":0.0,"max_hp_loss":6.0,"gold_gain":0.0,"event_name":"Golden Idol","player_choice":"Lose Max HP","floor":13.0,"gold_loss":0.0,"damage_taken":0.0,"relics_obtained":["Golden Idol"]},{"cards_removed":["Strike_G"],"damage_healed":0.0,"max_hp_gain":0.0,"max_hp_loss":0.0,"gold_gain":0.0,"event_name":"Back to Basics","player_choice":"Elegance","floor":22.0,"gold_loss":0.0,"damage_taken":0.0},{"damage_healed":0.0,"max_hp_gain":0.0,"max_hp_loss":0.0,"gold_gain":0.0,"event_name":"Vampires","player_choice":"Ignored","floor":24.0,"gold_loss":0.0,"damage_taken":0.0},{"damage_healed":0.0,"max_hp_gain":0.0,"max_hp_loss":0.0,"gold_gain":0.0,"event_name":"Addict","player_choice":"Obtained Relic","floor":28.0,"gold_loss":85.0,"damage_taken":0.0,"relics_obtained":["War Paint"]},{"damage_healed":0.0,"max_hp_gain":0.0,"max_hp_loss":0.0,"gold_gain":0.0,"event_name":"Wheel of Change","player_choice":"Cursed","floor":30.0,"gold_loss":0.0,"damage_taken":0.0,"cards_obtained":["Decay"]},{"cards_removed":["Regret"],"damage_healed":0.0,"max_hp_gain":0.0,"max_hp_loss":0.0,"gold_gain":0.0,"event_name":"Fountain of Cleansing","player_choice":"Removed Curses","floor":36.0,"gold_loss":0.0,"damage_taken":0.0},{"damage_healed":0.0,"max_hp_gain":0.0,"max_hp_loss":0.0,"gold_gain":0.0,"event_name":"Tomb of Lord Red Mask","player_choice":"Paid","floor":46.0,"gold_loss":97.0,"damage_taken":0.0,"relics_obtained":["Red Mask"]},{"damage_healed":0,"gold_gain":0,"player_choice":"Fight","damage_taken":0,"max_hp_gain":0,"max_hp_loss":0,"event_name":"Mysterious Sphere","floor":48,"gold_loss":0}],"is_beta":false,"boss_relics":[{"not_picked":["Coffee Dripper","Fusion Hammer"],"picked":"Empty Cage"},{"not_picked":["Tiny House","Philosopher\u0027s Stone"],"picked":"Astrolabe"}],"items_purged_floors":[19,38],"is_endless":false,"potions_floor_spawned":[7,10,11,21,31,33,42,48],"ascension_level":6}}