{"host":"63yhhrjweyj22b0v","time":1611544742,"event":{"mods":["BaseMod","Minty Spire (QoL Compilation)","Quick Restart"],"gold_per_floor":[112,112,112,127,142,142,155,155,155,166,166,18,32,32,32,133,183,198,249,259,259,259,259],"floor_reached":22,"language":"ENG","playtime":464,"items_purged":[],"score":201,"play_id":"f90c97ff-4ac3-4ec1-b9f3-d43ae82dfa9c","local_time":"20210124211902","is_ascension_mode":false,"campfire_choices":[{"data":"Rip and Tear","floor":6,"key":"SMITH"},{"data":"Zap","floor":8,"key":"SMITH"},{"data":"Leap","floor":11,"key":"SMITH"},{"data":"Defragment","floor":15,"key":"SMITH"}],"circlet_count":0,"master_deck":["Strike_B","Strike_B","Strike_B","Defend_B","Defend_B","Defend_B","Defend_B","Zap+1","Dualcast","Barrage","Barrage","Rip and Tear+1","Leap+1","Gash+1","Defragment","Melter","Beam Cell","Defragment+1","Electrodynamics","Redo","Lockon"],"relics":["Cracked Core","NeowsBlessing","Pantograph","Tiny House","Art of War","Enchiridion"],"acts_visited":["Exordium","TheCity"],"potions_floor_usage":[10,10,16,17,22,22,22],"damage_taken":[{"damage":0,"enemies":"Jaw Worm","floor":1,"turns":1},{"damage":0,"enemies":"Cultist","floor":4,"turns":1},{"damage":0,"enemies":"2 Louse","floor":5,"turns":1},{"damage":8,"enemies":"Red Slaver","floor":7,"turns":2},{"damage":5,"enemies":"Lots of Slimes","floor":10,"turns":3},{"damage":0,"enemies":"Large Slime","floor":13,"turns":3},{"damage":47,"enemies":"Hexaghost","floor":16,"turns":8},{"damage":23,"enemies":"2 Thieves","floor":18,"turns":4},{"damage":24,"enemies":"Shell Parasite","floor":20,"turns":5},{"damage":30,"enemies":"Snake Plant","floor":22,"turns":3}],"seed_played":"4426804618080268270","potions_obtained":[{"floor":1,"key":"DistilledChaos"},{"floor":5,"key":"LiquidMemories"},{"floor":7,"key":"Dexterity Potion"},{"floor":16,"key":"Dexterity Potion"},{"floor":17,"key":"Fruit Juice"},{"floor":18,"key":"ColorlessPotion"},{"floor":20,"key":"SpeedPotion"}],"is_trial":false,"path_per_floor":["M","?","?","M","M","R","M","R","T","M","R","$","M","?","R","B",null,"M","T","M","?","M"],"character_chosen":"DEFECT","items_purchased":["Defragment","Melter"],"campfire_rested":0,"item_purchase_floors":[12,12],"current_hp_per_floor":[75,80,80,80,80,80,72,72,72,67,67,67,67,67,67,33,90,67,67,43,27,0,0],"gold":259,"neow_bonus":"THREE_ENEMY_KILL","is_daily":false,"chose_seed":false,"campfire_upgraded":4,"win_rate":0.0,"timestamp":1611544742,"path_taken":["M","?","?","?","?","R","M","R","T","M","R","$","M","?","R","BOSS","M","?","?","?","M"],"items_purchased_type":["Card","Card"],"build_version":"2020-12-22","purchased_purges":0,"victory":false,"max_hp_per_floor":[75,80,80,80,80,80,80,80,80,80,80,80,80,80,80,80,90,90,90,90,90,90,90],"card_choices":[{"not_picked":["Rip and Tear","Coolheaded"],"picked":"Barrage","floor":1},{"not_picked":["Force Field","Fusion"],"picked":"Barrage","floor":4},{"not_picked":["Streamline","Go for the Eyes"],"picked":"Rip and Tear","floor":5},{"not_picked":["Hologram","Heatsinks"],"picked":"Leap","floor":7},{"not_picked":["Tempest","Barrage"],"picked":"Gash","floor":10},{"not_picked":["Barrage","Go for the Eyes"],"picked":"Beam Cell","floor":13},{"not_picked":["Rainbow","Fission"],"picked":"Electrodynamics","floor":16},{"not_picked":["Steam+1","Leap"],"picked":"Redo","floor":18},{"not_picked":["Glacier","Chill+1"],"picked":"Lockon","floor":20}],"player_experience":592214,"relics_obtained":[{"floor":9,"key":"Pantograph"},{"floor":19,"key":"Art of War"},{"floor":21,"key":"Enchiridion"}],"event_choices":[{"damage_healed":0,"gold_gain":0,"player_choice":"Donut","damage_taken":0,"max_hp_gain":5,"max_hp_loss":0,"event_name":"Big Fish","floor":2,"gold_loss":0},{"damage_healed":0,"gold_gain":0,"player_choice":"0 cards matched","damage_taken":0,"max_hp_gain":0,"max_hp_loss":0,"event_name":"Match and Keep!","floor":3,"gold_loss":0,"cards_obtained":[]},{"damage_healed":0,"gold_gain":0,"cards_transformed":["Strike_B"],"player_choice":"Transformed","damage_taken":0,"max_hp_gain":0,"max_hp_loss":0,"event_name":"Transmorgrifier","floor":14,"gold_loss":0,"cards_obtained":["Defragment"]},{"damage_healed":0,"gold_gain":0,"player_choice":"Obtained Book","damage_taken":16,"max_hp_gain":0,"max_hp_loss":0,"event_name":"Cursed Tome","floor":21,"gold_loss":0}],"is_beta":false,"boss_relics":[{"not_picked":["Runic Pyramid","FrozenCore"],"picked":"Tiny House"}],"items_purged_floors":[],"is_endless":false,"potions_floor_spawned":[1,5,7,16,18,20],"killed_by":"Snake Plant","ascension_level":0}}