{"host":"4rvakrj1idbgia3f","time":1611565842,"event":{"mods":["BaseMod","Colored Map","Colored Powertips","DeckTracker","Highlight Path","Minty Spire (QoL Compilation)","Random Character Button","StSLib"],"gold_per_floor":[116,127,127,127,402,402,438,438,509,14,50,50,75,94,94,190,190,165,165,165,181,181,181,197,20,43,62,62,75,75,108,108,201,201,222,245,260,79,79,79,113,134,134,157,157,172,211,227,227,227,227,227],"floor_reached":51,"language":"JPN","playtime":2799,"items_purged":["Regret","Strike_G","Strike_G"],"score":1509,"play_id":"2a6067dd-d644-48df-8e35-d17d7e758c53","local_time":"20210125181042","is_ascension_mode":true,"campfire_choices":[{"data":"Predator","floor":6.0,"key":"SMITH"},{"data":"Cloak And Dagger","floor":8.0,"key":"SMITH"},{"data":"Neutralize","floor":12.0,"key":"SMITH"},{"data":"Footwork","floor":15.0,"key":"SMITH"},{"data":"RitualDagger","floor":23.0,"key":"SMITH"},{"data":"A Thousand Cuts","floor":28.0,"key":"SMITH"},{"data":"Accuracy","floor":30,"key":"SMITH"},{"floor":32,"key":"REST"},{"floor":40,"key":"REST"},{"floor":45,"key":"REST"},{"floor":49,"key":"RECALL"}],"circlet_count":0,"master_deck":["AscendersBane","Strike_G+1","Strike_G+1","Defend_G","Defend_G","Defend_G","Survivor","Neutralize+1","Predator+1","PiercingWail","Cloak And Dagger+1","Blade Dance+1","Malaise+1","Escape Plan+1","Footwork+1","Cloak And Dagger+1","A Thousand Cuts+1","RitualDagger+1","J.A.X.+1","Infinite Blades+1","Backflip+1","Escape Plan+1","Terror+1","Accuracy+1","Bullet Time+1","Finisher+1","Footwork","Blur+1","Blade Dance+1","Prepared+1","Leg Sweep+1","Escape Plan+1","Well Laid Plans","Night Terror+1"],"relics":["Ring of the Serpent","NeowsBlessing","Golden Idol","PreservedInsect","Toxic Egg 2","Gremlin Horn","Ginger","Red Mask","Fusion Hammer","Singing Bowl","Pear","Whetstone"],"acts_visited":["Exordium","TheCity","TheBeyond"],"potions_floor_usage":[31,37,41,51],"damage_taken":[{"damage":0.0,"enemies":"Jaw Worm","floor":1.0,"turns":1.0},{"damage":0.0,"enemies":"2 Louse","floor":2.0,"turns":1.0},{"damage":0.0,"enemies":"Gremlin Nob","floor":7.0,"turns":1.0},{"damage":0.0,"enemies":"3 Sentries","floor":11.0,"turns":4.0},{"damage":0.0,"enemies":"Cultist","floor":13.0,"turns":4.0},{"damage":0.0,"enemies":"Large Slime","floor":14.0,"turns":5.0},{"damage":39.0,"enemies":"Hexaghost","floor":16.0,"turns":16.0},{"damage":3.0,"enemies":"2 Thieves","floor":18.0,"turns":4.0},{"damage":3.0,"enemies":"3 Byrds","floor":21.0,"turns":4.0},{"damage":12.0,"enemies":"Snecko","floor":24.0,"turns":10.0},{"damage":4.0,"enemies":"Chosen and Byrds","floor":27.0,"turns":5.0},{"damage":6,"enemies":"Snake Plant","floor":29,"turns":3},{"damage":6,"enemies":"Masked Bandits","floor":31,"turns":4},{"damage":14,"enemies":"Champ","floor":33,"turns":8},{"damage":27,"enemies":"3 Darklings","floor":35,"turns":4},{"damage":0,"enemies":"3 Shapes","floor":36,"turns":6},{"damage":0,"enemies":"Writhing Mass","floor":37,"turns":6},{"damage":1,"enemies":"Reptomancer","floor":41,"turns":6},{"damage":20,"enemies":"Transient","floor":42,"turns":6},{"damage":2,"enemies":"4 Shapes","floor":44,"turns":4},{"damage":5,"enemies":"Spire Growth","floor":46,"turns":4},{"damage":17,"enemies":"Nemesis","floor":47,"turns":5},{"damage":3,"enemies":"Sphere and 2 Shapes","floor":48,"turns":3},{"damage":22,"enemies":"Time Eater","floor":50,"turns":12},{"damage":34,"enemies":"Donu and Deca","floor":51,"turns":3}],"seed_played":"3940906970961103969","potions_obtained":[{"floor":2.0,"key":"ColorlessPotion"},{"floor":14.0,"key":"SpeedPotion"},{"floor":16.0,"key":"Poison Potion"},{"floor":18.0,"key":"GamblersBrew"},{"floor":21.0,"key":"Ancient Potion"},{"floor":24.0,"key":"GamblersBrew"},{"floor":36,"key":"EssenceOfSteel"},{"floor":37,"key":"FairyPotion"},{"floor":42,"key":"SkillPotion"},{"floor":47,"key":"Swift Potion"}],"is_trial":false,"path_per_floor":["M","M","?","?","?","R","E","R","T","$","E","R","M","M","R","B",null,"M","?","?","M","?","R","M","$","T","M","R","M","R","?","R","B",null,"M","M","M","$","?","R","E","M","T","M","R","M","E","M","R","B","B"],"character_chosen":"THE_SILENT","items_purchased":["Blade Dance+1","Malaise+1","Gremlin Horn","Escape Plan+1","Blade Dance+1"],"campfire_rested":3,"item_purchase_floors":[10,10,10,25,38],"current_hp_per_floor":[59,59,59,59,59,59,59,59,59,59,59,59,59,59,59,20,50,47,41,41,38,38,38,26,26,26,22,22,16,16,10,28,14,49,22,22,22,22,22,40,39,19,29,27,48,43,26,25,25,3,0,0],"gold":227,"neow_bonus":"THREE_ENEMY_KILL","is_daily":false,"chose_seed":false,"campfire_upgraded":7,"win_rate":0.0,"timestamp":1611565842,"path_taken":["M","M","?","?","?","R","E","R","T","$","E","R","M","M","R","BOSS","M","?","?","?","?","R","M","?","T","M","R","M","R","?","R","BOSS","M","M","M","$","?","R","E","M","T","M","R","M","E","M","R","BOSS","BOSS"],"items_purchased_type":["Card","Card","Relic","Card","Card"],"build_version":"2020-12-22","purchased_purges":3,"victory":false,"max_hp_per_floor":[66,66,60,60,60,60,60,60,60,60,60,60,60,60,60,60,60,60,60,60,60,60,60,60,60,60,60,60,60,60,60,60,60,60,60,60,60,60,60,60,60,60,70,70,70,70,70,72,72,72,72,72],"card_choices":[{"not_picked":["Dodge and Roll","Bouncing Flask"],"picked":"Predator","floor":1.0},{"not_picked":["Flying Knee","Predator"],"picked":"PiercingWail","floor":2.0},{"not_picked":["Bouncing Flask","Deadly Poison"],"picked":"Cloak And Dagger","floor":7.0},{"not_picked":["Dagger Throw","PiercingWail+1"],"picked":"Escape Plan+1","floor":11.0},{"not_picked":["Caltrops","Quick Slash"],"picked":"Footwork","floor":13.0},{"not_picked":["Deflect+1","Prepared+1"],"picked":"Cloak And Dagger+1","floor":14.0},{"not_picked":["Wraith Form v2","Grand Finale"],"picked":"A Thousand Cuts","floor":16.0},{"not_picked":["Deadly Poison+1","Riddle With Holes","Flying Knee"],"picked":"SKIP","floor":18.0},{"not_picked":["Dagger Spray","Bane"],"picked":"Infinite Blades+1","floor":21.0},{"not_picked":["Quick Slash","Deadly Poison+1"],"picked":"Backflip+1","floor":24.0},{"not_picked":["Dash","Dodge and Roll+1"],"picked":"Terror+1","floor":27.0},{"not_picked":["Terror+1","Venomology+1"],"picked":"Accuracy","floor":29},{"not_picked":["Unload","Doppelganger+1"],"picked":"Bullet Time+1","floor":33},{"not_picked":["Prepared+1","Flying Knee"],"picked":"Finisher+1","floor":35},{"not_picked":["Concentrate+1","Dodge and Roll+1"],"picked":"Footwork","floor":36},{"not_picked":["Calculated Gamble+1","Concentrate+1"],"picked":"Blur+1","floor":37},{"not_picked":["Predator","Poisoned Stab"],"picked":"Prepared+1","floor":41},{"not_picked":["Bouncing Flask+1","Heel Hook"],"picked":"Leg Sweep+1","floor":42},{"not_picked":["Deflect+1","Slice"],"picked":"Escape Plan+1","floor":44},{"not_picked":["Finisher+1","Eviscerate+1"],"picked":"Well Laid Plans","floor":46},{"not_picked":["Endless Agony","Outmaneuver+1"],"picked":"Night Terror+1","floor":47},{"not_picked":["Cloak And Dagger+1","Dagger Spray+1","Dagger Throw"],"picked":"Singing Bowl","floor":48}],"player_experience":2074362,"relics_obtained":[{"floor":7.0,"key":"PreservedInsect"},{"floor":9.0,"key":"Toxic Egg 2"},{"floor":11.0,"key":"Ginger"},{"floor":31,"key":"Red Mask"},{"floor":41,"key":"Singing Bowl"},{"floor":43,"key":"Pear"},{"floor":47,"key":"Whetstone"}],"event_choices":[{"damage_healed":0.0,"max_hp_gain":0.0,"max_hp_loss":6.0,"gold_gain":0.0,"event_name":"Golden Idol","player_choice":"Lose Max HP","floor":3.0,"gold_loss":0.0,"damage_taken":0.0,"relics_obtained":["Golden Idol"]},{"cards_removed":["Defend_G"],"damage_healed":0.0,"max_hp_gain":0.0,"max_hp_loss":0.0,"gold_gain":0.0,"event_name":"Living Wall","player_choice":"Forget","floor":4.0,"gold_loss":0.0,"damage_taken":0.0},{"damage_healed":0.0,"max_hp_gain":0.0,"max_hp_loss":0.0,"gold_gain":275.0,"event_name":"Golden Shrine","player_choice":"Desecrate","floor":5.0,"gold_loss":0.0,"damage_taken":0.0,"cards_obtained":["Regret"]},{"damage_healed":0.0,"max_hp_gain":0.0,"max_hp_loss":0.0,"gold_gain":0.0,"event_name":"Nest","player_choice":"Joined the Cult","floor":19.0,"gold_loss":0.0,"damage_taken":6.0,"cards_obtained":["RitualDagger"]},{"damage_healed":0.0,"max_hp_gain":0.0,"max_hp_loss":0.0,"gold_gain":0.0,"event_name":"Drug Dealer","player_choice":"Obtain J.A.X.","floor":20.0,"gold_loss":0.0,"damage_taken":0.0,"cards_obtained":["J.A.X."]},{"cards_removed":["Strike_G"],"damage_healed":0.0,"max_hp_gain":0.0,"max_hp_loss":0.0,"gold_gain":0.0,"event_name":"Back to Basics","player_choice":"Elegance","floor":22.0,"gold_loss":0.0,"damage_taken":0.0},{"damage_healed":0,"gold_gain":0,"player_choice":"Fought Bandits","damage_taken":0,"max_hp_gain":0,"max_hp_loss":0,"event_name":"Masked Bandits","floor":31,"gold_loss":0},{"cards_removed":["Defend_G"],"damage_healed":0,"gold_gain":0,"player_choice":"Removed Skill","damage_taken":0,"max_hp_gain":0,"max_hp_loss":0,"event_name":"Falling","floor":39,"gold_loss":0}],"is_beta":false,"boss_relics":[{"not_picked":["Velvet Choker","HoveringKite"],"picked":"Ring of the Serpent"},{"not_picked":["Sozu","Astrolabe"],"picked":"Fusion Hammer"}],"items_purged_floors":[10,25,38],"is_endless":false,"potions_floor_spawned":[2,14,16,18,21,24,36,37,42,44,47],"killed_by":"Donu and Deca","ascension_level":20}}