{"host":"f1yp41yk4w46r4xn","time":1611588998,"event":{"mods":["AchievementEnabler","Act Like it!","BaseMod","BetterRewards","Block Reminder","Conspire","Downfall","GifTheSpireLib","Highlight Path","Hubris","Infinite Spire","Jedi Mod","Minty Spire (QoL Compilation)","Pale of the Ancients","Replay The Spire","StSLib","Stuff the Spire"],"gold_per_floor":[99,113,113,113,125,225,252,152,170,181,191,211,111,57,67,67,67,67],"floor_reached":16,"language":"ENG","playtime":1164,"items_purged":[],"score":188,"play_id":"ca26d44a-72a6-4a23-9026-e6eba7eaaf42","local_time":"20210125133638","daily_mods":["Draft"],"is_ascension_mode":true,"campfire_choices":[{"floor":1,"key":"DIG"},{"floor":8,"key":"RECALL"},{"floor":13,"key":"REST"}],"circlet_count":0,"master_deck":["AscendersBane","Slimebound:LeadByExample","Slimebound:SplitBruiser","Slimebound:HauntingLick","Slimebound:SplitLeeching","Slimebound:LivingWall","Slimebound:SplitBruiser","Slimebound:GoopSpray","Slimebound:LeadByExample","Slimebound:SplitSpecialist","Slimebound:SplitAcid","Slimebound:SplitMire","Slimebound:GoopSpray","Slimebound:ComboTackle","Slimebound:LevelUp","Slimebound:SplitBruiser","Slimebound:RollThrough","Slimebound:SplitLeeching","Slimebound:ItLooksTasty","Slimebound:ProtectTheBoss","Slimebound:SplitAcid","Slimebound:Overexert","Slimebound:SpikyOuterGoop","Slimebound:LevelUp","Slimebound:Gluttony","Slimebound:Schlurp"],"relics":["Slimebound:AbsorbEndCombat","Ring of Chaos","jedi:maincommand","StuffTheSpire:Barrel","hubris:Towel","Mummified Hand","Art of War","downfall:HeartBlessingBlue","downfall:HeartBlessingRed"],"acts_visited":["Exordium"],"potions_floor_usage":[6,16],"damage_taken":[{"damage":5,"enemies":"2 Louse","floor":2,"turns":3},{"damage":12,"enemies":"Small Slimes","floor":5,"turns":3},{"damage":31,"enemies":"downfall:LadyInBlue","floor":6,"turns":8},{"damage":0,"enemies":"Cultist","floor":9,"turns":3},{"damage":0,"enemies":"2 Fungi Beasts","floor":10,"turns":3},{"damage":10,"enemies":"Exordium Wildlife","floor":11,"turns":2},{"damage":6,"enemies":"2 Fungi Beasts","floor":12,"turns":2},{"damage":10,"enemies":"downfall:FleeingMerchant","floor":14,"turns":4},{"damage":16,"enemies":"3 Louse","floor":15,"turns":3},{"damage":28,"enemies":"SI_SHIV_ARCHETYPE","floor":16,"turns":4}],"seed_played":"876235006757675600","potions_obtained":[{"floor":5,"key":"Weak Potion"},{"floor":6,"key":"Block Potion"},{"floor":6,"key":"Death Potion"}],"is_trial":true,"path_per_floor":["R","M","?","?","M","?","T","R","M","M","M","M","R","$","M","B"],"character_chosen":"SLIMEBOUND","items_purchased":["Slimebound:Gluttony"],"campfire_rested":1,"item_purchase_floors":[14],"current_hp_per_floor":[53,50,50,50,40,17,17,27,29,33,27,23,43,35,23,0,0,0],"gold":67,"neow_bonus":"","is_daily":false,"chose_seed":false,"campfire_upgraded":0,"win_rate":0.0,"timestamp":1611588998,"path_taken":["R","M","?","?","M","?","T","R","M","?","M","M","R","$","M","BOSS"],"items_purchased_type":["Card"],"build_version":"2020-12-22","purchased_purges":0,"victory":false,"max_hp_per_floor":[59,59,59,59,59,59,59,69,69,69,69,69,69,69,69,69,69,69],"card_choices":[{"not_picked":["Slimebound:TongueLash","Slimebound:SplitLeeching"],"picked":"Slimebound:LeadByExample","floor":0},{"not_picked":["Slimebound:GoopSpray","Slimebound:LivingWall"],"picked":"Slimebound:SplitBruiser","floor":0},{"not_picked":["Slimebound:LivingWall","Slimebound:FinishingTackle"],"picked":"Slimebound:HauntingLick","floor":0},{"not_picked":["Slimebound:Prepare","Slimebound:LeechEnergy"],"picked":"Slimebound:SplitLeeching","floor":0},{"not_picked":["Slimebound:RollThrough","Slimebound:SamplingLick"],"picked":"Slimebound:LivingWall","floor":0},{"not_picked":["Slimebound:HauntingLick","Slimebound:ComboTackle"],"picked":"Slimebound:SplitBruiser","floor":0},{"not_picked":["Slimebound:LeechEnergy","Slimebound:Prepare"],"picked":"Slimebound:GoopSpray","floor":0},{"not_picked":["Slimebound:GoopSpray","Slimebound:Grow"],"picked":"Slimebound:LeadByExample","floor":0},{"not_picked":["Slimebound:ViciousTackle","Slimebound:SamplingLick"],"picked":"Slimebound:SplitSpecialist","floor":0},{"not_picked":["Slimebound:LeechingTouch","Slimebound:GoopSpray"],"picked":"Slimebound:SplitAcid","floor":0},{"not_picked":["Slimebound:HauntingLick","Slimebound:Schlurp"],"picked":"Slimebound:SplitMire","floor":0},{"not_picked":["Slimebound:GrowthPunch","Slimebound:TongueLash"],"picked":"Slimebound:GoopSpray","floor":0},{"not_picked":["Slimebound:GoopTackle","Slimebound:ProtectTheBoss"],"picked":"Slimebound:ComboTackle","floor":0},{"not_picked":["Slimebound:RollThrough","Slimebound:SplitLeeching"],"picked":"Slimebound:LevelUp","floor":0},{"not_picked":["Slimebound:DisruptingSlam","Slimebound:ViciousTackle"],"picked":"Slimebound:SplitBruiser","floor":0},{"not_picked":["Slimebound:SlimeBrawl","Slimebound:SamplingLick"],"picked":"Slimebound:RollThrough","floor":2},{"not_picked":["Slimebound:SamplingLick","Slimebound:HauntingLick"],"picked":"Slimebound:SplitLeeching","floor":5},{"not_picked":["Slimebound:ComboTackle","Slimebound:GoopSpray"],"picked":"Slimebound:ItLooksTasty","floor":6},{"not_picked":["Slimebound:Prepare","Slimebound:ComboTackle"],"picked":"Slimebound:ProtectTheBoss","floor":9},{"not_picked":["Slimebound:Dissolve","Slimebound:ItLooksTasty"],"picked":"Slimebound:SplitAcid","floor":10},{"not_picked":["Slimebound:SplitSpecialist","Slimebound:SamplingLick"],"picked":"Slimebound:Overexert","floor":11},{"not_picked":["Slimebound:Chomp","Slimebound:PressTheAttack"],"picked":"Slimebound:SpikyOuterGoop","floor":12},{"not_picked":["Slimebound:LeechEnergy","Slimebound:ViciousTackle"],"picked":"Slimebound:LevelUp","floor":14},{"not_picked":["Slimebound:LivingWall","Slimebound:GoopTackle"],"picked":"Slimebound:Schlurp","floor":15}],"player_experience":209275,"relics_obtained":[{"floor":1,"key":"jedi:command_common"},{"floor":6,"key":"jedi:command_uncommon"},{"floor":7,"key":"jedi:command_common"}],"event_choices":[],"is_beta":false,"boss_relics":[],"items_purged_floors":[],"is_endless":false,"potions_floor_spawned":[5,6,12],"killed_by":"SI_SHIV_ARCHETYPE","ascension_level":20}}