{"host":"r4aerl4ckfvw1dw3","time":1611616491,"event":{"mods":["BaseMod","BetterRewards","Minty Spire (QoL Compilation)","Quick Restart","StSLib"],"gold_per_floor":[119,119,172,186,206,235,235,235,235,90,113,123,123,140,140,239,239,251,251,31,45,45,45,60,79,79,79,79,113,113,141,141,239,289,305,320,138,138,188,188,215,230,255,270,29,103,113,113,113,113,113,113,13,38,38,38],"floor_reached":55,"language":"ENG","playtime":3087,"items_purged":[],"score":793,"play_id":"3ee0d989-0d06-466f-99eb-c114ac528dfe","local_time":"20210125151451","is_ascension_mode":true,"campfire_choices":[{"floor":13.0,"key":"RECALL"},{"floor":15.0,"key":"REST"},{"data":"Accuracy","floor":23.0,"key":"SMITH"},{"data":"Cloak And Dagger","floor":28.0,"key":"SMITH"},{"floor":32.0,"key":"REST"},{"floor":40.0,"key":"REST"},{"floor":49,"key":"REST"},{"data":"Wraith Form v2","floor":52,"key":"SMITH"}],"circlet_count":0,"master_deck":["Strike_G+1","Strike_G+1","Strike_G+1","Strike_G","Strike_G","Defend_G","Defend_G+1","Defend_G+1","Defend_G","Defend_G","Survivor","Neutralize","Infinite Blades+1","Blur","Blade Dance","Cloak And Dagger+1","Corpse Explosion","Poisoned Stab","Accuracy+1","Infinite Blades+1","Terror+1","Cloak And Dagger+1","Backstab","Blade Dance","Wraith Form v2+1","Blade Dance+1","Finisher+1","Backflip+1","Storm of Steel","Writhe","Footwork+1","Backstab+1","Slice+1","Noxious Fumes+1","Poisoned Stab+1","Accuracy","Finisher+1"],"relics":["Ring of the Snake","NeowsBlessing","Vajra","Oddly Smooth Stone","PreservedInsect","Whetstone","WristBlade","Question Card","TwistedFunnel","The Courier","Letter Opener","Tiny House","ClockworkSouvenir","Dead Branch","Art of War","Toy Ornithopter","Strange Spoon","Strawberry","Shuriken","Bronze Scales","Thread and Needle"],"acts_visited":["Exordium","TheCity","TheBeyond","TheEnding"],"potions_floor_usage":[50,54,54],"damage_taken":[{"damage":0.0,"enemies":"Jaw Worm","floor":1.0,"turns":1.0},{"damage":0.0,"enemies":"Cultist","floor":4.0,"turns":1.0},{"damage":0.0,"enemies":"Small Slimes","floor":5.0,"turns":1.0},{"damage":14.0,"enemies":"3 Sentries","floor":6.0,"turns":9.0},{"damage":0.0,"enemies":"Exordium Wildlife","floor":12.0,"turns":4.0},{"damage":11.0,"enemies":"3 Louse","floor":14.0,"turns":2.0},{"damage":28.0,"enemies":"The Guardian","floor":16.0,"turns":19.0},{"damage":0.0,"enemies":"Shell Parasite","floor":18.0,"turns":5.0},{"damage":0.0,"enemies":"Spheric Guardian","floor":21.0,"turns":2.0},{"damage":6.0,"enemies":"Snecko","floor":24.0,"turns":4.0},{"damage":4.0,"enemies":"Cultist and Chosen","floor":25.0,"turns":3.0},{"damage":0.0,"enemies":"Gremlin Leader","floor":29.0,"turns":3.0},{"damage":17.0,"enemies":"Book of Stabbing","floor":31.0,"turns":3.0},{"damage":32.0,"enemies":"Collector","floor":33.0,"turns":4.0},{"damage":9.0,"enemies":"3 Shapes","floor":35.0,"turns":3.0},{"damage":26.0,"enemies":"3 Darklings","floor":36.0,"turns":3.0},{"damage":15.0,"enemies":"Mind Bloom Boss Battle","floor":39.0,"turns":4.0},{"damage":13.0,"enemies":"Giant Head","floor":41.0,"turns":4.0},{"damage":0.0,"enemies":"Maw","floor":42.0,"turns":4.0},{"damage":5,"enemies":"Jaw Worm Horde","floor":44,"turns":2},{"damage":18,"enemies":"4 Shapes","floor":47,"turns":2},{"damage":92,"enemies":"Awakened One","floor":50,"turns":11},{"damage":2,"enemies":"Shield and Spear","floor":54,"turns":4},{"damage":106,"enemies":"The Heart","floor":55,"turns":6}],"seed_played":"-5564836981134381284","potions_obtained":[{"floor":5.0,"key":"ColorlessPotion"},{"floor":6.0,"key":"CunningPotion"},{"floor":24.0,"key":"Energy Potion"},{"floor":25.0,"key":"FairyPotion"},{"floor":44,"key":"Energy Potion"},{"floor":54,"key":"FairyPotion"}],"is_trial":false,"path_per_floor":["M","?","T","M","M","E","?","?","T","$","T","M","R","M","R","B",null,"M","?","$","M","$","R","M","M","T","?","R","E","?","E","R","B",null,"M","M","$","?","?","R","E","M","T","M","$","T","M","?","R","B",null,"R","$","E","B"],"character_chosen":"THE_SILENT","items_purchased":["PreservedInsect","TwistedFunnel","Accuracy","ClockworkSouvenir","Storm of Steel","Strange Spoon","Strawberry","Accuracy","PowerPotion"],"campfire_rested":4,"item_purchase_floors":[10,20,20,37,37,45,45,53,53],"current_hp_per_floor":[70,56,56,56,56,42,42,42,42,42,42,42,42,31,52,24,70,70,70,70,70,70,70,64,60,60,60,60,60,70,53,70,38,75,66,40,40,59,44,66,53,53,53,48,55,55,37,37,61,3,82,82,82,81,0,0],"gold":38,"neow_bonus":"THREE_ENEMY_KILL","is_daily":false,"chose_seed":false,"campfire_upgraded":3,"win_rate":0.0,"timestamp":1611616491,"path_taken":["M","?","?","M","?","E","?","?","T","$","?","M","R","M","R","BOSS","M","?","$","M","?","R","M","?","T","?","R","E","?","E","R","BOSS","M","M","$","?","?","R","E","M","T","M","$","?","?","?","R","BOSS","R","$","E","BOSS"],"items_purchased_type":["Relic","Relic","Card","Relic","Card","Relic","Relic","Card","Potion"],"build_version":"2020-12-22","purchased_purges":0,"victory":false,"max_hp_per_floor":[70,70,70,70,70,70,70,70,70,70,70,70,70,70,70,70,70,70,70,70,70,70,70,70,70,70,70,70,70,70,70,70,70,75,75,75,75,75,75,75,75,75,75,75,82,82,82,82,82,82,82,82,82,82,82,82],"card_choices":[{"not_picked":["Flying Knee","Predator"],"picked":"Infinite Blades","floor":1.0},{"not_picked":["Backflip","Escape Plan"],"picked":"Blur","floor":4.0},{"not_picked":["Deadly Poison","Sucker Punch"],"picked":"Blade Dance","floor":5.0},{"not_picked":["Underhanded Strike","Dagger Throw","Flying Knee"],"picked":"SKIP","floor":6.0},{"not_picked":["Doppelganger","Deadly Poison"],"picked":"Outmaneuver","floor":12.0},{"not_picked":["Acrobatics","Dagger Throw"],"picked":"Cloak And Dagger","floor":14.0},{"not_picked":["Envenom","Burst"],"picked":"Corpse Explosion","floor":16.0},{"not_picked":["Bane","Concentrate"],"picked":"Poisoned Stab","floor":18.0},{"not_picked":["Caltrops","Skewer","Quick Slash"],"picked":"Infinite Blades+1","floor":21.0},{"not_picked":["Deadly Poison","Eviscerate","Endless Agony+1"],"picked":"Terror+1","floor":24.0},{"not_picked":["Well Laid Plans","Sucker Punch","Underhanded Strike"],"picked":"Cloak And Dagger+1","floor":25.0},{"not_picked":["Underhanded Strike","Flying Knee","Masterful Stab+1"],"picked":"Leg Sweep+1","floor":29.0},{"not_picked":["Prepared","Die Die Die","Slice"],"picked":"Blade Dance","floor":31.0},{"not_picked":["Doppelganger","After Image","Corpse Explosion"],"picked":"Wraith Form v2","floor":33.0},{"not_picked":["Flying Knee","Backflip","Deadly Poison"],"picked":"Blade Dance+1","floor":34.0},{"not_picked":["Masterful Stab","Slice+1","Outmaneuver+1"],"picked":"Finisher+1","floor":35.0},{"not_picked":["Dagger Spray","Bane","Well Laid Plans"],"picked":"Backflip+1","floor":36.0},{"not_picked":["Riddle With Holes+1","Skewer","Flying Knee"],"picked":"Footwork+1","floor":39.0},{"not_picked":["Skewer+1","PiercingWail+1","Predator"],"picked":"Backstab+1","floor":41.0},{"not_picked":["Unload","Bane+1","Setup"],"picked":"Slice+1","floor":42.0},{"not_picked":["Prepared+1","Endless Agony","Dodge and Roll"],"picked":"Noxious Fumes+1","floor":44},{"not_picked":["Masterful Stab","Dash","Escape Plan"],"picked":"Poisoned Stab+1","floor":47},{"not_picked":["PiercingWail+1","Glass Knife","Heel Hook+1"],"picked":"Finisher+1","floor":54}],"player_experience":407164,"relics_obtained":[{"floor":3.0,"key":"Vajra"},{"floor":6.0,"key":"Oddly Smooth Stone"},{"floor":11.0,"key":"Whetstone"},{"floor":19.0,"key":"Question Card"},{"floor":26.0,"key":"The Courier"},{"floor":29.0,"key":"Letter Opener"},{"floor":39.0,"key":"Dead Branch"},{"floor":41.0,"key":"Art of War"},{"floor":43.0,"key":"Toy Ornithopter"},{"floor":46,"key":"Shuriken"},{"floor":54,"key":"Thread and Needle"}],"event_choices":[{"damage_healed":0.0,"max_hp_gain":0.0,"max_hp_loss":0.0,"gold_gain":0.0,"event_name":"Shining Light","player_choice":"Entered Light","floor":2.0,"gold_loss":0.0,"damage_taken":14.0,"cards_upgraded":["Strike_G","Defend_G"]},{"damage_healed":0.0,"max_hp_gain":0.0,"max_hp_loss":0.0,"gold_gain":0.0,"event_name":"Liars Game","player_choice":"Ignored","floor":7.0,"gold_loss":0.0,"damage_taken":0.0},{"damage_healed":0.0,"max_hp_gain":0.0,"max_hp_loss":0.0,"gold_gain":0.0,"event_name":"Living Wall","player_choice":"Grow","floor":8.0,"gold_loss":0.0,"damage_taken":0.0,"cards_upgraded":["Infinite Blades"]},{"damage_healed":0.0,"max_hp_gain":0.0,"max_hp_loss":0.0,"gold_gain":0.0,"event_name":"Wheel of Change","player_choice":"Relic","floor":19.0,"gold_loss":0.0,"damage_taken":0.0},{"damage_healed":0.0,"max_hp_gain":0.0,"max_hp_loss":0.0,"gold_gain":0.0,"event_name":"The Library","player_choice":"Read","floor":27.0,"gold_loss":0.0,"damage_taken":0.0,"cards_obtained":["Backstab"]},{"cards_removed":["Leg Sweep"],"damage_healed":10.0,"max_hp_gain":0.0,"max_hp_loss":0.0,"gold_gain":0.0,"event_name":"Bonfire Elementals","player_choice":"Offered Uncommon","floor":30.0,"gold_loss":0.0,"damage_taken":0.0},{"damage_healed":19.0,"max_hp_gain":0.0,"max_hp_loss":0.0,"gold_gain":0.0,"event_name":"Winding Halls","player_choice":"Writhe","floor":38.0,"gold_loss":0.0,"damage_taken":0.0,"cards_obtained":["Writhe"]},{"damage_healed":0.0,"max_hp_gain":0.0,"max_hp_loss":0.0,"gold_gain":0.0,"event_name":"MindBloom","player_choice":"Fight","floor":39.0,"gold_loss":0.0,"damage_taken":0.0},{"cards_removed":["Outmaneuver"],"damage_healed":0,"gold_gain":0,"player_choice":"Gave Card","damage_taken":0,"relics_obtained":["Bronze Scales"],"max_hp_gain":0,"max_hp_loss":0,"event_name":"WeMeetAgain","floor":48,"gold_loss":0}],"is_beta":false,"boss_relics":[{"not_picked":["Black Star","Ring of the Serpent"],"picked":"WristBlade"},{"not_picked":["HoveringKite","Philosopher\u0027s Stone"],"picked":"Tiny House"}],"items_purged_floors":[],"is_endless":false,"potions_floor_spawned":[5,6,24,25,29,33,36,41,44,54],"killed_by":"The Heart","ascension_level":1}}