{"host":"7rmsgc3rayi00cdt","time":1611566009,"event":{"mods":["BaseMod","Minty Spire (QoL Compilation)"],"gold_per_floor":[111,128,143,158,233,262,262,262,262],"floor_reached":8,"language":"ENG","playtime":255,"items_purged":[],"score":110,"play_id":"a20cb322-edbd-4582-8fba-5ff8eba1305d","local_time":"20210125091329","is_ascension_mode":true,"campfire_choices":[{"floor":7,"key":"REST"}],"circlet_count":0,"master_deck":["AscendersBane","Strike_B","Strike_B","Strike_B","Strike_B","Defend_B","Defend_B","Defend_B","Defend_B","Zap","Dualcast","Stack","Streamline","Conserve Battery","Leap"],"relics":["Cracked Core","Girya"],"acts_visited":["Exordium"],"potions_floor_usage":[6,8],"damage_taken":[{"damage":1.0,"enemies":"Cultist","floor":1.0,"turns":3.0},{"damage":2.0,"enemies":"Jaw Worm","floor":2.0,"turns":3.0},{"damage":5,"enemies":"Small Slimes","floor":3,"turns":3},{"damage":7,"enemies":"Looter","floor":4,"turns":3},{"damage":32,"enemies":"Lagavulin","floor":6,"turns":6},{"damage":62,"enemies":"Gremlin Nob","floor":8,"turns":4}],"seed_played":"-5505270461285052828","potions_obtained":[{"floor":3,"key":"Dexterity Potion"},{"floor":6,"key":"FearPotion"}],"is_trial":false,"path_per_floor":["M","M","M","M","?","E","R","E"],"character_chosen":"DEFECT","items_purchased":[],"campfire_rested":1,"item_purchase_floors":[],"current_hp_per_floor":[70,68,63,56,45,13,36,0,0],"gold":262,"neow_bonus":"TEN_PERCENT_HP_BONUS","is_daily":false,"chose_seed":false,"campfire_upgraded":0,"win_rate":0.0,"timestamp":1611566009,"path_taken":["M","M","?","M","?","E","R","E"],"items_purchased_type":[],"build_version":"2020-12-22","purchased_purges":0,"victory":false,"max_hp_per_floor":[78,78,78,78,78,78,78,78,78],"card_choices":[{"not_picked":["Steam","Rip and Tear","Compile Driver"],"picked":"SKIP","floor":1.0},{"not_picked":["Sweeping Beam","Cold Snap"],"picked":"Stack","floor":2},{"not_picked":["Redo","Sweeping Beam"],"picked":"Streamline","floor":3},{"not_picked":["Rainbow","Turbo"],"picked":"Conserve Battery","floor":4},{"not_picked":["Redo","Compile Driver"],"picked":"Leap","floor":6}],"player_experience":783798,"relics_obtained":[{"floor":6,"key":"Girya"}],"event_choices":[{"damage_healed":0,"gold_gain":75,"player_choice":"Gather Gold","damage_taken":11,"max_hp_gain":0,"max_hp_loss":0,"event_name":"World of Goop","floor":5,"gold_loss":0}],"is_beta":false,"boss_relics":[],"items_purged_floors":[],"is_endless":false,"potions_floor_spawned":[3,6],"killed_by":"Gremlin Nob","ascension_level":18}}