{"host":"qgpuimdto8vl2dfg","time":1611556410,"event":{"mods":["Act Like it!","BaseMod","Colored Powertips","Gensokyo","KinomotoSakuraMod(Ä¾Ö®±¾Ó£)","Koishi","Minty Spire (QoL Compilation)","Quick Restart","Relic Stats","StSLib","The Senshi"],"gold_per_floor":[112,112,123,149,160,193,193,208,208,234,234,234,244,267,267,369,369,379,379,379,392,392,392],"floor_reached":22,"language":"ZHS","playtime":702,"items_purged":[],"score":203,"play_id":"21fecbfd-9539-4e04-9a04-0bad51a083a4","local_time":"20210125143330","is_ascension_mode":true,"campfire_choices":[{"data":"Gensokyo:CrescentMoonSlash","floor":7.0,"key":"SMITH"},{"data":"theSenshi:CrisisMakeUp","floor":15.0,"key":"SMITH"}],"circlet_count":0,"master_deck":["theSenshi:SailorKick","theSenshi:SailorKick","theSenshi:SailorKick","theSenshi:SailorKick","theSenshi:SailorBlock","theSenshi:SailorBlock","theSenshi:SailorBlock","theSenshi:SailorBlock","theSenshi:RoseThrow","theSenshi:MoonPrismPowerMakeUp","Gensokyo:CrescentMoonSlash+1","theSenshi:CrisisMakeUp+1","theSenshi:GlimpseOfThePast","theSenshi:NeptunesGrace"],"relics":["theSenshi:TransformationBroochRelic","NeowsBlessing","Pen Nib","Bottled Flame","Matryoshka","Bag of Marbles","Strawberry","theSenshi:RoseRelic","Sozu","Gensokyo:SongOfSouls"],"acts_visited":["Exordium","Gensokyo:Gensokyo"],"potions_floor_usage":[],"damage_taken":[{"damage":0.0,"enemies":"Gensokyo:Gryphon","floor":1.0,"turns":1.0},{"damage":0.0,"enemies":"Gensokyo:3_Fairies","floor":3.0,"turns":1.0},{"damage":0.0,"enemies":"Gensokyo:2_Kodama","floor":5.0,"turns":1.0},{"damage":15.0,"enemies":"Gensokyo:Aya","floor":6.0,"turns":7.0},{"damage":5.0,"enemies":"Gensokyo:Kitsune","floor":8.0,"turns":3.0},{"damage":6.0,"enemies":"Gensokyo:Mamizou","floor":10.0,"turns":8.0},{"damage":6.0,"enemies":"Gensokyo:VengefulSpirit","floor":13.0,"turns":5.0},{"damage":15.0,"enemies":"Gensokyo:Reimu","floor":16.0,"turns":8.0},{"damage":29.0,"enemies":"Gensokyo:3_Dogs","floor":18.0,"turns":5.0},{"damage":19,"enemies":"Gensokyo:2_Gloops","floor":21,"turns":5},{"damage":39,"enemies":"Gensokyo:Slime_Group","floor":22,"turns":4}],"seed_played":"-3199498829530743087","potions_obtained":[{"floor":5.0,"key":"SteroidPotion"},{"floor":8.0,"key":"FearPotion"},{"floor":10.0,"key":"SkillPotion"},{"floor":16.0,"key":"DistilledChaos"}],"is_trial":false,"path_per_floor":["M","?","M","T","M","E","R","M","T","E","?","?","M","T","R","B",null,"M","?","?","M","M"],"character_chosen":"THE_SENSHI","items_purchased":[],"campfire_rested":0,"item_purchase_floors":[],"current_hp_per_floor":[75,64,64,64,64,49,49,44,44,38,38,35,29,29,29,14,82,53,53,53,34,0,0],"gold":392,"neow_bonus":"THREE_ENEMY_KILL","is_daily":false,"chose_seed":false,"campfire_upgraded":2,"win_rate":0.0,"timestamp":1611556410,"path_taken":["M","?","M","?","?","E","R","M","T","E","?","?","M","?","R","BOSS","M","?","?","M","?"],"items_purchased_type":[],"build_version":"2020-12-22","purchased_purges":0,"victory":false,"max_hp_per_floor":[75,75,75,75,75,75,75,75,75,75,75,82,82,82,82,82,82,82,82,82,82,82,82],"relic_stats":{"Sozu":1,"counters":[11,48],"Pen Nib":[6],"obtain_stats":[{"Sozu":17,"Bottled Flame":6,"theSenshi:TransformationBroochRelic":0,"Matryoshka":9,"NeowsBlessing":0,"Strawberry":12,"theSenshi:RoseRelic":14,"Pen Nib":4,"Bag of Marbles":10,"Gensokyo:SongOfSouls":19},{"Sozu":8,"Bottled Flame":4,"theSenshi:TransformationBroochRelic":0,"Matryoshka":5,"NeowsBlessing":0,"Strawberry":6,"theSenshi:RoseRelic":7,"Pen Nib":2,"Bag of Marbles":6,"Gensokyo:SongOfSouls":9},{"Sozu":34,"Bottled Flame":10,"theSenshi:TransformationBroochRelic":0,"Matryoshka":13,"NeowsBlessing":0,"Strawberry":21,"theSenshi:RoseRelic":26,"Pen Nib":2,"Bag of Marbles":21,"Gensokyo:SongOfSouls":39}]},"card_choices":[{"not_picked":["theSenshi:SupersonicWaves","theSenshi:LunaWiseMentor","theSenshi:SailorMarsAssists"],"picked":"SKIP","floor":1.0},{"not_picked":["theSenshi:SupersonicWaves","theSenshi:LunaWiseMentor","theSenshi:SailorMarsAssists"],"picked":"SKIP","floor":1.0},{"not_picked":["theSenshi:SupersonicWaves","theSenshi:LunaWiseMentor","theSenshi:SailorMarsAssists"],"picked":"SKIP","floor":1.0},{"not_picked":["theSenshi:SailorVenusAssists","theSenshi:SailorStarMakerAssists","theSenshi:SailorPlanetPower"],"picked":"SKIP","floor":3.0},{"not_picked":["theSenshi:SupersonicWaves","theSenshi:SailorVenusAssists","theSenshi:DramaticEntrance"],"picked":"SKIP","floor":5.0},{"not_picked":["theSenshi:Sidestep","theSenshi:ChibiMoonsLove","theSenshi:SailorMarsAssists"],"picked":"SKIP","floor":6.0},{"not_picked":["theSenshi:SchoolBag","theSenshi:LateForSchool","theSenshi:SailorVenusAssists"],"picked":"SKIP","floor":8.0},{"not_picked":["theSenshi:Overload","theSenshi:FatedKiss","theSenshi:PlutosSolemnity"],"picked":"SKIP","floor":10.0},{"not_picked":["theSenshi:MoonPunch","theSenshi:MoonlightKnight"],"picked":"theSenshi:CrisisMakeUp","floor":11.0},{"not_picked":["theSenshi:RainbowMoonHeartAche","theSenshi:MoonTiaraMagic","theSenshi:SchoolBag"],"picked":"SKIP","floor":13.0},{"not_picked":["theSenshi:SilverMoonCrystalPowerKiss","theSenshi:SailorPlutoAssists"],"picked":"theSenshi:GlimpseOfThePast","floor":16.0},{"not_picked":["theSenshi:MoonKick","theSenshi:SailorMarsAssists","theSenshi:PlutosSolemnity"],"picked":"SKIP","floor":18.0},{"not_picked":["theSenshi:MoonCosmicPowerMakeUp","theSenshi:SailorPlanetPower"],"picked":"theSenshi:NeptunesGrace","floor":21}],"player_experience":480284,"relics_obtained":[{"floor":4.0,"key":"Pen Nib"},{"floor":6.0,"key":"Bottled Flame"},{"floor":9.0,"key":"Matryoshka"},{"floor":10.0,"key":"Bag of Marbles"},{"floor":14.0,"key":"theSenshi:RoseRelic"}],"event_choices":[],"is_beta":false,"boss_relics":[{"not_picked":["Black Star","Ectoplasm"],"picked":"Sozu"}],"items_purged_floors":[],"is_endless":false,"potions_floor_spawned":[5,8,10,16,18],"killed_by":"Gensokyo:Slime_Group","ascension_level":1}}