{"host":"emhkbx8w48tb1pjr","time":1611575898,"event":{"mods":["AchievementEnabler","BaseMod","Better Note","Colored Map","Colored Powertips","DeckTracker","Downfall","Googly Eyes","Minty Spire (QoL Compilation)","Quick Restart","Rare Cards Sparkle","StSLib","The Jungle","everything is the same but u backflip on backflip"],"gold_per_floor":[58,89,129,201,201,249,249,303,303,313,355,355,355,368,368,466,466,483,252,302,319,360,386,398,398,398,431,441,89,131,174,174,297,297,309,324,324,13,27,27,61,61,115,115,115,159,4,15,15,15],"floor_reached":51,"language":"ENG","playtime":1871,"items_purged":["Strike_G"],"score":948,"play_id":"f976e4eb-41cd-464d-b65d-d4bb84d14efb","local_time":"20210125125818","is_ascension_mode":true,"campfire_choices":[{"data":"HandOfGreed","floor":7,"key":"SMITH"},{"data":"Neutralize","floor":12,"key":"SMITH"},{"floor":15,"key":"REST"},{"data":"Footwork","floor":25,"key":"SMITH"},{"data":"Footwork","floor":32,"key":"SMITH"},{"data":"Crippling Poison","floor":40,"key":"SMITH"},{"data":"Leg Sweep","floor":42,"key":"SMITH"},{"data":"Poisoned Stab","floor":45,"key":"SMITH"},{"data":"Dash","floor":49,"key":"SMITH"}],"circlet_count":0,"master_deck":["Strike_G","Strike_G","Strike_G","Defend_G","Defend_G","Defend_G","Survivor","Neutralize+1","HandOfGreed+1","Dagger Spray","Crippling Poison+1","Leg Sweep+1","Poisoned Stab+1","Deadly Poison+1","Blur+1","Dash+1","Corpse Explosion+1","Footwork+1","Catalyst+1","PiercingWail+1","Footwork+1","Leg Sweep+1","Backflip+1","Adrenaline+1","Die Die Die+1","Deflect+1","Blur+1","Catalyst+1","Calculated Gamble+1"],"relics":["Ring of the Snake","Pear","Bottled Lightning","Toxic Egg 2","Letter Opener","Snecko Eye","Bronze Scales","Paper Crane","Bottled Tornado","Anchor","ClockworkSouvenir","Juzu Bracelet","Astrolabe","Potion Belt","Ginger","TungstenRod","Strawberry","Pen Nib"],"acts_visited":["Exordium","TheCity","TheBeyond"],"potions_floor_usage":[4,27,33,33,36,46,50],"damage_taken":[{"damage":0,"enemies":"Small Slimes","floor":1,"turns":4},{"damage":0,"enemies":"Jaw Worm","floor":2,"turns":4},{"damage":1,"enemies":"Cultist","floor":3,"turns":4},{"damage":13,"enemies":"Gremlin Gang","floor":4,"turns":8},{"damage":21,"enemies":"Gremlin Nob","floor":6,"turns":4},{"damage":12,"enemies":"Lagavulin","floor":8,"turns":6},{"damage":0,"enemies":"3 Louse","floor":10,"turns":2},{"damage":4,"enemies":"Exordium Thugs","floor":11,"turns":4},{"damage":2,"enemies":"Looter","floor":14,"turns":5},{"damage":13,"enemies":"The Guardian","floor":16,"turns":14},{"damage":0,"enemies":"Spheric Guardian","floor":18,"turns":3},{"damage":0,"enemies":"2 Thieves","floor":21,"turns":1},{"damage":0,"enemies":"Chosen and Byrds","floor":22,"turns":3},{"damage":5,"enemies":"Gremlin Leader","floor":23,"turns":9},{"damage":3,"enemies":"Centurion and Healer","floor":24,"turns":5},{"damage":0,"enemies":"Slavers","floor":27,"turns":1},{"damage":0,"enemies":"Shelled Parasite and Fungi","floor":28,"turns":4},{"damage":0,"enemies":"Snake Plant","floor":30,"turns":3},{"damage":3,"enemies":"Centurion and Healer","floor":31,"turns":6},{"damage":0,"enemies":"Champ","floor":33,"turns":13},{"damage":2,"enemies":"3 Darklings","floor":35,"turns":4},{"damage":0,"enemies":"3 Shapes","floor":36,"turns":2},{"damage":7,"enemies":"3 Darklings","floor":39,"turns":3},{"damage":0,"enemies":"Nemesis","floor":41,"turns":7},{"damage":5,"enemies":"Writhing Mass","floor":46,"turns":5},{"damage":0,"enemies":"Jaw Worm Horde","floor":48,"turns":4},{"damage":3,"enemies":"Donu and Deca","floor":50,"turns":5}],"seed_played":"3026769481148984400","potions_obtained":[{"floor":3,"key":"champ:CounterPotion"},{"floor":10,"key":"sneckomod:MuddlingPotion"},{"floor":11,"key":"Explosive Potion"},{"floor":14,"key":"Energy Potion"},{"floor":21,"key":"Dexterity Potion"},{"floor":23,"key":"Fire Potion"},{"floor":28,"key":"PowerPotion"},{"floor":30,"key":"DistilledChaos"},{"floor":36,"key":"Fruit Juice"},{"floor":39,"key":"PowerPotion"},{"floor":41,"key":"LiquidMemories"}],"is_trial":false,"path_per_floor":["M","M","M","M","?","E","R","E","T","M","M","R","T","M","R","B",null,"M","$","?","M","M","E","M","R","T","E","M","$","M","M","R","B",null,"M","M","?","$","M","R","E","R","T","?","R","M","$","M","R","B",null],"character_chosen":"THE_SILENT","items_purchased":["Bronze Scales","Backflip+1","ClockworkSouvenir","Juzu Bracelet","Ginger","Pen Nib"],"campfire_rested":1,"item_purchase_floors":[19,29,29,29,38,47],"current_hp_per_floor":[70,70,69,56,61,50,50,38,38,38,34,34,34,32,57,44,85,85,85,85,85,85,80,77,77,77,77,77,77,77,74,74,74,85,83,88,88,88,81,81,81,81,88,88,88,83,83,83,83,80],"gold":15,"neow_bonus":"RANDOM_COLORLESS_2","is_daily":false,"chose_seed":false,"campfire_upgraded":8,"win_rate":0.0,"timestamp":1611575898,"path_taken":["M","M","M","M","?","E","R","E","T","M","M","R","?","M","R","BOSS","M","$","?","M","?","E","?","R","T","E","M","$","M","M","R","BOSS","M","M","?","$","M","R","E","R","T","?","R","M","$","M","R","BOSS"],"items_purchased_type":["Relic","Card","Relic","Relic","Relic","Relic"],"build_version":"2020-12-22","purchased_purges":1,"victory":true,"max_hp_per_floor":[70,70,70,70,75,85,85,85,85,85,85,85,85,85,85,85,85,85,85,85,85,85,85,85,85,85,85,85,85,85,85,85,85,85,85,90,90,90,90,90,90,90,97,92,92,92,92,92,92,92],"card_choices":[{"not_picked":["Mayhem","Thinking Ahead"],"picked":"HandOfGreed","floor":0},{"not_picked":["Well Laid Plans","Bane"],"picked":"Dagger Spray","floor":1},{"not_picked":["Dodge and Roll","Endless Agony","Heel Hook"],"picked":"SKIP","floor":2},{"not_picked":["Deadly Poison","Leg Sweep"],"picked":"Crippling Poison","floor":3},{"not_picked":["Slice","Tactician","Underhanded Strike"],"picked":"SKIP","floor":4},{"not_picked":["Expertise","Outmaneuver"],"picked":"Leg Sweep","floor":6},{"not_picked":["Finisher","Infinite Blades"],"picked":"Poisoned Stab","floor":8},{"not_picked":["Dagger Spray","Bane"],"picked":"Deadly Poison+1","floor":10},{"not_picked":["Dagger Throw","Bane"],"picked":"Blur+1","floor":11},{"not_picked":["Glass Knife","Reflex+1"],"picked":"Dash","floor":14},{"not_picked":["Night Terror+1","Adrenaline+1"],"picked":"Corpse Explosion+1","floor":16},{"not_picked":["Heel Hook","PiercingWail+1"],"picked":"Footwork","floor":18},{"not_picked":["Dodge and Roll+1","Underhanded Strike"],"picked":"Catalyst+1","floor":21},{"not_picked":["Dagger Spray","Skewer"],"picked":"PiercingWail+1","floor":22},{"not_picked":["A Thousand Cuts","Riddle With Holes"],"picked":"Footwork","floor":23},{"not_picked":["Caltrops","PiercingWail+1"],"picked":"Leg Sweep+1","floor":24},{"not_picked":["Tactician+1","Bane","Slice"],"picked":"SKIP","floor":27},{"not_picked":["Sucker Punch","Outmaneuver+1","Finisher"],"picked":"SKIP","floor":28},{"not_picked":["Dagger Spray","Finisher","Eviscerate"],"picked":"SKIP","floor":30},{"not_picked":["Quick Slash","Well Laid Plans","Poisoned Stab"],"picked":"SKIP","floor":31},{"not_picked":["Bullet Time+1","Night Terror+1"],"picked":"Adrenaline+1","floor":33},{"not_picked":["Poisoned Stab+1","Outmaneuver+1"],"picked":"Catalyst+1","floor":35},{"not_picked":["Distraction+1","Well Laid Plans"],"picked":"Calculated Gamble+1","floor":36},{"not_picked":["Quick Slash+1","Predator","Blade Dance+1"],"picked":"SKIP","floor":39},{"not_picked":["Flying Knee+1","Infinite Blades+1","PiercingWail+1"],"picked":"SKIP","floor":41},{"not_picked":["Endless Agony+1","PiercingWail+1","Blade Dance+1"],"picked":"SKIP","floor":46},{"not_picked":["Underhanded Strike","Riddle With Holes","Distraction+1"],"picked":"SKIP","floor":48}],"player_experience":28955,"relics_obtained":[{"floor":6,"key":"Pear"},{"floor":8,"key":"Bottled Lightning"},{"floor":9,"key":"Toxic Egg 2"},{"floor":13,"key":"Letter Opener"},{"floor":23,"key":"Paper Crane"},{"floor":26,"key":"Bottled Tornado"},{"floor":27,"key":"Anchor"},{"floor":41,"key":"TungstenRod"},{"floor":43,"key":"Strawberry"}],"event_choices":[{"damage_healed":0,"gold_gain":0,"player_choice":"Donut","damage_taken":0,"max_hp_gain":5,"max_hp_loss":0,"event_name":"Big Fish","floor":5,"gold_loss":0},{"damage_healed":0,"gold_gain":100,"player_choice":"Bet on Murderer","damage_taken":0,"max_hp_gain":0,"max_hp_loss":0,"event_name":"The Joust","floor":20,"gold_loss":50},{"damage_healed":0,"gold_gain":0,"player_choice":"Gave Potion","damage_taken":0,"relics_obtained":["Potion Belt"],"max_hp_gain":0,"max_hp_loss":0,"event_name":"WeMeetAgain","floor":37,"gold_loss":0},{"damage_healed":0,"gold_gain":0,"player_choice":"Max HP","damage_taken":0,"max_hp_gain":0,"max_hp_loss":5,"event_name":"Winding Halls","floor":44,"gold_loss":0}],"is_beta":false,"boss_relics":[{"not_picked":["WristBlade","Black Star"],"picked":"Snecko Eye"},{"not_picked":["Runic Pyramid","Tiny House"],"picked":"Astrolabe"}],"items_purged_floors":[19],"is_endless":false,"potions_floor_spawned":[3,10,11,14,21,23,28,30,36,39,41],"ascension_level":1}}