{"host":"z42sc0n2dozsmk72","time":1611539091,"event":{"mods":["AchievementEnabler","BaseMod","Better Third Choice","Colored Map","Curses Come First","Highlight Path","Minty Spire (QoL Compilation)","Permanent Neow","Quick Restart","Relic Stats","Shop Mod","StSLib","egg","slay the spire mod where everything is the same but ironclad has a cowboy hat"],"gold_per_floor":[116,130,147,147,159,159,192,192,192,208,227,256,270,301,301,400,400,414,427,437,261,261,261,275,307,307,323,323,323,323],"floor_reached":29,"language":"ENG","playtime":1785,"items_purged":["Decay"],"score":323,"play_id":"2949f876-c34b-4fe9-9fc8-b75ee9fed1f5","local_time":"20210125144451","is_ascension_mode":true,"campfire_choices":[{"floor":6.0,"key":"RECALL"},{"floor":15.0,"key":"REST"},{"floor":23.0,"key":"REST"}],"circlet_count":0,"master_deck":["Strike_R","Strike_R","Strike_R","Strike_R","Strike_R","Defend_R","Defend_R","Defend_R","Defend_R","Bash","Carnage","Clothesline","Apotheosis+1","Reaper","True Grit","Ghostly Armor","Impervious","Barricade","Disarm","Feel No Pain","True Grit","Feel No Pain","Bloodletting+1","Dark Embrace","Forethought","Demon Form"],"relics":["Fusion Hammer","Blue Candle","Ice Cream","FossilizedHelix","Vajra","Black Star","Matryoshka","Kunai","Regal Pillow"],"acts_visited":["Exordium","TheCity"],"potions_floor_usage":[29],"damage_taken":[{"damage":3.0,"enemies":"2 Louse","floor":1.0,"turns":3.0},{"damage":0.0,"enemies":"Cultist","floor":2.0,"turns":2.0},{"damage":5.0,"enemies":"Small Slimes","floor":3.0,"turns":2.0},{"damage":7.0,"enemies":"Gremlin Gang","floor":5.0,"turns":4.0},{"damage":7.0,"enemies":"Gremlin Nob","floor":7.0,"turns":3.0},{"damage":7.0,"enemies":"2 Fungi Beasts","floor":10.0,"turns":3.0},{"damage":17.0,"enemies":"Lots of Slimes","floor":11.0,"turns":3.0},{"damage":13.0,"enemies":"Lagavulin","floor":12.0,"turns":5.0},{"damage":6.0,"enemies":"3 Louse","floor":13.0,"turns":3.0},{"damage":15.0,"enemies":"3 Sentries","floor":14.0,"turns":7.0},{"damage":1.0,"enemies":"Slime Boss","floor":16.0,"turns":8.0},{"damage":17.0,"enemies":"Shell Parasite","floor":18.0,"turns":7.0},{"damage":1.0,"enemies":"Chosen","floor":19.0,"turns":6.0},{"damage":10.0,"enemies":"Centurion and Healer","floor":20.0,"turns":9.0},{"damage":0.0,"enemies":"Chosen and Byrds","floor":24.0,"turns":14.0},{"damage":81.0,"enemies":"Slavers","floor":25.0,"turns":12.0},{"damage":38.0,"enemies":"Shelled Parasite and Fungi","floor":27.0,"turns":7.0},{"damage":10,"enemies":"Snake Plant","floor":29,"turns":4}],"seed_played":"-5100948288052606962","potions_obtained":[{"floor":1.0,"key":"AttackPotion"},{"floor":3.0,"key":"DistilledChaos"},{"floor":10.0,"key":"Fire Potion"},{"floor":11.0,"key":"FearPotion"},{"floor":18.0,"key":"Regen Potion"},{"floor":20.0,"key":"Dexterity Potion"}],"is_trial":false,"path_per_floor":["M","M","M","?","M","R","E","?","T","M","M","E","M","E","R","B",null,"M","M","M","$","?","R","M","E","T","M","?","M"],"character_chosen":"IRONCLAD","items_purchased":["True Grit","Feel No Pain"],"campfire_rested":2,"item_purchase_floors":[21,21],"current_hp_per_floor":[77,77,72,72,65,65,58,58,58,59,63,55,55,52,76,79,80,69,68,69,69,69,80,80,14,14,5,5,0,0],"gold":323,"neow_bonus":"BOSS_RELIC","is_daily":false,"chose_seed":false,"campfire_upgraded":0,"win_rate":0.0,"timestamp":1611539091,"path_taken":["M","M","M","?","M","R","E","?","T","M","M","E","?","E","R","BOSS","M","?","M","$","?","R","?","E","T","M","?","?"],"items_purchased_type":["Card","Card"],"build_version":"2020-12-22","purchased_purges":1,"victory":false,"max_hp_per_floor":[80,80,80,80,80,80,80,80,80,80,80,80,80,80,80,80,80,80,80,80,80,80,80,80,80,80,80,80,80,80],"relic_stats":{"Regal Pillow":0,"counters":[18,102],"Blue Candle":[4],"Black Star":1,"Kunai":[1],"obtain_stats":[{"Ice Cream":9,"Regal Pillow":26,"Matryoshka":25,"Blue Candle":7,"Vajra":14,"Fusion Hammer":0,"Black Star":17,"Kunai":25,"Burning Blood":0,"FossilizedHelix":12},{"Ice Cream":5,"Regal Pillow":16,"Matryoshka":16,"Blue Candle":5,"Vajra":10,"Fusion Hammer":0,"Black Star":11,"Kunai":16,"Burning Blood":0,"FossilizedHelix":8},{"Ice Cream":14,"Regal Pillow":91,"Matryoshka":91,"Blue Candle":14,"Vajra":35,"Fusion Hammer":0,"Black Star":43,"Kunai":91,"Burning Blood":0,"FossilizedHelix":25}]},"card_choices":[{"not_picked":["Combust","Heavy Blade"],"picked":"Carnage","floor":1.0},{"not_picked":["Dual Wield","Anger"],"picked":"Clothesline","floor":2.0},{"not_picked":["Clothesline","Havoc","Rupture"],"picked":"SKIP","floor":3.0},{"not_picked":["Pommel Strike","Spot Weakness","Iron Wave"],"picked":"SKIP","floor":5.0},{"not_picked":["Iron Wave","Burning Pact"],"picked":"Reaper","floor":7.0},{"not_picked":["Body Slam","Clothesline","Cleave"],"picked":"SKIP","floor":10.0},{"not_picked":["Body Slam","Clothesline","Cleave"],"picked":"SKIP","floor":10.0},{"not_picked":["Whirlwind","Blood for Blood"],"picked":"True Grit","floor":11.0},{"not_picked":["Power Through","Body Slam"],"picked":"Ghostly Armor","floor":12.0},{"not_picked":["Thunderclap","Armaments"],"picked":"Impervious","floor":13.0},{"not_picked":["Clothesline","Cleave","Flex"],"picked":"SKIP","floor":14.0},{"not_picked":["Double Tap","Offering"],"picked":"Barricade","floor":16.0},{"not_picked":["Armaments","Anger+1"],"picked":"Disarm","floor":18.0},{"not_picked":["Body Slam","Clothesline","Sever Soul"],"picked":"SKIP","floor":19.0},{"not_picked":["Combust","Iron Wave"],"picked":"Feel No Pain","floor":20.0},{"not_picked":["Combust","Clothesline","Iron Wave"],"picked":"SKIP","floor":24.0},{"not_picked":["Flame Barrier","Carnage"],"picked":"Bloodletting+1","floor":25.0},{"not_picked":["Armaments","Cleave"],"picked":"Dark Embrace","floor":27.0}],"player_experience":881295,"relics_obtained":[{"floor":7.0,"key":"Blue Candle"},{"floor":9.0,"key":"Ice Cream"},{"floor":12.0,"key":"FossilizedHelix"},{"floor":14.0,"key":"Vajra"},{"floor":25.0,"key":"Matryoshka"},{"floor":25.0,"key":"Kunai"},{"floor":26.0,"key":"Regal Pillow"}],"event_choices":[{"damage_healed":72.0,"max_hp_gain":0.0,"max_hp_loss":80.0,"gold_gain":0.0,"event_name":"betterThird:BetterShining","player_choice":"Embrace","floor":4.0,"gold_loss":0.0,"damage_taken":0.0},{"damage_healed":0.0,"max_hp_gain":0.0,"max_hp_loss":0.0,"gold_gain":0.0,"event_name":"Wheel of Change","player_choice":"Cursed","floor":8.0,"gold_loss":0.0,"damage_taken":0.0,"cards_obtained":["Decay"]},{"damage_healed":0.0,"max_hp_gain":0.0,"max_hp_loss":0.0,"gold_gain":0.0,"event_name":"The Woman in Blue","player_choice":"Bought 0 Potions","floor":22.0,"gold_loss":0.0,"damage_taken":0.0},{"damage_healed":0.0,"max_hp_gain":0.0,"max_hp_loss":0.0,"gold_gain":0.0,"event_name":"Match and Keep!","player_choice":"2 cards matched","floor":28.0,"gold_loss":0.0,"damage_taken":0.0,"cards_obtained":["Forethought","Demon Form"]}],"is_beta":false,"boss_relics":[{"not_picked":["Tiny House","Coffee Dripper"],"picked":"Black Star"}],"items_purged_floors":[21],"is_endless":false,"potions_floor_spawned":[1,3,10,11,18,20],"killed_by":"Snake Plant","ascension_level":4}}