{"host":"usdj552hvd2ulznm","time":1611556514,"event":{"mods":["Act Like it!","Aspiration","BaseMod","Better Third Choice","Colored Powertips","Conjunction","Conspire","DeckTracker","Dota2Spire","Downfall","Emptier Cage","Energized Spire","Gensokyo","GifTheSpireLib","GungeonMod","Halation","Hallownest","Hermit","Hubris","Infinite Spire","Key Reminder","Lobotomy","LobotomyExtend","Minty Spire (QoL Compilation)","MostiFishMod","Poem Panic","Quarter Circle Forward PUNCH!","Quick Restart","RNG Fix","Railgun Mod","Random Character Mod","Relic Stats","Reliquary","Replay The Spire","Reworked Bosses","Small Relic Pack","StSLib","Stuff the Spire","The Animator","The Blue Laboratory","The IronCluck","The Jungle","Uncapped","WarShipGirlsR/????R mod","Wide Potions","??????REMEMod"],"gold_per_floor":[118,128,228,5,85,112,127,127,173,190,190,190,201,220,220,220,220],"floor_reached":16,"language":"ENG","playtime":533,"items_purged":["rmod:defend"],"score":107,"play_id":"e2375ced-816d-40fa-8355-ab9514129c7b","local_time":"20210124233514","is_ascension_mode":true,"campfire_choices":[{"data":"rmod:robin","floor":8,"key":"SMITH"},{"data":"rmod:basicallowance","floor":11,"key":"SMITH"}],"circlet_count":0,"master_deck":["rmod:strick","rmod:strick","rmod:strick","rmod:strick","rmod:defend","rmod:defend","rmod:defend","rmod:basicallowance+1","rmod:maingunfire","rmod:generalist","rmod:aviationdawn+1","rmod:robin+1","rmod:luckystar","rmod:garrisonisland","rmod:ridicule"],"relics":["rmod:firstchargereward","DaveBox","REME_ComplimentaryCards","SynthV:TestCard","LetterFromLob","ImprovedEquipment","PreservedInsect","Bottled Lightning","keyreminder:keyreminder"],"acts_visited":["Gensokyo:Gensokyo"],"potions_floor_usage":[16,16],"damage_taken":[{"damage":1,"enemies":"Gensokyo:Gryphon","floor":1,"turns":3},{"damage":5,"enemies":"Gensokyo:Python","floor":2,"turns":4},{"damage":21,"enemies":"Gensokyo:Cirno","floor":6,"turns":6},{"damage":0,"enemies":"Gensokyo:3_Fairies","floor":7,"turns":2},{"damage":3,"enemies":"Gensokyo:2_Rabbits","floor":10,"turns":3},{"damage":7,"enemies":"Gensokyo:Gryphon_and_Rabbit","floor":13,"turns":3},{"damage":10,"enemies":"Gensokyo:5_Fairies","floor":14,"turns":6},{"damage":57,"enemies":"Gensokyo:Yukari","floor":16,"turns":7}],"seed_played":"-5483618601745790024","potions_obtained":[{"floor":6,"key":"Explosive Potion"},{"floor":7,"key":"blueLaboratory:PyrophylliteBrew"}],"is_trial":false,"path_per_floor":["M","M","?","$","?","E","M","R","T","M","R","M","M","M","R","B"],"character_chosen":"PRAEFECT","items_purchased":["PreservedInsect"],"campfire_rested":0,"item_purchase_floors":[4],"current_hp_per_floor":[74,69,69,69,69,48,48,48,48,45,45,45,38,28,50,0,0],"gold":220,"neow_bonus":"","is_daily":false,"chose_seed":false,"campfire_upgraded":2,"win_rate":0.0,"timestamp":1611556514,"path_taken":["M","?","?","$","?","E","M","R","T","M","R","M","M","M","R","BOSS"],"items_purchased_type":["Relic"],"build_version":"2020-12-22","purchased_purges":1,"victory":false,"max_hp_per_floor":[75,75,75,75,75,75,75,75,75,75,75,75,75,75,75,75,75],"relic_stats":{"counters":[8,34],"PreservedInsect":11,"obtain_stats":[{"keyreminder:keyreminder":9,"CogitoBucket":0,"SynthV:TestCard":1,"DaveBox":0,"ImprovedEquipment":2,"DemoMod:GlassGuonStoneRelic":2,"PreservedInsect":4,"rmod:firstchargereward":0,"LetterFromLob":1,"Bottled Lightning":6,"REME_ComplimentaryCards":0},{"keyreminder:keyreminder":4,"CogitoBucket":0,"SynthV:TestCard":1,"DaveBox":0,"ImprovedEquipment":2,"DemoMod:GlassGuonStoneRelic":2,"PreservedInsect":2,"rmod:firstchargereward":0,"LetterFromLob":1,"Bottled Lightning":3,"REME_ComplimentaryCards":0},{"keyreminder:keyreminder":15,"CogitoBucket":0,"SynthV:TestCard":3,"DaveBox":0,"ImprovedEquipment":5,"DemoMod:GlassGuonStoneRelic":7,"PreservedInsect":7,"rmod:firstchargereward":0,"LetterFromLob":3,"Bottled Lightning":13,"REME_ComplimentaryCards":0}]},"card_choices":[{"not_picked":["rmod:aluminumsupply","rmod:ammunitionsupply"],"picked":"rmod:generalist","floor":1},{"not_picked":["rmod:goodsister","rmod:unsinkable","rmod:supportescort","rmod:guardianhero"],"picked":"rmod:aviationdawn","floor":2},{"not_picked":["rmod:victimresponsibility","rmod:seals","rmod:tearstotiara","rmod:slowdown"],"picked":"rmod:robin","floor":6},{"not_picked":["rmod:lastglory","rmod:intelligenceanalysis","rmod:tearstotiara","rmod:overbreakdown"],"picked":"rmod:luckystar","floor":7},{"not_picked":["rmod:combined","rmod:punchline","rmod:wife","rmod:guardianhero"],"picked":"rmod:garrisonisland","floor":10},{"not_picked":["rmod:tearstotiara","rmod:intelligenceanalysis","rmod:diamondstrike","rmod:steelsupply","rmod:punchline"],"picked":"SKIP","floor":13},{"not_picked":["rmod:aviationdawn","rmod:bulid","rmod:luckystar","rmod:ammunitionsupply"],"picked":"rmod:ridicule","floor":14}],"player_experience":481577,"relics_obtained":[{"floor":1,"key":"SynthV:TestCard"},{"floor":1,"key":"LetterFromLob"},{"floor":6,"key":"Bottled Lightning"}],"event_choices":[],"is_beta":false,"boss_relics":[],"items_purged_floors":[4],"is_endless":false,"potions_floor_spawned":[6,7,13],"killed_by":"Gensokyo:Yukari","ascension_level":1}}