{"host":"t75twhtg6c476ygg","time":1611601649,"event":{"mods":["AchievementEnabler","BaseMod","Colored Powertips","Minty Spire (QoL Compilation)","Quick Restart","Relic Stats","StSLib","SuperFastMode"],"gold_per_floor":[110,28,28,169,186,212,212,212,212,212,234,274,274,274,274,408,408,437,216,241,321,321,363,363,419,419,467,486,486,501,129,129,262,289,314,338,361,583,207,207,242,265,290,324,324,347,258,272,272,272,572,572,70,113,113],"floor_reached":56,"language":"ENG","playtime":7908,"items_purged":["Defend_B"],"score":1681,"play_id":"69d1b4e0-493c-4a7f-af1e-04ab0c54d64c","local_time":"20210125190729","is_ascension_mode":true,"campfire_choices":[{"data":"Loop","floor":7.0,"key":"SMITH"},{"data":"Gash","floor":10.0,"key":"SMITH"},{"data":"Loop","floor":15.0,"key":"SMITH"},{"floor":29.0,"key":"REST"},{"data":"Buffer","floor":32.0,"key":"SMITH"},{"data":"Zap","floor":40.0,"key":"PURGE"},{"data":"Machine Learning","floor":45.0,"key":"SMITH"},{"data":"Echo Form","floor":49.0,"key":"SMITH"},{"data":"Defend_B","floor":52.0,"key":"PURGE"}],"circlet_count":0,"master_deck":["Strike_B","Strike_B","Defend_B","Dualcast+1","Cold Snap","Loop+1","Loop+1","Core Surge","Conserve Battery+1","Biased Cognition+1","Biased Cognition+1","Biased Cognition+1","Defragment+1","Defragment+1","Defragment+1","Defragment+1","Electrodynamics+1","Panacea+1","Panacea+1","Storm+1","Buffer+1","Machine Learning+1","Storm+1","Echo Form+1","Heatsinks"],"relics":["Cracked Core","NeowsBlessing","FossilizedHelix","Lizard Tail","Calipers","Lee\u0027s Waffle","Singing Bowl","Blood Vial","CeramicFish","Mercury Hourglass","DataDisk","Golden Idol","Inserter","Runic Capacitor","Oddly Smooth Stone","Kunai","ClockworkSouvenir","Mummified Hand","Red Mask","Prayer Wheel","Bag of Marbles","Peace Pipe","Bird Faced Urn","OrangePellets","Astrolabe","Sling","Juzu Bracelet","Unceasing Top","Ice Cream","War Paint","Pantograph","Lantern","Emotion Chip","Shuriken","Membership Card","Vajra","Turnip","Thread and Needle"],"acts_visited":["Exordium","TheCity","TheBeyond","TheEnding"],"potions_floor_usage":[55],"damage_taken":[{"damage":0.0,"enemies":"2 Louse","floor":1.0,"turns":1.0},{"damage":0.0,"enemies":"Cultist","floor":5.0,"turns":1.0},{"damage":0.0,"enemies":"3 Sentries","floor":6.0,"turns":1.0},{"damage":0.0,"enemies":"Jaw Worm","floor":11.0,"turns":3.0},{"damage":11.0,"enemies":"Lagavulin","floor":12.0,"turns":5.0},{"damage":9.0,"enemies":"The Guardian","floor":16.0,"turns":9.0},{"damage":11.0,"enemies":"Spheric Guardian","floor":18.0,"turns":4.0},{"damage":9.0,"enemies":"3 Byrds","floor":20.0,"turns":3.0},{"damage":10.0,"enemies":"Masked Bandits","floor":21.0,"turns":5.0},{"damage":23.0,"enemies":"Slavers","floor":23.0,"turns":3.0},{"damage":0.0,"enemies":"Book of Stabbing","floor":25.0,"turns":4.0},{"damage":15.0,"enemies":"Slavers","floor":27.0,"turns":2.0},{"damage":14.0,"enemies":"Shelled Parasite and Fungi","floor":28.0,"turns":3.0},{"damage":0.0,"enemies":"Centurion and Healer","floor":30.0,"turns":3.0},{"damage":0.0,"enemies":"Collector","floor":33.0,"turns":3.0},{"damage":0.0,"enemies":"3 Darklings","floor":35.0,"turns":2.0},{"damage":0.0,"enemies":"Orb Walker","floor":36.0,"turns":2.0},{"damage":0.0,"enemies":"3 Darklings","floor":37.0,"turns":1.0},{"damage":0.0,"enemies":"Giant Head","floor":41.0,"turns":4.0},{"damage":6.0,"enemies":"Sphere and 2 Shapes","floor":42.0,"turns":2.0},{"damage":0.0,"enemies":"Reptomancer","floor":44.0,"turns":3.0},{"damage":0.0,"enemies":"Jaw Worm Horde","floor":48.0,"turns":2.0},{"damage":19.0,"enemies":"Donu and Deca","floor":50.0,"turns":6.0},{"damage":0,"enemies":"Shield and Spear","floor":54,"turns":2},{"damage":46,"enemies":"The Heart","floor":55,"turns":4}],"seed_played":"-5953650411651962599","potions_obtained":[{"floor":1.0,"key":"EssenceOfSteel"},{"floor":18.0,"key":"Strength Potion"}],"is_trial":false,"path_per_floor":["M","$","?","$","M","E","R","?","T","R","M","E","?","?","R","B",null,"M","$","M","?","?","E","?","E","T","E","M","R","M","$","R","B",null,"M","M","M","?","$","R","E","M","T","E","R","T","$","M","R","B",null,"R","$","E","B",null],"character_chosen":"DEFECT","items_purchased":["FossilizedHelix","Lizard Tail","Loop","FairyPotion","Lee\u0027s Waffle","Singing Bowl","Blood Vial","EntropicBrew","Runic Capacitor","Oddly Smooth Stone","Kunai","Buffer","Bird Faced Urn","Sling","Juzu Bracelet","Emotion Chip","Echo Form","Shuriken","Membership Card","Vajra","Turnip","EssenceOfDarkness","FairyPotion","Heatsinks"],"campfire_rested":1,"item_purchase_floors":[2,2,2,4,4,4,4,4,19,19,19,31,31,39,39,47,47,47,53,53,53,53,53,53],"current_hp_per_floor":[75,75,57,82,82,84,84,84,84,84,84,73,66,45,45,38,84,73,73,68,62,62,43,37,41,41,28,20,48,54,54,54,70,100,104,108,110,110,110,110,112,112,112,118,118,118,118,122,122,122,122,122,122,124,94],"gold":113,"neow_bonus":"THREE_ENEMY_KILL","is_daily":false,"chose_seed":false,"campfire_upgraded":6,"win_rate":0.0,"timestamp":1611601649,"path_taken":["M","$","?","$","M","E","R","?","T","R","?","E","?","?","R","BOSS","M","$","M","?","?","E","?","E","T","E","M","R","M","$","R","BOSS","M","M","?","?","$","R","E","M","T","E","R","?","$","M","R","BOSS","R","$","E","BOSS"],"items_purchased_type":["Relic","Relic","Card","Potion","Relic","Relic","Relic","Potion","Relic","Relic","Relic","Card","Relic","Relic","Relic","Relic","Card","Relic","Relic","Relic","Relic","Potion","Potion","Card"],"build_version":"2020-12-22","purchased_purges":1,"victory":true,"max_hp_per_floor":[75,75,75,82,82,84,84,84,84,84,84,84,84,84,84,84,84,84,84,86,88,88,90,90,92,92,92,96,96,100,100,100,100,100,104,108,110,110,110,110,112,116,116,118,118,118,118,122,122,122,122,122,122,124,124],"relic_stats":{"Lee\u0027s Waffle":25,"Inserter":[29],"Singing Bowl":42,"counters":[25,77],"Golden Idol":190,"CeramicFish":207,"Astrolabe":["FTL","Reinforced Body","Capacitor"],"Juzu Bracelet":0,"War Paint":["Dualcast","Conserve Battery"],"Mercury Hourglass":[305],"Blood Vial":20,"Peace Pipe":3,"OrangePellets":[2],"Lizard Tail":0,"Emotion Chip":[22,21,1,0,0],"Mummified Hand":[114],"Shuriken":[2],"Bird Faced Urn":[53],"Pantograph":0,"Prayer Wheel":7,"Turnip":[2],"Kunai":[3],"obtain_stats":[{"Ice Cream":41,"Lantern":46,"Calipers":3,"Singing Bowl":4,"CeramicFish":6,"Vajra":53,"Runic Capacitor":19,"CloakClasp":19,"Juzu Bracelet":39,"Sling":39,"ClockworkSouvenir":19,"Blood Vial":4,"Lizard Tail":2,"Emotion Chip":47,"Mummified Hand":19,"Pantograph":44,"Prayer Wheel":23,"Red Mask":21,"Kunai":19,"Cracked Core":0,"Lee\u0027s Waffle":4,"Inserter":17,"NeowsBlessing":0,"Golden Idol":14,"Astrolabe":34,"Oddly Smooth Stone":19,"Thread and Needle":54,"War Paint":43,"Mercury Hourglass":9,"Peace Pipe":26,"OrangePellets":33,"DataDisk":12,"Shuriken":47,"Bird Faced Urn":31,"Turnip":53,"Bag of Marbles":25,"Membership Card":53,"FossilizedHelix":2,"Unceasing Top":41},{"Ice Cream":19,"Lantern":21,"Calipers":1,"Singing Bowl":1,"CeramicFish":3,"Vajra":23,"Runic Capacitor":7,"CloakClasp":7,"Juzu Bracelet":18,"Sling":18,"ClockworkSouvenir":7,"Blood Vial":1,"Lizard Tail":1,"Emotion Chip":21,"Mummified Hand":7,"Pantograph":21,"Prayer Wheel":10,"Red Mask":9,"Kunai":7,"Cracked Core":0,"Lee\u0027s Waffle":1,"Inserter":6,"NeowsBlessing":0,"Golden Idol":5,"Astrolabe":15,"Oddly Smooth Stone":7,"Thread and Needle":24,"War Paint":20,"Mercury Hourglass":3,"Peace Pipe":11,"OrangePellets":15,"DataDisk":5,"Shuriken":21,"Bird Faced Urn":14,"Turnip":23,"Bag of Marbles":11,"Membership Card":23,"FossilizedHelix":1,"Unceasing Top":19},{"Ice Cream":58,"Lantern":63,"Calipers":1,"Singing Bowl":1,"CeramicFish":3,"Vajra":71,"Runic Capacitor":23,"CloakClasp":23,"Juzu Bracelet":54,"Sling":54,"ClockworkSouvenir":23,"Blood Vial":1,"Lizard Tail":1,"Emotion Chip":63,"Mummified Hand":23,"Pantograph":63,"Prayer Wheel":34,"Red Mask":31,"Kunai":23,"Cracked Core":0,"Lee\u0027s Waffle":1,"Inserter":20,"NeowsBlessing":0,"Golden Idol":11,"Astrolabe":49,"Oddly Smooth Stone":23,"Thread and Needle":73,"War Paint":60,"Mercury Hourglass":3,"Peace Pipe":38,"OrangePellets":47,"DataDisk":11,"Shuriken":63,"Bird Faced Urn":46,"Turnip":71,"Bag of Marbles":38,"Membership Card":71,"FossilizedHelix":1,"Unceasing Top":55}],"Unceasing Top":[19]},"card_choices":[{"not_picked":["Undo","BootSequence"],"picked":"Cold Snap","floor":1.0},{"not_picked":["Beam Cell","Go for the Eyes"],"picked":"Gash","floor":5.0},{"not_picked":["Thunder Strike","Hologram","Stack"],"picked":"Singing Bowl","floor":6.0},{"not_picked":["Heatsinks","Blizzard"],"picked":"Ball Lightning","floor":11.0},{"not_picked":["Hello World","Cold Snap"],"picked":"Loop","floor":12.0},{"not_picked":["Amplify","Rainbow"],"picked":"Core Surge","floor":16.0},{"not_picked":["Chill+1","Hello World"],"picked":"Conserve Battery","floor":18.0},{"not_picked":["Rebound","Gash+1","Chill"],"picked":"Singing Bowl","floor":20.0},{"not_picked":["Undo","White Noise","Redo"],"picked":"Singing Bowl","floor":21.0},{"not_picked":["Tempest","Consume","Conserve Battery"],"picked":"Singing Bowl","floor":23.0},{"not_picked":["Compile Driver","Barrage","Ball Lightning+1"],"picked":"Singing Bowl","floor":25.0},{"not_picked":["Fission","Compile Driver"],"picked":"Storm+1","floor":27.0},{"not_picked":["Double Energy","Coolheaded","Go for the Eyes+1"],"picked":"Singing Bowl","floor":28.0},{"not_picked":["Gash","Barrage","Sunder"],"picked":"Singing Bowl","floor":28.0},{"not_picked":["BootSequence+1","Barrage+1","Reinforced Body"],"picked":"Singing Bowl","floor":30.0},{"not_picked":["Conserve Battery+1","Gash","Hologram+1"],"picked":"Singing Bowl","floor":30.0},{"not_picked":["Electrodynamics","Rainbow"],"picked":"Machine Learning","floor":33.0},{"not_picked":["Self Repair+1","Hologram","Loop+1"],"picked":"Singing Bowl","floor":35.0},{"not_picked":["Scrape+1","Aggregate+1","Reprogram+1"],"picked":"Singing Bowl","floor":35.0},{"not_picked":["Go for the Eyes+1","Barrage","Conserve Battery+1"],"picked":"Singing Bowl","floor":36.0},{"not_picked":["Steam+1","Defragment","Lockon+1"],"picked":"Singing Bowl","floor":36.0},{"not_picked":["Recycle+1","Defragment+1","Barrage"],"picked":"Singing Bowl","floor":37.0},{"not_picked":["Steam+1","Genetic Algorithm+1"],"picked":"Storm+1","floor":37.0},{"not_picked":["Compile Driver","Leap","Gash"],"picked":"Singing Bowl","floor":41.0},{"not_picked":["Coolheaded","Undo+1","Cold Snap+1"],"picked":"Singing Bowl","floor":42.0},{"not_picked":["Gash","Fusion","Coolheaded+1"],"picked":"Singing Bowl","floor":42.0},{"not_picked":["Double Energy+1","Meteor Strike","Gash"],"picked":"Singing Bowl","floor":44.0},{"not_picked":["Sweeping Beam","Go for the Eyes","Barrage+1"],"picked":"Singing Bowl","floor":48.0},{"not_picked":["Barrage+1","Conserve Battery","Gash"],"picked":"Singing Bowl","floor":48.0},{"not_picked":["Consume+1","Rebound","Heatsinks"],"picked":"Singing Bowl","floor":54}],"player_experience":268160,"relics_obtained":[{"floor":6.0,"key":"CeramicFish"},{"floor":9.0,"key":"Mercury Hourglass"},{"floor":12.0,"key":"DataDisk"},{"floor":21.0,"key":"Red Mask"},{"floor":23.0,"key":"Prayer Wheel"},{"floor":25.0,"key":"Bag of Marbles"},{"floor":26.0,"key":"Peace Pipe"},{"floor":27.0,"key":"Mummified Hand"},{"floor":41.0,"key":"Ice Cream"},{"floor":43.0,"key":"War Paint"},{"floor":44.0,"key":"Pantograph"},{"floor":46.0,"key":"Lantern"},{"floor":54,"key":"Thread and Needle"}],"event_choices":[{"damage_healed":0.0,"max_hp_gain":0.0,"max_hp_loss":0.0,"gold_gain":0.0,"event_name":"Scrap Ooze","player_choice":"Success","floor":3.0,"gold_loss":0.0,"damage_taken":18.0,"relics_obtained":["Calipers"]},{"cards_removed":["Strike_B"],"damage_healed":0.0,"max_hp_gain":0.0,"max_hp_loss":0.0,"gold_gain":0.0,"event_name":"Purifier","player_choice":"Purged","floor":8.0,"gold_loss":0.0,"damage_taken":0.0},{"cards_removed":["Strike_B"],"damage_healed":0.0,"max_hp_gain":0.0,"max_hp_loss":0.0,"gold_gain":0.0,"event_name":"Golden Wing","player_choice":"Card Removal","floor":13.0,"gold_loss":0.0,"damage_taken":7.0},{"damage_healed":0.0,"max_hp_gain":0.0,"max_hp_loss":0.0,"gold_gain":0.0,"event_name":"Golden Idol","player_choice":"Take Damage","floor":14.0,"gold_loss":0.0,"damage_taken":21.0,"relics_obtained":["Golden Idol"]},{"damage_healed":0.0,"max_hp_gain":0.0,"max_hp_loss":0.0,"gold_gain":0.0,"event_name":"Masked Bandits","player_choice":"Fought Bandits","floor":21.0,"gold_loss":0.0,"damage_taken":0.0},{"damage_healed":0.0,"max_hp_gain":0.0,"max_hp_loss":0.0,"gold_gain":0.0,"event_name":"Vampires","player_choice":"Ignored","floor":22.0,"gold_loss":0.0,"damage_taken":0.0},{"damage_healed":0.0,"max_hp_gain":0.0,"max_hp_loss":0.0,"gold_gain":0.0,"event_name":"Knowing Skull","player_choice":"","floor":24.0,"potions_obtained":[],"gold_loss":0.0,"damage_taken":6.0,"cards_obtained":[]},{"damage_healed":0.0,"max_hp_gain":0.0,"max_hp_loss":0.0,"gold_gain":222.0,"event_name":"Tomb of Lord Red Mask","player_choice":"Wore Mask","floor":38.0,"gold_loss":0.0,"damage_taken":0.0}],"is_beta":false,"boss_relics":[{"not_picked":["Velvet Choker","Philosopher\u0027s Stone"],"picked":"Inserter"},{"not_picked":["Busted Crown","Sozu"],"picked":"Astrolabe"}],"items_purged_floors":[39],"is_endless":false,"potions_floor_spawned":[1,11,16,18,25,33,37,41,42,48,54],"ascension_level":2}}