{"host":"2ica2wc1gg7guzbw","time":1611600896,"event":{"mods":["BaseMod","Colored Map","Minty Spire (QoL Compilation)","Replay The Spire","Shop Mod","StSLib"],"gold_per_floor":[116,116,191,20,20,52,71,104,104,167,167,112,185,150,150,150,150],"floor_reached":16,"language":"RUS","playtime":498,"items_purged":[],"score":282,"play_id":"345c79c3-f512-4f03-8c59-9aee1f0765d8","local_time":"20210125225456","is_ascension_mode":true,"campfire_choices":[{"floor":15,"key":"RECALL"}],"circlet_count":0,"master_deck":["AscendersBane","Strike_B","Strike_B","Strike_B","Defend_B","Defend_B","Defend_B","Defend_B","Zap","Dualcast","Streamline","Conserve Battery","Chill","Cold Snap","Chill","Ball Lightning"],"relics":["Cracked Core","NeowsBlessing","ReplayTheSpireMod:Ring of Collecting","ReplayTheSpireMod:Ring of Exchange","Replay:Antivirus Software","Mirror","Oddly Smooth Stone","ReplayTheSpireMod:Ring of Challenge","Tiny Chest","ReplayTheSpireMod:TigerMarble"],"acts_visited":["Exordium"],"potions_floor_usage":[],"damage_taken":[{"damage":0.0,"enemies":"2 Louse","floor":1.0,"turns":1.0},{"damage":0.0,"enemies":"Lagavulin","floor":6.0,"turns":2.0},{"damage":0.0,"enemies":"Cultist","floor":7.0,"turns":1.0},{"damage":10.0,"enemies":"3 Sentries","floor":8.0,"turns":8.0},{"damage":0,"enemies":"Jaw Worm","floor":10,"turns":4},{"damage":14,"enemies":"Lagavulin","floor":13,"turns":8},{"damage":46,"enemies":"Slime Boss","floor":16,"turns":8}],"seed_played":"-485891404000843096","potions_obtained":[{"floor":7.0,"key":"Elixir"},{"floor":8.0,"key":"Block Potion"}],"is_trial":false,"path_per_floor":["M","?","?","$","?","E","M","E","T","M","T","$","E","?","R","B"],"character_chosen":"DEFECT","items_purchased":["Replay:Antivirus Software","Ball Lightning"],"campfire_rested":0,"item_purchase_floors":[4,12],"current_hp_per_floor":[64,64,53,53,53,53,53,43,43,43,43,43,29,46,46,0,0],"gold":150,"neow_bonus":"THREE_ENEMY_KILL","is_daily":false,"chose_seed":false,"campfire_upgraded":0,"win_rate":0.0,"timestamp":1611600896,"path_taken":["M","?","?","$","?","E","M","E","T","?","?","$","E","?","R","BOSS"],"items_purchased_type":["Relic","Card"],"build_version":"2020-12-22","purchased_purges":0,"victory":false,"max_hp_per_floor":[71,71,71,71,71,71,71,71,71,71,71,71,71,71,71,71,71],"card_choices":[{"not_picked":["Hologram","Compile Driver"],"picked":"Streamline","floor":1.0},{"not_picked":["Doom and Gloom","Capacitor"],"picked":"Conserve Battery","floor":6.0},{"not_picked":["BasicCrystalCard","Coolheaded"],"picked":"Chill","floor":7.0},{"not_picked":["Coolheaded","Storm"],"picked":"Cold Snap","floor":8.0},{"not_picked":["Coolheaded","BootSequence"],"picked":"Chill","floor":10},{"not_picked":["Gash","Chill","Genetic Algorithm"],"picked":"SKIP","floor":13}],"player_experience":931520,"relics_obtained":[{"floor":2.0,"key":"ReplayTheSpireMod:Ring of Collecting"},{"floor":2.0,"key":"ReplayTheSpireMod:Ring of Exchange"},{"floor":6.0,"key":"Mirror"},{"floor":8.0,"key":"Oddly Smooth Stone"},{"floor":9.0,"key":"ReplayTheSpireMod:Ring of Challenge"},{"floor":11,"key":"Tiny Chest"},{"floor":13,"key":"ReplayTheSpireMod:TigerMarble"}],"event_choices":[{"damage_healed":0.0,"max_hp_gain":0.0,"max_hp_loss":0.0,"gold_gain":75.0,"event_name":"World of Goop","player_choice":"Gather Gold","floor":3.0,"gold_loss":0.0,"damage_taken":11.0},{"cards_removed":["Strike_B"],"damage_healed":0.0,"max_hp_gain":0.0,"max_hp_loss":0.0,"gold_gain":0.0,"event_name":"Bonfire Elementals","player_choice":"Offered Basic","floor":5.0,"gold_loss":0.0,"damage_taken":0.0},{"damage_healed":17,"gold_gain":0,"player_choice":"Healed","damage_taken":0,"max_hp_gain":0,"max_hp_loss":0,"event_name":"The Cleric","floor":14,"gold_loss":35}],"is_beta":false,"boss_relics":[],"items_purged_floors":[],"is_endless":false,"potions_floor_spawned":[7,8],"killed_by":"Slime Boss","ascension_level":20}}