{"host":"v3mpq6flurzldi5g","time":1611590655,"event":{"mods":["AchievementEnabler","BaseMod","Colored Powertips","Highlight Path","Minty Spire (QoL Compilation)","StSLib"],"gold_per_floor":[112,128,146,146,163,493,493,525,552,552,552,564,564,48,48,147,147,160,160,259,184,207,207,207],"floor_reached":23,"language":"ENG","playtime":948,"items_purged":[],"score":315,"play_id":"e8e9a802-ed82-47db-a377-b9a4bfa045f7","local_time":"20210125110415","is_ascension_mode":true,"campfire_choices":[{"floor":7,"key":"REST"},{"floor":11,"key":"REST"},{"floor":13,"key":"REST"},{"floor":15,"key":"REST"}],"circlet_count":0,"master_deck":["AscendersBane","Strike_G","Strike_G","Strike_G","Strike_G","Defend_G","Defend_G","Defend_G","Defend_G+1","Defend_G","Survivor","Neutralize+1","Choke","Blur","Deadly Poison+1","Poisoned Stab","Skewer","Footwork","Parasite","Cloak And Dagger","Footwork","After Image","Dodge and Roll+1","Bane+1"],"relics":["Ring of the Snake","Old Coin","Orichalcum","War Paint","ClockworkSouvenir","Anchor","Centennial Puzzle","Black Star","Nunchaku"],"acts_visited":["Exordium","TheCity"],"potions_floor_usage":[3,8,16,16],"damage_taken":[{"damage":2.0,"enemies":"Jaw Worm","floor":1.0,"turns":5.0},{"damage":0.0,"enemies":"2 Louse","floor":2.0,"turns":3.0},{"damage":0,"enemies":"Small Slimes","floor":3,"turns":2},{"damage":9,"enemies":"Blue Slaver","floor":5,"turns":5},{"damage":34,"enemies":"Lagavulin","floor":6,"turns":8},{"damage":28,"enemies":"Gremlin Nob","floor":8,"turns":5},{"damage":10,"enemies":"Exordium Thugs","floor":12,"turns":5},{"damage":28,"enemies":"Hexaghost","floor":16,"turns":10},{"damage":25,"enemies":"Chosen","floor":18,"turns":6},{"damage":3,"enemies":"2 Thieves","floor":21,"turns":5},{"damage":0,"enemies":"Gremlin Leader","floor":23,"turns":1}],"seed_played":"-934454428772436900","potions_obtained":[{"floor":2.0,"key":"Fire Potion"},{"floor":6,"key":"Block Potion"},{"floor":8,"key":"ColorlessPotion"},{"floor":12,"key":"LiquidBronze"}],"is_trial":false,"path_per_floor":["M","M","M","?","M","E","R","E","T","?","R","M","R","$","R","B",null,"M","?","?","M","T","E"],"character_chosen":"THE_SILENT","items_purchased":["ClockworkSouvenir","Anchor","Centennial Puzzle","Footwork"],"campfire_rested":4,"item_purchase_floors":[14,14,14,14],"current_hp_per_floor":[61,61,61,61,52,18,39,11,11,28,49,39,60,60,70,42,63,38,38,38,35,35,35,35],"gold":207,"neow_bonus":"TRANSFORM_CARD","is_daily":false,"chose_seed":false,"campfire_upgraded":0,"win_rate":0.0,"timestamp":1611590655,"path_taken":["M","M","M","?","M","E","R","E","T","?","R","M","R","$","R","BOSS","M","?","?","M","?","E"],"items_purchased_type":["Relic","Relic","Relic","Card"],"build_version":"2020-12-22","purchased_purges":0,"victory":false,"max_hp_per_floor":[70,70,70,70,70,70,70,70,70,70,70,70,70,70,70,70,70,70,70,70,70,70,70,70],"card_choices":[{"not_picked":["Blade Dance","PiercingWail"],"picked":"Blur","floor":1.0},{"not_picked":["Endless Agony","Bane"],"picked":"Deadly Poison","floor":2.0},{"not_picked":["Sucker Punch","Flying Knee"],"picked":"Poisoned Stab","floor":3},{"not_picked":["Escape Plan","Underhanded Strike","Slice"],"picked":"SKIP","floor":5},{"not_picked":["Sucker Punch","Deflect"],"picked":"Skewer","floor":6},{"not_picked":["Quick Slash","Malaise"],"picked":"Footwork","floor":8},{"not_picked":["Slice","Prepared"],"picked":"Cloak And Dagger","floor":12},{"not_picked":["Venomology","Malaise"],"picked":"After Image","floor":16},{"not_picked":["Dagger Spray","Reflex"],"picked":"Dodge and Roll+1","floor":18},{"not_picked":["Riddle With Holes+1","Skewer+1"],"picked":"Bane+1","floor":21}],"player_experience":1047022,"relics_obtained":[{"floor":6,"key":"Old Coin"},{"floor":8,"key":"Orichalcum"},{"floor":9,"key":"War Paint"},{"floor":22,"key":"Nunchaku"}],"event_choices":[{"damage_healed":0,"gold_gain":0,"player_choice":"Grow","damage_taken":0,"max_hp_gain":0,"max_hp_loss":0,"event_name":"Living Wall","floor":4,"gold_loss":0,"cards_upgraded":["Neutralize"]},{"damage_healed":17,"gold_gain":0,"player_choice":"Healed and dodged fight","damage_taken":0,"max_hp_gain":0,"max_hp_loss":0,"event_name":"Mushrooms","floor":10,"gold_loss":0,"cards_obtained":["Parasite"]},{"damage_healed":0,"gold_gain":0,"player_choice":"Ignored","damage_taken":0,"max_hp_gain":0,"max_hp_loss":0,"event_name":"Ghosts","floor":19,"gold_loss":0},{"damage_healed":0,"gold_gain":99,"player_choice":"Stole From Cult","damage_taken":0,"max_hp_gain":0,"max_hp_loss":0,"event_name":"Nest","floor":20,"gold_loss":0}],"is_beta":false,"boss_relics":[{"not_picked":["Pandora\u0027s Box","Tiny House"],"picked":"Black Star"}],"items_purged_floors":[],"is_endless":false,"potions_floor_spawned":[2,6,8,12],"killed_by":"Gremlin Leader","ascension_level":12}}