{"host":"hwrdjx5eod2cxh09","time":1611559757,"event":{"mods":["AchievementEnabler","BaseMod","Bestiary","Minty Spire (QoL Compilation)","Relic Stats"],"gold_per_floor":[16,27,41,53,65,65,85,85,111,142,154,184,3,78,78,193,205,229,241,266,278,304,342,354,366,459,471,471],"floor_reached":27,"language":"ENG","playtime":864,"items_purged":["Strike_R"],"score":270,"play_id":"c7698a5b-ca21-44e7-8101-1690a4a43c34","local_time":"20210125162917","is_ascension_mode":false,"campfire_choices":[{"floor":6.0,"key":"DIG"},{"floor":8.0,"key":"DIG"},{"floor":15.0,"key":"DIG"},{"floor":25,"key":"DIG"}],"circlet_count":0,"master_deck":["Defend_R","Defend_R","Defend_R","Defend_R","Bash","Twin Strike+1","Spot Weakness","Inflame","Limit Break","Inflame","Rage+1","Bite","Bite","Bite","Bite","Bite"],"relics":["Burning Blood","Shovel","Gambling Chip","Whetstone","Lantern","Bag of Preparation","Ancient Tea Set","Membership Card","MawBank","Empty Cage","Bag of Marbles","Pen Nib","The Courier"],"acts_visited":["Exordium","TheCity"],"potions_floor_usage":[18,27],"damage_taken":[{"damage":1.0,"enemies":"Cultist","floor":1.0,"turns":3.0},{"damage":1.0,"enemies":"2 Louse","floor":2.0,"turns":3.0},{"damage":5.0,"enemies":"Jaw Worm","floor":3.0,"turns":4.0},{"damage":13.0,"enemies":"Blue Slaver","floor":4.0,"turns":5.0},{"damage":13.0,"enemies":"Exordium Wildlife","floor":5.0,"turns":5.0},{"damage":11.0,"enemies":"Gremlin Gang","floor":7.0,"turns":5.0},{"damage":4.0,"enemies":"Gremlin Nob","floor":10.0,"turns":3.0},{"damage":3.0,"enemies":"Large Slime","floor":11.0,"turns":4.0},{"damage":12.0,"enemies":"3 Sentries","floor":12.0,"turns":6.0},{"damage":41.0,"enemies":"Slime Boss","floor":16.0,"turns":9.0},{"damage":10,"enemies":"3 Byrds","floor":18,"turns":4},{"damage":19,"enemies":"Spheric Guardian","floor":20,"turns":4},{"damage":0,"enemies":"Snecko","floor":22,"turns":3},{"damage":63,"enemies":"Gremlin Leader","floor":23,"turns":5},{"damage":18,"enemies":"Book of Stabbing","floor":27,"turns":2}],"seed_played":"-3173187941570830601","potions_obtained":[{"floor":1.0,"key":"Dexterity Potion"},{"floor":5.0,"key":"SpeedPotion"},{"floor":7.0,"key":"Block Potion"},{"floor":10.0,"key":"Explosive Potion"},{"floor":23,"key":"LiquidMemories"}],"is_trial":false,"path_per_floor":["M","M","M","M","M","R","M","R","T","E","M","E","$","?","R","B",null,"M","?","M","?","M","E","?","R","T","E"],"character_chosen":"IRONCLAD","items_purchased":["Membership Card"],"campfire_rested":0,"item_purchase_floors":[13],"current_hp_per_floor":[80,80,80,73,66,66,61,61,61,63,66,60,60,49,49,14,80,76,76,63,63,69,12,12,12,12,0,0],"gold":471,"neow_bonus":"ONE_RARE_RELIC","is_daily":false,"chose_seed":false,"campfire_upgraded":0,"win_rate":0.0,"timestamp":1611559757,"path_taken":["M","M","M","?","M","R","M","R","T","E","?","E","$","?","R","BOSS","M","?","M","?","M","E","?","R","T","E"],"items_purchased_type":["Relic"],"build_version":"2020-12-22","purchased_purges":1,"victory":false,"max_hp_per_floor":[80,80,80,80,80,80,80,80,80,80,80,80,80,80,80,80,80,80,80,80,80,80,80,56,56,56,56,56],"relic_stats":{"Shovel":4,"counters":[15,65],"Gambling Chip":[39],"Pen Nib":[0],"Bag of Preparation":[16],"Whetstone":["Strike_R","Twin Strike"],"MawBank":144,"obtain_stats":[{"Lantern":9,"Pen Nib":25,"The Courier":26,"Bag of Preparation":10,"Whetstone":8,"Ancient Tea Set":12,"MawBank":15,"Empty Cage":17,"Burning Blood":0,"Shovel":0,"Gambling Chip":6,"Bag of Marbles":23,"Membership Card":13},{"Lantern":6,"Pen Nib":14,"The Courier":14,"Bag of Preparation":7,"Whetstone":6,"Ancient Tea Set":9,"MawBank":9,"Empty Cage":10,"Burning Blood":0,"Shovel":0,"Gambling Chip":5,"Bag of Marbles":14,"Membership Card":9},{"Lantern":25,"Pen Nib":63,"The Courier":63,"Bag of Preparation":28,"Whetstone":25,"Ancient Tea Set":38,"MawBank":38,"Empty Cage":47,"Burning Blood":0,"Shovel":0,"Gambling Chip":20,"Bag of Marbles":63,"Membership Card":38}],"Burning Blood":73},"card_choices":[{"not_picked":["Power Through","Blood for Blood","Heavy Blade"],"picked":"SKIP","floor":1.0},{"not_picked":["Armaments","Burning Pact","Shockwave"],"picked":"SKIP","floor":2.0},{"not_picked":["Disarm","Second Wind"],"picked":"Twin Strike","floor":3.0},{"not_picked":["Second Wind","Power Through","Havoc"],"picked":"SKIP","floor":4.0},{"not_picked":["Dual Wield","Armaments"],"picked":"Spot Weakness","floor":5.0},{"not_picked":["Thunderclap","Flex","Hemokinesis"],"picked":"SKIP","floor":7.0},{"not_picked":["Hemokinesis","Warcry","Perfected Strike"],"picked":"SKIP","floor":10.0},{"not_picked":["True Grit","Flex"],"picked":"Inflame","floor":11.0},{"not_picked":["Twin Strike","Armaments","Clothesline"],"picked":"SKIP","floor":12.0},{"not_picked":["Corruption","Double Tap"],"picked":"Limit Break","floor":16.0},{"not_picked":["Seeing Red","Clothesline","True Grit+1"],"picked":"SKIP","floor":18},{"not_picked":["Bloodletting","Havoc","Flex"],"picked":"SKIP","floor":20},{"not_picked":["Clash","Sentinel+1","Havoc"],"picked":"SKIP","floor":22},{"not_picked":["Clothesline","Seeing Red+1"],"picked":"Rage+1","floor":23}],"player_experience":284663,"relics_obtained":[{"floor":6.0,"key":"Gambling Chip"},{"floor":8.0,"key":"Whetstone"},{"floor":9.0,"key":"Lantern"},{"floor":10.0,"key":"Bag of Preparation"},{"floor":12.0,"key":"Ancient Tea Set"},{"floor":15.0,"key":"MawBank"},{"floor":23,"key":"Bag of Marbles"},{"floor":25,"key":"Pen Nib"},{"floor":26,"key":"The Courier"}],"event_choices":[{"damage_healed":0.0,"max_hp_gain":0.0,"max_hp_loss":0.0,"gold_gain":75.0,"event_name":"World of Goop","player_choice":"Gather Gold","floor":14.0,"gold_loss":0.0,"damage_taken":11.0},{"damage_healed":0,"gold_gain":0,"player_choice":"Read","damage_taken":0,"max_hp_gain":0,"max_hp_loss":0,"event_name":"The Library","floor":19,"gold_loss":0,"cards_obtained":["Inflame"]},{"damage_healed":0,"gold_gain":0,"player_choice":"Ignored","damage_taken":0,"max_hp_gain":0,"max_hp_loss":0,"event_name":"Ghosts","floor":21,"gold_loss":0},{"damage_healed":0,"gold_gain":0,"player_choice":"Became a vampire","damage_taken":0,"max_hp_gain":0,"max_hp_loss":24,"event_name":"Vampires","floor":24,"gold_loss":0,"cards_obtained":["Bite","Bite","Bite","Bite","Bite"]}],"is_beta":false,"boss_relics":[{"not_picked":["Runic Pyramid","Coffee Dripper"],"picked":"Empty Cage"}],"items_purged_floors":[13],"is_endless":false,"potions_floor_spawned":[1,5,7,10,12,23],"killed_by":"Book of Stabbing","ascension_level":0}}