{"host":"vyjryxuuuxkt43k4","time":1611551788,"event":{"mods":["AchievementEnabler","BaseMod","Colored Map","DeckTracker","Keyboard Shortcuts","Minty Spire (QoL Compilation)","Permanent Neow","Quick Restart","Rare Cards Sparkle","StSLib","SuperFastMode","everything is the same but u backflip on backflip"],"gold_per_floor":[209,209,25,41,56,56,90,90,90,90,90,118,138,154,154,259,259,269,25,25,44,44,44,55,55,82,82,82,82,82],"floor_reached":29,"language":"KOR","playtime":1480,"items_purged":["Strike_G"],"score":358,"play_id":"ce818d71-90c5-45c6-8805-d80bf72bf327","local_time":"20210125141628","is_ascension_mode":true,"campfire_choices":[{"data":"Neutralize","floor":6.0,"key":"SMITH"},{"data":"Noxious Fumes","floor":8.0,"key":"SMITH"},{"data":"Adrenaline","floor":10.0,"key":"SMITH"},{"floor":15.0,"key":"REST"},{"floor":23,"key":"REST"},{"data":"Apotheosis","floor":25,"key":"SMITH"},{"floor":28,"key":"REST"}],"circlet_count":0,"master_deck":["AscendersBane","Strike_G","Strike_G","Defend_G","Defend_G","Defend_G","Defend_G","Defend_G","Survivor","Neutralize+1","Poisoned Stab","Adrenaline+1","Accuracy","Noxious Fumes+1","Flying Knee","Choke","Slice","Dodge and Roll","Night Terror","CurseOfTheBell","Backflip","Apotheosis+1","Blur","Escape Plan"],"relics":["Ring of the Snake","Bag of Preparation","Matryoshka","Orichalcum","Sundial","The Specimen","Calling Bell","Smiling Mask","Letter Opener","Tough Bandages","Omamori"],"acts_visited":["Exordium","TheCity"],"potions_floor_usage":[],"damage_taken":[{"damage":0.0,"enemies":"Small Slimes","floor":1.0,"turns":6.0},{"damage":0.0,"enemies":"Cultist","floor":4.0,"turns":4.0},{"damage":0.0,"enemies":"2 Louse","floor":5.0,"turns":2.0},{"damage":21.0,"enemies":"3 Sentries","floor":7.0,"turns":9.0},{"damage":22.0,"enemies":"Gremlin Nob","floor":12.0,"turns":5.0},{"damage":0.0,"enemies":"Looter","floor":13.0,"turns":3.0},{"damage":0.0,"enemies":"3 Louse","floor":14.0,"turns":3.0},{"damage":32.0,"enemies":"The Guardian","floor":16.0,"turns":12.0},{"damage":23.0,"enemies":"Shell Parasite","floor":18.0,"turns":6.0},{"damage":5.0,"enemies":"2 Thieves","floor":21.0,"turns":4.0},{"damage":11,"enemies":"Snecko","floor":24,"turns":5},{"damage":47,"enemies":"Slavers","floor":29,"turns":4}],"seed_played":"-8057840861421694530","potions_obtained":[{"floor":1.0,"key":"Energy Potion"},{"floor":12.0,"key":"EssenceOfSteel"},{"floor":16.0,"key":"AttackPotion"},{"floor":18.0,"key":"BlessingOfTheForge"}],"is_trial":false,"path_per_floor":["M","?","$","M","M","R","E","R","T","R","?","E","M","M","R","B",null,"M","$","?","M","?","R","M","R","T","?","R","E"],"character_chosen":"THE_SILENT","items_purchased":["Bag of Preparation","Accuracy","Apotheosis"],"campfire_rested":3,"item_purchase_floors":[3,3,19],"current_hp_per_floor":[63,63,63,63,63,63,42,42,42,42,42,20,20,20,41,9,55,32,32,19,14,14,36,25,25,25,25,47,0,0],"gold":82,"neow_bonus":"HUNDRED_GOLD","is_daily":false,"chose_seed":false,"campfire_upgraded":4,"win_rate":0.0,"timestamp":1611551788,"path_taken":["M","?","$","?","M","R","E","R","T","R","?","E","M","M","R","BOSS","M","$","?","M","?","R","M","R","T","?","R","E"],"items_purchased_type":["Relic","Card","Card"],"build_version":"2020-12-22","purchased_purges":1,"victory":false,"max_hp_per_floor":[70,70,70,70,70,70,70,70,70,70,70,70,70,70,70,70,70,70,70,75,75,75,75,75,75,75,75,75,75,75],"card_choices":[{"not_picked":["Caltrops","Underhanded Strike"],"picked":"Poisoned Stab","floor":1.0},{"not_picked":["Sucker Punch","Choke"],"picked":"Noxious Fumes","floor":4.0},{"not_picked":["Noxious Fumes","Sucker Punch"],"picked":"Flying Knee","floor":5.0},{"not_picked":["Deadly Poison","Dagger Throw","Eviscerate"],"picked":"SKIP","floor":7.0},{"not_picked":["Tools of the Trade","Slice"],"picked":"Choke","floor":12.0},{"not_picked":["Sucker Punch","Flying Knee"],"picked":"Slice","floor":13.0},{"not_picked":["Underhanded Strike","Cloak And Dagger"],"picked":"Dodge and Roll","floor":14.0},{"not_picked":["Venomology","Glass Knife"],"picked":"Night Terror","floor":16.0},{"not_picked":["PiercingWail","Quick Slash"],"picked":"Backflip","floor":18.0},{"not_picked":["Slice","Underhanded Strike"],"picked":"Blur","floor":21.0},{"not_picked":["Bane","Sucker Punch"],"picked":"Escape Plan","floor":24}],"player_experience":313854,"relics_obtained":[{"floor":7.0,"key":"Matryoshka"},{"floor":9.0,"key":"Orichalcum"},{"floor":9.0,"key":"Sundial"},{"floor":12.0,"key":"The Specimen"},{"floor":17.0,"key":"Smiling Mask"},{"floor":17.0,"key":"Letter Opener"},{"floor":17.0,"key":"Tough Bandages"},{"floor":26,"key":"Omamori"}],"event_choices":[{"damage_healed":0.0,"max_hp_gain":0.0,"max_hp_loss":0.0,"gold_gain":0.0,"cards_transformed":["Strike_G"],"event_name":"Transmorgrifier","player_choice":"Transformed","floor":2.0,"gold_loss":0.0,"damage_taken":0.0,"cards_obtained":["Adrenaline"]},{"cards_removed":["Strike_G"],"damage_healed":0.0,"max_hp_gain":0.0,"max_hp_loss":0.0,"gold_gain":0.0,"event_name":"Living Wall","player_choice":"Forget","floor":11.0,"gold_loss":0.0,"damage_taken":0.0},{"damage_healed":0.0,"max_hp_gain":5.0,"max_hp_loss":0.0,"gold_gain":0.0,"event_name":"Forgotten Altar","player_choice":"Shed Blood","floor":20.0,"gold_loss":0.0,"damage_taken":18.0},{"damage_healed":0,"gold_gain":0,"player_choice":"Ignored","damage_taken":0,"max_hp_gain":0,"max_hp_loss":0,"event_name":"The Mausoleum","floor":22,"gold_loss":0},{"damage_healed":0,"gold_gain":0,"player_choice":"Ignored","damage_taken":0,"max_hp_gain":0,"max_hp_loss":0,"event_name":"Vampires","floor":27,"gold_loss":0}],"is_beta":false,"boss_relics":[{"not_picked":["Runic Pyramid","Ring of the Serpent"],"picked":"Calling Bell"}],"items_purged_floors":[19],"is_endless":false,"potions_floor_spawned":[1,12,14,16,18],"killed_by":"Slavers","ascension_level":11}}