{"host":"ytv3ru9tdqpvv9vj","time":1611570159,"event":{"mods":["BaseMod","Minty Spire (QoL Compilation)","Replay The Spire","StSLib"],"gold_per_floor":[117,117,134,209,228,228,259,277,303,303,303,334,350,364,364,465,465,481,481,481,500,518,548,548,581,581,611,33,33,53,73,73,177,177,187,187,187,206,225,251,251,251,251],"floor_reached":42,"language":"ENG","playtime":2922,"items_purged":[],"score":713,"play_id":"177fc516-7596-4f56-a7cd-63d6d2d402d9","local_time":"20210125202239","is_ascension_mode":true,"campfire_choices":[{"floor":6,"key":"REST"},{"floor":11,"key":"REST"},{"floor":15,"key":"REST"},{"floor":29,"key":"REST"},{"floor":32,"key":"REST"},{"floor":41,"key":"REST"}],"circlet_count":0,"master_deck":["Strike_R+1","Defend_R+1","Defend_R","Defend_R+1","Defend_R+1","Bash","Inflame","Cleave","Bludgeon","Iron Wave","Cleave","Spot Weakness","Feed+1","ReplayTheSpireMod:LeadingStrike+1","Seeing Red+1","Heavy Blade+1","Metallicize","Bludgeon","Double Tap","Shrug It Off","Body Slam+1"],"relics":["Burning Blood","Gremlin Food","Replay:Rubber Ducky","Replay:Mystery Machine","Replay:Wax Seal","Ring of Fury","ReplayTheSpireMod:Ring of Exchange","Replay:Bottled Flurry","Astrolabe","Happy Flower","MutagenicStrength","ReplayFunnel","Gremlin Horn","Eternal Feather","Oddly Smooth Stone","Bronze Scales","Empty Cage","Centennial Puzzle"],"acts_visited":["Exordium","TheCity","TheBeyond"],"potions_floor_usage":[13,22,23,31,33,33,37,40,40,42],"damage_taken":[{"damage":13,"enemies":"Small Slimes","floor":1,"turns":4},{"damage":3,"enemies":"Cultist","floor":3,"turns":4},{"damage":7,"enemies":"2 Louse","floor":5,"turns":4},{"damage":36,"enemies":"Gremlin Nob","floor":7,"turns":5},{"damage":0,"enemies":"Large Slime","floor":8,"turns":4},{"damage":20,"enemies":"3 Sentries","floor":12,"turns":5},{"damage":8,"enemies":"Exordium Thugs","floor":13,"turns":2},{"damage":5,"enemies":"2 Fungi Beasts","floor":14,"turns":2},{"damage":53,"enemies":"Slime Boss","floor":16,"turns":8},{"damage":9,"enemies":"Chosen","floor":18,"turns":3},{"damage":20,"enemies":"Spheric Guardian","floor":21,"turns":4},{"damage":15,"enemies":"Centurion and Healer","floor":22,"turns":4},{"damage":3,"enemies":"Replay:Snechameleon","floor":23,"turns":5},{"damage":21,"enemies":"Slavers","floor":25,"turns":4},{"damage":41,"enemies":"Book of Stabbing","floor":27,"turns":6},{"damage":21,"enemies":"Snake Plant","floor":30,"turns":3},{"damage":7,"enemies":"Cultist and Chosen","floor":31,"turns":2},{"damage":13,"enemies":"Pondfish","floor":33,"turns":11},{"damage":26,"enemies":"3 Shapes","floor":35,"turns":4},{"damage":23,"enemies":"Orb Walker","floor":38,"turns":3},{"damage":27,"enemies":"Writhing Mass","floor":39,"turns":4},{"damage":18,"enemies":"Nemesis","floor":40,"turns":7},{"damage":81,"enemies":"Giant Head","floor":42,"turns":8}],"seed_played":"-4061451250796049967","potions_obtained":[{"floor":1,"key":"Regen Potion"},{"floor":3,"key":"Milkshake"},{"floor":8,"key":"Swift Potion"},{"floor":16,"key":"LiquidMemories"},{"floor":18,"key":"Milkshake"},{"floor":23,"key":"LiquidMemories"},{"floor":27,"key":"Elixir"},{"floor":33,"key":"Dexterity Potion"},{"floor":37,"key":"Fruit Juice"},{"floor":37,"key":"LiquidBronze"},{"floor":37,"key":"SmokeBomb"},{"floor":38,"key":"Adrenaline Potion"}],"is_trial":false,"path_per_floor":["M","?","M","?","M","R","E","M","T","?","R","E","M","M","R","B",null,"M","?","?","M","M","E","?","E","T","E","$","R","M","M","R","B",null,"M","?","?","M","M","E","R","E"],"character_chosen":"IRONCLAD","items_purchased":["Metallicize","Bludgeon","Oddly Smooth Stone","Bronze Scales","EssenceOfSteel"],"campfire_rested":6,"item_purchase_floors":[28,28,28,28,28],"current_hp_per_floor":[73,73,76,65,64,80,50,56,56,56,80,66,64,65,80,33,80,77,77,77,63,54,57,57,46,46,11,11,48,33,32,69,62,84,68,68,73,56,35,23,62,0,0],"gold":251,"neow_bonus":"RANDOM_COMMON_RELIC","is_daily":false,"chose_seed":false,"campfire_upgraded":0,"win_rate":0.0,"timestamp":1611570159,"path_taken":["M","?","?","?","M","R","E","M","T","?","R","E","M","M","R","BOSS","M","?","?","?","M","E","?","E","T","E","$","R","M","M","R","BOSS","M","?","?","M","?","E","R","E"],"items_purchased_type":["Card","Card","Relic","Relic","Potion"],"build_version":"2020-12-22","purchased_purges":0,"victory":false,"max_hp_per_floor":[80,80,80,80,80,80,80,80,80,80,80,80,80,80,80,80,80,80,80,80,80,80,80,80,84,84,84,84,84,84,84,84,84,84,88,88,93,93,93,93,93,93,93],"card_choices":[{"not_picked":["Bloodletting","Clash"],"picked":"Inflame","floor":1},{"not_picked":["Hemokinesis","ReplayReversal","Clothesline"],"picked":"SKIP","floor":3},{"not_picked":["Armaments","Bloodletting"],"picked":"Cleave","floor":5},{"not_picked":["Abandon","Run Through"],"picked":"Bludgeon","floor":7},{"not_picked":["Warcry","Clothesline","Twin Strike"],"picked":"SKIP","floor":8},{"not_picked":["Barricade","Pommel Strike"],"picked":"Iron Wave","floor":12},{"not_picked":["Clothesline","True Grit"],"picked":"Cleave","floor":13},{"not_picked":["Carnage","ReplayTheSpireMod:Strike From Hell"],"picked":"Spot Weakness","floor":14},{"not_picked":["Wild Strike+1","Replay:Undeath\u0027s Touch+1","Headbutt"],"picked":"SKIP","floor":18},{"not_picked":["Headbutt","Havoc+1","ReplayTheSpireMod:Limb From Limb+1"],"picked":"SKIP","floor":21},{"not_picked":["Feed","Intimidate","Dual Wield"],"picked":"SKIP","floor":22},{"not_picked":["True Grit+1","ReplayTheSpireMod:Corrosion Curse+1"],"picked":"Seeing Red+1","floor":23},{"not_picked":["Shrug It Off","Run Through"],"picked":"Heavy Blade","floor":25},{"not_picked":["Cleave","True Grit","ReplayTheSpireMod:Strike From Hell"],"picked":"SKIP","floor":27},{"not_picked":["ReplayTheSpireMod:Corrosion Curse","Run Through","Armaments"],"picked":"SKIP","floor":30},{"not_picked":["Battle Trance","Dropkick","ReplayTheSpireMod:Limb From Limb+1"],"picked":"SKIP","floor":31},{"not_picked":["Exhume","Juggernaut"],"picked":"Double Tap","floor":33},{"not_picked":["Fire Breathing","ReplayReversal+1","Perfected Strike"],"picked":"SKIP","floor":35},{"not_picked":["Blood for Blood","Sword Boomerang+1"],"picked":"Shrug It Off","floor":38},{"not_picked":["Wild Strike","Warcry","Shrug It Off"],"picked":"SKIP","floor":39},{"not_picked":["Dual Wield","Brutality"],"picked":"Body Slam+1","floor":40}],"player_experience":37265,"relics_obtained":[{"floor":7,"key":"Replay:Mystery Machine"},{"floor":9,"key":"Replay:Wax Seal"},{"floor":10,"key":"Ring of Fury"},{"floor":10,"key":"ReplayTheSpireMod:Ring of Exchange"},{"floor":12,"key":"Replay:Bottled Flurry"},{"floor":23,"key":"Happy Flower"},{"floor":25,"key":"ReplayFunnel"},{"floor":26,"key":"Gremlin Horn"},{"floor":27,"key":"Eternal Feather"},{"floor":40,"key":"Centennial Puzzle"}],"event_choices":[{"damage_healed":0,"gold_gain":0,"player_choice":"Gave Potion","damage_taken":0,"relics_obtained":["Replay:Rubber Ducky"],"max_hp_gain":0,"max_hp_loss":0,"event_name":"WeMeetAgain","floor":2,"gold_loss":0},{"damage_healed":0,"gold_gain":75,"player_choice":"Gather Gold","damage_taken":11,"max_hp_gain":0,"max_hp_loss":0,"event_name":"World of Goop","floor":4,"gold_loss":0},{"damage_healed":0,"gold_gain":0,"player_choice":"Ignored","damage_taken":0,"max_hp_gain":0,"max_hp_loss":0,"event_name":"Cursed Tome","floor":19,"gold_loss":0},{"damage_healed":0,"gold_gain":0,"player_choice":"Ignored","damage_taken":0,"max_hp_gain":0,"max_hp_loss":0,"event_name":"Ghosts","floor":20,"gold_loss":0},{"damage_healed":0,"gold_gain":0,"player_choice":"Inject Mutagens","damage_taken":0,"relics_obtained":["MutagenicStrength"],"max_hp_gain":0,"max_hp_loss":0,"event_name":"Drug Dealer","floor":24,"gold_loss":0},{"damage_healed":0,"gold_gain":0,"player_choice":"Memory 1","damage_taken":0,"max_hp_gain":0,"max_hp_loss":0,"event_name":"SensoryStone","floor":36,"gold_loss":0},{"damage_healed":0,"gold_gain":0,"player_choice":"Got Potions","damage_taken":0,"max_hp_gain":0,"max_hp_loss":0,"event_name":"Lab","floor":37,"gold_loss":0}],"is_beta":false,"boss_relics":[{"not_picked":["Coffee Dripper","HandDrill"],"picked":"Astrolabe"},{"not_picked":["Honey Jar","TheAbacus"],"picked":"Empty Cage"}],"items_purged_floors":[],"is_endless":false,"potions_floor_spawned":[1,3,8,16,18,23,27,33,38,39],"killed_by":"Giant Head","ascension_level":2}}