{"host":"sc0o2qwpf9j16a4i","time":1611579203,"event":{"mods":["AchievementEnabler","BaseMod","BetterRewards","Block Reminder","Colored Map","Colored Powertips","Custom Start","Highlight Path","Minty Spire (QoL Compilation)","Relic Stats"],"gold_per_floor":[109,122,32,47,47,47,75,100,138,167,213,243,266,203,215,303,315,338,350,114,114,124,153,153,153,153],"floor_reached":25,"language":"ENG","playtime":755,"items_purged":["Strike_R"],"score":466,"play_id":"72e90e41-a675-45bd-ac72-857af85c9a10","local_time":"20210125145323","is_ascension_mode":true,"campfire_choices":[{"data":"Armaments","floor":6,"key":"SMITH"},{"data":"Disarm","floor":15,"key":"SMITH"},{"floor":24,"key":"REST"}],"circlet_count":0,"master_deck":["AscendersBane","Strike_R","Strike_R","Defend_R","Defend_R","Defend_R","Defend_R","Bash","Anger","Feel No Pain","Disarm+1","Armaments+1","Flame Barrier","Carnage","Havoc","Battle Trance","Pommel Strike","True Grit","Feed","Warcry","Seeing Red"],"relics":["Burning Blood","NeowsBlessing","MawBank","Oddly Smooth Stone","Happy Flower","SlaversCollar","Lee\u0027s Waffle","StoneCalendar"],"acts_visited":["Exordium","TheCity"],"potions_floor_usage":[7,11,16,16,23,23],"damage_taken":[{"damage":0,"enemies":"Cultist","floor":1,"turns":1},{"damage":0,"enemies":"Small Slimes","floor":2,"turns":1},{"damage":0,"enemies":"Jaw Worm","floor":4,"turns":1},{"damage":26,"enemies":"Gremlin Nob","floor":7,"turns":4},{"damage":1,"enemies":"2 Fungi Beasts","floor":8,"turns":5},{"damage":3,"enemies":"Large Slime","floor":10,"turns":6},{"damage":4,"enemies":"3 Sentries","floor":11,"turns":8},{"damage":5,"enemies":"Looter","floor":12,"turns":4},{"damage":3,"enemies":"3 Louse","floor":13,"turns":4},{"damage":9,"enemies":"The Guardian","floor":16,"turns":13},{"damage":22,"enemies":"Chosen","floor":18,"turns":7},{"damage":7,"enemies":"3 Byrds","floor":22,"turns":4},{"damage":26,"enemies":"Slavers","floor":23,"turns":6},{"damage":62,"enemies":"Gremlin Leader","floor":25,"turns":9}],"seed_played":"-735824659821537225","potions_obtained":[{"floor":1,"key":"PowerPotion"},{"floor":7,"key":"DuplicationPotion"},{"floor":12,"key":"DistilledChaos"},{"floor":13,"key":"Dexterity Potion"},{"floor":18,"key":"DistilledChaos"},{"floor":22,"key":"Explosive Potion"}],"is_trial":false,"path_per_floor":["M","M","$","M","?","R","E","M","T","M","E","M","M","?","R","B",null,"M","?","$","?","M","E","R","E"],"character_chosen":"IRONCLAD","items_purchased":["AttackPotion","Disarm","Lee\u0027s Waffle"],"campfire_rested":1,"item_purchase_floors":[3,3,20],"current_hp_per_floor":[74,75,75,75,75,75,55,60,60,63,65,66,69,69,69,66,73,57,57,82,58,61,44,72,10,10],"gold":153,"neow_bonus":"THREE_ENEMY_KILL","is_daily":false,"chose_seed":false,"campfire_upgraded":2,"win_rate":0.0,"timestamp":1611579203,"path_taken":["M","M","$","?","?","R","E","?","T","M","E","M","M","?","R","BOSS","M","?","$","?","M","E","R","E"],"items_purchased_type":["Potion","Card","Relic"],"build_version":"2020-12-22","purchased_purges":1,"victory":false,"max_hp_per_floor":[75,75,75,75,75,75,75,75,75,75,75,75,75,75,75,75,75,75,75,82,87,91,94,94,94,94],"relic_stats":{"Lee\u0027s Waffle":25,"Happy Flower":[15],"counters":[14,73],"StoneCalendar":[52],"MawBank":156,"obtain_stats":[{"SlaversCollar":17,"Lee\u0027s Waffle":20,"NeowsBlessing":0,"Happy Flower":11,"Oddly Smooth Stone":9,"StoneCalendar":23,"MawBank":7,"Burning Blood":0},{"SlaversCollar":10,"Lee\u0027s Waffle":11,"NeowsBlessing":0,"Happy Flower":7,"Oddly Smooth Stone":5,"StoneCalendar":13,"MawBank":4,"Burning Blood":0},{"SlaversCollar":47,"Lee\u0027s Waffle":54,"NeowsBlessing":0,"Happy Flower":26,"Oddly Smooth Stone":12,"StoneCalendar":64,"MawBank":7,"Burning Blood":0}],"Burning Blood":67},"card_choices":[{"not_picked":["Rupture","Heavy Blade"],"picked":"Anger","floor":1},{"not_picked":["True Grit","Body Slam"],"picked":"Feel No Pain","floor":2},{"not_picked":["Sentinel","Fire Breathing"],"picked":"Armaments","floor":4},{"not_picked":["Thunderclap","Flex"],"picked":"Flame Barrier","floor":7},{"not_picked":["Pommel Strike","Shrug It Off"],"picked":"Carnage","floor":8},{"not_picked":["Twin Strike","Pommel Strike"],"picked":"Havoc","floor":10},{"not_picked":["Searing Blow","Pommel Strike"],"picked":"Battle Trance","floor":11},{"not_picked":["Seeing Red","Flex"],"picked":"Pommel Strike","floor":12},{"not_picked":["Rage","Hemokinesis"],"picked":"True Grit","floor":13},{"not_picked":["Demon Form","Fiend Fire"],"picked":"Feed","floor":16},{"not_picked":["Clash","Perfected Strike+1"],"picked":"Warcry","floor":18},{"not_picked":["Perfected Strike+1","Heavy Blade","Iron Wave"],"picked":"SKIP","floor":22},{"not_picked":["Perfected Strike","Wild Strike"],"picked":"Seeing Red","floor":23}],"player_experience":942453,"relics_obtained":[{"floor":7,"key":"MawBank"},{"floor":9,"key":"Oddly Smooth Stone"},{"floor":11,"key":"Happy Flower"},{"floor":23,"key":"StoneCalendar"}],"event_choices":[{"cards_removed":["Strike_R"],"damage_healed":0,"gold_gain":0,"player_choice":"Purged","damage_taken":0,"max_hp_gain":0,"max_hp_loss":0,"event_name":"Purifier","floor":5,"gold_loss":0},{"cards_removed":["Strike_R"],"damage_healed":0,"gold_gain":0,"player_choice":"Card Removal","damage_taken":0,"max_hp_gain":0,"max_hp_loss":0,"event_name":"The Cleric","floor":14,"gold_loss":75},{"damage_healed":0,"gold_gain":0,"player_choice":"Ignored","damage_taken":0,"max_hp_gain":0,"max_hp_loss":0,"event_name":"Vampires","floor":19,"gold_loss":0},{"damage_healed":0,"gold_gain":0,"player_choice":"Shed Blood","damage_taken":29,"max_hp_gain":5,"max_hp_loss":0,"event_name":"Forgotten Altar","floor":21,"gold_loss":0}],"is_beta":false,"boss_relics":[{"not_picked":["Runic Cube","Runic Dome"],"picked":"SlaversCollar"}],"items_purged_floors":[20],"is_endless":false,"potions_floor_spawned":[1,7,8,12,13,18,22],"killed_by":"Gremlin Leader","ascension_level":20}}