{"host":"ordk2y2ebcetabk6","time":1611543890,"event":{"mods":["AlwaysNeverKeys","Bard","BaseMod","Better Debug","Colored Map","Colored Powertips","Dark Map","Hermit","Highlight Path","Minty Spire (QoL Compilation)","Permanent Neow","Rare Cards Sparkle","Spire Arcade","StSLib","Wide Potions"],"gold_per_floor":[114,114,64,64,64,64,64,78,78,93,93,137,22,65,65,186,186,201,201,201,126,145,145,169,169,195,195,211,224,224,151,151,281,281,304,325,388,388,408,408,112,112,165,165,185,185,185,201,201,201],"floor_reached":51,"language":"ENG","playtime":3384,"items_purged":["bard:Strike"],"score":724,"play_id":"e68f7d44-92e0-4a8c-9588-c53d53f0fb7d","local_time":"20210124200450","is_ascension_mode":false,"campfire_choices":[{"data":"bard:Riposte","floor":6.0,"key":"SMITH"},{"data":"bard:GlyphOfWarding","floor":11.0,"key":"SMITH"},{"data":"bard:HideousLaughter","floor":15.0,"key":"SMITH"},{"data":"bard:Blink","floor":23,"key":"SMITH"},{"data":"bard:GlyphOfWarding","floor":25,"key":"SMITH"},{"data":"bard:Doot","floor":30,"key":"SMITH"},{"data":"bard:Silence","floor":32,"key":"SMITH"},{"data":"bard:FalseLife","floor":40,"key":"SMITH"},{"data":"bard:Heroism","floor":42,"key":"SMITH"},{"data":"Bite","floor":44,"key":"SMITH"},{"data":"bard:Inspire","floor":46,"key":"SMITH"},{"data":"Panache","floor":49,"key":"SMITH"}],"circlet_count":0,"master_deck":["bard:Defend","bard:Defend","bard:Defend","bard:Riposte+1","bard:Inspire+1","bard:ViciousMockery","bard:GlyphOfWarding+1","bard:HideousLaughter+1","bard:Heroism+1","bard:Shout+1","bard:FalseLife+1","bard:CovetousAura","Bite","Bite+1","Bite+1","Bite","Bite","bard:Blink+1","bard:Defend","bard:GlyphOfWarding+1","bard:Shout","bard:Silence+1","bard:Doot+1","bard:DiscordantVoice","Panache+1"],"relics":["bard:SelfPlayingFlute","bard:BagPipes","Golden Idol","Bag of Preparation","Sundial","Prayer Wheel","bard:StrangeHarp","Busted Crown","Boot","Incense Burner","ClockworkSouvenir","Whetstone","Centennial Puzzle"],"acts_visited":["Exordium","TheCity","TheBeyond"],"potions_floor_usage":[50,50,50,50,50],"damage_taken":[{"damage":0.0,"enemies":"Small Slimes","floor":1.0,"turns":4.0},{"damage":0.0,"enemies":"Jaw Worm","floor":8.0,"turns":3.0},{"damage":0.0,"enemies":"2 Louse","floor":10.0,"turns":2.0},{"damage":6.0,"enemies":"3 Sentries","floor":12.0,"turns":3.0},{"damage":22.0,"enemies":"Gremlin Nob","floor":14.0,"turns":5.0},{"damage":0.0,"enemies":"The Guardian","floor":16.0,"turns":11.0},{"damage":0,"enemies":"Chosen","floor":18,"turns":5},{"damage":0,"enemies":"Spheric Guardian","floor":24,"turns":3},{"damage":0,"enemies":"Snake Plant","floor":28,"turns":3},{"damage":4,"enemies":"Snecko","floor":29,"turns":6},{"damage":18,"enemies":"Champ","floor":33,"turns":11},{"damage":15,"enemies":"3 Shapes","floor":35,"turns":4},{"damage":0,"enemies":"Orb Walker","floor":36,"turns":5},{"damage":2,"enemies":"Mind Bloom Boss Battle","floor":37,"turns":7},{"damage":42,"enemies":"Writhing Mass","floor":39,"turns":6},{"damage":0,"enemies":"Maw","floor":45,"turns":7},{"damage":22,"enemies":"Transient","floor":48,"turns":5},{"damage":17,"enemies":"Awakened One","floor":50,"turns":13}],"seed_played":"-8613462319403605322","potions_obtained":[{"floor":8.0,"key":"DuplicationPotion"},{"floor":24,"key":"Dexterity Potion"},{"floor":29,"key":"EntropicBrew"}],"is_trial":false,"path_per_floor":["M","?","?","?","T","R","?","M","T","M","R","E","$","E","R","B",null,"M","?","?","?","$","R","M","R","T","?","M","M","R","$","R","B",null,"M","M","?","?","M","R","$","R","T","R","M","R","?","M","R","B",null],"character_chosen":"BARD","items_purchased":["bard:Shout","bard:GlyphOfWarding","bard:DiscordantVoice","ClockworkSouvenir","Whetstone"],"campfire_rested":0,"item_purchase_floors":[13,22,31,41,41],"current_hp_per_floor":[77,77,77,71,71,71,76,76,76,76,76,70,70,48,48,48,76,76,53,53,53,53,53,53,53,53,53,53,53,53,53,53,45,53,46,50,53,50,18,18,18,18,18,18,40,40,40,30,30,50],"gold":201,"neow_bonus":"TEN_PERCENT_HP_BONUS","is_daily":false,"chose_seed":false,"campfire_upgraded":12,"win_rate":0.0,"timestamp":1611543890,"path_taken":["M","?","?","?","?","R","?","M","T","M","R","E","$","E","R","BOSS","M","?","?","?","$","R","?","R","T","?","M","M","R","$","R","BOSS","M","M","?","?","M","R","$","R","T","R","M","R","?","M","R","BOSS"],"items_purchased_type":["Card","Card","Card","Relic","Relic"],"build_version":"2020-12-22","purchased_purges":1,"victory":true,"max_hp_per_floor":[77,77,77,71,71,71,76,76,76,76,76,76,76,76,76,76,76,76,53,53,53,53,53,53,53,53,53,53,53,53,53,53,53,53,53,53,53,50,50,50,50,50,50,50,50,50,50,50,50,50],"card_choices":[{"not_picked":["bard:StudiedStrike","bard:PhantasmalForce"],"picked":"bard:ViciousMockery","floor":1.0},{"not_picked":["bard:BucklerBash","bard:Demoralize"],"picked":"bard:GlyphOfWarding","floor":8.0},{"not_picked":["bard:Gamble","bard:Accelerando"],"picked":"bard:HideousLaughter","floor":10.0},{"not_picked":["bard:LingeringEcho","bard:Solo"],"picked":"bard:Heroism","floor":12.0},{"not_picked":["bard:FeastOnFear","bard:MnemonicVestments"],"picked":"bard:FalseLife","floor":14.0},{"not_picked":["bard:Wish","bard:Invisibility"],"picked":"bard:CovetousAura","floor":16.0},{"not_picked":["bard:BucklerBash"],"picked":"SKIP","floor":18},{"not_picked":["bard:SongBolt"],"picked":"SKIP","floor":18},{"not_picked":[],"picked":"bard:Shout","floor":24},{"not_picked":["bard:Gamble+1"],"picked":"SKIP","floor":24},{"not_picked":[],"picked":"bard:Silence","floor":28},{"not_picked":["bard:CuttingWords"],"picked":"SKIP","floor":28},{"not_picked":[],"picked":"bard:Doot","floor":29},{"not_picked":["bard:Heroism"],"picked":"SKIP","floor":29},{"not_picked":["bard:Silence"],"picked":"SKIP","floor":35},{"not_picked":["bard:HideousLaughter"],"picked":"SKIP","floor":35},{"not_picked":["bard:Thunderwave"],"picked":"SKIP","floor":36},{"not_picked":["bard:Doot"],"picked":"SKIP","floor":36},{"not_picked":["bard:Fermata+1"],"picked":"SKIP","floor":39},{"not_picked":["bard:ViciousMockery+1"],"picked":"SKIP","floor":39},{"not_picked":["bard:FeastOnFear+1"],"picked":"SKIP","floor":45},{"not_picked":["bard:FeastOnFear+1"],"picked":"SKIP","floor":45},{"not_picked":[],"picked":"Panache","floor":47},{"not_picked":["bard:Fermata+1"],"picked":"SKIP","floor":48},{"not_picked":["bard:EchoEcho"],"picked":"SKIP","floor":48}],"player_experience":1010113,"relics_obtained":[{"floor":5.0,"key":"Bag of Preparation"},{"floor":9.0,"key":"Sundial"},{"floor":12.0,"key":"Prayer Wheel"},{"floor":14.0,"key":"bard:StrangeHarp"},{"floor":26,"key":"Boot"},{"floor":37,"key":"Incense Burner"},{"floor":43,"key":"Centennial Puzzle"}],"event_choices":[{"cards_removed":["bard:Strike"],"damage_healed":0.0,"max_hp_gain":0.0,"max_hp_loss":0.0,"gold_gain":0.0,"event_name":"The Cleric","player_choice":"Card Removal","floor":3.0,"gold_loss":50.0,"damage_taken":0.0},{"damage_healed":0.0,"max_hp_gain":0.0,"max_hp_loss":6.0,"gold_gain":0.0,"event_name":"Golden Idol","player_choice":"Lose Max HP","floor":4.0,"gold_loss":0.0,"damage_taken":0.0,"relics_obtained":["Golden Idol"]},{"damage_healed":0.0,"max_hp_gain":5.0,"max_hp_loss":0.0,"gold_gain":0.0,"event_name":"Big Fish","player_choice":"Donut","floor":7.0,"gold_loss":0.0,"damage_taken":0.0},{"damage_healed":0,"gold_gain":0,"player_choice":"Became a vampire","damage_taken":0,"max_hp_gain":0,"max_hp_loss":23,"event_name":"Vampires","floor":19,"gold_loss":0,"cards_obtained":["Bite","Bite","Bite","Bite","Bite"]},{"damage_healed":0,"gold_gain":0,"player_choice":"Read","damage_taken":0,"max_hp_gain":0,"max_hp_loss":0,"event_name":"The Library","floor":20,"gold_loss":0,"cards_obtained":["bard:Blink"]},{"cards_removed":["bard:Defend"],"damage_healed":0,"gold_gain":0,"player_choice":"Gave Gold","damage_taken":0,"max_hp_gain":0,"max_hp_loss":0,"event_name":"Beggar","floor":21,"gold_loss":75},{"damage_healed":0,"gold_gain":0,"player_choice":"Bought 0 Potions","damage_taken":0,"max_hp_gain":0,"max_hp_loss":0,"event_name":"The Woman in Blue","floor":27,"gold_loss":0},{"damage_healed":0,"gold_gain":0,"player_choice":"Fight","damage_taken":0,"max_hp_gain":0,"max_hp_loss":0,"event_name":"MindBloom","floor":37,"gold_loss":0},{"damage_healed":0,"gold_gain":0,"player_choice":"Max HP","damage_taken":0,"max_hp_gain":0,"max_hp_loss":3,"event_name":"Winding Halls","floor":38,"gold_loss":0},{"damage_healed":0,"gold_gain":0,"player_choice":"Memory 1","damage_taken":0,"max_hp_gain":0,"max_hp_loss":0,"event_name":"SensoryStone","floor":47,"gold_loss":0}],"is_beta":false,"boss_relics":[{"not_picked":["Empty Cage","Runic Pyramid"],"picked":"Busted Crown"},{"not_picked":["Philosopher\u0027s Stone","Coffee Dripper"],"picked":"bard:SelfPlayingFlute"}],"items_purged_floors":[13],"is_endless":false,"potions_floor_spawned":[8,24,29,36,39,45],"ascension_level":0}}