{"host":"l84l8xigz5v5foa2","time":1611552775,"event":{"mods":["2.2 Compatiblity","AchievementEnabler","BaseMod","Better Note","Better Vampires","Card Filter","Colored Map","DeckTracker","Gremlin Skip","Highlight Path","Keyboard Shortcuts","Minty Spire (QoL Compilation)","Permanent Neow","Quick Restart","Relic Filter","Relic Stats","Shop Mod","StSLib","SuperFastMode","Transform Curses","Unknown Chances"],"gold_per_floor":[117,129,204,204,204,204,237,237,237,264,274,274,284,312,312,388,388,403,435,161,178,190,190,222,222,272,315,347,359,371,398,410,494,506,532,564,530,530,542,542,590,620,647,666,693,693,288,2,2,2,2,2,2,28,28],"floor_reached":56,"language":"KOR","playtime":3874,"items_purged":["Crippling Poison"],"score":2201,"play_id":"805f49e8-f4f9-4264-a79e-0b7124eaec17","local_time":"20210125143255","is_ascension_mode":true,"campfire_choices":[{"data":"Blade Dance","floor":6.0,"key":"SMITH"},{"data":"Eviscerate","floor":8.0,"key":"SMITH"},{"data":"Terror","floor":12.0,"key":"SMITH"},{"data":"Footwork","floor":15.0,"key":"SMITH"},{"data":"Setup","floor":23.0,"key":"SMITH"},{"data":"Well Laid Plans","floor":29.0,"key":"SMITH"},{"data":"Calculated Gamble","floor":32.0,"key":"SMITH"},{"data":"Envenom","floor":40.0,"key":"SMITH"},{"data":"Noxious Fumes","floor":46,"key":"SMITH"},{"floor":49,"key":"RECALL"},{"data":"After Image","floor":52,"key":"SMITH"}],"circlet_count":0,"master_deck":["AscendersBane","Survivor","Neutralize","Footwork+1","Blade Dance+1","Dagger Throw","Eviscerate+1","Terror+1","Backflip","Deadly Poison","Envenom+1","After Image+1","Calculated Gamble+1","Choke","Quick Slash","Noxious Fumes+1","Setup+1","Leg Sweep","Crippling Poison","Deflect","Dodge and Roll","Prepared","Impatience","Acrobatics","Escape Plan","PiercingWail+1","Backflip","Reflex+1","Well Laid Plans+1","Outmaneuver+1","Adrenaline+1","Expertise+1","Cloak And Dagger+1","Prepared+1","Cloak And Dagger+1","Blade Dance+1","Prepared+1","Calculated Gamble+1","Acrobatics+1","After Image","Concentrate+1"],"relics":["Ring of the Snake","Thread and Needle","MealTicket","Bottled Tornado","Oddly Smooth Stone","Omamori","Pandora\u0027s Box","Red Mask","Strawberry","Pen Nib","MawBank","Toxic Egg 2","Philosopher\u0027s Stone","Turnip","Eternal Feather","PreservedInsect","Sundial","Ice Cream","Torii"],"acts_visited":["Exordium","TheCity","TheBeyond","TheEnding"],"potions_floor_usage":[42,55],"damage_taken":[{"damage":0.0,"enemies":"Small Slimes","floor":1.0,"turns":4.0},{"damage":0.0,"enemies":"Jaw Worm","floor":2.0,"turns":4.0},{"damage":4.0,"enemies":"Lagavulin","floor":7.0,"turns":9.0},{"damage":6.0,"enemies":"3 Sentries","floor":10.0,"turns":7.0},{"damage":2.0,"enemies":"2 Louse","floor":11.0,"turns":2.0},{"damage":0.0,"enemies":"2 Fungi Beasts","floor":13.0,"turns":3.0},{"damage":3.0,"enemies":"Lagavulin","floor":14.0,"turns":6.0},{"damage":0.0,"enemies":"The Guardian","floor":16.0,"turns":14.0},{"damage":3.0,"enemies":"Shell Parasite","floor":18.0,"turns":6.0},{"damage":7.0,"enemies":"Masked Bandits","floor":19.0,"turns":5.0},{"damage":6.0,"enemies":"2 Thieves","floor":21.0,"turns":5.0},{"damage":3.0,"enemies":"Snecko","floor":22.0,"turns":5.0},{"damage":0.0,"enemies":"Slavers","floor":24.0,"turns":7.0},{"damage":2.0,"enemies":"Book of Stabbing","floor":27.0,"turns":6.0},{"damage":0.0,"enemies":"Snake Plant","floor":28.0,"turns":6.0},{"damage":0.0,"enemies":"Shelled Parasite and Fungi","floor":31.0,"turns":6.0},{"damage":3.0,"enemies":"Champ","floor":33.0,"turns":12.0},{"damage":0.0,"enemies":"Orb Walker","floor":35.0,"turns":2.0},{"damage":4.0,"enemies":"3 Darklings","floor":36.0,"turns":7.0},{"damage":0.0,"enemies":"Spire Growth","floor":39.0,"turns":5.0},{"damage":5,"enemies":"2 Orb Walkers","floor":41,"turns":5},{"damage":23,"enemies":"Reptomancer","floor":42,"turns":5},{"damage":0,"enemies":"4 Shapes","floor":44,"turns":6},{"damage":9,"enemies":"Nemesis","floor":45,"turns":7},{"damage":0,"enemies":"Awakened One","floor":50,"turns":10},{"damage":1,"enemies":"Shield and Spear","floor":54,"turns":6},{"damage":1,"enemies":"The Heart","floor":55,"turns":9}],"seed_played":"4111737784431953556","potions_obtained":[{"floor":2.0,"key":"SkillPotion"},{"floor":7.0,"key":"Block Potion"},{"floor":10.0,"key":"Fire Potion"},{"floor":16.0,"key":"SmokeBomb"},{"floor":18.0,"key":"Swift Potion"},{"floor":22.0,"key":"AttackPotion"},{"floor":24.0,"key":"Poison Potion"},{"floor":31.0,"key":"Strength Potion"},{"floor":36.0,"key":"Strength Potion"},{"floor":54,"key":"Ancient Potion"}],"is_trial":false,"path_per_floor":["M","M","?","?","?","R","E","R","T","E","M","R","M","E","R","B",null,"M","?","$","M","M","R","E","T","T","E","M","R","?","M","R","B",null,"M","M","$","?","M","R","?","E","T","M","E","R","$","$","R","B",null,"R","$","E","B",null],"character_chosen":"THE_SILENT","items_purchased":["Prepared","Impatience","Acrobatics","Prepared+1","After Image","Sundial","Ice Cream"],"campfire_rested":0,"item_purchase_floors":[20,20,20,37,47,47,48],"current_hp_per_floor":[44,44,33,38,38,38,34,34,34,28,26,26,26,23,23,23,59,56,49,64,58,55,55,62,62,62,60,60,60,60,60,60,57,73,73,69,78,78,78,78,73,50,50,50,41,62,77,78,78,78,78,78,78,77,76],"gold":28,"neow_bonus":"ONE_RARE_RELIC","is_daily":false,"chose_seed":false,"campfire_upgraded":10,"win_rate":0.0,"timestamp":1611552775,"path_taken":["M","M","?","?","?","R","E","R","T","E","M","R","M","E","R","BOSS","M","?","$","M","M","R","E","?","T","E","M","R","?","M","R","BOSS","M","M","$","?","M","R","?","E","T","M","E","R","?","$","R","BOSS","R","$","E","BOSS"],"items_purchased_type":["Card","Card","Card","Card","Card","Relic","Relic"],"build_version":"2020-12-22","purchased_purges":1,"victory":true,"max_hp_per_floor":[66,66,66,71,71,71,71,71,71,71,71,71,71,71,71,71,71,71,71,71,71,71,71,78,78,78,78,78,78,78,78,78,78,78,78,78,78,78,78,78,78,78,78,78,78,78,78,78,78,78,78,78,78,78,78],"relic_stats":{"Torii":3,"counters":[27,169],"Sundial":[8],"MealTicket":40,"Pandora\u0027s Box":["After Image","Calculated Gamble","Eviscerate","Choke","Quick Slash","Noxious Fumes","Setup","Leg Sweep","Crippling Poison"],"Eternal Feather":21,"Pen Nib":[30],"Turnip":[2],"PreservedInsect":77,"MawBank":132,"obtain_stats":[{"Ice Cream":48,"Torii":54,"Oddly Smooth Stone":10,"Thread and Needle":0,"Eternal Feather":42,"Pen Nib":25,"PreservedInsect":45,"Omamori":14,"Bottled Tornado":9,"MawBank":26,"Sundial":47,"Strawberry":24,"MealTicket":7,"Pandora\u0027s Box":17,"Philosopher\u0027s Stone":34,"Turnip":41,"Red Mask":19,"Toxic Egg 2":27,"Ring of the Snake":0},{"Ice Cream":24,"Torii":26,"Oddly Smooth Stone":4,"Thread and Needle":0,"Eternal Feather":22,"Pen Nib":13,"PreservedInsect":24,"Omamori":7,"Bottled Tornado":3,"MawBank":13,"Sundial":24,"Strawberry":13,"MealTicket":3,"Pandora\u0027s Box":8,"Philosopher\u0027s Stone":17,"Turnip":21,"Red Mask":10,"Toxic Egg 2":14,"Ring of the Snake":0},{"Ice Cream":144,"Torii":160,"Oddly Smooth Stone":24,"Thread and Needle":0,"Eternal Feather":131,"Pen Nib":77,"PreservedInsect":144,"Omamori":35,"Bottled Tornado":17,"MawBank":77,"Sundial":144,"Strawberry":77,"MealTicket":17,"Pandora\u0027s Box":49,"Philosopher\u0027s Stone":107,"Turnip":126,"Red Mask":60,"Toxic Egg 2":83,"Ring of the Snake":0}],"Ring of the Snake":[54]},"card_choices":[{"not_picked":["Dodge and Roll","Prepared"],"picked":"Footwork","floor":1.0},{"not_picked":["Noxious Fumes","Blur"],"picked":"Blade Dance","floor":2.0},{"not_picked":["Flechettes","Underhanded Strike"],"picked":"Eviscerate","floor":7.0},{"not_picked":["Sucker Punch","Dagger Spray"],"picked":"Terror","floor":10.0},{"not_picked":["Dagger Throw","Slice"],"picked":"Backflip","floor":11.0},{"not_picked":["Dagger Spray","Bane"],"picked":"Crippling Poison","floor":13.0},{"not_picked":["Night Terror","Setup"],"picked":"Deadly Poison","floor":14.0},{"not_picked":["Storm of Steel","Wraith Form v2"],"picked":"Envenom","floor":16.0},{"not_picked":["Dodge and Roll","Deadly Poison"],"picked":"Deflect","floor":18.0},{"not_picked":["Accuracy","All Out Attack"],"picked":"Dodge and Roll","floor":19.0},{"not_picked":["Expertise","Deadly Poison+1"],"picked":"Escape Plan","floor":21.0},{"not_picked":["Dagger Spray","Riddle With Holes"],"picked":"PiercingWail+1","floor":22.0},{"not_picked":["Heel Hook+1","Deadly Poison"],"picked":"Backflip","floor":24.0},{"not_picked":["Bouncing Flask+1","Backstab+1"],"picked":"Reflex+1","floor":27.0},{"not_picked":["Quick Slash+1","Dodge and Roll+1"],"picked":"Well Laid Plans","floor":28.0},{"not_picked":["Setup+1","Well Laid Plans"],"picked":"Outmaneuver+1","floor":31.0},{"not_picked":["Night Terror+1","Grand Finale"],"picked":"Adrenaline+1","floor":33.0},{"not_picked":["All Out Attack","Backflip+1"],"picked":"Expertise+1","floor":35.0},{"not_picked":["Poisoned Stab","Flying Knee"],"picked":"Cloak And Dagger+1","floor":36.0},{"not_picked":["Leg Sweep+1","Distraction+1"],"picked":"Cloak And Dagger+1","floor":39.0},{"not_picked":["Cloak And Dagger+1","Concentrate+1"],"picked":"Blade Dance+1","floor":41},{"not_picked":["Terror+1","Heel Hook"],"picked":"Prepared+1","floor":42},{"not_picked":["Acrobatics+1","Flechettes"],"picked":"Calculated Gamble+1","floor":44},{"not_picked":["Bane+1","Sucker Punch"],"picked":"Acrobatics+1","floor":45},{"not_picked":["Distraction+1","Sucker Punch+1"],"picked":"Concentrate+1","floor":54}],"player_experience":1431438,"relics_obtained":[{"floor":7.0,"key":"MealTicket"},{"floor":9.0,"key":"Bottled Tornado"},{"floor":10.0,"key":"Oddly Smooth Stone"},{"floor":14.0,"key":"Omamori"},{"floor":19.0,"key":"Red Mask"},{"floor":24.0,"key":"Strawberry"},{"floor":25.0,"key":"Pen Nib"},{"floor":26.0,"key":"MawBank"},{"floor":27.0,"key":"Toxic Egg 2"},{"floor":41,"key":"Turnip"},{"floor":42,"key":"Eternal Feather"},{"floor":45,"key":"PreservedInsect"},{"floor":54,"key":"Torii"}],"event_choices":[{"damage_healed":0.0,"max_hp_gain":0.0,"max_hp_loss":0.0,"gold_gain":75.0,"event_name":"World of Goop","player_choice":"Gather Gold","floor":3.0,"gold_loss":0.0,"damage_taken":11.0},{"damage_healed":0.0,"max_hp_gain":5.0,"max_hp_loss":0.0,"gold_gain":0.0,"event_name":"Big Fish","player_choice":"Donut","floor":4.0,"gold_loss":0.0,"damage_taken":0.0},{"damage_healed":0.0,"max_hp_gain":0.0,"max_hp_loss":0.0,"gold_gain":0.0,"cards_transformed":["Strike_G"],"event_name":"Living Wall","player_choice":"Change","floor":5.0,"gold_loss":0.0,"damage_taken":0.0,"cards_obtained":["Dagger Throw"]},{"damage_healed":0.0,"max_hp_gain":0.0,"max_hp_loss":0.0,"gold_gain":0.0,"event_name":"Masked Bandits","player_choice":"Fought Bandits","floor":19.0,"gold_loss":0.0,"damage_taken":0.0},{"damage_healed":0.0,"max_hp_gain":0.0,"max_hp_loss":0.0,"gold_gain":0.0,"event_name":"Ghosts","player_choice":"Ignored","floor":30.0,"gold_loss":0.0,"damage_taken":0.0},{"cards_removed":["Eviscerate"],"damage_healed":0.0,"max_hp_gain":0.0,"max_hp_loss":0.0,"gold_gain":0.0,"event_name":"Falling","player_choice":"Removed Attack","floor":38.0,"gold_loss":0.0,"damage_taken":0.0},{"damage_healed":0,"gold_gain":0,"player_choice":"Fight","damage_taken":0,"max_hp_gain":0,"max_hp_loss":0,"event_name":"Mysterious Sphere","floor":41,"gold_loss":0}],"is_beta":false,"boss_relics":[{"not_picked":["Cursed Key","SlaversCollar"],"picked":"Pandora\u0027s Box"},{"not_picked":["Busted Crown","HoveringKite"],"picked":"Philosopher\u0027s Stone"}],"items_purged_floors":[20],"is_endless":false,"potions_floor_spawned":[2,7,10,16,18,22,24,31,36,39,54],"ascension_level":15}}