{"host":"dzc8cchcquikqbpv","time":1611605721,"event":{"mods":["BaseMod","BetterRewards","Block Reminder","Colored Map","Colored Powertips","Dark Map","Downfall","Fox Events","Good Game Mod","Highlight Path","Infinite Spire","Minty Spire (QoL Compilation)","Permanent Neow","Quick Restart","Rare Cards Sparkle","Replay The Spire","Shop Mod","Spire Arcade","StSLib"],"gold_per_floor":[113,124,196,196,196,196,222,222,246,261,115,115,38,48,48,149,149,165,181,195,395,415,415,443,443,443,443,460,460,479,512,512,611,611,627,640,354,364,381,381,412,412,412,412,412,424,424,438,438,438],"floor_reached":51,"language":"ENG","playtime":2799,"items_purged":[],"score":725,"play_id":"cf2a6562-8bfd-4267-a07f-1a0e66381146","local_time":"20210125201521","is_ascension_mode":true,"campfire_choices":[{"floor":6.0,"key":"REST"},{"data":"Bludgeon","floor":8.0,"key":"SMITH"},{"data":"Aggregate","floor":15.0,"key":"SMITH"},{"floor":23.0,"key":"REST"},{"data":"FIFO Queue","floor":25.0,"key":"SMITH"},{"data":"Rainbow","floor":27.0,"key":"SMITH"},{"floor":32.0,"key":"REST"},{"floor":40.0,"key":"REST"},{"floor":42.0,"key":"REST"},{"data":"Seek","floor":45.0,"key":"SMITH"},{"data":"Aggregate","floor":45.0,"key":"SMITH"},{"data":"infinitespire:UltimateForm","floor":47.0,"key":"SMITH"},{"data":"White Noise","floor":47.0,"key":"SMITH"}],"circlet_count":0,"master_deck":["Strike_B","Strike_B+1","Defend_B","Defend_B","Defend_B","Zap","Dualcast","Bludgeon+1","Melter","Go for the Eyes","Turbo","Glacier","Barrage","Crystallizer","Pain","Aggregate+1","Electrodynamics","FIFO Queue+1","White Noise+1","BasicCrystalCard","Rainbow+1","Aggregate+1","Barrage+1","infinitespire:UltimateForm+1","Hologram","Leap","Seek+1","Streamline+1","Leap+1","Turbo+1","Leap+1"],"relics":["Cracked Core","REME:ComplimentaryCards","Ring of Shattering","Ring of Misfortune","infinitespire:Satchel","Oddly Smooth Stone","Replay:Antivirus Software","WarpedTongs","Replay:Wax Seal","Black Star","Pen Nib","Happy Flower","Anchor","Replay:Arrowhead","Whetstone","Potion Belt","Inserter","Replay:Multitool","Bronze Scales","Geode","infinitespire:EmpoweringShard"],"acts_visited":["Exordium","TheCity","TheBeyond"],"potions_floor_usage":[50,50,50],"damage_taken":[{"damage":5.0,"enemies":"2 Louse","floor":1.0,"turns":2.0},{"damage":0.0,"enemies":"Small Slimes","floor":2.0,"turns":2.0},{"damage":11.0,"enemies":"Gremlin Nob","floor":7.0,"turns":4.0},{"damage":4.0,"enemies":"infinitespire:Voidling","floor":10.0,"turns":3.0},{"damage":0.0,"enemies":"Looter","floor":14.0,"turns":1.0},{"damage":19.0,"enemies":"The Guardian","floor":16.0,"turns":6.0},{"damage":0.0,"enemies":"Spheric Guardian","floor":18.0,"turns":2.0},{"damage":12.0,"enemies":"Shell Parasite","floor":19.0,"turns":2.0},{"damage":5.0,"enemies":"Snake Plant","floor":20.0,"turns":3.0},{"damage":1.0,"enemies":"Snecko","floor":22.0,"turns":6.0},{"damage":14.0,"enemies":"Replay:Snechameleon","floor":24.0,"turns":5.0},{"damage":0.0,"enemies":"Centurion and Healer","floor":28.0,"turns":5.0},{"damage":18.0,"enemies":"Shelled Parasite and Fungi","floor":30.0,"turns":3.0},{"damage":12.0,"enemies":"Slavers","floor":31.0,"turns":4.0},{"damage":30.0,"enemies":"Champ","floor":33.0,"turns":8.0},{"damage":3.0,"enemies":"3 Darklings","floor":35.0,"turns":5.0},{"damage":8.0,"enemies":"Orb Walker","floor":36.0,"turns":3.0},{"damage":28.0,"enemies":"4 Shapes","floor":38.0,"turns":4.0},{"damage":11.0,"enemies":"3 Darklings","floor":39.0,"turns":3.0},{"damage":33.0,"enemies":"Nemesis","floor":41.0,"turns":7.0},{"damage":4.0,"enemies":"Transient","floor":46.0,"turns":5.0},{"damage":9.0,"enemies":"Jaw Worm Horde","floor":48.0,"turns":2.0},{"damage":17,"enemies":"Awakened One","floor":50,"turns":8}],"seed_played":"-6053923403820586019","potions_obtained":[{"floor":1.0,"key":"Flashbang"},{"floor":2.0,"key":"Elixir"},{"floor":10.0,"key":"PowerPotion"},{"floor":18.0,"key":"sneckomod:MuddlingPotion"},{"floor":24.0,"key":"SkillPotion"},{"floor":28.0,"key":"Adrenaline Potion"},{"floor":30.0,"key":"LifebloodPotion"},{"floor":36.0,"key":"FearPotion"},{"floor":41.0,"key":"champ:CounterPotion"},{"floor":46.0,"key":"hexamod:SoulburnPotion"}],"is_trial":false,"path_per_floor":["M","M","?","?","?","R","E","R","T","M","$","?","$","M","R","B",null,"M","M","M","?","M","R","E","R","T","R","M","AVR","M","E","R_BF","B",null,"M","M","$","M","M","R","E","R","T","?","R","M","R","M","R","B",null],"character_chosen":"DEFECT","items_purchased":["Replay:Antivirus Software","Replay:Wax Seal","Replay:Multitool"],"campfire_rested":5,"item_purchase_floors":[11,13,37],"current_hp_per_floor":[49,49,49,49,49,71,60,60,60,60,60,60,60,60,60,41,75,75,63,58,58,57,75,61,61,61,61,61,61,43,31,53,23,75,72,64,64,36,25,47,14,36,36,66,66,62,62,53,66,49],"gold":438,"neow_bonus":"TRANSFORM_TWO_CARDS","is_daily":false,"chose_seed":false,"campfire_upgraded":8,"win_rate":0.0,"timestamp":1611605721,"path_taken":["M","M","?","?","?","R","E","R","T","?","$","?","?","M","R","BOSS","M","M","?","?","M","R","E","R","T","R","M","AVR","M","E","R_BF","BOSS","M","?","$","M","?","R","E","R","T","?","R","M","R","M","R","BOSS"],"items_purchased_type":["Relic","Relic","Relic"],"build_version":"2020-12-22","purchased_purges":0,"victory":true,"max_hp_per_floor":[75,75,75,75,75,75,75,75,75,75,75,75,75,75,75,75,75,75,75,75,75,75,75,75,75,75,75,75,75,75,75,75,75,75,75,75,75,75,75,75,75,75,75,66,66,66,66,66,66,66],"card_choices":[{"not_picked":["Go for the Eyes","Aggregate"],"picked":"Turbo","floor":1.0},{"not_picked":["Consume","Hologram"],"picked":"Glacier","floor":2.0},{"not_picked":["Beam Cell","Panic Button"],"picked":"Barrage","floor":7.0},{"not_picked":["Force Field","Core Surge"],"picked":"Crystallizer","floor":10.0},{"not_picked":["Heatsinks","Auto Shields"],"picked":"Aggregate","floor":14.0},{"not_picked":["Biased Cognition","Hyperbeam"],"picked":"Electrodynamics","floor":16.0},{"not_picked":["Stack+1","Reinforced Body+1"],"picked":"FIFO Queue","floor":18.0},{"not_picked":["Redo","Sweeping Beam"],"picked":"White Noise","floor":19.0},{"not_picked":["Stack+1","Consume"],"picked":"BasicCrystalCard","floor":20.0},{"not_picked":["BasicCrystalCard","Streamline"],"picked":"Rainbow","floor":22.0},{"not_picked":["Rebound+1","ReplaySort+1"],"picked":"Aggregate","floor":24.0},{"not_picked":["ReplayTheSpireMod:Repulse","BasicCrystalCard"],"picked":"Barrage","floor":28.0},{"not_picked":["Sweeping Beam","Gash"],"picked":"Hologram","floor":30.0},{"not_picked":["Buffer","Consume+1"],"picked":"Leap","floor":31.0},{"not_picked":["Echo Form","Multi-Cast"],"picked":"Seek","floor":33.0},{"not_picked":["Rip and Tear+1","Redo+1"],"picked":"Streamline+1","floor":35.0},{"not_picked":["Hologram+1","Stack+1","FIFO Queue"],"picked":"SKIP","floor":36.0},{"not_picked":["Ball Lightning","FIFO Queue+1"],"picked":"Leap+1","floor":38.0},{"not_picked":["Go for the Eyes+1","Sunder"],"picked":"Turbo","floor":39.0},{"not_picked":["Hologram","Redo+1"],"picked":"Leap+1","floor":41.0},{"not_picked":["Stack","Force Field+1","Streamline"],"picked":"SKIP","floor":46.0},{"not_picked":["ReplayTheSpireMod:GoodbyeWorld+1","Crystallizer+1","Blizzard+1"],"picked":"SKIP","floor":48.0}],"player_experience":50819,"relics_obtained":[{"floor":4.0,"key":"Ring of Shattering"},{"floor":4.0,"key":"Ring of Misfortune"},{"floor":7.0,"key":"infinitespire:Satchel"},{"floor":9.0,"key":"Oddly Smooth Stone"},{"floor":24.0,"key":"Pen Nib"},{"floor":24.0,"key":"Happy Flower"},{"floor":26.0,"key":"Anchor"},{"floor":31.0,"key":"Whetstone"},{"floor":31.0,"key":"Potion Belt"},{"floor":41.0,"key":"Bronze Scales"},{"floor":41.0,"key":"Geode"},{"floor":43.0,"key":"infinitespire:EmpoweringShard"}],"event_choices":[{"damage_healed":0.0,"max_hp_gain":0.0,"max_hp_loss":0.0,"gold_gain":72.0,"event_name":"Golden Wing","player_choice":"Gained Gold","floor":3.0,"gold_loss":0.0,"damage_taken":0.0},{"cards_removed":["Strike_B"],"damage_healed":0.0,"max_hp_gain":0.0,"max_hp_loss":0.0,"gold_gain":0.0,"event_name":"Purifier","player_choice":"Purged","floor":5.0,"gold_loss":0.0,"damage_taken":0.0},{"damage_healed":0.0,"max_hp_gain":0.0,"max_hp_loss":0.0,"gold_gain":0.0,"event_name":"Accursed Blacksmith","player_choice":"Rummage","floor":12.0,"gold_loss":0.0,"damage_taken":0.0,"relics_obtained":["WarpedTongs"],"cards_obtained":["Pain"]},{"damage_healed":0.0,"max_hp_gain":0.0,"max_hp_loss":0.0,"gold_gain":200.0,"event_name":"Wheel of Change","player_choice":"Gold","floor":21.0,"gold_loss":0.0,"damage_taken":0.0},{"damage_healed":66.0,"max_hp_gain":0.0,"max_hp_loss":9.0,"gold_gain":0.0,"event_name":"The Moai Head","player_choice":"Heal","floor":44.0,"gold_loss":0.0,"damage_taken":0.0}],"is_beta":false,"boss_relics":[{"not_picked":["Tiny House","Cursed Key"],"picked":"Black Star"},{"not_picked":["Replay:Wanted Poster","Philosopher\u0027s Stone"],"picked":"Inserter"}],"items_purged_floors":[],"is_endless":false,"potions_floor_spawned":[1,2,10,18,24,28,30,36,41,46],"ascension_level":1}}