{"host":"xp5rvh2jwe2ejyfm","time":1611579758,"event":{"mods":["BaseMod","Downfall","Duelist Mod","GifTheSpireLib","Gremlin Mod","Hermit","Hubris","Minty Spire (QoL Compilation)","Robot Space Explorer","StSLib","The Blackbeard","The Clintock","The Construct","The Cursed","The Disciple","The Forsaken","The Hierophant","The Necromancer","The Runesmith","The Servant 0.9.4"],"gold_per_floor":[109,109,2,77,96,96,122,135,135,135,167,180,180,208,208,303,303,315,315,315,315,333,333,359,359,414,442,454,468,468,5,5,110,110,120,120,120],"floor_reached":36,"language":"ENG","playtime":1249,"items_purged":[],"score":398,"play_id":"eaa14874-e68d-4b40-ba70-44c9deeb37ad","local_time":"20210125080238","is_ascension_mode":false,"campfire_choices":[{"floor":6,"key":"REST"},{"data":"RobotSpaceExplorer:Discharger","floor":10,"key":"SMITH"},{"floor":13,"key":"REST"},{"floor":15,"key":"RECALL"},{"floor":23,"key":"REST"},{"data":"RobotSpaceExplorer:TrailblazerForm","floor":25,"key":"SMITH"},{"floor":32,"key":"REST"}],"circlet_count":0,"master_deck":["RobotSpaceExplorer:Strike","RobotSpaceExplorer:Strike","RobotSpaceExplorer:Strike","RobotSpaceExplorer:Strike","RobotSpaceExplorer:Defend","RobotSpaceExplorer:Defend","RobotSpaceExplorer:Defend","RobotSpaceExplorer:Defend","RobotSpaceExplorer:Scan","RobotSpaceExplorer:MiniLasers","RobotSpaceExplorer:Pulsar","RobotSpaceExplorer:Discharger+1","RobotSpaceExplorer:Electropulse","RobotSpaceExplorer:Pulsar+1","RobotSpaceExplorer:ShovelStrike+1","RobotSpaceExplorer:Probe+1","RobotSpaceExplorer:ImprovisedAttack+1","RobotSpaceExplorer:ImprovisedAttack+1","RobotSpaceExplorer:FrostMissile+1","RobotSpaceExplorer:TrailblazerForm+1","RobotSpaceExplorer:MetalStrike+1","RobotSpaceExplorer:RigExplosive","RobotSpaceExplorer:MetalStrike+1","RobotSpaceExplorer:BigMissile","RobotSpaceExplorer:GlueShot+1","RobotSpaceExplorer:PlasmaMissile","RobotSpaceExplorer:DroneSwarm","RobotSpaceExplorer:Discharger","RobotSpaceExplorer:StarDust","RobotSpaceExplorer:ShockMissile","RobotSpaceExplorer:Probe+1"],"relics":["RobotSpaceExplorer:RoboCore","Tiny Chest","theForsaken:HumbleEgg","Regal Pillow","Kunai","Meat on the Bone","Dream Catcher","hubris:HollowSoul","hubris:Icosahedron","RobotSpaceExplorer:FoglandsKnife","PreservedInsect","hubris:SphereOfDissonance","hubris:MysteriousPyramids","hubris:HerbalPaste","SlaversCollar"],"acts_visited":["Exordium","TheCity","TheBeyond"],"potions_floor_usage":[22,28,28,28,33,33,35],"damage_taken":[{"damage":17,"enemies":"Jaw Worm","floor":1,"turns":4},{"damage":0,"enemies":"2 Louse","floor":5,"turns":1},{"damage":8,"enemies":"3 Sentries","floor":7,"turns":4},{"damage":0,"enemies":"Cultist","floor":8,"turns":4},{"damage":15,"enemies":"Gremlin Nob","floor":11,"turns":3},{"damage":5,"enemies":"Red Slaver","floor":12,"turns":2},{"damage":14,"enemies":"3 Sentries","floor":14,"turns":4},{"damage":29,"enemies":"The Guardian","floor":16,"turns":9},{"damage":32,"enemies":"2 Thieves","floor":18,"turns":4},{"damage":12,"enemies":"Shell Parasite","floor":22,"turns":5},{"damage":18,"enemies":"theDuelist:KaibaA2","floor":27,"turns":5},{"damage":30,"enemies":"3 Cultists","floor":28,"turns":6},{"damage":18,"enemies":"Shelled Parasite and Fungi","floor":29,"turns":6},{"damage":61,"enemies":"Collector","floor":33,"turns":9},{"damage":42,"enemies":"3 Darklings","floor":35,"turns":6},{"damage":16,"enemies":"3 Shapes","floor":36,"turns":1}],"seed_played":"-7289694268859207640","potions_obtained":[{"floor":1,"key":"GamblersBrew"},{"floor":5,"key":"Dexterity Potion"},{"floor":11,"key":"sneckomod:MuddlingPotion"},{"floor":22,"key":"Fire Potion"},{"floor":27,"key":"ColorlessPotion"},{"floor":29,"key":"Energy Potion"},{"floor":33,"key":"DistilledChaos"}],"is_trial":false,"path_per_floor":["M","?","$","?","M","R","E","M","T","R","E","M","R","E","R","B",null,"M","T","?","?","M","R","T","R","T","E","M","M","$","$","R","B",null,"M","M"],"character_chosen":"RobotSpaceExplorer","items_purchased":["RobotSpaceExplorer:Discharger","RobotSpaceExplorer:Electropulse","hubris:MysteriousPyramids","hubris:HerbalPaste","RobotSpaceExplorer:Discharger"],"campfire_rested":4,"item_purchase_floors":[3,3,31,31,31],"current_hp_per_floor":[58,46,46,35,35,57,49,49,49,49,34,41,75,61,61,44,75,43,43,43,43,43,75,75,75,75,57,39,33,33,33,70,27,75,48,0,0],"gold":120,"neow_bonus":"RANDOM_COMMON_RELIC","is_daily":false,"chose_seed":false,"campfire_upgraded":2,"win_rate":0.0,"timestamp":1611579758,"path_taken":["M","?","$","?","M","R","E","M","T","R","E","?","R","E","R","BOSS","M","?","?","?","?","R","?","R","T","E","M","M","?","$","R","BOSS","M","M"],"items_purchased_type":["Card","Card","Relic","Relic","Card"],"build_version":"2020-12-22","purchased_purges":0,"victory":false,"max_hp_per_floor":[75,75,75,75,75,75,75,75,75,75,75,75,75,75,75,75,75,75,75,75,75,75,75,75,75,75,75,75,75,75,75,75,75,75,75,75,75],"card_choices":[{"not_picked":["RobotSpaceExplorer:Probe","RobotSpaceExplorer:StunGrenade"],"picked":"RobotSpaceExplorer:Pulsar","floor":1},{"not_picked":["RobotSpaceExplorer:Calculate","RobotSpaceExplorer:Probe+1"],"picked":"RobotSpaceExplorer:Pulsar+1","floor":5},{"not_picked":["RobotSpaceExplorer:Calculate","RobotSpaceExplorer:FranticSearch+1"],"picked":"RobotSpaceExplorer:ShovelStrike+1","floor":7},{"not_picked":["RobotSpaceExplorer:SwiftStep+1","RobotSpaceExplorer:LuckyStrike"],"picked":"RobotSpaceExplorer:Probe+1","floor":8},{"not_picked":["RobotSpaceExplorer:PowerCollector","RobotSpaceExplorer:Asteroid"],"picked":"RobotSpaceExplorer:ImprovisedAttack+1","floor":11},{"not_picked":["RobotSpaceExplorer:FreezeRay","RobotSpaceExplorer:Blitz"],"picked":"RobotSpaceExplorer:ImprovisedAttack+1","floor":12},{"not_picked":["RobotSpaceExplorer:SelfCleaning","RobotSpaceExplorer:Ammunition+1"],"picked":"RobotSpaceExplorer:FrostMissile+1","floor":14},{"not_picked":["RobotSpaceExplorer:Blaster","RobotSpaceExplorer:Multitool"],"picked":"RobotSpaceExplorer:TrailblazerForm","floor":16},{"not_picked":["RobotSpaceExplorer:Smokescreen","RobotSpaceExplorer:SwiftStep+1"],"picked":"RobotSpaceExplorer:MetalStrike+1","floor":18},{"not_picked":["RobotSpaceExplorer:SlimeMissile+1","RobotSpaceExplorer:ShovelStrike+1"],"picked":"RobotSpaceExplorer:MetalStrike+1","floor":22},{"not_picked":["RobotSpaceExplorer:SwiftStep+1","RobotSpaceExplorer:Counterblock+1"],"picked":"RobotSpaceExplorer:BigMissile","floor":23},{"not_picked":["RobotSpaceExplorer:StunGrenade+1","RobotSpaceExplorer:FreezingShield"],"picked":"RobotSpaceExplorer:GlueShot+1","floor":27},{"not_picked":["RobotSpaceExplorer:SurgingShield+1","RobotSpaceExplorer:ShovelStrike+1"],"picked":"RobotSpaceExplorer:PlasmaMissile","floor":28},{"not_picked":["RobotSpaceExplorer:SurgingShield+1","RobotSpaceExplorer:MiniDrones+1"],"picked":"RobotSpaceExplorer:DroneSwarm","floor":29},{"not_picked":["RobotSpaceExplorer:Jetpack","RobotSpaceExplorer:MetalStrike+1"],"picked":"RobotSpaceExplorer:StarDust","floor":32},{"not_picked":["RobotSpaceExplorer:Asteroid","RobotSpaceExplorer:BlastShield"],"picked":"RobotSpaceExplorer:ShockMissile","floor":33},{"not_picked":["RobotSpaceExplorer:SurgingShield+1","RobotSpaceExplorer:FreezingShield+1"],"picked":"RobotSpaceExplorer:Probe+1","floor":35}],"player_experience":322861,"relics_obtained":[{"floor":7,"key":"Regal Pillow"},{"floor":9,"key":"Kunai"},{"floor":11,"key":"Meat on the Bone"},{"floor":14,"key":"Dream Catcher"},{"floor":24,"key":"RobotSpaceExplorer:FoglandsKnife"},{"floor":26,"key":"PreservedInsect"},{"floor":27,"key":"hubris:SphereOfDissonance"}],"event_choices":[{"damage_healed":0,"gold_gain":0,"player_choice":"Success","damage_taken":12,"relics_obtained":["theForsaken:HumbleEgg"],"max_hp_gain":0,"max_hp_loss":0,"event_name":"Scrap Ooze","floor":2,"gold_loss":0},{"damage_healed":0,"gold_gain":75,"player_choice":"Gather Gold","damage_taken":11,"max_hp_gain":0,"max_hp_loss":0,"event_name":"World of Goop","floor":4,"gold_loss":0},{"damage_healed":0,"gold_gain":0,"player_choice":"1 cards matched","damage_taken":0,"max_hp_gain":0,"max_hp_loss":0,"event_name":"Match and Keep!","floor":21,"gold_loss":0,"cards_obtained":["RobotSpaceExplorer:RigExplosive"]}],"is_beta":false,"boss_relics":[{"not_picked":["hubris:GrandSneckoEye","hubris:BlackHole"],"picked":"hubris:HollowSoul"},{"not_picked":["Snecko Eye","construct:ClawGrip"],"picked":"SlaversCollar"}],"items_purged_floors":[],"is_endless":false,"potions_floor_spawned":[1,5,11,22,27,29,33],"killed_by":"3 Shapes","ascension_level":0}}