{"host":"ty9fb48q9oru32qm","time":1611603963,"event":{"mods":["2.2 Compatiblity","AchievementEnabler","Act Like it!","Astrologer","BaseMod","Beaked The Cultist","Better Synergies","Block Reminder","ChefMod","Colored Powertips","Conspire","DeckTracker","Downfall","Friendly Minions","GifTheSpireLib","Hermit","Hubris","Infinite Spire","Jorbs\u0027s Wanderer Trilogy","Marisa????????","Minty Spire (QoL Compilation)","Permanent Neow","Quick Restart","Random Character Button","Reliquary","Replay The Spire","Somnambulant","StSLib","Stuff the Spire","The Construct","The Cursed","The Marked","The Runesmith","The Servant 0.9.4","TheHeartMod"],"gold_per_floor":[99,109,109,19,33,48,72,57,57,68,84,109,125,141,151,151,151,151],"floor_reached":16,"language":"ENG","playtime":1305,"items_purged":["bronze:Goto"],"score":106,"play_id":"5be545b2-11ed-4385-a698-e4351fbf98e5","local_time":"20210125204603","is_ascension_mode":false,"campfire_choices":[{"floor":1,"key":"RECALL"}],"circlet_count":0,"master_deck":["bronze:Strike","bronze:Strike","bronze:Strike","bronze:Defend","bronze:Defend","bronze:Defend","bronze:Defend","bronze:Replicate","bronze:DelayedSlice","bronze:Invalidate","bronze:DelayedSlice","bronze:FollowUp","bronze:DelayedGuard","bronze:GetLatest","bronze:ChildClass","bronze:Deprecate"],"relics":["bronze:BronzeCore","White Beast Statue"],"acts_visited":["Exordium"],"potions_floor_usage":[16,16],"damage_taken":[{"damage":1,"enemies":"Cultist","floor":2,"turns":3},{"damage":0,"enemies":"downfall:FleeingMerchant","floor":4,"turns":4},{"damage":0,"enemies":"Jaw Worm","floor":5,"turns":2},{"damage":8,"enemies":"conspire:RoseBush","floor":6,"turns":1},{"damage":5,"enemies":"downfall:FleeingMerchant","floor":8,"turns":4},{"damage":0,"enemies":"2 Fungi Beasts","floor":10,"turns":2},{"damage":2,"enemies":"Large Slime","floor":11,"turns":4},{"damage":37,"enemies":"3 Sentries","floor":12,"turns":10},{"damage":0,"enemies":"3 Louse","floor":13,"turns":2},{"damage":6,"enemies":"Exordium Thugs","floor":14,"turns":3},{"damage":8,"enemies":"Red Slaver","floor":15,"turns":2},{"damage":17,"enemies":"DF_ARCHETYPE_STREAMLINE","floor":16,"turns":6}],"seed_played":"-6367763805616437682","potions_obtained":[{"floor":6,"key":"PowerPotion"},{"floor":10,"key":"GamblersBrew"},{"floor":11,"key":"Adrenaline Potion"},{"floor":12,"key":"Block Potion"},{"floor":15,"key":"Guardian:BlockOnCardUsePotion"}],"is_trial":false,"path_per_floor":["R","M","?","$","M","M","T","$","?","M","M","E","M","M","M","B"],"character_chosen":"THE_AUTOMATON","items_purchased":[],"campfire_rested":0,"item_purchase_floors":[],"current_hp_per_floor":[70,69,69,69,69,61,61,56,70,70,68,31,31,25,17,0,0,0],"gold":151,"neow_bonus":"THREE_CARDS","is_daily":false,"chose_seed":false,"campfire_upgraded":0,"win_rate":0.0,"timestamp":1611603963,"path_taken":["R","M","?","$","M","M","T","$","?","?","M","E","M","M","M","BOSS"],"items_purchased_type":[],"build_version":"2020-12-22","purchased_purges":1,"victory":false,"max_hp_per_floor":[70,70,70,70,70,70,70,70,70,70,70,70,70,70,70,70,70,70],"card_choices":[{"not_picked":["bronze:Allocate","bronze:Philosophize"],"picked":"bronze:DelayedSlice","floor":0},{"not_picked":["bronze:Shield","bronze:Boost"],"picked":"bronze:Invalidate","floor":2},{"not_picked":["bronze:AlphaBuild","bronze:WhirlingStrike"],"picked":"bronze:DelayedSlice","floor":4},{"not_picked":["bronze:Shell","bronze:OilSpill","bronze:BugBarrage"],"picked":"SKIP","floor":5},{"not_picked":["bronze:ItsAFeature","bronze:CutThrough"],"picked":"bronze:FollowUp","floor":6},{"not_picked":["bronze:OilSpill","bronze:Philosophize"],"picked":"bronze:DelayedGuard","floor":8},{"not_picked":["bronze:OilSpill","bronze:Return","bronze:Branch"],"picked":"SKIP","floor":10},{"not_picked":["bronze:Iterate","bronze:Frontload","bronze:Invalidate"],"picked":"SKIP","floor":11},{"not_picked":["bronze:Backtrace","bronze:DarkDash"],"picked":"bronze:GetLatest","floor":12},{"not_picked":["bronze:FindAndReplace","bronze:FollowUp"],"picked":"bronze:ChildClass","floor":13},{"not_picked":["bronze:NullPointer","bronze:MaxOutput","bronze:WildBeam"],"picked":"SKIP","floor":14},{"not_picked":["bronze:WildBeam","bronze:BronzeArmor"],"picked":"bronze:Deprecate","floor":15}],"player_experience":281310,"relics_obtained":[{"floor":12,"key":"White Beast Statue"}],"event_choices":[{"damage_healed":14,"gold_gain":0,"player_choice":"Full Heal","damage_taken":0,"max_hp_gain":0,"max_hp_loss":0,"event_name":"Wheel of Change","floor":9,"gold_loss":0}],"is_beta":false,"boss_relics":[],"items_purged_floors":[4],"is_endless":false,"potions_floor_spawned":[6,10,11,12,13,14,15],"killed_by":"DF_ARCHETYPE_STREAMLINE","ascension_level":0}}