{"host":"Sean","time":1611594927,"event":{"mods":["BaseMod","Block Reminder","Colored Map","Colored Powertips","Highlight Path","Minty Spire (QoL Compilation)","Permanent Neow","Relic Stats"],"gold_per_floor":[366,366,384,43,59,59,71,71,71,71,71,98,44,70,70,169,169,186,200,200,220,220,220,220],"floor_reached":23,"language":"ENG","playtime":1557,"items_purged":["Strike_B"],"score":269,"play_id":"e641f3cb-69ef-4151-a50b-f51ee67efa41","local_time":"20210125171527","is_ascension_mode":true,"campfire_choices":[{"data":"Sweeping Beam","floor":6,"key":"SMITH"},{"data":"Dualcast","floor":8,"key":"SMITH"},{"data":"Glacier","floor":10,"key":"SMITH"},{"data":"Ball Lightning","floor":15,"key":"SMITH"}],"circlet_count":0,"master_deck":["Strike_B","Strike_B","Strike_B","Defend_B","Defend_B","Zap","Dualcast+1","Sunder+1","Sweeping Beam+1","Steam Power","Leap","Glacier+1","Thunder Strike","Chill","Ball Lightning+1","Leap","Echo Form","Doom and Gloom","Hologram","Coolheaded"],"relics":["Cracked Core","Gremlin Horn","Girya","Vajra","Nuclear Battery","Nloth\u0027s Gift"],"acts_visited":["Exordium","TheCity"],"potions_floor_usage":[12,16,21,23],"damage_taken":[{"damage":0,"enemies":"2 Louse","floor":1,"turns":2},{"damage":0,"enemies":"Cultist","floor":3,"turns":2},{"damage":12,"enemies":"Jaw Worm","floor":5,"turns":2},{"damage":3,"enemies":"Red Slaver","floor":7,"turns":4},{"damage":3,"enemies":"Lagavulin","floor":12,"turns":7},{"damage":11,"enemies":"Gremlin Nob","floor":14,"turns":4},{"damage":34,"enemies":"Hexaghost","floor":16,"turns":11},{"damage":0,"enemies":"Chosen","floor":18,"turns":3},{"damage":17,"enemies":"2 Thieves","floor":19,"turns":3},{"damage":10,"enemies":"Snake Plant","floor":21,"turns":4},{"damage":26,"enemies":"Book of Stabbing","floor":23,"turns":4}],"seed_played":"-5768926897900404488","potions_obtained":[{"floor":3,"key":"SkillPotion"},{"floor":7,"key":"DistilledChaos"},{"floor":16,"key":"AttackPotion"},{"floor":19,"key":"Swift Potion"}],"is_trial":false,"path_per_floor":["M","?","M","$","M","R","M","R","T","R","?","E","$","E","R","B",null,"M","M","?","M","?","E"],"character_chosen":"DEFECT","items_purchased":["Fire Potion","Juzu Bracelet","Steam Power","Ball Lightning"],"campfire_rested":0,"item_purchase_floors":[4,4,4,13],"current_hp_per_floor":[68,68,68,68,56,56,53,53,53,53,53,50,50,39,39,5,52,52,35,35,25,25,0,0],"gold":220,"neow_bonus":"TWO_FIFTY_GOLD","is_daily":false,"chose_seed":false,"campfire_upgraded":4,"win_rate":0.0,"timestamp":1611594927,"path_taken":["M","?","M","$","M","R","M","R","T","R","?","E","?","E","R","BOSS","M","M","?","?","?","E"],"items_purchased_type":["Potion","Relic","Card","Card"],"build_version":"2020-12-18","purchased_purges":1,"victory":false,"max_hp_per_floor":[68,68,68,68,68,68,68,68,68,68,68,68,68,68,68,68,68,68,68,68,68,68,68,68],"relic_stats":{"Gremlin Horn":[1,1],"counters":[11,46],"Nloth\u0027s Gift":0,"obtain_stats":[{"Girya":12,"Gremlin Horn":9,"Vajra":14,"Juzu Bracelet":4,"Nloth\u0027s Gift":20,"Cracked Core":0,"Nuclear Battery":17},{"Girya":5,"Gremlin Horn":4,"Vajra":6,"Juzu Bracelet":2,"Nloth\u0027s Gift":9,"Cracked Core":0,"Nuclear Battery":7},{"Girya":17,"Gremlin Horn":10,"Vajra":21,"Juzu Bracelet":4,"Nloth\u0027s Gift":38,"Cracked Core":0,"Nuclear Battery":32}]},"card_choices":[{"not_picked":["Redo","Hello World"],"picked":"Sunder","floor":1},{"not_picked":["Streamline","Static Discharge"],"picked":"Sweeping Beam","floor":3},{"not_picked":["Streamline","Coolheaded"],"picked":"Leap","floor":5},{"not_picked":["Blizzard","Steam"],"picked":"Glacier","floor":7},{"not_picked":["Sunder","Genetic Algorithm"],"picked":"Chill","floor":12},{"not_picked":["Compile Driver","Fusion"],"picked":"Leap","floor":14},{"not_picked":["Thunder Strike","Amplify"],"picked":"Echo Form","floor":16},{"not_picked":["Darkness","Go for the Eyes"],"picked":"Doom and Gloom","floor":18},{"not_picked":["Go for the Eyes","Beam Cell"],"picked":"Hologram","floor":19},{"not_picked":["Sunder","Steam Power+1"],"picked":"Coolheaded","floor":21}],"player_experience":463879,"relics_obtained":[{"floor":9,"key":"Gremlin Horn"},{"floor":12,"key":"Girya"},{"floor":14,"key":"Vajra"}],"event_choices":[{"damage_healed":0,"gold_gain":0,"player_choice":"Upgraded","damage_taken":0,"max_hp_gain":0,"max_hp_loss":0,"event_name":"Upgrade Shrine","floor":2,"gold_loss":0,"cards_upgraded":["Sunder"]},{"damage_healed":0,"gold_gain":0,"cards_transformed":["Defend_B"],"player_choice":"Transformed","damage_taken":0,"max_hp_gain":0,"max_hp_loss":0,"event_name":"Transmorgrifier","floor":11,"gold_loss":0,"cards_obtained":["Thunder Strike"]},{"damage_healed":0,"gold_gain":0,"player_choice":"Traded Relic","damage_taken":0,"relics_obtained":["Nloth\u0027s Gift"],"max_hp_gain":0,"max_hp_loss":0,"event_name":"N\u0027loth","floor":20,"relics_lost":["Juzu Bracelet"],"gold_loss":0},{"cards_removed":["Defend_B"],"damage_healed":0,"gold_gain":0,"player_choice":"Elegance","damage_taken":0,"max_hp_gain":0,"max_hp_loss":0,"event_name":"Back to Basics","floor":22,"gold_loss":0}],"is_beta":true,"boss_relics":[{"not_picked":["Inserter","Black Star"],"picked":"Nuclear Battery"}],"items_purged_floors":[4],"is_endless":false,"potions_floor_spawned":[3,7,16,19],"killed_by":"Book of Stabbing","ascension_level":7}}