{"host":"qgpqu878cmwvz894","time":1611565898,"event":{"mods":["AchievementEnabler","BaseMod","Colored Map","Hermit","Minty Spire (QoL Compilation)","Rare Cards Sparkle","StSLib","SuperFastMode"],"gold_per_floor":[118,118,128,128,53,53,80,255,255,267,37,51,61,11,11,111,111,123,134,151,170,183,217,217,237,237,257,291,306,486,521,521,624,674,694,916,928,946,946,946,956,956,956,974,990,1004,1054,1054,1054,1054,1054,1054,62,93,93],"floor_reached":56,"language":"KOR","playtime":3212,"items_purged":["hermit:Defend_Hermit"],"score":1235,"play_id":"786c353a-cd0f-4cd8-9886-b1a112f62166","local_time":"20210125181138","is_ascension_mode":false,"campfire_choices":[{"floor":6,"key":"RECALL"},{"data":"hermit:Snapshot","floor":15,"key":"SMITH"},{"data":"hermit:Reprieve","floor":24,"key":"SMITH"},{"data":"hermit:CursedWeapon","floor":32,"key":"SMITH"},{"data":"hermit:Headshot","floor":40,"key":"SMITH"},{"data":"hermit:Determination","floor":42,"key":"SMITH"},{"data":"hermit:FatalDesire","floor":49,"key":"SMITH"},{"data":"hermit:SprayPray","floor":52,"key":"SMITH"}],"circlet_count":0,"master_deck":["hermit:Strike_Hermit","hermit:Strike_Hermit+1","hermit:Strike_Hermit","hermit:Strike_Hermit","hermit:Defend_Hermit","hermit:Defend_Hermit","hermit:Snapshot+1","hermit:Covet+1","hermit:EyeOfTheStorm+1","Regret","hermit:GhostlyPresence","Doubt","hermit:Malice","hermit:SprayPray+1","CurseOfTheBell","hermit:CursedWeapon+1","hermit:Headshot+1","hermit:Quickdraw","hermit:Determination+1","hermit:Reprieve+1","hermit:Misfire","hermit:Headshot+1","hermit:FlashPowder+1","hermit:CalledShot","hermit:FatalDesire+1","hermit:Ricochet+1","hermit:Virtue","hermit:Snapshot+1","hermit:Dive+1"],"relics":["hermit:Momento","Bag of Marbles","Black Blood","Ornamental Fan","Darkstone Periapt","Vajra","Calling Bell","Pen Nib","Shuriken","CaptainsWheel","Gremlin Horn","Eternal Feather","Red Mask","Happy Flower","Tiny House","The Courier","Lizard Tail","Bronze Scales","Blue Candle","Bottled Tornado","Toolbox","Anchor","War Paint","Art of War","Orichalcum"],"acts_visited":["Exordium","TheCity","TheBeyond","TheEnding"],"potions_floor_usage":[13,16,16,19,19,23,27,28,31,33,33,44,45,50,50,50,55],"damage_taken":[{"damage":0,"enemies":"2 Louse","floor":1,"turns":1},{"damage":1,"enemies":"Jaw Worm","floor":3,"turns":4},{"damage":0,"enemies":"Small Slimes","floor":10,"turns":3},{"damage":12,"enemies":"Blue Slaver","floor":12,"turns":2},{"damage":0,"enemies":"2 Fungi Beasts","floor":13,"turns":2},{"damage":53,"enemies":"Hexaghost","floor":16,"turns":9},{"damage":4,"enemies":"Chosen","floor":18,"turns":3},{"damage":19,"enemies":"3 Byrds","floor":19,"turns":6},{"damage":10,"enemies":"Centurion and Healer","floor":20,"turns":4},{"damage":4,"enemies":"3 Cultists","floor":21,"turns":4},{"damage":18,"enemies":"Snake Plant","floor":22,"turns":4},{"damage":157,"enemies":"Book of Stabbing","floor":23,"turns":10},{"damage":25,"enemies":"Shelled Parasite and Fungi","floor":25,"turns":3},{"damage":16,"enemies":"Centurion and Healer","floor":27,"turns":3},{"damage":0,"enemies":"Masked Bandits","floor":28,"turns":1},{"damage":3,"enemies":"Cultist and Chosen","floor":29,"turns":4},{"damage":16,"enemies":"Gremlin Leader","floor":31,"turns":4},{"damage":93,"enemies":"Automaton","floor":33,"turns":10},{"damage":1,"enemies":"3 Shapes","floor":35,"turns":4},{"damage":8,"enemies":"Orb Walker","floor":37,"turns":3},{"damage":63,"enemies":"Maw","floor":38,"turns":8},{"damage":19,"enemies":"Jaw Worm Horde","floor":41,"turns":3},{"damage":10,"enemies":"Writhing Mass","floor":44,"turns":5},{"damage":38,"enemies":"Maw","floor":45,"turns":6},{"damage":15,"enemies":"Jaw Worm Horde","floor":46,"turns":2},{"damage":13,"enemies":"Mind Bloom Boss Battle","floor":47,"turns":6},{"damage":125,"enemies":"Donu and Deca","floor":50,"turns":12},{"damage":19,"enemies":"Shield and Spear","floor":54,"turns":5},{"damage":191,"enemies":"The Heart","floor":55,"turns":9}],"seed_played":"2579377284408264364","potions_obtained":[{"floor":1,"key":"Swift Potion"},{"floor":3,"key":"BlessingOfTheForge"},{"floor":13,"key":"LiquidBronze"},{"floor":16,"key":"Fire Potion"},{"floor":18,"key":"ColorlessPotion"},{"floor":22,"key":"hermit:Tonic"},{"floor":23,"key":"GamblersBrew"},{"floor":25,"key":"PowerPotion"},{"floor":27,"key":"Ancient Potion"},{"floor":28,"key":"DistilledChaos"},{"floor":31,"key":"Explosive Potion"},{"floor":34,"key":"hermit:Tonic"},{"floor":35,"key":"Ancient Potion"},{"floor":41,"key":"BlessingOfTheForge"},{"floor":45,"key":"Fire Potion"},{"floor":47,"key":"Regen Potion"},{"floor":54,"key":"CultistPotion"}],"is_trial":false,"path_per_floor":["M","?","M","?","$","R","T","?","T","M","$","M","M","?","R","B",null,"M","M","M","M","M","E","R","M","T","M","?","M","?","E","R","B",null,"M","?","M","M","?","R","M","R","T","M","M","M","?","?","R","B",null,"R","$","E","B",null],"character_chosen":"HERMIT","items_purchased":["Vajra","hermit:Malice","Bronze Scales","Blue Candle","Bottled Tornado","Toolbox","Anchor","War Paint","Art of War"],"campfire_rested":0,"item_purchase_floors":[11,11,53,53,53,53,53,53,53],"current_hp_per_floor":[75,75,75,75,75,75,75,75,75,75,75,75,75,75,75,34,81,81,74,76,81,75,49,49,36,36,36,48,77,58,62,77,30,86,86,86,86,63,63,78,71,86,86,86,60,57,72,96,96,36,96,96,96,96,96],"gold":93,"neow_bonus":"RANDOM_COMMON_RELIC","is_daily":false,"chose_seed":false,"campfire_upgraded":7,"win_rate":0.0,"timestamp":1611565898,"path_taken":["M","?","M","?","$","R","?","?","T","M","$","M","M","?","R","BOSS","M","M","M","M","M","E","R","M","T","M","?","M","?","E","R","BOSS","M","?","M","M","?","R","?","R","T","M","M","M","?","?","R","BOSS","R","$","E","BOSS"],"items_purchased_type":["Relic","Card","Relic","Relic","Relic","Relic","Relic","Relic","Relic"],"build_version":"2020-12-22","purchased_purges":1,"victory":true,"max_hp_per_floor":[75,75,75,75,75,75,75,75,75,75,75,75,75,75,75,75,81,81,81,81,81,81,81,81,81,81,81,81,81,81,81,81,81,86,86,86,86,86,86,86,86,86,86,86,86,86,86,96,96,96,96,96,96,96,96],"card_choices":[{"not_picked":["hermit:Brawl","hermit:Snipe"],"picked":"hermit:EyeOfTheStorm","floor":1},{"not_picked":["hermit:Vantage","hermit:CalledShot"],"picked":"hermit:GhostlyPresence","floor":3},{"not_picked":["hermit:TakeAim","hermit:Showdown","hermit:FullyLoaded"],"picked":"SKIP","floor":10},{"not_picked":["hermit:Desperado","hermit:WideOpen"],"picked":"hermit:SprayPray","floor":12},{"not_picked":["hermit:Maintenance","hermit:Brawl","hermit:NoHoldsBarred"],"picked":"SKIP","floor":13},{"not_picked":["hermit:Magnum","hermit:HighNoon"],"picked":"hermit:Roughhouse","floor":16},{"not_picked":["hermit:CalledShot","hermit:Brawl","hermit:HoleUp+1"],"picked":"SKIP","floor":18},{"not_picked":["hermit:HoleUp","hermit:Snipe+1"],"picked":"hermit:CursedWeapon","floor":19},{"not_picked":["hermit:Dive","hermit:Vantage+1"],"picked":"hermit:Headshot","floor":20},{"not_picked":["hermit:Desperado","hermit:Misfire"],"picked":"hermit:Quickdraw","floor":21},{"not_picked":["hermit:Brawl","hermit:Misfire"],"picked":"hermit:Determination","floor":22},{"not_picked":["hermit:SprayPray","hermit:Malice"],"picked":"hermit:Reprieve","floor":23},{"not_picked":["hermit:CursedWeapon","hermit:LowProfile"],"picked":"hermit:Misfire","floor":25},{"not_picked":["hermit:Roulette+1","hermit:SprayPray","hermit:GhostlyPresence"],"picked":"SKIP","floor":27},{"not_picked":["hermit:HoleUp","hermit:EyeOfTheStorm"],"picked":"hermit:Headshot+1","floor":28},{"not_picked":["hermit:ItchyTrigger","hermit:Midnight+1"],"picked":"hermit:FlashPowder","floor":29},{"not_picked":["hermit:LowProfile","hermit:HighNoon"],"picked":"hermit:CalledShot","floor":31},{"not_picked":["hermit:Gambit","hermit:Magnum"],"picked":"hermit:FatalDesire","floor":33},{"not_picked":["hermit:Glare","hermit:PistolWhip"],"picked":"hermit:Ricochet+1","floor":34},{"not_picked":["hermit:LowProfile","hermit:LoneWolf"],"picked":"hermit:Virtue","floor":35},{"not_picked":["hermit:Ricochet+1","hermit:CalledShot+1","hermit:Maintenance+1"],"picked":"SKIP","floor":37},{"not_picked":["hermit:TrackingShot+1","hermit:Desperado+1","hermit:WideOpen+1"],"picked":"SKIP","floor":38},{"not_picked":["hermit:LowProfile+1","hermit:Magnum","hermit:Coalescence+1"],"picked":"SKIP","floor":41},{"not_picked":["hermit:Coalescence+1","hermit:TrackingShot","hermit:LoneWolf"],"picked":"SKIP","floor":44},{"not_picked":["hermit:Headshot+1","hermit:Glare+1","hermit:Quickdraw+1"],"picked":"SKIP","floor":45},{"not_picked":["hermit:FlashPowder","hermit:CalledShot"],"picked":"hermit:Dive+1","floor":46},{"not_picked":["hermit:Maintenance+1","hermit:Dissolve","hermit:Manifest"],"picked":"SKIP","floor":54}],"player_experience":138612,"relics_obtained":[{"floor":9,"key":"Darkstone Periapt"},{"floor":17,"key":"Pen Nib"},{"floor":17,"key":"Shuriken"},{"floor":17,"key":"CaptainsWheel"},{"floor":23,"key":"Gremlin Horn"},{"floor":26,"key":"Eternal Feather"},{"floor":28,"key":"Red Mask"},{"floor":31,"key":"Happy Flower"},{"floor":43,"key":"The Courier"},{"floor":47,"key":"Lizard Tail"},{"floor":54,"key":"Orichalcum"}],"event_choices":[{"damage_healed":0,"gold_gain":0,"player_choice":"Box","damage_taken":0,"relics_obtained":["Ornamental Fan"],"max_hp_gain":0,"max_hp_loss":0,"event_name":"Big Fish","floor":2,"gold_loss":0,"cards_obtained":["Regret"]},{"damage_healed":0,"gold_gain":0,"player_choice":"Grow","damage_taken":0,"max_hp_gain":0,"max_hp_loss":0,"event_name":"Living Wall","floor":4,"gold_loss":0,"cards_upgraded":["hermit:EyeOfTheStorm"]},{"damage_healed":0,"gold_gain":175,"player_choice":"AGREE","damage_taken":0,"max_hp_gain":0,"max_hp_loss":0,"event_name":"Liars Game","floor":8,"gold_loss":0,"cards_obtained":["Doubt"]},{"cards_removed":["hermit:Defend_Hermit"],"damage_healed":0,"gold_gain":0,"player_choice":"Card Removal","damage_taken":0,"max_hp_gain":0,"max_hp_loss":0,"event_name":"The Cleric","floor":14,"gold_loss":50},{"damage_healed":0,"gold_gain":0,"player_choice":"Fought Bandits","damage_taken":0,"max_hp_gain":0,"max_hp_loss":0,"event_name":"Masked Bandits","floor":28,"gold_loss":0},{"damage_healed":0,"gold_gain":180,"player_choice":"GOLD GOLD ","damage_taken":19,"max_hp_gain":0,"max_hp_loss":0,"event_name":"Knowing Skull","floor":30,"potions_obtained":[],"gold_loss":0,"cards_obtained":[]},{"damage_healed":0,"gold_gain":222,"player_choice":"Wore Mask","damage_taken":0,"max_hp_gain":0,"max_hp_loss":0,"event_name":"Tomb of Lord Red Mask","floor":36,"gold_loss":0},{"damage_healed":0,"gold_gain":0,"player_choice":"Copied","damage_taken":0,"max_hp_gain":0,"max_hp_loss":0,"event_name":"Duplicator","floor":39,"gold_loss":0,"cards_obtained":["hermit:Snapshot"]},{"damage_healed":0,"gold_gain":0,"player_choice":"Fight","damage_taken":0,"max_hp_gain":0,"max_hp_loss":0,"event_name":"MindBloom","floor":47,"gold_loss":0},{"cards_removed":["hermit:Roughhouse"],"damage_healed":14,"gold_gain":0,"player_choice":"Offered Rare","damage_taken":0,"max_hp_gain":10,"max_hp_loss":0,"event_name":"Bonfire Elementals","floor":48,"gold_loss":0}],"is_beta":false,"boss_relics":[{"not_picked":["Runic Pyramid","hermit:BartenderGlass"],"picked":"Calling Bell"},{"not_picked":["Philosopher\u0027s Stone","SlaversCollar"],"picked":"Tiny House"}],"items_purged_floors":[5],"is_endless":false,"potions_floor_spawned":[1,3,13,16,18,22,23,25,27,28,31,35,41,45,47,54],"ascension_level":0}}