{"host":"lnnm69al9x392px5","time":1611565230,"event":{"mods":["BaseMod","Downfall","Minty Spire (QoL Compilation)","Replay The Spire","StSLib"],"gold_per_floor":[99,111,130,148,158,158,158,178,194,194,294,319,357,376,393,499,499,499,512,70,89,159,309,309,359,369,385,420,438,338,352,366,465,465,365,375,385,435,139,139,139,166,66,133,73,104,154,54,64,64,64,93,93,93,93,93,93],"floor_reached":55,"language":"ENG","playtime":3796,"items_purged":["hexamod:Defend","Looming Evil"],"score":955,"play_id":"5b169b33-1319-4648-8178-1a8715b03809","local_time":"20210125010030","is_ascension_mode":true,"campfire_choices":[{"data":"hexamod:DynamicBlow","floor":1,"key":"SMITH"},{"floor":10,"key":"REST"},{"floor":18,"key":"DIG"},{"floor":30,"key":"RECALL"},{"data":"J.A.X.","floor":35,"key":"SMITH"},{"data":"hexamod:ForkedFlame","floor":40,"key":"SMITH"},{"data":"1","floor":43,"key":"LIFT"},{"floor":54,"key":"REST"}],"circlet_count":0,"master_deck":["hexamod:Defend","hexamod:Defend","hexamod:Defend","hexamod:Sear","hexamod:Float","hexamod:DynamicBlow+1","hexamod:GhostShield","hexamod:EtherealExpedition","hexamod:FastForward","hexamod:PhantomFireball","hexamod:BurningTouch","hexamod:GhostShield","hexamod:FlamesFromBeyond","hexamod:FirstSeal","hexamod:HauntingEcho","hexamod:SearingWound","hexamod:VolcanoVisage","hexamod:ForkedFlame+1","hexamod:Firestarter+1","hexamod:NecessarySacrifice","expansioncontent:QuickStudy","hexamod:NightmareStrike","hexamod:GhostflameBarrier+1","hexamod:UnlimitedPower","hexamod:StepThrough","J.A.X.+1","hexamod:SkipABeat+1","hexamod:FirstSeal","hexamod:GhostOfSpireFuture","hexamod:VolcanoVisage","hexamod:ParanormalForm","hexamod:SpectralSpark+1","hexamod:SpectersWail+1","hexamod:GhostOfSpirePast+1","hexamod:ApocalypticArmor","hexamod:ThermalTransfer+1","hexamod:ExtraCrispy","hexamod:SearingWound"],"relics":["hexamod:SpiritBrand","Replay:Baseball","downfall:CloakOfManyFaces","CultistMask","FaceOfCleric","NlothsMask","GremlinMask","SsserpentHead","Replay:Accelerometer","hexamod:TheBrokenSeal","Replay:Bronze Core","Vajra","Mummified Hand","MutagenicStrength","FossilizedHelix","downfall:HeartBlessingGreen","SlaversCollar","downfall:HeartBlessingRed","Replay:WaspNest","Girya","downfall:HeartBlessingBlue","Anchor","Snack Pack","Bottled Flame","ReplayTheSpireMod:Ring of Addiction","Chameleon Ring","White Beast Statue","Pondfish Scales"],"acts_visited":["Exordium","TheCity","TheBeyond","TheEnding"],"potions_floor_usage":[13,13,16,16,16,33,39,42,50,52,55],"damage_taken":[{"damage":0,"enemies":"Cultist","floor":2,"turns":3},{"damage":0,"enemies":"2 Louse","floor":3,"turns":2},{"damage":13,"enemies":"Small Slimes","floor":4,"turns":4},{"damage":0,"enemies":"2 Fungi Beasts","floor":5,"turns":4},{"damage":16,"enemies":"Exordium Thugs","floor":8,"turns":5},{"damage":0,"enemies":"Red Slaver","floor":9,"turns":3},{"damage":10,"enemies":"downfall:FaceTrader","floor":11,"turns":10},{"damage":13,"enemies":"3 Louse","floor":12,"turns":6},{"damage":32,"enemies":"3 Sentries","floor":13,"turns":9},{"damage":11,"enemies":"Large Slime","floor":14,"turns":8},{"damage":2,"enemies":"Red Slaver","floor":15,"turns":3},{"damage":55,"enemies":"DF_ARCHETYPE_STREAMLINE","floor":16,"turns":12},{"damage":0,"enemies":"Chosen","floor":19,"turns":4},{"damage":0,"enemies":"downfall:FleeingMerchant","floor":20,"turns":5},{"damage":0,"enemies":"3 Cultists","floor":21,"turns":4},{"damage":19,"enemies":"Cultist and Chosen","floor":22,"turns":6},{"damage":16,"enemies":"downfall:Augmenter","floor":23,"turns":5},{"damage":3,"enemies":"Centurion and Healer","floor":26,"turns":4},{"damage":19,"enemies":"Snake Plant","floor":27,"turns":5},{"damage":16,"enemies":"Slavers","floor":28,"turns":3},{"damage":0,"enemies":"Snecko","floor":29,"turns":4},{"damage":0,"enemies":"Sentry and Sphere","floor":31,"turns":4},{"damage":0,"enemies":"Cultist and Chosen","floor":32,"turns":4},{"damage":39,"enemies":"IC_MUSHROOM_ARCHETYPE","floor":33,"turns":8},{"damage":16,"enemies":"Orb Walker","floor":36,"turns":3},{"damage":0,"enemies":"3 Shapes","floor":37,"turns":5},{"damage":0,"enemies":"downfall:FleeingMerchant","floor":39,"turns":4},{"damage":37,"enemies":"Reptomancer","floor":42,"turns":5},{"damage":0,"enemies":"Jaw Worm Horde","floor":44,"turns":1},{"damage":7,"enemies":"downfall:FleeingMerchant","floor":45,"turns":4},{"damage":26,"enemies":"Giant Head","floor":46,"turns":7},{"damage":13,"enemies":"Transient","floor":49,"turns":5},{"damage":33,"enemies":"WA_ARCHETYPE_DIVINITY","floor":50,"turns":9},{"damage":104,"enemies":"downfall:CharBossMerchant","floor":52,"turns":8},{"damage":66,"enemies":"downfall:NeowBoss","floor":55,"turns":16}],"seed_played":"-9106959515057458137","potions_obtained":[{"floor":3,"key":"Regen Potion"},{"floor":8,"key":"LiquidBronze"},{"floor":11,"key":"PowerPotion"},{"floor":13,"key":"AttackPotion"},{"floor":13,"key":"Block Potion"},{"floor":14,"key":"Flashbang"},{"floor":21,"key":"SpeedPotion"},{"floor":23,"key":"hexamod:SoulburnPotion"},{"floor":27,"key":"FearPotion"},{"floor":33,"key":"LiquidMemories"},{"floor":37,"key":"hexamod:EctoCoolerPotion"},{"floor":42,"key":"SpeedPotion"},{"floor":44,"key":"LifebloodPotion"},{"floor":47,"key":"hexamod:InfernoChargePotion"},{"floor":49,"key":"hexamod:SoulburnPotion"},{"floor":52,"key":"SteroidPotion"}],"is_trial":false,"path_per_floor":["R","M","M","M","M","?","T","M","M","R","?","M","E","M","M","B",null,"R","M","$","M","M","?","T","?","M","M","E","M","R","M","M","B",null,"R","M","M","?","$","R","T","E","R","M","$","E","?","$","M","B",null,"E","$","R","B"],"character_chosen":"THE_SPIRIT","items_purchased":["expansioncontent:QuickStudy","Mummified Hand","Replay:WaspNest","Anchor","Snack Pack"],"campfire_rested":2,"item_purchase_floors":[20,20,39,45,45],"current_hp_per_floor":[70,70,70,57,57,70,70,54,54,70,60,48,32,29,42,55,85,85,86,87,88,70,62,62,62,67,56,48,63,63,78,86,62,97,97,82,97,97,98,98,98,76,86,87,95,77,77,77,74,49,116,27,27,62,0,0,0],"gold":93,"neow_bonus":"TRANSFORM_CARD","is_daily":false,"chose_seed":false,"campfire_upgraded":3,"win_rate":0.0,"timestamp":1611565230,"path_taken":["R","M","M","?","M","?","T","M","?","R","?","M","E","M","M","BOSS","R","M","$","M","?","?","T","?","M","M","E","M","R","M","M","BOSS","R","M","M","?","?","R","T","E","R","?","$","E","?","$","M","BOSS","E","$","R","BOSS"],"items_purchased_type":["Card","Relic","Relic","Relic","Relic"],"build_version":"2020-12-22","purchased_purges":2,"victory":false,"max_hp_per_floor":[70,70,70,70,70,70,70,70,70,70,70,71,72,73,74,85,85,85,86,87,88,89,90,90,90,91,92,93,94,94,95,96,97,97,97,98,99,99,100,100,100,101,111,112,113,114,114,114,115,116,116,117,117,117,117,117,117],"card_choices":[{"not_picked":["hexamod:HeatMetal","hexamod:BacktrackSmack"],"picked":"hexamod:GhostShield","floor":2},{"not_picked":["hexamod:GhostShield","hexamod:NightmareGuise"],"picked":"hexamod:EtherealExpedition","floor":3},{"not_picked":["hexamod:NightmareGuise","hexamod:SwordOfDarkness"],"picked":"hexamod:PowerFromBeyond","floor":4},{"not_picked":["hexamod:SkipABeat","hexamod:ChargedBarrage"],"picked":"hexamod:FastForward","floor":5},{"not_picked":["hexamod:SpectersWail","hexamod:HauntingEcho"],"picked":"hexamod:PhantomFireball","floor":8},{"not_picked":["hexamod:FastForward","hexamod:ThermalTransfer"],"picked":"hexamod:ThirdSeal","floor":9},{"not_picked":["hexamod:GhostLash","hexamod:RadiantFlame"],"picked":"hexamod:BurningTouch","floor":11},{"not_picked":["hexamod:PhantomFireball","hexamod:RadiantFlame"],"picked":"hexamod:SecondSeal","floor":11},{"not_picked":["hexamod:SwordOfDarkness","hexamod:Incineration"],"picked":"hexamod:FourthSeal","floor":12},{"not_picked":["hexamod:SpectersWail","hexamod:FlamesFromBeyond"],"picked":"hexamod:FifthSeal","floor":12},{"not_picked":["hexamod:PowerFromBeyond","hexamod:SuperheatedStrike"],"picked":"hexamod:GhostShield","floor":13},{"not_picked":["hexamod:SuperheatedStrike","hexamod:Incineration"],"picked":"hexamod:FlamesFromBeyond","floor":13},{"not_picked":["hexamod:SecondSeal","hexamod:FourthSeal"],"picked":"hexamod:FirstSeal","floor":13},{"not_picked":["hexamod:FourthSeal","hexamod:ThirdSeal"],"picked":"hexamod:FirstSeal","floor":14},{"not_picked":["hexamod:SwordOfDarkness","hexamod:NightmareStrike"],"picked":"hexamod:HauntingEcho","floor":14},{"not_picked":["hexamod:ThermalTransfer","hexamod:Rewind","hexamod:RainOfEmbers"],"picked":"SKIP","floor":14},{"not_picked":["hexamod:FourthSeal","hexamod:FirstSeal"],"picked":"hexamod:SixthSeal","floor":15},{"not_picked":["hexamod:SecondSeal","hexamod:AdvancingGuard"],"picked":"hexamod:SearingWound","floor":15},{"not_picked":["hexamod:SearingWound","hexamod:UnleashSpirits"],"picked":"hexamod:VolcanoVisage","floor":16},{"not_picked":["hexamod:Toasty","hexamod:ApocalypticArmor"],"picked":"hexamod:ForkedFlame","floor":16},{"not_picked":["hexamod:SwordOfDarkness+1","hexamod:NecessarySacrifice+1"],"picked":"hexamod:Firestarter+1","floor":19},{"not_picked":["hexamod:InspiringFlames","hexamod:SwordOfDarkness+1"],"picked":"hexamod:NecessarySacrifice","floor":20},{"not_picked":["hexamod:ShieldOfDarkness+1","hexamod:Firestarter"],"picked":"hexamod:NightmareStrike","floor":21},{"not_picked":["hexamod:GhostLash","hexamod:InspiringFlames"],"picked":"hexamod:GhostflameBarrier+1","floor":22},{"not_picked":[],"picked":"J.A.X.","floor":23},{"not_picked":["hexamod:ThirdSeal","hexamod:Firestarter"],"picked":"hexamod:SkipABeat+1","floor":26},{"not_picked":["hexamod:HeatCrush","hexamod:GhostOfSpirePast"],"picked":"hexamod:FirstSeal","floor":27},{"not_picked":["hexamod:FastForward","hexamod:PhantomCloak"],"picked":"hexamod:GhostOfSpireFuture","floor":28},{"not_picked":["hexamod:SpectersWail","hexamod:DynamicBlow"],"picked":"hexamod:VolcanoVisage","floor":29},{"not_picked":["hexamod:CatchUp","hexamod:GhostLash","hexamod:SwordOfDarkness"],"picked":"SKIP","floor":31},{"not_picked":["hexamod:SkipABeat","hexamod:BacktrackSmack","hexamod:FastForward"],"picked":"SKIP","floor":32},{"not_picked":["hexamod:UnleashSpirits","hexamod:GhostflameInferno"],"picked":"hexamod:ParanormalForm","floor":33},{"not_picked":["hexamod:ChargedBarrage","hexamod:GhostShield"],"picked":"hexamod:SpectralSpark+1","floor":36},{"not_picked":["hexamod:FourthSeal","hexamod:NightmareStrike"],"picked":"hexamod:SpectersWail+1","floor":37},{"not_picked":["hexamod:GhostLash+1","hexamod:Hexaguard+1"],"picked":"hexamod:GhostOfSpirePast+1","floor":39},{"not_picked":["hexamod:Hexaguard+1","hexamod:ThermalTransfer+1"],"picked":"hexamod:ApocalypticArmor","floor":42},{"not_picked":["hexamod:FourthSeal","hexamod:GhostLash"],"picked":"hexamod:ThermalTransfer+1","floor":44},{"not_picked":["hexamod:HeatShield","hexamod:FourthSeal","hexamod:HeatMetal"],"picked":"SKIP","floor":45},{"not_picked":["hexamod:GhostOfSpirePast+1","hexamod:BacktrackSmack","hexamod:Hexaguard"],"picked":"SKIP","floor":46},{"not_picked":["hexamod:GhostOfSpirePast+1","hexamod:BacktrackSmack","hexamod:Hexaguard"],"picked":"SKIP","floor":46},{"not_picked":["hexamod:ThermalTransfer+1","hexamod:HeatMetal"],"picked":"hexamod:ExtraCrispy","floor":49},{"not_picked":["hexamod:EtherealExpedition+1","hexamod:HauntingEcho+1"],"picked":"hexamod:SearingWound","floor":52}],"player_experience":256243,"relics_obtained":[{"floor":7,"key":"Replay:Baseball"},{"floor":11,"key":"downfall:CloakOfManyFaces"},{"floor":13,"key":"Replay:Accelerometer"},{"floor":18,"key":"Vajra"},{"floor":23,"key":"MutagenicStrength"},{"floor":28,"key":"FossilizedHelix"},{"floor":42,"key":"Girya"},{"floor":46,"key":"Bottled Flame"},{"floor":47,"key":"ReplayTheSpireMod:Ring of Addiction"},{"floor":47,"key":"Chameleon Ring"},{"floor":47,"key":"White Beast Statue"},{"floor":52,"key":"Pondfish Scales"}],"event_choices":[{"cards_removed":["hexamod:PowerFromBeyond"],"damage_healed":13,"gold_gain":0,"player_choice":"Offered Uncommon","damage_taken":0,"max_hp_gain":0,"max_hp_loss":0,"event_name":"Bonfire Elementals","floor":6,"gold_loss":0}],"is_beta":false,"boss_relics":[{"not_picked":["Tiny House","Replay:Drink Me"],"picked":"Replay:Bronze Core"},{"not_picked":["Runic Dome","Calling Bell"],"picked":"SlaversCollar"}],"items_purged_floors":[39,48],"is_endless":false,"potions_floor_spawned":[3,8,11,13,14,15,21,23,27,28,31,33,37,42,44,49,52],"killed_by":"downfall:NeowBoss","ascension_level":2}}