{"host":"fuszjwm6fqgjjp4d","time":1611547803,"event":{"mods":["BaseMod","Bestiary","Colored Map","DeckTracker","Minty Spire (QoL Compilation)","Permanent Neow","Relic Sorter","Relic Stats","StSLib"],"gold_per_floor":[114,124,143,143,14,43,62,20,20,20,34,45,45,57,57,134,134,106,121,140,140,156,156,156,156,156,156,484,484,484],"floor_reached":29,"language":"ENG","playtime":731,"items_purged":["Strike_G"],"score":494,"play_id":"9e79adaa-4488-4cfc-a865-f45771cc7ddb","local_time":"20210124221003","is_ascension_mode":true,"campfire_choices":[{"floor":10.0,"key":"REST"},{"floor":13.0,"key":"REST"},{"data":"Catalyst","floor":15.0,"key":"SMITH"},{"floor":23,"key":"REST"},{"data":"After Image","floor":25,"key":"SMITH"},{"data":"Deadly Poison","floor":27,"key":"SMITH"}],"circlet_count":0,"master_deck":["AscendersBane","Strike_G","Defend_G","Defend_G","Defend_G","Defend_G","Defend_G","Survivor","Neutralize","Dagger Spray","Deadly Poison+1","Deadly Poison","Well Laid Plans","Cloak And Dagger","Catalyst+1","Backflip","Blade Dance","After Image+1","Noxious Fumes","Deadly Poison","Bouncing Flask","Blur","Phantasmal Killer","Dodge and Roll","Sucker Punch"],"relics":["Ring of the Snake","NeowsBlessing","Du-Vu Doll","CaptainsWheel","Pocketwatch","Sozu","White Beast Statue","Old Coin"],"acts_visited":["Exordium","TheCity"],"potions_floor_usage":[28],"damage_taken":[{"damage":0.0,"enemies":"Cultist","floor":1.0,"turns":1.0},{"damage":0.0,"enemies":"Jaw Worm","floor":2.0,"turns":1.0},{"damage":0.0,"enemies":"Small Slimes","floor":3.0,"turns":1.0},{"damage":10.0,"enemies":"3 Sentries","floor":6.0,"turns":6.0},{"damage":1.0,"enemies":"Looter","floor":7.0,"turns":4.0},{"damage":2.0,"enemies":"Large Slime","floor":11.0,"turns":7.0},{"damage":18.0,"enemies":"Exordium Thugs","floor":12.0,"turns":3.0},{"damage":11.0,"enemies":"Looter","floor":14.0,"turns":3.0},{"damage":5.0,"enemies":"Hexaghost","floor":16.0,"turns":8.0},{"damage":3.0,"enemies":"2 Thieves","floor":18.0,"turns":4.0},{"damage":11.0,"enemies":"Shell Parasite","floor":19.0,"turns":5.0},{"damage":4.0,"enemies":"Chosen and Byrds","floor":20.0,"turns":5.0},{"damage":26.0,"enemies":"Snake Plant","floor":22.0,"turns":3.0},{"damage":24,"enemies":"Book of Stabbing","floor":28,"turns":5},{"damage":8,"enemies":"Centurion and Healer","floor":29,"turns":1}],"seed_played":"4013233297271262532","potions_obtained":[{"floor":2.0,"key":"DuplicationPotion"},{"floor":3.0,"key":"Explosive Potion"},{"floor":6.0,"key":"Poison Potion"},{"floor":11.0,"key":"FearPotion"}],"is_trial":false,"path_per_floor":["M","M","M","?","$","E","M","?","T","R","M","M","R","M","R","B",null,"M","M","M","?","M","R","?","R","T","R","E","M"],"character_chosen":"THE_SILENT","items_purchased":["Deadly Poison"],"campfire_rested":3,"item_purchase_floors":[5],"current_hp_per_floor":[59,59,59,14,14,4,3,3,3,22,20,2,21,10,10,5,51,48,37,33,33,7,26,26,26,26,26,2,0,0],"gold":484,"neow_bonus":"THREE_ENEMY_KILL","is_daily":false,"chose_seed":false,"campfire_upgraded":3,"win_rate":0.0,"timestamp":1611547803,"path_taken":["M","?","M","?","$","E","M","?","T","R","?","M","R","M","R","BOSS","M","M","M","?","M","R","?","R","T","R","E","M"],"items_purchased_type":["Card"],"build_version":"2020-12-22","purchased_purges":1,"victory":false,"max_hp_per_floor":[66,66,66,66,66,66,66,66,66,66,66,66,66,66,66,66,66,66,66,66,66,66,66,66,66,66,66,66,66,66],"relic_stats":{"Sozu":3,"counters":[15,57],"obtain_stats":[{"Du-Vu Doll":4,"Sozu":17,"CaptainsWheel":6,"NeowsBlessing":0,"White Beast Statue":26,"Ring of the Snake":0,"Pocketwatch":9,"Old Coin":28},{"Du-Vu Doll":3,"Sozu":9,"CaptainsWheel":4,"NeowsBlessing":0,"White Beast Statue":13,"Ring of the Snake":0,"Pocketwatch":5,"Old Coin":14},{"Du-Vu Doll":3,"Sozu":34,"CaptainsWheel":9,"NeowsBlessing":0,"White Beast Statue":51,"Ring of the Snake":0,"Pocketwatch":13,"Old Coin":56}],"Ring of the Snake":[30],"Pocketwatch":[30]},"card_choices":[{"not_picked":["Dagger Throw","PiercingWail"],"picked":"Dagger Spray","floor":1.0},{"not_picked":["Underhanded Strike","Reflex","Flechettes"],"picked":"SKIP","floor":2.0},{"not_picked":["Accuracy","Predator"],"picked":"Deadly Poison","floor":3.0},{"not_picked":["Skewer","Blade Dance"],"picked":"Well Laid Plans","floor":6.0},{"not_picked":["Underhanded Strike","Accuracy"],"picked":"Cloak And Dagger","floor":7.0},{"not_picked":["Dash","Acrobatics"],"picked":"Catalyst","floor":11.0},{"not_picked":["Outmaneuver","Riddle With Holes"],"picked":"Backflip","floor":12.0},{"not_picked":["Deflect","Tactician"],"picked":"Blade Dance","floor":14.0},{"not_picked":["Phantasmal Killer","Doppelganger"],"picked":"After Image","floor":16.0},{"not_picked":["Deflect+1","Crippling Poison"],"picked":"Noxious Fumes","floor":18.0},{"not_picked":["Underhanded Strike","Blade Dance"],"picked":"Deadly Poison","floor":19.0},{"not_picked":["Accuracy","Backflip"],"picked":"Bouncing Flask","floor":20.0},{"not_picked":["Heel Hook","Deadly Poison"],"picked":"Blur","floor":22},{"not_picked":["Flying Knee+1","Riddle With Holes"],"picked":"Sucker Punch","floor":28}],"player_experience":1342924,"relics_obtained":[{"floor":6.0,"key":"CaptainsWheel"},{"floor":9.0,"key":"Pocketwatch"},{"floor":26,"key":"White Beast Statue"},{"floor":28,"key":"Old Coin"}],"event_choices":[{"damage_healed":0.0,"max_hp_gain":0.0,"max_hp_loss":0.0,"gold_gain":0.0,"event_name":"Scrap Ooze","player_choice":"Success","floor":4.0,"gold_loss":0.0,"damage_taken":45.0,"relics_obtained":["Du-Vu Doll"]},{"damage_healed":0.0,"max_hp_gain":0.0,"max_hp_loss":0.0,"gold_gain":0.0,"event_name":"World of Goop","player_choice":"Left Gold","floor":8.0,"gold_loss":42.0,"damage_taken":0.0},{"cards_removed":["Strike_G"],"damage_healed":0.0,"max_hp_gain":0.0,"max_hp_loss":0.0,"gold_gain":0.0,"event_name":"Purifier","player_choice":"Purged","floor":21.0,"gold_loss":0.0,"damage_taken":0.0},{"damage_healed":0,"gold_gain":0,"cards_transformed":["Strike_G","Strike_G"],"player_choice":"Became Test Subject","damage_taken":0,"max_hp_gain":0,"max_hp_loss":0,"event_name":"Drug Dealer","floor":24,"gold_loss":0,"cards_obtained":["Phantasmal Killer","Dodge and Roll"]}],"is_beta":false,"boss_relics":[{"not_picked":["HoveringKite","Ring of the Serpent"],"picked":"Sozu"}],"items_purged_floors":[5],"is_endless":false,"potions_floor_spawned":[2,3,6,11,18,22,28],"killed_by":"Centurion and Healer","ascension_level":20}}