{"host":"rjfefv2ruvigm2gb","time":1611550912,"event":{"mods":["Act Like it!","AlwaysNeverKeys","BaseMod","Better Third Choice","Block Reminder","Conspire","Curses Come First","Displayed Cursed Tome","Downfall","Elementarium","Fox Events","GifTheSpireLib","Gold Saver","Googly Eyes","HexUI Lib","Hubris","Infinite Spire","Ironclad Rager","Luminous","Marked Mod","Mimic Mod","Minty Spire (QoL Compilation)","Permanent Neow","Poor People Problems","Quick Restart","Relic Filter","Relic Stats","Replay The Spire","Retaliation","Shop Mod","Small Relic Pack","StS++","StSLib","Stuff the Spire","SuperFastMode","The Blue Laboratory","Transform Curses","Uncapped","Virulent Crown","Watcher Patcher"],"gold_per_floor":[838,854,1029,1044,1091,1091,1117,837,901,920,920,930,950,328,342,443,443,443,462,462,472,484,518,565,581,581,592,592,592,592,592,607,702,702,702,718,718,729,729,743,743,743,743,772,53,71,71,91,111,111,111,137,0,0,0,0,0,0],"floor_reached":56,"language":"ENG","playtime":7461,"items_purged":["Doubt","Guardian:Strike_Guardian"],"score":691,"play_id":"1936cf3d-5bc6-414a-be62-b87c0cf22127","local_time":"20210124230152","is_ascension_mode":false,"campfire_choices":[{"data":"Guardian:BaubleBeam","floor":6,"key":"SMITH"},{"floor":26,"key":"REST"},{"floor":29,"key":"REST"},{"data":"Guardian:SpikerProtocol","floor":35,"key":"SMITH"},{"floor":43,"key":"REST"},{"floor":47,"key":"REST"},{"floor":54,"key":"REST"}],"circlet_count":0,"master_deck":["Guardian:Strike_Guardian","Guardian:Defend_Guardian","Guardian:Defend_Guardian","Guardian:CurlUp","Guardian:TwinSlam","Guardian:BaubleBeam+1","Guardian:VentSteam","Guardian:Incinerate","Guardian:ChargeCore+1","Guardian:BronzeArmor","Guardian:SentryBeam","Guardian:PrimingBeam","Guardian:StasisField+1","Guardian:WalkerClaw+1","StuffTheSpire:DeathNote","Guardian:TimeBomb+1","relicPack:TruthCard","Slimebound:WasteNot","Guardian:ShieldCharger+1","Guardian:SphericShield+1","Guardian:Gem_Lightblue","Guardian:PrimingBeam+1","Guardian:Recover+1","Guardian:Preprogram+1","Guardian:FuturePlans","hubris:DuctTapeCard","Guardian:PolyBeam+1","Guardian:PolyBeam+1","Guardian:AncientConstruct","Guardian:Gem_Lightblue"],"relics":["Guardian:ModeShifter","downfall:HeartBlessingRed","downfall:HeartBlessingGreen","downfall:HeartBlessingBlue","Regal Pillow","ReplayTheSpireMod:Lightbulb","Replay:Wax Seal","Guardian:PickAxe","hubris:Potato","hubris:ScarierMask","conspire:TopHat","Oddly Smooth Stone","relicPack:EdsArm","conspire:RoyalGoblet","relicPack:DSword","infinitespire:CheckeredPen","Boot","Guide Book","hubris:DuctTape","Pondfish Scales"],"acts_visited":["Exordium","TheCity","TheBeyond","TheEnding"],"potions_floor_usage":[16,16,33,44,44,50,50,50,55,56,56,56,56],"damage_taken":[{"damage":6,"enemies":"Jaw Worm","floor":2,"turns":4},{"damage":0,"enemies":"2 Louse","floor":4,"turns":3},{"damage":0,"enemies":"downfall:FleeingMerchant","floor":8,"turns":4},{"damage":18,"enemies":"Lagavulin Event","floor":9,"turns":5},{"damage":0,"enemies":"Small Slimes","floor":10,"turns":2},{"damage":9,"enemies":"Exordium Thugs","floor":12,"turns":4},{"damage":2,"enemies":"Blue Slaver","floor":13,"turns":2},{"damage":0,"enemies":"downfall:FleeingMerchant","floor":14,"turns":4},{"damage":1,"enemies":"3 Louse","floor":15,"turns":4},{"damage":70,"enemies":"SI_SHIV_ARCHETYPE","floor":16,"turns":12},{"damage":7,"enemies":"Chosen","floor":19,"turns":4},{"damage":1,"enemies":"conspire:FuzzyDice","floor":21,"turns":3},{"damage":23,"enemies":"conspire:HollyBat","floor":22,"turns":7},{"damage":12,"enemies":"Slavers","floor":23,"turns":4},{"damage":11,"enemies":"Chosen and Byrds","floor":25,"turns":7},{"damage":3,"enemies":"Cultist and Chosen","floor":27,"turns":5},{"damage":9,"enemies":"Snake Plant","floor":32,"turns":6},{"damage":38,"enemies":"WA_ARCHETYPE_CALM","floor":33,"turns":11},{"damage":12,"enemies":"3 Shapes","floor":36,"turns":3},{"damage":11,"enemies":"Orb Walker","floor":38,"turns":3},{"damage":1,"enemies":"Sphere and 2 Shapes","floor":40,"turns":4},{"damage":13,"enemies":"Nemesis","floor":44,"turns":6},{"damage":0,"enemies":"downfall:FleeingMerchant","floor":45,"turns":4},{"damage":10,"enemies":"Transient","floor":46,"turns":5},{"damage":12,"enemies":"4 Shapes","floor":48,"turns":4},{"damage":22,"enemies":"Spire Growth","floor":49,"turns":4},{"damage":56,"enemies":"DF_ARCHETYPE_ORBS","floor":50,"turns":8},{"damage":47,"enemies":"downfall:CharBossMerchant","floor":52,"turns":8},{"damage":31,"enemies":"downfall:NeowBoss","floor":55,"turns":11},{"damage":35,"enemies":"downfall:NeowBossFinal","floor":56,"turns":5}],"seed_played":"7414223232681477072","potions_obtained":[{"floor":1,"key":"SmokeBomb"},{"floor":1,"key":"blueLaboratory:FruitPreserves"},{"floor":4,"key":"bronze:BurnAndBuffPotion"},{"floor":15,"key":"blueLaboratory:ForbiddenFruitJuice"},{"floor":16,"key":"blueLaboratory:RecallPotion"},{"floor":19,"key":"SkillPotion"},{"floor":23,"key":"blueLaboratory:ImpenetrablePotion"},{"floor":33,"key":"FearPotion"},{"floor":40,"key":"DuplicationPotion"},{"floor":52,"key":"StSpp:ScatteredPotion"}],"is_trial":false,"path_per_floor":["R","M","?","M","T","R","T","$","?","M","?","M","M","$","M","B",null,"R","M","?","M","M","E","T","M","R","M","?","R","?","?","M","B",null,"R","M","?","M","?","M","T","?","R","E","$","M","R","M","M","B",null,"E","$","R","B","B"],"character_chosen":"GUARDIAN","items_purchased":["Guardian:Gem_White","Guardian:EvasiveProtocol","Guardian:ChargeCore+1","Guardian:Gem_Purple","Guardian:Gem_Green","Guardian:EvasiveProtocol","Guardian:PickAxe","hubris:Potato","Guide Book","Guardian:FuturePlans","infinitespire:BlackPotion","hexamod:SoulburnPotion","hubris:DuctTape","Guardian:PolyBeam+1","Block Potion","Elixir","Guardian:Gem_Lightblue"],"campfire_rested":5,"item_purchase_floors":[8,8,8,14,14,14,14,14,45,45,45,45,45,45,53,53,53],"current_hp_per_floor":[90,84,84,84,84,84,84,84,66,66,66,57,55,55,54,12,90,90,83,63,62,39,27,27,16,58,55,55,90,85,85,76,38,85,85,73,38,27,27,26,26,18,58,45,45,35,75,63,41,52,75,28,28,65,34,0,0,0],"gold":0,"neow_bonus":"ONE_RANDOM_RARE_CARD","is_daily":false,"chose_seed":false,"campfire_upgraded":2,"win_rate":0.0,"timestamp":1611550912,"path_taken":["R","M","?","M","?","R","T","$","?","M","?","M","M","$","M","BOSS","R","M","?","M","M","E","T","M","R","M","?","R","?","?","M","BOSS","R","M","?","M","?","M","T","?","R","E","$","M","R","M","M","BOSS","E","$","R","BOSS","BOSS"],"items_purchased_type":["Card","Card","Card","Card","Card","Card","Relic","Relic","Relic","Card","Potion","Potion","Relic","Card","Potion","Potion","Card"],"build_version":"2020-12-22","purchased_purges":2,"victory":false,"max_hp_per_floor":[90,90,90,90,90,90,90,90,90,90,90,90,90,90,90,90,90,90,90,90,90,90,90,90,90,90,90,90,90,85,85,85,85,85,85,85,85,85,85,85,85,85,85,85,85,85,85,85,85,75,75,75,75,75,75,75,75,75],"relic_stats":{"Regal Pillow":68,"counters":[30,154],"Boot":[41],"obtain_stats":[{"Regal Pillow":5,"relicPack:DSword":37,"downfall:HeartBlessingRed":1,"conspire:RoyalGoblet":34,"hubris:DuctTape":45,"Guide Book":45,"Guardian:ModeShifter":0,"Oddly Smooth Stone":24,"downfall:HeartBlessingGreen":1,"infinitespire:CheckeredPen":41,"Boot":44,"conspire:TopHat":23,"Guardian:PickAxe":14,"relicPack:EdsArm":30,"Pondfish Scales":52,"downfall:HeartBlessingBlue":1,"hubris:ScarierMask":17,"Replay:Wax Seal":9,"ReplayTheSpireMod:Lightbulb":7,"hubris:Potato":14},{"Regal Pillow":2,"relicPack:DSword":19,"downfall:HeartBlessingRed":0,"conspire:RoyalGoblet":18,"hubris:DuctTape":23,"Guide Book":23,"Guardian:ModeShifter":0,"Oddly Smooth Stone":14,"downfall:HeartBlessingGreen":0,"infinitespire:CheckeredPen":21,"Boot":22,"conspire:TopHat":14,"Guardian:PickAxe":8,"relicPack:EdsArm":16,"Pondfish Scales":28,"downfall:HeartBlessingBlue":0,"hubris:ScarierMask":10,"Replay:Wax Seal":4,"ReplayTheSpireMod:Lightbulb":2,"hubris:Potato":8},{"Regal Pillow":7,"relicPack:DSword":93,"downfall:HeartBlessingRed":0,"conspire:RoyalGoblet":90,"hubris:DuctTape":110,"Guide Book":110,"Guardian:ModeShifter":0,"Oddly Smooth Stone":62,"downfall:HeartBlessingGreen":0,"infinitespire:CheckeredPen":100,"Boot":106,"conspire:TopHat":62,"Guardian:PickAxe":28,"relicPack:EdsArm":74,"Pondfish Scales":139,"downfall:HeartBlessingBlue":0,"hubris:ScarierMask":44,"Replay:Wax Seal":16,"ReplayTheSpireMod:Lightbulb":7,"hubris:Potato":28}]},"card_choices":[{"not_picked":["Guardian:ChargeCore","Guardian:Gem_White"],"picked":"Guardian:VentSteam","floor":2},{"not_picked":["Guardian:PolyBeam","Guardian:TimeCapacitor"],"picked":"Guardian:Incinerate","floor":4},{"not_picked":["Guardian:FloatingOrbs","Guardian:Repulse","Guardian:VentSteam"],"picked":"SKIP","floor":8},{"not_picked":["Guardian:Gem_Lightblue","Guardian:Reroute"],"picked":"Guardian:Gem_Red","floor":9},{"not_picked":["Guardian:Clone","Guardian:Suspension"],"picked":"Guardian:Gem_Red","floor":10},{"not_picked":["Guardian:TimeCapacitor","Guardian:CrystalBeam"],"picked":"Guardian:SentryBeam","floor":12},{"not_picked":["Guardian:Suspension","Guardian:Gem_Blue"],"picked":"Guardian:CompilePackage","floor":13},{"not_picked":["Guardian:RollAttack","Guardian:PrismaticBarrier"],"picked":"Guardian:PrimingBeam","floor":14},{"not_picked":["Guardian:PrimingBeam","Guardian:Recover"],"picked":"Guardian:Gem_Red","floor":15},{"not_picked":["Guardian:CompilePackage","Guardian:AncientConstruct"],"picked":"Guardian:StasisField","floor":16},{"not_picked":["Guardian:Clone","Guardian:TemporalShield"],"picked":"Guardian:WalkerClaw+1","floor":19},{"not_picked":["Guardian:Gem_Red","Guardian:VentSteam"],"picked":"Guardian:TimeBomb+1","floor":21},{"not_picked":["Guardian:TemporalShield","Guardian:VentSteam"],"picked":"Guardian:Orbwalk","floor":22},{"not_picked":["Guardian:FloatingOrbs","Guardian:Clone"],"picked":"Guardian:SpikerProtocol","floor":23},{"not_picked":["Guardian:TemporalStrike+1","Guardian:ChargeCore"],"picked":"Guardian:Gem_Purple","floor":25},{"not_picked":["Guardian:Orbwalk","Guardian:TemporalShield"],"picked":"Guardian:Gem_Purple","floor":27},{"not_picked":["Guardian:PrimingBeam+1","Guardian:StasisEngine"],"picked":"Guardian:ShieldCharger","floor":32},{"not_picked":["Guardian:FierceBash","Guardian:BaubleBeam"],"picked":"Guardian:SphericShield","floor":33},{"not_picked":["Guardian:FloatingOrbs","Guardian:Suspension+1"],"picked":"Guardian:Gem_Lightblue","floor":36},{"not_picked":["Guardian:Gem_Cyan","Guardian:EvasiveProtocol"],"picked":"Guardian:PrimingBeam+1","floor":38},{"not_picked":["Guardian:ArmoredProtocol","Guardian:TimeBomb","Guardian:Reroute+1"],"picked":"SKIP","floor":40},{"not_picked":["Guardian:TemporalStrike","Guardian:VentSteam"],"picked":"Guardian:Recover+1","floor":44},{"not_picked":["Guardian:DecasProtection","Guardian:CrystalBeam+1"],"picked":"Guardian:Preprogram+1","floor":45},{"not_picked":["Guardian:EvasiveProtocol+1","Guardian:Incinerate"],"picked":"Guardian:PolyBeam+1","floor":46},{"not_picked":["Guardian:PrismaticBeam+1","Guardian:RollAttack"],"picked":"Guardian:AncientConstruct","floor":48},{"not_picked":["Guardian:Gem_Lightblue","Guardian:Reroute+1","Guardian:TemporalStrike"],"picked":"SKIP","floor":49},{"not_picked":["Guardian:CrystalBeam+1","Guardian:Incinerate"],"picked":"Guardian:Gem_Purple","floor":52}],"player_experience":1060949,"relics_obtained":[{"floor":5,"key":"Regal Pillow"},{"floor":7,"key":"ReplayTheSpireMod:Lightbulb"},{"floor":9,"key":"Replay:Wax Seal"},{"floor":23,"key":"conspire:TopHat"},{"floor":24,"key":"Oddly Smooth Stone"},{"floor":41,"key":"infinitespire:CheckeredPen"},{"floor":44,"key":"Boot"},{"floor":52,"key":"Pondfish Scales"}],"event_choices":[{"damage_healed":0,"gold_gain":0,"player_choice":"Ignored","damage_taken":0,"max_hp_gain":0,"max_hp_loss":0,"event_name":"Vampires","floor":31,"gold_loss":0},{"cards_removed":["Crow Ritual"],"damage_healed":0,"gold_gain":0,"player_choice":"Removed Power","damage_taken":0,"max_hp_gain":0,"max_hp_loss":0,"event_name":"Falling","floor":39,"gold_loss":0}],"is_beta":false,"boss_relics":[{"not_picked":["StuffTheSpire:RunicConfusion","hubris:BlackHole"],"picked":"hubris:ScarierMask"},{"not_picked":["Guardian:StasisSlotReductionRelic","hubris:HollowSoul"],"picked":"conspire:RoyalGoblet"}],"items_purged_floors":[8,14],"is_endless":false,"potions_floor_spawned":[4,10,12,13,15,16,19,23,32,33,38,40,52],"killed_by":"downfall:NeowBossFinal","ascension_level":0}}