{"host":"627up2rvtmm0cf0r","time":1611575097,"event":{"mods":["100% Spire Juice","ATMod(°¢èªMod)","Act Like it!","BaseMod","Better Vampires","CapriCore","Card Filter","Card Forge","Colored Powertips","DeckTracker","Dota2Spire","Downfall","Energized Spire","Friendly Minions","Highlight Path","Infinite Spire","Jedi Mod","Marked Mod","Mimic Mod","Minty Spire (QoL Compilation)","MostiFishMod","Permanent Neow","Practice Mode","Quick Restart","Relic Stats","Shop Mod","Spicy Shops","StSLib","SuperFastMode","TestMod","The Blackbeard","The Marked","¡¾ÒÅÎï¿¨ÅÆ¡¿REMEMod","²ÐÁôÖ®Îï","óô»ðÖ¸ÄÏ"],"gold_per_floor":[99,113,131,150,150,166,204,234,234,263,363,363,363,363],"floor_reached":12,"language":"ZHS","playtime":511,"items_purged":[],"score":97,"play_id":"392cda23-68c1-443d-a72a-b0788d389fb4","local_time":"20210125194457","is_ascension_mode":true,"campfire_choices":[{"data":"theMarked:Levitate","floor":1,"key":"SMITH"},{"data":"Slimebound:Teamwork","floor":9,"key":"SMITH"}],"circlet_count":0,"master_deck":["Slimebound:Tackle","Slimebound:Split","Slimebound:CorrosiveSpit","Slimebound:SplitMire","theMarked:Levitate+1","Slimebound:SplitMire","Slimebound:Darklings","Slimebound:HauntingLick","Slimebound:SplitMire","Slimebound:DivideAndConquer","Slimebound:Grow","Slimebound:OozeBath","Slimebound:SlimeBarrage","Pain","Slimebound:Teamwork+1"],"relics":["Slimebound:AbsorbEndCombat","Hammer of Thor","Seething Fire","Anvil of the Gods","DaveBox","testmod-TestBox","REME_ComplimentaryCards","AT_ATBox","testmod-Muramasa","Pandora\u0027s Box","WarpedTongs","testmod-IndustrialRevolution","AT_ChloranthyRing","Pocketwatch","downfall:CloakOfManyFaces","CultistMask","FaceOfCleric","NlothsMask","GremlinMask","SsserpentHead"],"acts_visited":["Exordium"],"potions_floor_usage":[11,11,11,11],"damage_taken":[{"damage":3,"enemies":"Cultist","floor":2,"turns":2},{"damage":0,"enemies":"Jaw Worm","floor":3,"turns":1},{"damage":3,"enemies":"Small Slimes","floor":4,"turns":1},{"damage":26,"enemies":"Exordium Thugs","floor":6,"turns":3},{"damage":3,"enemies":"3 Louse","floor":7,"turns":2},{"damage":21,"enemies":"Gremlin Nob","floor":8,"turns":3},{"damage":13,"enemies":"Lagavulin","floor":10,"turns":4},{"damage":1,"enemies":"downfall:FaceTrader","floor":11,"turns":3},{"damage":31,"enemies":"3 Sentries","floor":12,"turns":4}],"seed_played":"-6843875061113777250","potions_obtained":[{"floor":2,"key":"Fire Potion"},{"floor":3,"key":"EntropicBrew"},{"floor":6,"key":"Dexterity Potion"}],"is_trial":false,"path_per_floor":["R","M","M","M","?","M","MIM","E","R","E","?","E"],"character_chosen":"SLIMEBOUND","items_purchased":[],"campfire_rested":0,"item_purchase_floors":[],"current_hp_per_floor":[65,64,64,62,62,41,38,19,19,8,28,0,0,0],"gold":363,"neow_bonus":"THREE_CARDS","is_daily":false,"chose_seed":false,"campfire_upgraded":2,"win_rate":0.0,"timestamp":1611575097,"path_taken":["R","M","M","M","?","M","MIM","E","R","E","?","E"],"items_purchased_type":[],"build_version":"2020-12-22","purchased_purges":0,"victory":false,"max_hp_per_floor":[65,65,65,65,65,65,65,65,65,65,65,65,65,65],"relic_stats":{"SsserpentHead":0,"FaceOfCleric":0,"counters":[9,23],"Pandora\u0027s Box":["Slimebound:SplitMire","Slimebound:Darklings","Slimebound:HauntingLick","Slimebound:SplitMire","Slimebound:DivideAndConquer","Slimebound:Grow","Slimebound:OozeBath"],"obtain_stats":[{"AT_ChloranthyRing":8,"testmod-Muramasa":0,"testmod-TestBox":0,"AT_ATBox":0,"DaveBox":0,"GremlinMask":11,"Hammer of Thor":0,"Seething Fire":0,"testmod-IndustrialRevolution":7,"WarpedTongs":5,"SsserpentHead":11,"FaceOfCleric":11,"Anvil of the Gods":0,"Pandora\u0027s Box":0,"CultistMask":11,"Slimebound:AbsorbEndCombat":0,"downfall:CloakOfManyFaces":11,"REME_ComplimentaryCards":0,"Pocketwatch":10,"NlothsMask":11},{"AT_ChloranthyRing":6,"testmod-Muramasa":0,"testmod-TestBox":0,"AT_ATBox":0,"DaveBox":0,"GremlinMask":8,"Hammer of Thor":0,"Seething Fire":0,"testmod-IndustrialRevolution":5,"WarpedTongs":3,"SsserpentHead":8,"FaceOfCleric":8,"Anvil of the Gods":0,"Pandora\u0027s Box":0,"CultistMask":8,"Slimebound:AbsorbEndCombat":0,"downfall:CloakOfManyFaces":8,"REME_ComplimentaryCards":0,"Pocketwatch":7,"NlothsMask":8},{"AT_ChloranthyRing":12,"testmod-Muramasa":0,"testmod-TestBox":0,"AT_ATBox":0,"DaveBox":0,"GremlinMask":19,"Hammer of Thor":0,"Seething Fire":0,"testmod-IndustrialRevolution":9,"WarpedTongs":4,"SsserpentHead":19,"FaceOfCleric":19,"Anvil of the Gods":0,"Pandora\u0027s Box":0,"CultistMask":19,"Slimebound:AbsorbEndCombat":0,"downfall:CloakOfManyFaces":19,"REME_ComplimentaryCards":0,"Pocketwatch":16,"NlothsMask":19}],"WarpedTongs":[19],"Pocketwatch":[12]},"card_choices":[{"not_picked":["Slimebound:SplitAcid","Slimebound:SlimeTap"],"picked":"Slimebound:SplitMire","floor":0},{"not_picked":["Slimebound:SplitMire","Slimebound:Replication","Slimebound:GoopSpray"],"picked":"SKIP","floor":2},{"not_picked":["Slimebound:SplitAcid","Slimebound:SplitBruiser"],"picked":"Slimebound:SlimeBarrage","floor":3},{"not_picked":["Slimebound:SlimeSpikes","Slimebound:RollThrough","Slimebound:Equalize"],"picked":"SKIP","floor":4},{"not_picked":["Slimebound:Schlurp","Slimebound:Repurpose","Slimebound:ItLooksTasty"],"picked":"SKIP","floor":6},{"not_picked":["Slimebound:Replication","Slimebound:LeechingTouch"],"picked":"Slimebound:Teamwork","floor":7},{"not_picked":["Slimebound:PressTheAttack","Slimebound:SplitMire","Slimebound:LivingWall"],"picked":"SKIP","floor":8},{"not_picked":["Slimebound:PrepareCrush","Slimebound:BestDefense","Slimebound:LevelUp"],"picked":"SKIP","floor":10}],"player_experience":140130,"relics_obtained":[{"floor":7,"key":"testmod-IndustrialRevolution"},{"floor":8,"key":"AT_ChloranthyRing"},{"floor":10,"key":"Pocketwatch"},{"floor":11,"key":"downfall:CloakOfManyFaces"}],"event_choices":[{"damage_healed":0,"gold_gain":0,"player_choice":"Rummage","damage_taken":0,"relics_obtained":["WarpedTongs"],"max_hp_gain":0,"max_hp_loss":0,"event_name":"Accursed Blacksmith","floor":5,"gold_loss":0,"cards_obtained":["Pain"]}],"is_beta":false,"boss_relics":[],"items_purged_floors":[],"is_endless":false,"potions_floor_spawned":[2,3,6],"killed_by":"3 Sentries","ascension_level":2}}