{"host":"ecaj4hn004xnnrw9","time":1611532433,"event":{"mods":["AchievementEnabler","BaseMod","Better Third Choice","Card Forge","Hermit","Hubris","Infinite Spire","Jorbs\u0027s Wanderer Trilogy","Minty Spire (QoL Compilation)","Quick Restart","Relic Stats","Shop Mod","StSLib","The Construct","The Jungle","The Runesmith"],"gold_per_floor":[111,127,127,138,138,138,163,163,241,273,43,43,68,78,78,175,175,187,38,38,38,58,87,2,2,28,28,28,43,43,62,62,158,158,170,170,170,170,214,214,246,246,246,268,303,323,363,382,382,382,535,535,264,406,406],"floor_reached":56,"language":"ENG","playtime":5201,"items_purged":[],"score":2100,"play_id":"8c208103-1cc0-455f-bd42-dc7f209d0c2d","local_time":"20210124235353","is_ascension_mode":true,"campfire_choices":[{"floor":6.0,"key":"RECALL"},{"floor":8.0,"key":"REST"},{"floor":15.0,"key":"REST"},{"floor":25.0,"key":"REST"},{"floor":28.0,"key":"REST"},{"floor":32.0,"key":"REST"},{"floor":40.0,"key":"REST"},{"floor":42.0,"key":"REST"},{"floor":49.0,"key":"REST"},{"floor":52.0,"key":"REST"}],"circlet_count":0,"master_deck":["Double Energy+1","Seek+1","Hologram+1","Core Surge+1","Glacier+1","Zap+1","Echo Form+1","Double Energy+1","Echo Form+1","Seek+1","Reboot+1","Seek+1","Reboot+1","Echo Form+1","Defragment+1","Defragment+1","Capacitor+1","Defragment+1","Skim+1","Defragment+1","Defragment+1","Defragment+1","Consume+1","Glacier+1","Defragment+1"],"relics":["Cracked Core","Hammer of Thor","Seething Fire","Anvil of the Gods","NeowsBlessing","Orichalcum","hubris:Metronome","hubris:SlimyHat","Membership Card","CeramicFish","Omamori","hubris:VirtuousBlindfold","ClockworkSouvenir","infinitespire:Beetle Shell","Kunai","MealTicket","infinitespire:Satchel","Sozu","infinitespire:Bottled Soul","hubris:Towel","hubris:BallOfYels","Art of War","Runesmith:Locket","Lizard Tail","Chemical X","Strawberry","Shuriken","hubris:TenFootPole"],"acts_visited":["Exordium","TheCity","TheBeyond","TheEnding"],"potions_floor_usage":[55],"damage_taken":[{"damage":0.0,"enemies":"Small Slimes","floor":1.0,"turns":1.0},{"damage":0.0,"enemies":"Cultist","floor":2.0,"turns":1.0},{"damage":0.0,"enemies":"Jaw Worm","floor":4.0,"turns":1.0},{"damage":0.0,"enemies":"Gremlin Nob","floor":7.0,"turns":1.0},{"damage":0.0,"enemies":"Lagavulin","floor":10.0,"turns":1.0},{"damage":0.0,"enemies":"Gremlin Nob","floor":13.0,"turns":1.0},{"damage":0.0,"enemies":"Exordium Thugs","floor":14.0,"turns":1.0},{"damage":0.0,"enemies":"Hexaghost","floor":16.0,"turns":1.0},{"damage":0.0,"enemies":"Chosen","floor":18.0,"turns":1.0},{"damage":0.0,"enemies":"2 Thieves","floor":22.0,"turns":1.0},{"damage":0.0,"enemies":"Book of Stabbing","floor":23.0,"turns":1.0},{"damage":0.0,"enemies":"Chosen and Byrds","floor":29.0,"turns":1.0},{"damage":0.0,"enemies":"Shelled Parasite and Fungi","floor":31.0,"turns":1.0},{"damage":0.0,"enemies":"Automaton","floor":33.0,"turns":1.0},{"damage":0.0,"enemies":"3 Shapes","floor":35.0,"turns":1.0},{"damage":0.0,"enemies":"Orb Walker","floor":39.0,"turns":1.0},{"damage":0.0,"enemies":"Nemesis","floor":41.0,"turns":1.0},{"damage":0.0,"enemies":"Jaw Worm Horde","floor":44.0,"turns":1.0},{"damage":0.0,"enemies":"Giant Head","floor":45.0,"turns":1.0},{"damage":0.0,"enemies":"Sphere and 2 Shapes","floor":46.0,"turns":1.0},{"damage":0.0,"enemies":"Nemesis","floor":47.0,"turns":1.0},{"damage":0.0,"enemies":"3 Darklings","floor":48.0,"turns":1.0},{"damage":0.0,"enemies":"Donu and Deca","floor":50.0,"turns":1.0},{"damage":19.0,"enemies":"Shield and Spear","floor":54.0,"turns":3.0},{"damage":47,"enemies":"The Heart","floor":55,"turns":8}],"seed_played":"2078059069573278840","potions_obtained":[{"floor":2.0,"key":"LiquidBronze"},{"floor":4.0,"key":"SteroidPotion"},{"floor":13.0,"key":"DuplicationPotion"}],"is_trial":false,"path_per_floor":["M","M","?","M","?","R","E","R","T","E","$","$","E","M","R","B",null,"M","$","?","?","M","E","?","R","T","?","R","M","$","M","R","B",null,"M","?","T","?","M","R","E","R","T","M","E","M","E","M","R","B",null,"R","$","E","B",null],"character_chosen":"DEFECT","items_purchased":["Membership Card","CeramicFish","ClockworkSouvenir","infinitespire:Beetle Shell","Chemical X","Strawberry","Shuriken"],"campfire_rested":9,"item_purchase_floors":[11,11,19,19,53,53,53],"current_hp_per_floor":[68,68,75,75,75,75,75,75,75,75,75,75,75,75,75,75,75,75,75,75,75,75,75,75,75,75,59,75,75,75,75,75,75,75,75,75,75,75,75,75,75,75,75,75,75,75,75,75,75,75,75,75,82,63,16],"gold":406,"neow_bonus":"THREE_ENEMY_KILL","is_daily":false,"chose_seed":false,"campfire_upgraded":0,"win_rate":0.0,"timestamp":1611532433,"path_taken":["M","M","?","?","?","R","E","R","T","E","?","$","E","M","R","BOSS","M","$","?","?","?","E","?","R","T","?","R","M","?","?","R","BOSS","M","?","?","?","M","R","E","R","T","M","E","M","E","M","R","BOSS","R","$","E","BOSS"],"items_purchased_type":["Relic","Relic","Relic","Relic","Relic","Relic","Relic"],"build_version":"2020-12-22","purchased_purges":0,"victory":true,"max_hp_per_floor":[75,75,75,75,75,75,75,75,75,75,75,75,75,75,75,75,75,75,75,75,75,75,75,75,75,75,75,75,75,75,75,75,75,75,75,75,75,75,75,75,75,75,75,75,75,75,75,75,75,75,75,75,82,82,82],"relic_stats":{"Sozu":2,"Lizard Tail":0,"counters":[25,34],"Shuriken":[1],"CeramicFish":306,"MealTicket":0,"Art of War":[6],"Kunai":[11],"Chemical X":[1],"Orichalcum":[12],"obtain_stats":[{"hubris:BallOfYels":41,"hubris:Metronome":9,"CeramicFish":11,"hubris:VirtuousBlindfold":17,"Runesmith:Locket":45,"Hammer of Thor":0,"hubris:SlimyHat":10,"ClockworkSouvenir":19,"Sozu":34,"Lizard Tail":47,"infinitespire:Bottled Soul":37,"Strawberry":53,"MealTicket":23,"Kunai":20,"Chemical X":53,"Cracked Core":0,"NeowsBlessing":0,"infinitespire:Beetle Shell":19,"Omamori":13,"Seething Fire":0,"Orichalcum":7,"hubris:Towel":38,"Anvil of the Gods":0,"Shuriken":53,"infinitespire:Satchel":24,"Art of War":43,"hubris:TenFootPole":54,"Membership Card":11},{"hubris:BallOfYels":17,"hubris:Metronome":4,"CeramicFish":5,"hubris:VirtuousBlindfold":8,"Runesmith:Locket":19,"Hammer of Thor":0,"hubris:SlimyHat":5,"ClockworkSouvenir":9,"Sozu":14,"Lizard Tail":21,"infinitespire:Bottled Soul":15,"Strawberry":23,"MealTicket":11,"Kunai":9,"Chemical X":23,"Cracked Core":0,"NeowsBlessing":0,"infinitespire:Beetle Shell":9,"Omamori":6,"Seething Fire":0,"Orichalcum":4,"hubris:Towel":15,"Anvil of the Gods":0,"Shuriken":23,"infinitespire:Satchel":11,"Art of War":17,"hubris:TenFootPole":24,"Membership Card":5},{"hubris:BallOfYels":17,"hubris:Metronome":4,"CeramicFish":5,"hubris:VirtuousBlindfold":8,"Runesmith:Locket":19,"Hammer of Thor":0,"hubris:SlimyHat":5,"ClockworkSouvenir":9,"Sozu":14,"Lizard Tail":21,"infinitespire:Bottled Soul":15,"Strawberry":23,"MealTicket":11,"Kunai":9,"Chemical X":23,"Cracked Core":0,"NeowsBlessing":0,"infinitespire:Beetle Shell":9,"Omamori":6,"Seething Fire":0,"Orichalcum":4,"hubris:Towel":15,"Anvil of the Gods":0,"Shuriken":23,"infinitespire:Satchel":11,"Art of War":17,"hubris:TenFootPole":26,"Membership Card":5}]},"card_choices":[{"not_picked":["Gash","Conserve Battery","Stack"],"picked":"SKIP","floor":1.0},{"not_picked":["Blizzard","Doom and Gloom","Reinforced Body"],"picked":"SKIP","floor":2.0},{"not_picked":["Steam","FTL","Compile Driver"],"picked":"SKIP","floor":4.0},{"not_picked":["Redo","Core Surge","Aggregate"],"picked":"SKIP","floor":7.0},{"not_picked":["Gash","Steam Power","Cold Snap"],"picked":"SKIP","floor":10.0},{"not_picked":["Beam Cell","Glacier","Barrage"],"picked":"SKIP","floor":13.0},{"not_picked":["Beam Cell","Glacier","Barrage"],"picked":"SKIP","floor":13.0},{"not_picked":["Compile Driver","Self Repair","Conserve Battery"],"picked":"SKIP","floor":14.0},{"not_picked":["Doom and Gloom+1","Rebound+1","Scrape"],"picked":"SKIP","floor":18.0},{"not_picked":["Stack","Sweeping Beam","Cold Snap+1"],"picked":"SKIP","floor":22.0},{"not_picked":["Hologram","Gash+1","Self Repair"],"picked":"SKIP","floor":23.0},{"not_picked":["Chill","White Noise+1","Go for the Eyes"],"picked":"SKIP","floor":29.0},{"not_picked":["Redo+1","Turbo","Blizzard"],"picked":"SKIP","floor":31.0},{"not_picked":["Cold Snap+1","Rebound+1","Reinforced Body"],"picked":"SKIP","floor":35.0},{"not_picked":["Capacitor+1","Turbo+1","Redo+1"],"picked":"SKIP","floor":39.0},{"not_picked":["Seek","Hologram+1","Defragment+1"],"picked":"SKIP","floor":41.0},{"not_picked":["Coolheaded","Go for the Eyes","Beam Cell"],"picked":"SKIP","floor":44.0},{"not_picked":["Chaos","Defragment","Gash"],"picked":"SKIP","floor":45.0},{"not_picked":["Stack","Redo+1","Capacitor+1"],"picked":"SKIP","floor":46.0},{"not_picked":["Beam Cell","Storm"],"picked":"Lockon","floor":47.0},{"not_picked":["Doom and Gloom+1","Barrage","Scrape+1"],"picked":"SKIP","floor":48.0},{"not_picked":["Steam","Compile Driver+1","Streamline+1"],"picked":"SKIP","floor":54.0}],"player_experience":414914,"relics_obtained":[{"floor":7.0,"key":"Orichalcum"},{"floor":9.0,"key":"hubris:Metronome"},{"floor":10.0,"key":"hubris:SlimyHat"},{"floor":13.0,"key":"Omamori"},{"floor":23.0,"key":"MealTicket"},{"floor":37.0,"key":"infinitespire:Bottled Soul"},{"floor":41.0,"key":"hubris:BallOfYels"},{"floor":43.0,"key":"Art of War"},{"floor":45.0,"key":"Runesmith:Locket"},{"floor":47.0,"key":"Lizard Tail"},{"floor":54.0,"key":"hubris:TenFootPole"}],"event_choices":[{"damage_healed":7.0,"max_hp_gain":0.0,"max_hp_loss":0.0,"gold_gain":0.0,"event_name":"Wheel of Change","player_choice":"Full Heal","floor":3.0,"gold_loss":0.0,"damage_taken":0.0},{"damage_healed":0.0,"max_hp_gain":0.0,"max_hp_loss":0.0,"gold_gain":0.0,"event_name":"Upgrade Shrine","player_choice":"Ignored","floor":5.0,"gold_loss":0.0,"damage_taken":0.0},{"damage_healed":0.0,"max_hp_gain":0.0,"max_hp_loss":0.0,"gold_gain":0.0,"event_name":"The Mausoleum","player_choice":"Opened","floor":20.0,"gold_loss":0.0,"damage_taken":0.0,"relics_obtained":["Kunai"],"cards_obtained":["Writhe"]},{"damage_healed":0.0,"max_hp_gain":0.0,"max_hp_loss":0.0,"gold_gain":0.0,"event_name":"Purifier","player_choice":"Ignored","floor":21.0,"gold_loss":0.0,"damage_taken":0.0},{"damage_healed":0.0,"max_hp_gain":0.0,"max_hp_loss":0.0,"gold_gain":0.0,"event_name":"Addict","player_choice":"Obtained Relic","floor":24.0,"gold_loss":85.0,"damage_taken":0.0,"relics_obtained":["infinitespire:Satchel"]},{"damage_healed":0.0,"max_hp_gain":0.0,"max_hp_loss":0.0,"gold_gain":0.0,"event_name":"Cursed Tome","player_choice":"Obtained Book","floor":27.0,"gold_loss":0.0,"damage_taken":16.0}],"is_beta":false,"boss_relics":[{"not_picked":["hubris:GrandSneckoEye","construct:ClawGrip"],"picked":"hubris:VirtuousBlindfold"},{"not_picked":["Empty Cage","hubris:ScarierMask"],"picked":"Sozu"}],"items_purged_floors":[],"is_endless":false,"potions_floor_spawned":[2,4,13,14,18,23,39,44,46],"ascension_level":6}}