{"host":"8d3fefv2347kqkpz","time":1611596426,"event":{"mods":["AchievementEnabler","Act Like it!","Aspiration","BaseMod","Better Vampires","Colored Map","Colored Powertips","Conspire","GifTheSpireLib","Hermit","Highlight Path","Hubris","Marisa£®ÏF”Í°°ƒß¿Ì…≥£©","Mimic Mod","Minty Spire (QoL Compilation)","Quick Restart","Rare Cards Sparkle","Reimu£®≤©¿ˆ¡È√Œ£©","Relic Stats","Remilia£®¿Ÿ√◊¿Ú—«£©","Replay The Spire","Spicy Shops","StSLib","The Cursed","The Jungle","The Servant 0.9.4","Waifu the Spire","Youmu£®ªÍ∆«—˝√Œ£©"],"gold_per_floor":[109,40,40,52,52,85,10,24,73,73,90,90,117,130,130,230,230,230,230],"floor_reached":18,"language":"ZHS","playtime":613,"items_purged":["Strike_G"],"score":195,"play_id":"17634a2f-d896-4ec8-952b-2be61d955a6e","local_time":"20210126014026","is_ascension_mode":false,"campfire_choices":[{"data":"Accuracy","floor":10,"key":"SMITH"},{"data":"Neutralize","floor":12,"key":"SMITH"},{"data":"ReplayTheSpireMod:Shiv Toss","floor":15,"key":"SMITH"}],"circlet_count":0,"master_deck":["Strike_G","Strike_G","Strike_G","Strike_G","Defend_G","Defend_G","Defend_G","Defend_G","Defend_G","Survivor","Neutralize","Blade Dance","Accuracy+1","Neutralize+1","Adrenaline","Replay:Sssssssssshield","Dagger Spray","ReplayTheSpireMod:Shiv Toss+1","conspire:DoublingDagger","Malaise"],"relics":["Ring of the Snake","NeowsBlessing","hubris:Towel","Question Card","hubris:AncientText","Gremlin Food","aspiration:RandomNobGenerator"],"acts_visited":["Exordium","TheCity"],"potions_floor_usage":[],"damage_taken":[{"damage":0.0,"enemies":"2 Louse","floor":1.0,"turns":1.0},{"damage":0,"enemies":"Cultist","floor":4,"turns":1},{"damage":0,"enemies":"Gremlin Nob","floor":6,"turns":1},{"damage":0,"enemies":"Small Slimes","floor":8,"turns":2},{"damage":0,"enemies":"3 Louse","floor":11,"turns":3},{"damage":9,"enemies":"3 Sentries","floor":13,"turns":7},{"damage":0,"enemies":"Red Slaver","floor":14,"turns":3},{"damage":34,"enemies":"Hexaghost","floor":16,"turns":12},{"damage":71,"enemies":"3 Byrds","floor":18,"turns":4}],"seed_played":"-3905605738827839282","potions_obtained":[{"floor":6,"key":"BlessingOfTheForge"},{"floor":11,"key":"Elixir"},{"floor":14,"key":"PowerPotion"}],"is_trial":false,"path_per_floor":["M","$","?","M","?","E","$","M","T","R","M","R","E","M","R","B",null,"M"],"character_chosen":"THE_SILENT","items_purchased":["Accuracy"],"campfire_rested":0,"item_purchase_floors":[2],"current_hp_per_floor":[70,70,70,70,70,70,70,70,70,70,70,70,61,61,61,27,70,0,0],"gold":230,"neow_bonus":"THREE_ENEMY_KILL","is_daily":false,"chose_seed":false,"campfire_upgraded":3,"win_rate":0.0,"timestamp":1611596426,"path_taken":["M","$","?","?","?","E","$","M","T","R","M","R","E","M","R","BOSS","M"],"items_purchased_type":["Card"],"build_version":"2020-12-22","purchased_purges":1,"victory":false,"max_hp_per_floor":[70,70,70,70,70,70,70,70,70,70,70,70,70,70,70,70,70,70,70],"relic_stats":{"counters":[9,34],"Question Card":13,"obtain_stats":[{"Gremlin Food":13,"NeowsBlessing":0,"aspiration:RandomNobGenerator":17,"hubris:Towel":5,"Question Card":6,"hubris:AncientText":9,"Ring of the Snake":0},{"Gremlin Food":6,"NeowsBlessing":0,"aspiration:RandomNobGenerator":8,"hubris:Towel":2,"Question Card":3,"hubris:AncientText":4,"Ring of the Snake":0},{"Gremlin Food":15,"NeowsBlessing":0,"aspiration:RandomNobGenerator":30,"hubris:Towel":2,"Question Card":3,"hubris:AncientText":5,"Ring of the Snake":0}],"Ring of the Snake":[18]},"card_choices":[{"not_picked":["Outmaneuver","Backflip"],"picked":"Blade Dance","floor":1.0},{"not_picked":["Replay:Poison Smokescreen","Bouncing Flask","Calculated Gamble"],"picked":"SKIP","floor":4},{"not_picked":["Bane","Quick Slash","Dagger Throw"],"picked":"SKIP","floor":6},{"not_picked":["Quick Slash","Toxin Wave","Skewer"],"picked":"ReplayTheSpireMod:Shiv Toss","floor":8},{"not_picked":["hubris:Counter","Caltrops","Quick Slash","Sucker Punch"],"picked":"SKIP","floor":11},{"not_picked":["Hidden Blade","hubris:TrickCloak","Bouncing Flask"],"picked":"conspire:DoublingDagger","floor":13},{"not_picked":["hubris:SlightOfHand","Bouncing Flask","Setup","Dodge and Roll"],"picked":"SKIP","floor":14},{"not_picked":["Poison Darts","Burst","Tools of the Trade"],"picked":"Malaise","floor":16}],"player_experience":191411,"relics_obtained":[{"floor":6,"key":"Question Card"},{"floor":9,"key":"hubris:AncientText"},{"floor":13,"key":"Gremlin Food"}],"event_choices":[{"damage_healed":0,"gold_gain":0,"player_choice":"4 cards matched","damage_taken":0,"max_hp_gain":0,"max_hp_loss":0,"event_name":"Match and Keep!","floor":3,"gold_loss":0,"cards_obtained":["Neutralize","Adrenaline","Replay:Sssssssssshield","Dagger Spray"]}],"is_beta":false,"boss_relics":[{"not_picked":["conspire:SeveredTorchhead","hubris:GrandSneckoEye"],"picked":"aspiration:RandomNobGenerator"}],"items_purged_floors":[7],"is_endless":false,"potions_floor_spawned":[6,11,14],"killed_by":"3 Byrds","ascension_level":0}}