{"host":"slngz8sobihb8iwl","time":1611540240,"event":{"mods":["2.2 Compatiblity","Act Like it!","BaseMod","Chen","Colored Powertips","Downfall","Elementarium","Gensokyo","GifTheSpireLib","Hallownest","Hermit","Marisa????????","Menagerie","Minty Spire (QoL Compilation)","Permanent Neow","Random Character Button","Rare Cards Sparkle","Relic Filter","Robot Space Explorer","Spire Arcade","StSLib","SuperFastMode","Td1madao Mod","The Bug Knight","The Gatherer","The Hierophant","The Marked","The Runesmith","Unceasing Turn Reminder"],"gold_per_floor":[99,99,99,113,213,226,249,249,283,183,197,215,115,127,146,246,246,246,266,65,82,82,82,128,141,141,141,153,168,168,168,184,280,280,280,290,128,178,195,195,195,208,236,170,182,197,97,116,129,129,129,129,129,129],"floor_reached":52,"language":"ENG","playtime":4930,"items_purged":[],"score":763,"play_id":"cc302a5e-3424-45b3-af30-32525715a2ac","local_time":"20210124210400","is_ascension_mode":false,"campfire_choices":[{"data":"hexamod:Defend","floor":1.0,"key":"SMITH"},{"floor":10.0,"key":"RECALL"},{"data":"hexamod:CatchUp","floor":13.0,"key":"SMITH"},{"data":"hexamod:WildfireWeapon","floor":18.0,"key":"SMITH"},{"data":"hexamod:EtherealExpedition","floor":23.0,"key":"SMITH"},{"data":"hexamod:RadiantFlame","floor":27.0,"key":"SMITH"},{"data":"hexamod:ThermalTransfer","floor":30.0,"key":"SMITH"},{"data":"hexamod:UnleashSpirits","floor":35.0,"key":"SMITH"},{"data":"hexamod:SearingWound","floor":47,"key":"SMITH"}],"circlet_count":0,"master_deck":["hexamod:Strike","hexamod:Strike+1","hexamod:Strike","hexamod:Defend","hexamod:Defend","hexamod:Defend","hexamod:Defend+1","hexamod:Sear+1","hexamod:Float","hexamod:ThirdSeal","hexamod:FastForward","hexamod:FirstSeal","hexamod:ShieldOfDarkness+1","hexamod:PhantomFireball","hexamod:Hexaguard","hexamod:RainOfEmbers+1","hexamod:HeatMetal","hexamod:ShieldOfDarkness","hexamod:CatchUp+1","hexamod:ThermalTransfer+1","hexamod:EtherealExpedition+1","hexamod:WildfireWeapon+1","hexamod:UnleashSpirits+1","CurseOfTheBell","hexamod:SecondSeal","hexamod:ForkedFlame+1","hexamod:RadiantFlame+1","hexamod:DynamicBlow+1","hexamod:HeatCrush+1","hexamod:RadiantFlame","hexamod:FlamesFromBeyond+1","hexamod:ThermalTransfer+1","hexamod:GhostShield","hexamod:SixthSeal","hexamod:ForkedFlame+1","hexamod:Haunt","hexamod:ThermalTransfer+1","hexamod:Incineration+1","hexamod:Hexaguard+1","hexamod:SearingWound+1","hexamod:RainOfEmbers+1","hexamod:FastForward+1","hexamod:Toasty+1","hexamod:PowerFromBeyond","hexamod:ThermalTransfer+1","hexamod:Firestarter+1","hexamod:SpectersWail+1","hexamod:Hexaguard","hexamod:SpectersWail+1","hexamod:BurningTouch+1","hexamod:Firestarter+1"],"relics":["hexamod:SpiritBrand","Centennial Puzzle","hexamod:MatchstickCase","TungstenRod","downfall:HeartBlessingGreen","downfall:HeartBlessingRed","Calling Bell","Molten Egg 2","Incense Burner","HandDrill","downfall:RedIOU","Strawberry","Darkstone Periapt","Sozu","ClockworkSouvenir","Lantern","downfall:HeartBlessingBlue"],"acts_visited":["Exordium","TheCity","TheBeyond","TheEnding"],"potions_floor_usage":[43],"damage_taken":[{"damage":0.0,"enemies":"Small Slimes","floor":4.0,"turns":4.0},{"damage":1.0,"enemies":"Jaw Worm","floor":6.0,"turns":4.0},{"damage":0.0,"enemies":"Cultist","floor":8.0,"turns":1.0},{"damage":27.0,"enemies":"3 Sentries","floor":9.0,"turns":14.0},{"damage":3.0,"enemies":"Lots of Slimes","floor":11.0,"turns":6.0},{"damage":0.0,"enemies":"3 Louse","floor":12.0,"turns":3.0},{"damage":5.0,"enemies":"Exordium Thugs","floor":14.0,"turns":3.0},{"damage":1.0,"enemies":"Red Slaver","floor":15.0,"turns":3.0},{"damage":59.0,"enemies":"WA_ARCHETYPE_RETAIN","floor":16.0,"turns":13.0},{"damage":8.0,"enemies":"3 Byrds","floor":19.0,"turns":6.0},{"damage":0.0,"enemies":"downfall:FleeingMerchant","floor":20.0,"turns":4.0},{"damage":11.0,"enemies":"Centurion and Healer","floor":21.0,"turns":6.0},{"damage":0.0,"enemies":"Snecko","floor":25.0,"turns":3.0},{"damage":13.0,"enemies":"Sentry and Sphere","floor":28.0,"turns":6.0},{"damage":5.0,"enemies":"Centurion and Healer","floor":29.0,"turns":6.0},{"damage":0.0,"enemies":"Shelled Parasite and Fungi","floor":32.0,"turns":3.0},{"damage":31.0,"enemies":"SI_MIRROR_ARCHETYPE","floor":33.0,"turns":8.0},{"damage":16.0,"enemies":"3 Darklings","floor":36.0,"turns":3.0},{"damage":0.0,"enemies":"downfall:FleeingMerchant","floor":37.0,"turns":4.0},{"damage":12.0,"enemies":"downfall:FleeingMerchant","floor":38.0,"turns":5.0},{"damage":0.0,"enemies":"3 Shapes","floor":39.0,"turns":3.0},{"damage":0,"enemies":"Spire Growth","floor":42,"turns":5},{"damage":18,"enemies":"Nemesis","floor":43,"turns":3},{"damage":0,"enemies":"downfall:FleeingMerchant","floor":44,"turns":4},{"damage":4,"enemies":"Jaw Worm Horde","floor":45,"turns":3},{"damage":17,"enemies":"Sphere and 2 Shapes","floor":46,"turns":4},{"damage":0,"enemies":"3 Darklings","floor":48,"turns":4},{"damage":21,"enemies":"Transient","floor":49,"turns":5},{"damage":13,"enemies":"DF_ARCHETYPE_ORBS","floor":50,"turns":4},{"damage":108,"enemies":"downfall:CharBossMerchant","floor":52,"turns":6}],"seed_played":"-6732212224146179099","potions_obtained":[{"floor":3.0,"key":"Swift Potion"},{"floor":9.0,"key":"FearPotion"},{"floor":14.0,"key":"GamblersBrew"},{"floor":19.0,"key":"hexamod:EctoCoolerPotion"},{"floor":21.0,"key":"Dexterity Potion"},{"floor":28.0,"key":"PowerPotion"},{"floor":33.0,"key":"Guardian:BlockOnCardUsePotion"}],"is_trial":false,"path_per_floor":["R","?","?","M","?","M","T","M","E","R","M","M","R","M","M","B",null,"R","M","$","M","?","R","T","M","?","R","M","M","R","T","M","B",null,"R","M","$","?","M","?","T","M","E","$","M","M","R","M","M","B",null,"E"],"character_chosen":"THE_SPIRIT","items_purchased":["hexamod:RadiantFlame","HandDrill","ClockworkSouvenir","hexamod:ThermalTransfer+1"],"campfire_rested":0,"item_purchase_floors":[20,20,37,44],"current_hp_per_floor":[70,70,70,70,70,69,69,69,49,49,53,53,53,55,61,2,70,70,69,69,58,58,58,65,72,72,72,66,68,68,68,75,44,77,77,68,68,63,70,70,70,77,59,66,62,45,55,55,41,28,87,0,0,0],"gold":129,"neow_bonus":"RANDOM_COMMON_RELIC","is_daily":false,"chose_seed":false,"campfire_upgraded":8,"win_rate":0.0,"timestamp":1611540240,"path_taken":["R","?","?","?","?","M","T","M","E","R","?","M","R","?","M","BOSS","R","M","$","M","?","R","T","M","?","R","?","M","R","?","M","BOSS","R","M","$","?","M","?","T","M","E","$","M","M","R","?","M","BOSS","E"],"items_purchased_type":["Card","Relic","Relic","Card"],"build_version":"2020-12-22","purchased_purges":0,"victory":false,"max_hp_per_floor":[70,70,70,70,70,70,70,70,70,70,70,70,70,70,70,70,70,70,70,70,70,70,70,77,77,77,77,77,77,77,77,77,77,77,77,77,77,77,77,77,77,77,77,77,77,77,87,87,87,87,87,87,87,87],"card_choices":[{"not_picked":["hexamod:NightmareStrike","hexamod:EmpoweredFlame"],"picked":"hexamod:ThirdSeal","floor":4.0},{"not_picked":["hexamod:GhostflameBarrier","hexamod:PhantomCloak"],"picked":"hexamod:FastForward","floor":6.0},{"not_picked":["hexamod:HeatMetal","hexamod:EmpoweredFlame"],"picked":"hexamod:FirstSeal","floor":6.0},{"not_picked":["hexamod:InspiringFlames","hexamod:SwordOfDarkness"],"picked":"hexamod:ShieldOfDarkness","floor":8.0},{"not_picked":["hexamod:HauntingEcho","hexamod:NightmareStrike"],"picked":"hexamod:PhantomFireball","floor":9.0},{"not_picked":["hexamod:NecessarySacrifice","hexamod:NightmareGuise"],"picked":"hexamod:Hexaguard","floor":9.0},{"not_picked":["hexamod:GhostLash","hexamod:GhostShield"],"picked":"hexamod:RainOfEmbers","floor":11.0},{"not_picked":["hexamod:SpectralSpark","hexamod:FirstSeal"],"picked":"hexamod:HeatMetal","floor":11.0},{"not_picked":["hexamod:SuperheatedStrike","hexamod:UnleashSpirits"],"picked":"hexamod:ShieldOfDarkness","floor":12.0},{"not_picked":["hexamod:NightmareGuise","hexamod:AdvancingGuard"],"picked":"hexamod:CatchUp","floor":12.0},{"not_picked":["hexamod:NightmareStrike","hexamod:Firestarter"],"picked":"hexamod:ThermalTransfer","floor":14.0},{"not_picked":["hexamod:NecessarySacrifice","hexamod:PowerFromBeyond"],"picked":"hexamod:EtherealExpedition","floor":15.0},{"not_picked":["hexamod:Rewind","hexamod:AdvancingGuard","hexamod:SwordOfDarkness"],"picked":"SKIP","floor":15.0},{"not_picked":["hexamod:ParanormalForm","hexamod:HexaLevel"],"picked":"hexamod:WildfireWeapon","floor":16.0},{"not_picked":["hexamod:TurnItUp","hexamod:FlameSwitch"],"picked":"hexamod:UnleashSpirits","floor":16.0},{"not_picked":["hexamod:RecurringNightmare+1","hexamod:RadiantFlame"],"picked":"hexamod:SecondSeal","floor":19.0},{"not_picked":["hexamod:Hexaguard+1","hexamod:FlamesFromBeyond"],"picked":"hexamod:ForkedFlame+1","floor":20.0},{"not_picked":["hexamod:CatchUp","hexamod:GhostShield","hexamod:BacktrackSmack+1"],"picked":"SKIP","floor":20.0},{"not_picked":["hexamod:ChargedBarrage","hexamod:GhostOfSpirePast+1"],"picked":"hexamod:DynamicBlow+1","floor":21.0},{"not_picked":["hexamod:SuperheatedStrike+1","hexamod:Rewind","hexamod:ChargedBarrage"],"picked":"SKIP","floor":21.0},{"not_picked":["hexamod:RadiantFlame+1","hexamod:GhostOfSpireFuture"],"picked":"hexamod:HeatCrush+1","floor":25.0},{"not_picked":["hexamod:SecondSeal","hexamod:GhostOfSpirePast+1","hexamod:GhostShield"],"picked":"SKIP","floor":25.0},{"not_picked":["hexamod:SuperheatedStrike+1","hexamod:RetreatToShadows"],"picked":"hexamod:RadiantFlame","floor":28.0},{"not_picked":["hexamod:GhostflameBarrier","hexamod:FastForward+1"],"picked":"hexamod:FlamesFromBeyond+1","floor":28.0},{"not_picked":["hexamod:SuperheatedStrike+1","hexamod:EtherealExpedition"],"picked":"hexamod:ThermalTransfer+1","floor":29.0},{"not_picked":["hexamod:InspiringFlames","hexamod:HeatMetal+1","hexamod:SwordOfDarkness+1"],"picked":"SKIP","floor":29.0},{"not_picked":["hexamod:HexaLevel","hexamod:PhantomFireball+1"],"picked":"hexamod:GhostShield","floor":32.0},{"not_picked":["hexamod:UnleashSpirits+1","hexamod:VolcanoVisage"],"picked":"hexamod:SixthSeal","floor":33.0},{"not_picked":["hexamod:GhostOfSpirePresent","hexamod:ApocalypseNow"],"picked":"hexamod:ForkedFlame+1","floor":33.0},{"not_picked":["hexamod:NightmareStrike+1","hexamod:BacktrackSmack+1"],"picked":"hexamod:Haunt","floor":36.0},{"not_picked":["hexamod:ParanormalForm","hexamod:ChargedBarrage+1"],"picked":"hexamod:ThermalTransfer+1","floor":37.0},{"not_picked":["hexamod:BurningTouch","hexamod:ThirdSeal"],"picked":"hexamod:Incineration+1","floor":37.0},{"not_picked":["hexamod:HauntingEcho+1","hexamod:SuperheatedStrike+1"],"picked":"hexamod:Hexaguard+1","floor":39.0},{"not_picked":["hexamod:HeatMetal+1","hexamod:SpectralSpark","hexamod:InspiringFlames+1"],"picked":"SKIP","floor":39.0},{"not_picked":["hexamod:AdvancingGuard","hexamod:HeatMetal+1"],"picked":"hexamod:RainOfEmbers+1","floor":42},{"not_picked":["hexamod:ShieldOfDarkness","hexamod:NightmareStrike+1"],"picked":"hexamod:FastForward+1","floor":43},{"not_picked":["hexamod:ThermalTransfer+1","hexamod:PowerFromBeyond+1"],"picked":"hexamod:Toasty+1","floor":44},{"not_picked":["hexamod:ChargedBarrage+1","hexamod:FastForward+1"],"picked":"hexamod:PowerFromBeyond","floor":44},{"not_picked":["hexamod:PhantomCloak+1","hexamod:FastForward"],"picked":"hexamod:Firestarter+1","floor":45},{"not_picked":["hexamod:StepThrough+1","hexamod:AdvancingGuard+1"],"picked":"hexamod:SpectersWail+1","floor":46},{"not_picked":["hexamod:PhantomCloak","hexamod:NightmareStrike+1"],"picked":"hexamod:Hexaguard","floor":46},{"not_picked":["hexamod:GhostLash+1","hexamod:AdvancingGuard+1"],"picked":"hexamod:SpectersWail+1","floor":48},{"not_picked":["hexamod:EmpoweredFlame","hexamod:GhostLash+1"],"picked":"hexamod:BurningTouch+1","floor":49},{"not_picked":["hexamod:SwordOfDarkness+1","hexamod:SuperheatedStrike+1"],"picked":"hexamod:Firestarter+1","floor":49}],"player_experience":419955,"relics_obtained":[{"floor":7.0,"key":"hexamod:MatchstickCase"},{"floor":9.0,"key":"TungstenRod"},{"floor":17.0,"key":"Smiling Mask"},{"floor":17.0,"key":"Molten Egg 2"},{"floor":17.0,"key":"Incense Burner"},{"floor":24.0,"key":"Strawberry"},{"floor":31.0,"key":"Darkstone Periapt"},{"floor":43,"key":"Lantern"}],"event_choices":[{"damage_healed":0.0,"max_hp_gain":0.0,"max_hp_loss":0.0,"gold_gain":0.0,"event_name":"FaceTrader","player_choice":"Leave","floor":26.0,"gold_loss":0.0,"damage_taken":0.0}],"is_beta":false,"boss_relics":[{"not_picked":["Black Star","Coffee Dripper"],"picked":"Calling Bell"},{"not_picked":["Runic Pyramid","Fusion Hammer"],"picked":"Sozu"}],"items_purged_floors":[],"is_endless":false,"potions_floor_spawned":[9,14,15,19,21,28,33,36,38,43,45,48],"killed_by":"downfall:CharBossMerchant","ascension_level":0}}