{"host":"i9z6y8pcdeu2qxnx","time":1611546884,"event":{"mods":["BaseMod","Colored Map","Googly Eyes","Highlight Path","Minty Spire (QoL Compilation)","Replay The Spire","StSLib"],"gold_per_floor":[109,129,147,165,176,176,207,223,223,250,263,263,276,276,276,381,381,398,409,425,437,451,451,483,500,527,539,563,600,623,5,5,108,108,118,133,444,51,68,95,95,113,137,167,185,205,218,236,236,236],"floor_reached":51,"language":"ENG","playtime":6263,"items_purged":["Regret"],"score":972,"play_id":"32e1d0b0-f623-4611-977f-aee599f1cca8","local_time":"20210124225444","daily_mods":["Insanity","Vintage","Lethality"],"is_ascension_mode":false,"campfire_choices":[{"data":"Aggregate","floor":6,"key":"SMITH"},{"data":"FIFO Queue","floor":12,"key":"SMITH"},{"floor":15,"key":"REST"},{"floor":23,"key":"REST"},{"floor":32,"key":"REST"},{"floor":41,"key":"DIG"}],"circlet_count":0,"master_deck":["ReplayTheSpireMod:GoodbyeWorld","Gash","Go for the Eyes","Gash","ReplayTheSpireMod:Calculation Training","Chill","Leap","Defragment","Ball Lightning","Panic Button","Rebound","Hologram","BasicCrystalCard+1","Reinforced Body","Streamline+1","Fusion","Stack","Barrage","Rip and Tear","Glacier","Time Bomb+1","Compile Driver","Recycle","Beam Cell","Panic Button","Rebound","Turbo","Streamline","Compile Driver","BasicCrystalCard","Conserve Battery","Streamline","Rebound","Compile Driver","Leap","Stack","Rebound","Crystallizer","Recycle","Defragment","Coolheaded","Stack","Reinforced Body","Panic Button","Aggregate+1","Compile Driver","Undo","Hologram","Streamline","FIFO Queue+1","Ball Lightning","Echo Form","Double Energy+1","Scrape+1","Rip and Tear","Conserve Battery","ReplayTheSpireMod:Calculation Training","Rainbow","Turbo","Sunder+1","Melter","Force Field"],"relics":["Cracked Core","War Paint","Replay:Antivirus Software","Regal Pillow","CaptainsWheel","TungstenRod","StoneCalendar","Shuriken","InkBottle","Replay:Multitool","DataDisk","Mummified Hand","Omamori","Ring of Chaos","Darkstone Periapt","White Beast Statue","Anchor","Smiling Mask","Art of War","Replay:Wax Seal","Bottled Tornado","MawBank","Orichalcum","Garlic","Singing Bowl","Gremlin Horn","Toolbox","Honey Jar","FossilizedHelix","Lizard Tail","Old Coin","Bird Faced Urn","Peace Pipe","Replay:WaspNest","ReplayTheSpireMod:TigerMarble","Toy Ornithopter","Whetstone","Dream Catcher","Centennial Puzzle","Bag of Preparation","Cables","Pen Nib"],"acts_visited":["Exordium","TheCity","TheBeyond"],"potions_floor_usage":[8,16,20,22,24,25,28,29,29,33,35,40,44,48,50,50,50,50],"damage_taken":[{"damage":0,"enemies":"Small Slimes","floor":1,"turns":2},{"damage":7,"enemies":"Jaw Worm","floor":2,"turns":2},{"damage":0,"enemies":"Cultist","floor":3,"turns":3},{"damage":9,"enemies":"Exordium Thugs","floor":4,"turns":3},{"damage":0,"enemies":"3 Louse","floor":5,"turns":2},{"damage":0,"enemies":"Replay:BlueRogue","floor":7,"turns":3},{"damage":0,"enemies":"2 Fungi Beasts","floor":8,"turns":2},{"damage":0,"enemies":"Gremlin Nob","floor":10,"turns":2},{"damage":3,"enemies":"Looter","floor":11,"turns":3},{"damage":0,"enemies":"Large Slime","floor":13,"turns":3},{"damage":13,"enemies":"The Guardian","floor":16,"turns":6},{"damage":9,"enemies":"Shell Parasite","floor":18,"turns":4},{"damage":12,"enemies":"Chosen","floor":19,"turns":3},{"damage":16,"enemies":"3 Cultists","floor":20,"turns":5},{"damage":0,"enemies":"Chosen and Byrds","floor":21,"turns":4},{"damage":29,"enemies":"Snake Plant","floor":22,"turns":4},{"damage":1,"enemies":"Book of Stabbing","floor":24,"turns":4},{"damage":0,"enemies":"Snecko","floor":25,"turns":5},{"damage":4,"enemies":"Sentry and Sphere","floor":28,"turns":4},{"damage":14,"enemies":"Replay:Snechameleon","floor":29,"turns":5},{"damage":1,"enemies":"Snake Plant","floor":30,"turns":5},{"damage":1,"enemies":"Champ","floor":33,"turns":5},{"damage":1,"enemies":"Orb Walker","floor":35,"turns":3},{"damage":0,"enemies":"3 Darklings","floor":36,"turns":4},{"damage":0,"enemies":"Transient","floor":37,"turns":5},{"damage":0,"enemies":"Maw","floor":39,"turns":6},{"damage":0,"enemies":"R_Hoarder","floor":40,"turns":5},{"damage":0,"enemies":"Spire Growth","floor":42,"turns":5},{"damage":0,"enemies":"Sphere and 2 Shapes","floor":44,"turns":3},{"damage":0,"enemies":"Maw","floor":45,"turns":6},{"damage":0,"enemies":"4 Shapes","floor":46,"turns":2},{"damage":0,"enemies":"Sphere and 2 Shapes","floor":47,"turns":4},{"damage":0,"enemies":"3 Darklings","floor":48,"turns":2},{"damage":18,"enemies":"Donu and Deca","floor":50,"turns":5}],"seed_played":"-1914241652542776351","potions_obtained":[{"floor":1,"key":"Fire Potion"},{"floor":2,"key":"BlessingOfTheForge"},{"floor":4,"key":"Energy Potion"},{"floor":10,"key":"FearPotion"},{"floor":20,"key":"Dexterity Potion"},{"floor":21,"key":"PowerPotion"},{"floor":22,"key":"Explosive Potion"},{"floor":24,"key":"GamblersBrew"},{"floor":25,"key":"FearPotion"},{"floor":27,"key":"PotionOfCapacity"},{"floor":28,"key":"Block Potion"},{"floor":30,"key":"Adrenaline Potion"},{"floor":33,"key":"Strength Potion"},{"floor":35,"key":"Weak Potion"},{"floor":36,"key":"PowerPotion"},{"floor":37,"key":"Reflective Coating"},{"floor":39,"key":"Weak Potion"},{"floor":40,"key":"SkillPotion"},{"floor":42,"key":"Strength Potion"},{"floor":44,"key":"FocusPotion"},{"floor":45,"key":"LiquidBronze"},{"floor":46,"key":"SpeedPotion"},{"floor":47,"key":"Death Potion"},{"floor":48,"key":"LiquidMemories"}],"is_trial":true,"path_per_floor":["M","M","M","M","M","R","E","M","T","E","M","R","M","?","R","B",null,"M","M","M","M","M","R","E","M","T","?","M","E","M","$","R","B",null,"M","M","M","$","M","E","R","M","T","M","M","M","M","M","R","B",null],"character_chosen":"DEFECT","items_purchased":["Gremlin Horn","Toolbox","Rip and Tear","Conserve Battery","ReplayTheSpireMod:Calculation Training","Bird Faced Urn","Turbo","Sunder"],"campfire_rested":3,"item_purchase_floors":[31,31,31,31,31,38,38,38],"current_hp_per_floor":[75,68,68,59,59,59,59,59,59,59,56,56,56,56,75,62,75,66,54,38,38,9,46,45,45,45,45,41,27,26,26,63,62,75,74,74,74,74,75,75,75,75,75,75,75,75,75,75,75,64],"gold":236,"neow_bonus":"","is_daily":false,"chose_seed":false,"campfire_upgraded":2,"win_rate":0.0,"timestamp":1611546884,"path_taken":["M","M","M","M","M","R","E","M","T","E","M","R","M","?","R","BOSS","M","M","M","M","M","R","E","M","T","?","M","E","M","$","R","BOSS","M","M","M","$","M","E","R","M","T","M","M","M","M","M","R","BOSS"],"items_purchased_type":["Relic","Relic","Card","Card","Card","Relic","Card","Card"],"build_version":"2020-12-22","purchased_purges":1,"victory":true,"max_hp_per_floor":[75,75,75,75,75,75,75,75,75,75,75,75,75,75,75,75,75,75,75,75,75,75,75,75,75,75,75,75,75,75,75,75,75,75,75,75,75,75,75,75,75,75,75,75,75,75,75,75,75,75],"card_choices":[{"not_picked":["Chill","Turbo"],"picked":"FIFO Queue","floor":7},{"not_picked":["Redo","Beam Cell"],"picked":"Ball Lightning","floor":10},{"not_picked":["Fission","Biased Cognition"],"picked":"Echo Form","floor":16},{"not_picked":["Consume","ReplayTheSpireMod:Calculation Training+1"],"picked":"Double Energy+1","floor":24},{"not_picked":["Beam Cell","Mirror Shield"],"picked":"Scrape+1","floor":29},{"not_picked":["Electrodynamics","Buffer"],"picked":"Rainbow","floor":33},{"not_picked":["ReplaySort","Coolheaded+1","Defragment"],"picked":"Melter","floor":40}],"player_experience":960384,"relics_obtained":[{"floor":1,"key":"War Paint"},{"floor":2,"key":"Replay:Antivirus Software"},{"floor":3,"key":"Regal Pillow"},{"floor":4,"key":"CaptainsWheel"},{"floor":5,"key":"TungstenRod"},{"floor":7,"key":"StoneCalendar"},{"floor":8,"key":"Shuriken"},{"floor":9,"key":"InkBottle"},{"floor":10,"key":"Replay:Multitool"},{"floor":11,"key":"DataDisk"},{"floor":13,"key":"Mummified Hand"},{"floor":18,"key":"Darkstone Periapt"},{"floor":19,"key":"White Beast Statue"},{"floor":20,"key":"Anchor"},{"floor":21,"key":"Smiling Mask"},{"floor":22,"key":"Art of War"},{"floor":24,"key":"Replay:Wax Seal"},{"floor":25,"key":"Bottled Tornado"},{"floor":26,"key":"MawBank"},{"floor":28,"key":"Orichalcum"},{"floor":29,"key":"Garlic"},{"floor":30,"key":"Singing Bowl"},{"floor":35,"key":"FossilizedHelix"},{"floor":36,"key":"Lizard Tail"},{"floor":37,"key":"Old Coin"},{"floor":39,"key":"Peace Pipe"},{"floor":40,"key":"Replay:WaspNest"},{"floor":41,"key":"ReplayTheSpireMod:TigerMarble"},{"floor":42,"key":"Toy Ornithopter"},{"floor":43,"key":"Whetstone"},{"floor":44,"key":"Dream Catcher"},{"floor":45,"key":"Centennial Puzzle"},{"floor":46,"key":"Bag of Preparation"},{"floor":47,"key":"Cables"},{"floor":48,"key":"Pen Nib"}],"event_choices":[{"damage_healed":0,"gold_gain":0,"player_choice":"Box","damage_taken":0,"relics_obtained":["Omamori"],"max_hp_gain":0,"max_hp_loss":0,"event_name":"Big Fish","floor":14,"gold_loss":0,"cards_obtained":["Regret"]},{"damage_healed":0,"gold_gain":0,"player_choice":"Got Potions","damage_taken":0,"max_hp_gain":0,"max_hp_loss":0,"event_name":"Lab","floor":27,"gold_loss":0}],"is_beta":false,"boss_relics":[{"not_picked":["Runic Pyramid","Kintsugi"],"picked":"Ring of Chaos"},{"not_picked":["Abe\u0027s Treasure","Replay:Drink Me"],"picked":"Honey Jar"}],"items_purged_floors":[31],"is_endless":false,"potions_floor_spawned":[1,2,4,5,10,20,21,22,24,25,28,29,30,33,35,36,37,39,40,42,44,45,46,47,48],"ascension_level":0}}