{"host":"njb27ds59h4j3ikk","time":1611541359,"event":{"mods":["AchievementEnabler","BaseMod","Better Altar","Better Match","Better Note","Better Sensory Stone","Better Skull","Better Third Choice","BetterRewards","Downfall","Hermit","Hubris","Minty Spire (QoL Compilation)","Permanent Neow","Quarter Circle Forward PUNCH!","Quick Restart","Rare Cards Sparkle","Shop Mod","StSLib","Trackpad","Transform Curses"],"gold_per_floor":[0,10,110,35,55,89,89,47,67,67,92,104,104,104,119,217,217,217,233,233,233,248,266,292,292,120,132,151,163,163,113,128,128,128,128],"floor_reached":33,"language":"ENG","playtime":1733,"items_purged":[],"score":259,"play_id":"cf3b1d3d-c8c6-4b8b-939b-b74bc6f106c4","local_time":"20210124212239","is_ascension_mode":false,"campfire_choices":[{"data":"Slimebound:CorrosiveSpit","floor":1.0,"key":"SMITH"},{"floor":13.0,"key":"REST"},{"data":"Slimebound:RallyTheTroops","floor":18,"key":"SMITH"},{"data":"Immolate","floor":25,"key":"SMITH"}],"circlet_count":0,"master_deck":["Slimebound:Strike_Slimebound+1","Slimebound:Strike_Slimebound","Slimebound:Strike_Slimebound","Slimebound:Tackle","Slimebound:Defend_Slimebound","Slimebound:Defend_Slimebound","Slimebound:Defend_Slimebound","Slimebound:Defend_Slimebound","Slimebound:Split","Slimebound:CorrosiveSpit+1","Slimebound:PressTheAttack","Finesse","Slimebound:Nibble","Slimebound:BestDefense","Slimebound:RollThrough","Slimebound:DisruptingSlam","Slimebound:GoopTackle+1","Slimebound:RainOfGoop","Slimebound:HauntingLick","Slimebound:MegaLick","Slimebound:FormOfPuddle","Slimebound:RallyTheTroops+1","Slimebound:Nibble","Slimebound:SlimeBarrage","Immolate+1","Slimebound:Schlurp","Slimebound:Gluttony","Decay","Slimebound:SplitBruiser+1","Slimebound:SplitSpecialist","Slimebound:MegaLick","Slimebound:FormOfPuddle","Slimebound:SpikyOuterGoop"],"relics":["Slimebound:AbsorbEndCombat","Lantern","Pantograph","Shovel","Cursed Key","Whetstone","hubris:EmptyBottle","MutagenicStrength"],"acts_visited":["Exordium","TheCity"],"potions_floor_usage":[29,33,33,33,33],"damage_taken":[{"damage":12.0,"enemies":"Cultist","floor":2.0,"turns":3.0},{"damage":11.0,"enemies":"Small Slimes","floor":5.0,"turns":3.0},{"damage":36.0,"enemies":"Lagavulin","floor":6.0,"turns":5.0},{"damage":7.0,"enemies":"downfall:FleeingMerchant","floor":8.0,"turns":4.0},{"damage":11.0,"enemies":"Jaw Worm","floor":9.0,"turns":2.0},{"damage":18.0,"enemies":"Gremlin Nob","floor":11.0,"turns":4.0},{"damage":0.0,"enemies":"2 Fungi Beasts","floor":12.0,"turns":2.0},{"damage":4.0,"enemies":"Large Slime","floor":15.0,"turns":3.0},{"damage":74.0,"enemies":"DF_ARCHETYPE_STREAMLINE","floor":16.0,"turns":12.0},{"damage":15,"enemies":"3 Byrds","floor":19,"turns":5},{"damage":0,"enemies":"Chosen","floor":20,"turns":1},{"damage":16,"enemies":"Shelled Parasite and Fungi","floor":22,"turns":3},{"damage":15,"enemies":"Cultist and Chosen","floor":23,"turns":6},{"damage":3,"enemies":"downfall:FleeingMerchant","floor":26,"turns":4},{"damage":22,"enemies":"Sentry and Sphere","floor":27,"turns":4},{"damage":12,"enemies":"Snake Plant","floor":28,"turns":2},{"damage":20,"enemies":"Centurion and Healer","floor":29,"turns":4},{"damage":30,"enemies":"Cultist and Chosen","floor":32,"turns":7},{"damage":55,"enemies":"WA_ARCHETYPE_CALM","floor":33,"turns":5}],"seed_played":"6464144054851955785","potions_obtained":[{"floor":5.0,"key":"GamblersBrew"},{"floor":9.0,"key":"Slimebound:SlimyTonguePotion"},{"floor":11.0,"key":"Regen Potion"},{"floor":16.0,"key":"hexamod:SoulburnPotion"},{"floor":19,"key":"BlessingOfTheForge"},{"floor":22,"key":"EssenceOfSteel"},{"floor":28,"key":"Slimebound:SlimedPotion"}],"is_trial":false,"path_per_floor":["R","M","?","?","M","E","T","$","M","?","E","M","R","?","M","B",null,"R","M","M","?","M","M","T","R","$","M","M","M","?","?","M","B"],"character_chosen":"SLIMEBOUND","items_purchased":["Slimebound:GoopTackle","hubris:EmptyBottle"],"campfire_rested":1,"item_purchase_floors":[8,26],"current_hp_per_floor":[77,67,67,67,60,32,32,31,22,22,8,14,37,37,37,11,77,77,64,64,64,52,45,45,45,46,30,24,12,12,41,19,0,0,0],"gold":128,"neow_bonus":"TWENTY_PERCENT_HP_BONUS","is_daily":false,"chose_seed":false,"campfire_upgraded":3,"win_rate":0.0,"timestamp":1611541359,"path_taken":["R","M","?","?","?","E","T","$","M","?","E","M","R","?","M","BOSS","R","M","M","?","M","M","T","R","$","M","?","M","?","?","M","BOSS"],"items_purchased_type":["Card","Relic"],"build_version":"2020-12-22","purchased_purges":0,"victory":false,"max_hp_per_floor":[77,77,77,77,77,77,77,77,77,77,77,77,77,77,77,77,77,77,77,77,77,77,77,77,77,77,77,77,77,77,77,77,77,77,77],"card_choices":[{"not_picked":["Slimebound:LeechEnergy","Slimebound:Prepare"],"picked":"Slimebound:PressTheAttack","floor":2.0},{"not_picked":["Flash of Steel","Swift Strike"],"picked":"Finesse","floor":4.0},{"not_picked":["Slimebound:MegaLick","Slimebound:Equalize"],"picked":"Slimebound:Nibble","floor":4.0},{"not_picked":["Slimebound:Schlurp","Slimebound:ComboTackle"],"picked":"Slimebound:BestDefense","floor":5.0},{"not_picked":["Slimebound:SlimeSpikes","Slimebound:SplitAcid"],"picked":"Slimebound:RollThrough","floor":6.0},{"not_picked":["Slimebound:RollThrough","Slimebound:Schlurp"],"picked":"Slimebound:DisruptingSlam","floor":8.0},{"not_picked":["Slimebound:LeechEnergy","Slimebound:Schlurp"],"picked":"Slimebound:RainOfGoop","floor":9.0},{"not_picked":["Slimebound:SplitBruiser","Slimebound:SplitLeeching"],"picked":"Slimebound:HauntingLick","floor":11.0},{"not_picked":["Slimebound:SamplingLick","Slimebound:ForwardTackle"],"picked":"Slimebound:MegaLick","floor":12.0},{"not_picked":["Slimebound:SlimeBrawl","Slimebound:DisruptingSlam"],"picked":"Slimebound:FormOfPuddle","floor":15.0},{"not_picked":["Slimebound:CheckThePlaybook","Slimebound:WasteNot"],"picked":"Slimebound:RallyTheTroops","floor":16.0},{"not_picked":["Slimebound:SplitAcid","Slimebound:SlimeSpikes"],"picked":"Slimebound:Nibble","floor":19},{"not_picked":["Slimebound:ProtectTheBoss","Slimebound:LeechingTouch"],"picked":"Slimebound:SlimeBarrage","floor":20},{"not_picked":["Slimebound:FinishingTackle","Slimebound:ProtectTheBoss"],"picked":"Slimebound:Schlurp","floor":22},{"not_picked":["Slimebound:DisruptingSlam","Slimebound:SlimeBrawl+1"],"picked":"Slimebound:Gluttony","floor":23},{"not_picked":["Slimebound:SlimeSpikes","Slimebound:GrowthPunch"],"picked":"Slimebound:SplitBruiser+1","floor":26},{"not_picked":["Slimebound:Chomp","Slimebound:AcidTongue"],"picked":"Slimebound:SplitSpecialist","floor":27},{"not_picked":["Slimebound:SplitLeeching","Slimebound:Prepare"],"picked":"Slimebound:MegaLick","floor":28},{"not_picked":["Slimebound:LeechEnergy","Slimebound:FlameTackle"],"picked":"Slimebound:FormOfPuddle","floor":29},{"not_picked":["Slimebound:SplitBruiser","Slimebound:DisruptingSlam"],"picked":"Slimebound:SpikyOuterGoop","floor":32}],"player_experience":1308702,"relics_obtained":[{"floor":6.0,"key":"Lantern"},{"floor":7.0,"key":"Pantograph"},{"floor":11.0,"key":"Shovel"},{"floor":24,"key":"Whetstone"}],"event_choices":[{"damage_healed":0.0,"max_hp_gain":0.0,"max_hp_loss":0.0,"gold_gain":0.0,"event_name":"betterMatch:BetterMatch","player_choice":"1","floor":4.0,"gold_loss":0.0,"damage_taken":0.0,"cards_obtained":["betterMatch:ColorlessUncommonCard","betterMatch:UncommonCard"]},{"cards_removed":["Slimebound:CorrosiveSpit"],"damage_healed":0,"gold_gain":0,"player_choice":"Take \u0026 Give","damage_taken":0,"max_hp_gain":0,"max_hp_loss":0,"event_name":"betterNote:BetterNote","floor":21,"gold_loss":0,"cards_obtained":["Immolate"]},{"damage_healed":0,"gold_gain":0,"player_choice":"Inject Mutagens","damage_taken":0,"relics_obtained":["MutagenicStrength"],"max_hp_gain":0,"max_hp_loss":0,"event_name":"Drug Dealer","floor":30,"gold_loss":0}],"is_beta":false,"boss_relics":[{"not_picked":["hubris:BlackHole","Runic Pyramid"],"picked":"Cursed Key"}],"items_purged_floors":[],"is_endless":false,"potions_floor_spawned":[5,9,11,16,19,22,28,29],"killed_by":"WA_ARCHETYPE_CALM","ascension_level":0}}