{"host":"2eswhqk6sgfpt1j1","time":1611586153,"event":{"mods":["Act Like it!","BaseMod","Colored Powertips","Downfall","Duelist Mod","Hallownest","Hunter ¡‘»À","Minty Spire (QoL Compilation)","Replay The Spire","StSLib","The Bug Knight","The Cursed","The Servant 0.9.4"],"gold_per_floor":[116,81,81,182,183,183,183,196,196,196,214,225,225,125,125,228,228,243,258,258,133,133,133,86,105,105,105,150,150,169,169,169,266,316,329,329,348,348,198,198,210,210,210,210,210],"floor_reached":44,"language":"ZHS","playtime":2094,"items_purged":["Writhe","Parasite","HollowMod:FocusHealStart","HollowMod:WraithStrike"],"score":444,"play_id":"c1e3d077-56e9-4420-b5ce-45ad1304f067","local_time":"20210125224913","is_ascension_mode":false,"campfire_choices":[{"data":"HollowMod:SlysStrikes","floor":6,"key":"SMITH"},{"data":"1","floor":13,"key":"LIFT"},{"data":"2","floor":15,"key":"LIFT"},{"floor":23,"key":"REST"},{"data":"3","floor":27,"key":"LIFT"},{"floor":32,"key":"REST"},{"floor":40,"key":"REST"},{"floor":42,"key":"REST"}],"circlet_count":0,"master_deck":["HollowMod:NailStrikeStart","HollowMod:NailStrikeStart+1","HollowMod:NailStrikeStart","HollowMod:QuickDashStart","HollowMod:QuickDashStart","HollowMod:QuickDashStart","HollowMod:QuickDashStart","HollowMod:PogoStrike","HollowMod:VoidDash","HollowMod:BlackTendrils","HollowMod:NewJinnsSoul","HollowMod:SlysStrikes+1","HollowMod:CloakDash","HollowMod:SharpenedShadows","HollowMod:SlysStrikes","HollowMod:GreatSlash+1","Hallownest:attackMasterCycloneSlash","HollowMod:ShadowDash","HollowMod:MantisMark"],"relics":["HollowMod:VesselMask","ReplayTheSpireMod:CursedCoin","Iron Hammer","Girya","Black Star","Singing Bowl","Tiny House","Ring of Searing","Letter Opener"],"acts_visited":["Hallownest:Greenpath","Hallownest:CityofTears","Hallownest:KingdomsEdge"],"potions_floor_usage":[11,12,30,30,35,41],"damage_taken":[{"damage":4,"enemies":"Hallownest:monsterHuskGuard","floor":1,"turns":5},{"damage":0,"enemies":"Hallownest:monsterHuskWarrior","floor":8,"turns":5},{"damage":0,"enemies":"Hallownest:2_Tiktiks_and_1_Crawlid","floor":11,"turns":3},{"damage":5,"enemies":"Hallownest:2_Tiktiks_1_Baldur_1_Crawlid","floor":12,"turns":6},{"damage":31,"enemies":"Hallownest:BossBrokenVessel","floor":16,"turns":10},{"damage":31,"enemies":"Hallownest:2_Mistakes","floor":18,"turns":8},{"damage":19,"enemies":"Hallownest:Flukemon_and_Top","floor":19,"turns":6},{"damage":12,"enemies":"Hallownest:Warrior_and_Youth","floor":25,"turns":5},{"damage":45,"enemies":"Hallownest:Glutton_and_Coward","floor":28,"turns":5},{"damage":0,"enemies":"Hallownest:Master_and_Novice","floor":30,"turns":1},{"damage":36,"enemies":"Hallownest:BossSoulMaster","floor":33,"turns":13},{"damage":53,"enemies":"Hallownest:Shield_Heavy","floor":35,"turns":6},{"damage":47,"enemies":"Hallownest:2_Littles","floor":37,"turns":5},{"damage":31,"enemies":"Hallownest:2_Soldiers_and_1_Guardian","floor":41,"turns":5},{"damage":52,"enemies":"Hallownest:monsterPrimalAspid","floor":44,"turns":4}],"seed_played":"8394012054171968787","potions_obtained":[{"floor":1,"key":"Block Potion"},{"floor":8,"key":"Block Potion"},{"floor":18,"key":"bronze:BurnAndBuffPotion"},{"floor":19,"key":"Ancient Potion"},{"floor":34,"key":"champ:CounterPotion"},{"floor":35,"key":"Reflective Coating"}],"is_trial":false,"path_per_floor":["M","?","?","?","$","R","T","M","T","?","M","M","R","$","R","B",null,"M","M","?","$","?","R","$","M","T","R","M","?","M","?","R","B",null,"M","?","M","?","$","R","M","R","T","M"],"character_chosen":"THE_BUGKNIGHT","items_purchased":["HollowMod:SharpenedShadows","ReplayTheSpireMod:CursedCoin","HollowMod:ShadowDash"],"campfire_rested":4,"item_purchase_floors":[5,5,24],"current_hp_per_floor":[71,76,86,50,50,50,50,52,52,52,54,52,52,52,52,34,87,56,41,41,41,37,63,63,56,56,56,11,11,13,27,53,23,98,60,60,15,15,15,45,16,47,47,0,0],"gold":210,"neow_bonus":"ONE_RANDOM_RARE_CARD","is_daily":false,"chose_seed":false,"campfire_upgraded":1,"win_rate":0.0,"timestamp":1611586153,"path_taken":["M","?","?","?","?","R","?","M","T","?","M","M","R","$","R","BOSS","M","M","?","?","?","R","$","M","T","R","M","?","?","?","R","BOSS","M","?","M","?","?","R","M","R","T","M"],"items_purchased_type":["Card","Relic","Card"],"build_version":"2020-12-22","purchased_purges":4,"victory":false,"max_hp_per_floor":[75,80,90,90,90,90,90,90,90,90,90,90,90,87,87,87,87,87,87,87,87,87,87,87,87,87,87,87,87,89,89,89,91,98,100,100,102,102,102,102,104,104,104,104,104],"card_choices":[{"not_picked":["HollowMod:DoubleDash","HollowMod:PerfectDash"],"picked":"HollowMod:BlackTendrils","floor":1},{"not_picked":["HollowMod:HuntersJournal","HollowMod:SiblingsShadow"],"picked":"HollowMod:NewJinnsSoul","floor":4},{"not_picked":["HollowMod:NewJinnsSoul","HollowMod:InfectedAttack"],"picked":"HollowMod:SlysStrikes","floor":4},{"not_picked":["HollowMod:CornifersMapStart","HollowMod:LifebloodCocoon"],"picked":"HollowMod:CloakDash","floor":4},{"not_picked":["HollowMod:SoulStrike","HollowMod:DreamGate","HollowMod:PureNailStrike"],"picked":"SKIP","floor":8},{"not_picked":["HollowMod:SiblingsSouls","HollowMod:ChannelNail","HollowMod:VengefulSpirit"],"picked":"SKIP","floor":11},{"not_picked":["HollowMod:HeavyBlow","HollowMod:FastStrike","HollowMod:PerfectDash"],"picked":"SKIP","floor":12},{"not_picked":["HollowMod:theNailsmith","HollowMod:NewInfectedGuardian"],"picked":"HollowMod:SlysStrikes","floor":16},{"not_picked":["HollowMod:SoulStrike","HollowMod:GoodIntentions"],"picked":"HollowMod:GreatSlash+1","floor":18},{"not_picked":["HollowMod:NewJinnsSoul","HollowMod:AwokenDreamNail"],"picked":"HollowMod:WraithStrike","floor":19},{"not_picked":["HollowMod:RecoilStrike","HollowMod:SiblingsShadow","HollowMod:NewLittleFool+1"],"picked":"SKIP","floor":25},{"not_picked":["HollowMod:ShadowDash+1","HollowMod:VengefulSpirit"],"picked":"HollowMod:MantisMark","floor":28},{"not_picked":["HollowMod:SharpenedShadows","HollowMod:LifebloodCocoon+1","HollowMod:ChannelNail"],"picked":"Singing Bowl","floor":30},{"not_picked":["HollowMod:NewInfectedGuardian","HollowMod:AwokenDreamNail","HollowMod:HornetsHelp"],"picked":"Singing Bowl","floor":33},{"not_picked":["HollowMod:SharpenedNail","HollowMod:ShapeofUnn","HollowMod:TaintedHusks"],"picked":"Singing Bowl","floor":34},{"not_picked":["HollowMod:WraithStrike","HollowMod:CloakDash","HollowMod:SiblingsSouls"],"picked":"Singing Bowl","floor":35},{"not_picked":["HollowMod:SharpenedNail","HollowMod:InfectedAttack","HollowMod:InfectionAssault+1"],"picked":"Singing Bowl","floor":37},{"not_picked":["HollowMod:AbyssShriek","HollowMod:FallenFury","HollowMod:DoubleDash+1"],"picked":"Singing Bowl","floor":41}],"player_experience":432755,"relics_obtained":[{"floor":7,"key":"Iron Hammer"},{"floor":9,"key":"Girya"},{"floor":26,"key":"Singing Bowl"},{"floor":36,"key":"Ring of Searing"},{"floor":43,"key":"Letter Opener"}],"event_choices":[],"is_beta":false,"boss_relics":[{"not_picked":["Runic Dome","ChewingGum"],"picked":"Black Star"},{"not_picked":["Runic Pyramid","Replay:Drink Me"],"picked":"Tiny House"}],"items_purged_floors":[5,14,21,39],"is_endless":false,"potions_floor_spawned":[1,8,18,19,35],"killed_by":"Hallownest:monsterPrimalAspid","ascension_level":0}}