{"host":"edwx0qgw8a8gox8u","time":1611550571,"event":{"mods":["2.2 Compatiblity","AchievementEnabler","Aspiration","Bard","BaseMod","Beaked The Cultist","Better Altar","Better Match","Better Note","Better Sensory Stone","Better Skull","Better Third Choice","BetterRewards","CCEM","Challenge The Spire","ChefMod","Colored Map","Conspire","Curses Come First","Custom Start","DeckTracker","Defuse TimeMaze Blight","Dio Mod","Displayed Cursed Tome","Dota2Spire","Downfall","Energized Spire","Fox Events","Friendly Minions","FruityMod","GifTheSpireLib","GungeonMod","Halation","Hermit","Hubris","Hunter ??","Infinite Spire","Jedi Mod","Jess\u0027s Bottle","Kiyohime????","Mad Scientist","Mari Mod (Legacy)","Mari\u0027s V1 Patch","Marisa????????","Marked Mod","Mimic Mod","Minty Spire (QoL Compilation)","MostiFishMod","Permanent Neow","Poor People Problems","Potionbrewer","Random Character Button","Relic Stats","Reliquary","Replay The Spire","Retaliation","Robot Space Explorer","RumiaBox-????????","SCP261 Mod","Shade Mod","Shedinja","Shop Mod","Spicy Shops","StS++","StSLib","Stuff the Spire","The Administrix","The Animator","The Blackbeard","The Blue Laboratory","The Bug Knight","The Cursed","The Dragon Tamer","The Gatherer","The Hierophant","The Jungle","The Mystic","The Necromancer","The Poker Player","The Problem Sleuth","The Runesmith","The Servant 0.9.4","The Spell Scribe","The Valiant","TheSwordswoman","TheVelvet","TheWitcher","Trackpad","Uncapped","Unceasing Turn Reminder","Useless Jewels Mod","Yuri Mod","??????REMEMod"],"gold_per_floor":[118,118,131,149,149,177,242,275,275,313,363,113,144,194,194,197,197],"floor_reached":16,"language":"ENG","playtime":999,"items_purged":[],"score":251,"play_id":"5a2d1d46-af8e-478c-84a0-fb3dea3cb7c8","local_time":"20210125155611","is_ascension_mode":true,"campfire_choices":[{"data":"Shedinja:Toxic","floor":15,"key":"SMITH"}],"circlet_count":0,"master_deck":["Shedinja:Scratch","Shedinja:Scratch","Shedinja:Scratch","Shedinja:Scratch","Shedinja:Scratch","Shedinja:Endure","Shedinja:Endure","Shedinja:Endure","Shedinja:Endure","Shedinja:Endure","Shedinja:FocusSash","Shedinja:FocusSash","animator:Defend_TenSura","REME_EyeOfCthun","MostiFishMod:ReadyAimFire+1","Shedinja:StruggleBug","Shedinja:RockyHelmet","Shedinja:PowerBracer","Shedinja:StringShot","Shedinja:Thief","Shedinja:StruggleBug","Shedinja:Toxic+1","Shedinja:StruggleBug"],"relics":["Shedinja:WonderGuard","REME_ComplimentaryCards","DaveBox","EGODaCapo","SynthV:TestCard","SsserpentHead","DemoMod:GlassGuonStoneRelic","StSpp:Monolith","Oddly Smooth Stone","reliquary:Knoch","StuffTheSpire:PointBlank","Pocketwatch","Matryoshka"],"acts_visited":["Exordium"],"potions_floor_usage":[],"damage_taken":[{"damage":0,"enemies":"Cultist","floor":1,"turns":1},{"damage":0,"enemies":"2 Louse","floor":3,"turns":1},{"damage":0,"enemies":"Jaw Worm","floor":4,"turns":1},{"damage":0,"enemies":"Replay:BlueRogue","floor":6,"turns":3},{"damage":0,"enemies":"Looter","floor":7,"turns":1},{"damage":0,"enemies":"Lagavulin","floor":8,"turns":4},{"damage":0,"enemies":"3 Sentries","floor":10,"turns":6},{"damage":0,"enemies":"Lagavulin","floor":13,"turns":4},{"damage":7,"enemies":"Slime Boss","floor":16,"turns":4}],"seed_played":"2309948023455775040","potions_obtained":[{"floor":4,"key":"Dota2Spire:Clarity"},{"floor":8,"key":"sneckomod:MuddlingPotion"}],"is_trial":false,"path_per_floor":["M","$","M","M","?","E","M","E","T","E","?","$","E","T","R","B"],"character_chosen":"THE_DEFAULT","items_purchased":["StuffTheSpire:PointBlank"],"campfire_rested":0,"item_purchase_floors":[12],"current_hp_per_floor":[1,1,1,1,1,1,1,1,1,1,1,1,1,1,1,0,0],"gold":197,"neow_bonus":"RANDOM_COLORLESS_2","is_daily":false,"chose_seed":false,"campfire_upgraded":1,"win_rate":0.0,"timestamp":1611550571,"path_taken":["M","$","?","M","?","E","?","E","T","E","?","$","E","?","R","BOSS"],"items_purchased_type":["Relic"],"build_version":"2020-12-22","purchased_purges":0,"victory":false,"max_hp_per_floor":[1,1,1,1,1,1,1,1,1,1,1,1,1,1,1,1,1],"relic_stats":{"SsserpentHead":150,"counters":[9,25],"obtain_stats":[{"DaveBox":0,"Oddly Smooth Stone":8,"DemoMod:GlassGuonStoneRelic":6,"SsserpentHead":5,"SynthV:TestCard":1,"Matryoshka":14,"EGODaCapo":0,"Shedinja:WonderGuard":0,"StuffTheSpire:PointBlank":12,"reliquary:Knoch":10,"StSpp:Monolith":6,"REME_ComplimentaryCards":0,"Pocketwatch":13},{"DaveBox":0,"Oddly Smooth Stone":6,"DemoMod:GlassGuonStoneRelic":4,"SsserpentHead":3,"SynthV:TestCard":1,"Matryoshka":8,"EGODaCapo":0,"Shedinja:WonderGuard":0,"StuffTheSpire:PointBlank":7,"reliquary:Knoch":7,"StSpp:Monolith":4,"REME_ComplimentaryCards":0,"Pocketwatch":8},{"DaveBox":0,"Oddly Smooth Stone":11,"DemoMod:GlassGuonStoneRelic":6,"SsserpentHead":3,"SynthV:TestCard":1,"Matryoshka":21,"EGODaCapo":0,"Shedinja:WonderGuard":0,"StuffTheSpire:PointBlank":17,"reliquary:Knoch":17,"StSpp:Monolith":6,"REME_ComplimentaryCards":0,"Pocketwatch":21}],"Pocketwatch":[6]},"card_choices":[{"not_picked":["MostiFishMod:BrokenBlackCloak","The Bomb"],"picked":"REME_EyeOfCthun","floor":0},{"not_picked":["Shedinja:Round","Shedinja:Ether"],"picked":"Shedinja:StruggleBug","floor":1},{"not_picked":["Shedinja:Ether","Shedinja:WillOWisp","Shedinja:Mimic","Shedinja:NightSlash"],"picked":"Shedinja:RockyHelmet","floor":3},{"not_picked":["Shedinja:FurySwipes","Shedinja:MetalClaw","Shedinja:HoneClaws","Shedinja:PhantomForce"],"picked":"Shedinja:PowerBracer","floor":4},{"not_picked":["Shedinja:ShadowSneak","Shedinja:HoneClaws","Shedinja:Agility","Shedinja:SafetyGoggles"],"picked":"Shedinja:StringShot","floor":6},{"not_picked":["Shedinja:ConfuseRay","Shedinja:FurySwipes","Shedinja:ShadowClaw","Shedinja:ShadowBall"],"picked":"Shedinja:Thief","floor":7},{"not_picked":["Shedinja:WillOWisp","Shedinja:ShadowSneak","Shedinja:Mimic","Shedinja:NightSlash"],"picked":"Shedinja:StruggleBug","floor":8},{"not_picked":["Shedinja:StruggleBug","Shedinja:MetalClaw","Shedinja:ConfuseRay","Shedinja:FurySwipes"],"picked":"Shedinja:Toxic","floor":10},{"not_picked":["Shedinja:MetalClaw","Shedinja:Ether","Shedinja:HoneClaws","Shedinja:Mimic"],"picked":"Shedinja:StruggleBug","floor":13}],"player_experience":611715,"relics_obtained":[{"floor":1,"key":"SynthV:TestCard"},{"floor":6,"key":"StSpp:Monolith"},{"floor":8,"key":"Oddly Smooth Stone"},{"floor":10,"key":"reliquary:Knoch"},{"floor":13,"key":"Pocketwatch"},{"floor":14,"key":"Matryoshka"}],"event_choices":[{"damage_healed":0,"gold_gain":0,"player_choice":"Trade","damage_taken":0,"relics_obtained":["SsserpentHead"],"max_hp_gain":0,"max_hp_loss":0,"event_name":"FaceTrader","floor":5,"gold_loss":0}],"is_beta":false,"boss_relics":[],"items_purged_floors":[],"is_endless":false,"potions_floor_spawned":[4,8],"killed_by":"Slime Boss","ascension_level":2}}