{"host":"xi8yg1ddhptuxb9d","time":1611598365,"event":{"mods":["AchievementEnabler","AlwaysNeverKeys","BaseMod","Block Reminder","Minty Spire (QoL Compilation)","Relic Sorter","StSLib"],"gold_per_floor":[359,378,378,99,113,143,143,174,198,198,198,198],"floor_reached":11,"language":"ENG","playtime":442,"items_purged":[],"score":154,"play_id":"d365d0f5-75e7-4780-8e66-cd3712b598c4","local_time":"20210125131245","is_ascension_mode":true,"campfire_choices":[{"floor":7,"key":"REST"}],"circlet_count":0,"master_deck":["AscendersBane","Strike_G","Strike_G","Strike_G","Strike_G","Strike_G","Defend_G","Defend_G","Defend_G","Defend_G","Defend_G","Survivor","Neutralize","Flying Knee","Quick Slash","Infinite Blades","Dagger Spray","Flying Knee","Cloak And Dagger","Quick Slash"],"relics":["Ring of the Snake","Omamori","Dream Catcher","Vajra","Ancient Tea Set"],"acts_visited":["Exordium"],"potions_floor_usage":[6,11],"damage_taken":[{"damage":11.0,"enemies":"Small Slimes","floor":1.0,"turns":5.0},{"damage":1.0,"enemies":"Cultist","floor":2.0,"turns":5.0},{"damage":1.0,"enemies":"Jaw Worm","floor":5.0,"turns":3.0},{"damage":27,"enemies":"Gremlin Nob","floor":6,"turns":4},{"damage":33,"enemies":"3 Sentries","floor":8,"turns":9},{"damage":29,"enemies":"Lagavulin","floor":11,"turns":5}],"seed_played":"323567441190337522","potions_obtained":[{"floor":1.0,"key":"Regen Potion"},{"floor":2.0,"key":"SteroidPotion"}],"is_trial":false,"path_per_floor":["M","M","?","$","M","E","R","E","T","$","E"],"character_chosen":"THE_SILENT","items_purchased":["Omamori","Infinite Blades","Dagger Spray"],"campfire_rested":1,"item_purchase_floors":[4,4,4],"current_hp_per_floor":[33,32,54,54,53,26,45,12,12,12,0,0],"gold":198,"neow_bonus":"TWO_FIFTY_GOLD","is_daily":false,"chose_seed":false,"campfire_upgraded":0,"win_rate":0.0,"timestamp":1611598365,"path_taken":["M","M","?","$","M","E","R","E","T","$","E"],"items_purchased_type":["Relic","Card","Card"],"build_version":"2020-12-22","purchased_purges":0,"victory":false,"max_hp_per_floor":[66,66,66,66,66,66,66,66,66,66,66,66],"card_choices":[{"not_picked":["Reflex","Outmaneuver"],"picked":"Flying Knee","floor":1.0},{"not_picked":["Prepared","PiercingWail"],"picked":"Quick Slash","floor":2.0},{"not_picked":["Heel Hook","Bouncing Flask"],"picked":"Flying Knee","floor":5.0},{"not_picked":["Caltrops","Concentrate"],"picked":"Cloak And Dagger","floor":6},{"not_picked":["Bane","Tactician"],"picked":"Quick Slash","floor":8}],"player_experience":671508,"relics_obtained":[{"floor":6,"key":"Dream Catcher"},{"floor":8,"key":"Vajra"},{"floor":9,"key":"Ancient Tea Set"}],"event_choices":[{"damage_healed":22.0,"max_hp_gain":0.0,"max_hp_loss":0.0,"gold_gain":0.0,"event_name":"Big Fish","player_choice":"Banana","floor":3.0,"gold_loss":0.0,"damage_taken":0.0}],"is_beta":false,"boss_relics":[],"items_purged_floors":[],"is_endless":false,"potions_floor_spawned":[1,2],"killed_by":"Lagavulin","ascension_level":18}}