{"host":"lte3xujvwediduij","time":1611570016,"event":{"mods":["Aspiration","BaseMod","Better-Laid Plans","Minty Spire (QoL Compilation)","Spicy Shops","StSLib","¡¾ÒÅÎï¿¨ÅÆ¡¿REMEMod","óô»ðÖ¸ÄÏ"],"gold_per_floor":[119,129,129,129,129,129,148,148,219,258,282,282,237,272,272,402,402,426,447,372,392,392,392,392],"floor_reached":23,"language":"ZHS","playtime":1209,"items_purged":[],"score":224,"play_id":"37ea1698-808f-4fa2-aac8-065abb813e95","local_time":"20210125182016","is_ascension_mode":false,"campfire_choices":[{"floor":6.0,"key":"RECALL"},{"data":"Chaos","floor":8.0,"key":"SMITH"},{"data":"Dualcast","floor":12.0,"key":"SMITH"},{"data":"Redo","floor":15.0,"key":"SMITH"}],"circlet_count":0,"master_deck":["Strike_B","Strike_B","Defend_B","Defend_B","Defend_B","Zap+1","Dualcast+1","Melter","Chaos+1","Meteor Strike","Conserve Battery","Redo+1","Electrodynamics","Machine Learning","Loop","Conserve Battery","Barricade","Cold Snap"],"relics":["Cracked Core","REME_ComplimentaryCards","Golden Idol","InkBottle","White Beast Statue","REME_DuelDisc"],"acts_visited":["Exordium","TheCity"],"potions_floor_usage":[23],"damage_taken":[{"damage":0.0,"enemies":"2 Louse","floor":1.0,"turns":1.0},{"damage":0.0,"enemies":"Cultist","floor":2.0,"turns":2.0},{"damage":1.0,"enemies":"Jaw Worm","floor":7.0,"turns":3.0},{"damage":18.0,"enemies":"Lagavulin","floor":10.0,"turns":5.0},{"damage":11.0,"enemies":"Exordium Wildlife","floor":11.0,"turns":2.0},{"damage":0.0,"enemies":"Gremlin Nob","floor":14.0,"turns":2.0},{"damage":16.0,"enemies":"The Guardian","floor":16.0,"turns":8.0},{"damage":3.0,"enemies":"2 Thieves","floor":18.0,"turns":2.0},{"damage":3.0,"enemies":"3 Byrds","floor":19.0,"turns":3.0},{"damage":25.0,"enemies":"Cultist and Chosen","floor":21.0,"turns":8.0},{"damage":44,"enemies":"Book of Stabbing","floor":23,"turns":6}],"seed_played":"-4163269482312171629","potions_obtained":[{"floor":2.0,"key":"SneckoOil"},{"floor":11.0,"key":"EntropicBrew"},{"floor":16.0,"key":"Energy Potion"},{"floor":18.0,"key":"FearPotion"},{"floor":19.0,"key":"SneckoOil"},{"floor":21.0,"key":"PotionOfCapacity"}],"is_trial":false,"path_per_floor":["M","M","?","?","?","R","M","R","T","E","M","R","$","E","R","B",null,"M","M","?","M","?","E"],"character_chosen":"DEFECT","items_purchased":["Redo"],"campfire_rested":0,"item_purchase_floors":[13],"current_hp_per_floor":[75,75,75,68,68,68,67,67,67,49,38,38,38,38,38,22,75,72,69,69,44,44,0,0],"gold":392,"neow_bonus":"TRANSFORM_CARD","is_daily":false,"chose_seed":false,"campfire_upgraded":3,"win_rate":0.0,"timestamp":1611570016,"path_taken":["M","M","?","?","?","R","?","R","T","E","M","R","?","E","R","BOSS","M","M","?","M","?","E"],"items_purchased_type":["Card"],"build_version":"2020-12-22","purchased_purges":0,"victory":false,"max_hp_per_floor":[75,75,75,75,75,75,75,75,75,75,75,75,75,75,75,75,75,75,75,75,75,75,75,75],"card_choices":[{"not_picked":["Leap","Gash","Hologram"],"picked":"SKIP","floor":1.0},{"not_picked":["Streamline","Stack"],"picked":"Chaos","floor":2.0},{"not_picked":["Fusion","Chill"],"picked":"Meteor Strike","floor":7.0},{"not_picked":["Ball Lightning","Streamline","Hello World"],"picked":"SKIP","floor":10.0},{"not_picked":["Leap","Go for the Eyes"],"picked":"Conserve Battery","floor":11.0},{"not_picked":["Capacitor","Stack"],"picked":"Electrodynamics","floor":14.0},{"not_picked":["Biased Cognition","Amplify"],"picked":"Machine Learning","floor":16.0},{"not_picked":["Turbo","Consume"],"picked":"Loop","floor":18.0},{"not_picked":["Steam","Stack"],"picked":"Conserve Battery","floor":19.0},{"not_picked":["Steam+1","Turbo"],"picked":"Cold Snap","floor":21.0}],"player_experience":33216,"relics_obtained":[{"floor":10.0,"key":"InkBottle"},{"floor":14.0,"key":"White Beast Statue"}],"event_choices":[{"damage_healed":0.0,"max_hp_gain":0.0,"max_hp_loss":0.0,"gold_gain":0.0,"event_name":"Golden Idol","player_choice":"Take Wound","floor":3.0,"gold_loss":0.0,"damage_taken":0.0,"relics_obtained":["Golden Idol"],"cards_obtained":["Injury"]},{"cards_removed":["Injury"],"damage_healed":0.0,"max_hp_gain":0.0,"max_hp_loss":0.0,"gold_gain":0.0,"event_name":"Golden Wing","player_choice":"Card Removal","floor":4.0,"gold_loss":0.0,"damage_taken":7.0},{"damage_healed":0.0,"max_hp_gain":0.0,"max_hp_loss":0.0,"gold_gain":0.0,"event_name":"Upgrade Shrine","player_choice":"Upgraded","floor":5.0,"gold_loss":0.0,"damage_taken":0.0,"cards_upgraded":["Zap"]},{"cards_removed":["Defend_B"],"damage_healed":0.0,"max_hp_gain":0.0,"max_hp_loss":0.0,"gold_gain":0.0,"event_name":"Beggar","player_choice":"Gave Gold","floor":20.0,"gold_loss":75.0,"damage_taken":0.0},{"cards_removed":["Strike_B"],"damage_healed":0.0,"max_hp_gain":0.0,"max_hp_loss":0.0,"gold_gain":0.0,"event_name":"Back to Basics","player_choice":"Elegance","floor":22.0,"gold_loss":0.0,"damage_taken":0.0}],"is_beta":false,"boss_relics":[{"not_picked":["FrozenCore","aspiration:RunicSpoon"],"picked":"REME_DuelDisc"}],"items_purged_floors":[],"is_endless":false,"potions_floor_spawned":[2,11,16,18,19,21],"killed_by":"Book of Stabbing","ascension_level":0}}