{"host":"j4g6ia6asvpyu2b0","time":1611581671,"event":{"mods":["BaseMod","Colored Map","Minty Spire (QoL Compilation)","Permanent Neow","Quick Restart","Relic Stats","StSLib","Unceasing Turn Reminder"],"gold_per_floor":[109,122,142,155,170,170,198,198,225,237,237,264,279,51,51,148,148,163,163,163,176,193,193,219,219,219,254,269,302,401,411,411,511,511,551,589,602,562,604,633,633,663,663,722,735,749,775,528,528,528,528,528,23,54,54],"floor_reached":56,"language":"ENG","playtime":1595,"items_purged":["Strike_P","Doubt","Strike_P+1"],"score":1909,"play_id":"ad7232ab-9087-4d7d-be69-a83e74f9f669","local_time":"20210125063431","is_ascension_mode":true,"campfire_choices":[{"data":"Eruption","floor":6.0,"key":"SMITH"},{"data":"Ragnarok","floor":8.0,"key":"SMITH"},{"data":"TalkToTheHand","floor":11.0,"key":"SMITH"},{"data":"Omniscience","floor":15.0,"key":"SMITH"},{"data":"Ragnarok","floor":23.0,"key":"SMITH"},{"data":"Tantrum","floor":25.0,"key":"SMITH"},{"data":"Wallop","floor":32.0,"key":"SMITH"},{"data":"CutThroughFate","floor":41.0,"key":"SMITH"},{"floor":49,"key":"RECALL"},{"data":"Strike_P","floor":52,"key":"PURGE"}],"circlet_count":0,"master_deck":["Defend_P","Defend_P+1","Defend_P","Defend_P","Eruption+1","Vigilance","TalkToTheHand+1","Tantrum+1","EmptyFist","Tantrum+1","ClearTheMind","Ragnarok+1","Evaluate+1","CutThroughFate","Omniscience+1","Ragnarok+1","Wallop+1","JustLucky","Judgement","CutThroughFate+1","Evaluate","Wish+1","Protect+1","Indignation","CutThroughFate+1","BattleHymn+1","WreathOfFlame+1","SpiritShield","MentalFortress"],"relics":["PureWater","FossilizedHelix","Darkstone Periapt","Akabeko","Lantern","Bag of Preparation","Busted Crown","Whetstone","Matryoshka","Vajra","Cursed Key","Juzu Bracelet","Peace Pipe","Omamori","Question Card","Damaru","Strawberry","Anchor","ClockworkSouvenir","War Paint","Happy Flower"],"acts_visited":["Exordium","TheCity","TheBeyond","TheEnding"],"potions_floor_usage":[55,55],"damage_taken":[{"damage":0.0,"enemies":"Cultist","floor":1.0,"turns":2.0},{"damage":0.0,"enemies":"Jaw Worm","floor":2.0,"turns":2.0},{"damage":0.0,"enemies":"Small Slimes","floor":3.0,"turns":2.0},{"damage":0.0,"enemies":"Exordium Thugs","floor":4.0,"turns":2.0},{"damage":0.0,"enemies":"Exordium Wildlife","floor":5.0,"turns":2.0},{"damage":0.0,"enemies":"Gremlin Nob","floor":7.0,"turns":3.0},{"damage":0.0,"enemies":"2 Fungi Beasts","floor":10.0,"turns":1.0},{"damage":0.0,"enemies":"Lagavulin","floor":12.0,"turns":2.0},{"damage":0.0,"enemies":"Gremlin Gang","floor":13.0,"turns":3.0},{"damage":0.0,"enemies":"Slime Boss","floor":16.0,"turns":3.0},{"damage":0.0,"enemies":"Chosen","floor":18.0,"turns":1.0},{"damage":0.0,"enemies":"3 Byrds","floor":21.0,"turns":2.0},{"damage":0.0,"enemies":"Centurion and Healer","floor":22.0,"turns":3.0},{"damage":0.0,"enemies":"Slavers","floor":24.0,"turns":1.0},{"damage":0.0,"enemies":"Book of Stabbing","floor":27.0,"turns":2.0},{"damage":0.0,"enemies":"Chosen and Byrds","floor":28.0,"turns":3.0},{"damage":0.0,"enemies":"Slavers","floor":29.0,"turns":2.0},{"damage":0.0,"enemies":"Sentry and Sphere","floor":31.0,"turns":1.0},{"damage":0.0,"enemies":"Automaton","floor":33.0,"turns":2.0},{"damage":0.0,"enemies":"Orb Walker","floor":35.0,"turns":1.0},{"damage":9.0,"enemies":"3 Darklings","floor":36.0,"turns":3.0},{"damage":0.0,"enemies":"Maw","floor":37.0,"turns":2.0},{"damage":0.0,"enemies":"Transient","floor":39.0,"turns":5.0},{"damage":0.0,"enemies":"Giant Head","floor":40.0,"turns":5.0},{"damage":0.0,"enemies":"Reptomancer","floor":42.0,"turns":3.0},{"damage":0.0,"enemies":"Giant Head","floor":44.0,"turns":4.0},{"damage":12,"enemies":"4 Shapes","floor":45,"turns":1},{"damage":0,"enemies":"Spire Growth","floor":46,"turns":2},{"damage":0,"enemies":"Nemesis","floor":47,"turns":1},{"damage":34,"enemies":"Time Eater","floor":50,"turns":5},{"damage":20,"enemies":"Shield and Spear","floor":54,"turns":3},{"damage":1,"enemies":"The Heart","floor":55,"turns":5}],"seed_played":"-6150125595743090568","potions_obtained":[{"floor":1.0,"key":"PowerPotion"},{"floor":3.0,"key":"DuplicationPotion"},{"floor":4.0,"key":"CultistPotion"},{"floor":28.0,"key":"Explosive Potion"},{"floor":39.0,"key":"Energy Potion"}],"is_trial":false,"path_per_floor":["M","M","M","M","M","R","E","R","T","M","R","E","M","$","R","B",null,"M","?","?","M","M","R","E","R","T","E","M","E","?","M","R","B",null,"M","M","M","?","M","E","R","E","T","E","M","M","E","$","R","B",null,"R","$","E","B",null],"character_chosen":"WATCHER","items_purchased":["Bag of Preparation","Anchor","ClockworkSouvenir","War Paint","MentalFortress"],"campfire_rested":0,"item_purchase_floors":[14,48,53,53,53],"current_hp_per_floor":[51,51,51,51,51,51,51,51,51,51,51,51,51,51,51,51,72,72,72,72,72,72,72,72,72,72,72,72,72,72,72,72,72,72,72,63,63,63,63,63,63,63,69,69,57,57,64,64,64,30,85,85,85,65,64],"gold":54,"neow_bonus":"ONE_RARE_RELIC","is_daily":false,"chose_seed":false,"campfire_upgraded":8,"win_rate":0.0,"timestamp":1611581671,"path_taken":["M","M","M","?","M","R","E","R","T","?","R","E","M","$","R","BOSS","M","?","?","M","?","R","E","R","T","E","M","E","?","M","R","BOSS","M","M","M","?","M","E","R","E","T","E","M","M","E","$","R","BOSS","R","$","E","BOSS"],"items_purchased_type":["Relic","Relic","Relic","Relic","Card"],"build_version":"2020-12-22","purchased_purges":3,"victory":true,"max_hp_per_floor":[72,72,72,72,72,72,72,72,72,72,72,72,72,72,72,72,72,72,72,72,72,72,72,72,72,72,72,72,72,72,72,72,72,72,72,72,72,72,72,72,72,72,78,78,78,78,85,85,85,85,85,85,85,85,85],"relic_stats":{"Darkstone Periapt":6,"Peace Pipe":1,"Busted Crown":40,"Happy Flower":[1],"counters":[32,79],"Bag of Preparation":[46],"Juzu Bracelet":0,"Whetstone":["Tantrum","Strike_P"],"War Paint":["Defend_P","Evaluate"],"Cursed Key":1,"Question Card":5,"obtain_stats":[{"Darkstone Periapt":7,"Lantern":12,"Happy Flower":54,"Vajra":29,"Damaru":44,"Bag of Preparation":14,"Juzu Bracelet":40,"Omamori":43,"Whetstone":24,"War Paint":53,"Cursed Key":34,"Question Card":43,"Akabeko":9,"ClockworkSouvenir":53,"Peace Pipe":42,"Anchor":48,"Busted Crown":17,"Matryoshka":27,"Strawberry":47,"PureWater":0,"FossilizedHelix":0},{"Darkstone Periapt":6,"Lantern":8,"Happy Flower":31,"Vajra":17,"Damaru":26,"Bag of Preparation":9,"Juzu Bracelet":24,"Omamori":25,"Whetstone":14,"War Paint":30,"Cursed Key":19,"Question Card":25,"Akabeko":6,"ClockworkSouvenir":30,"Peace Pipe":25,"Anchor":29,"Busted Crown":10,"Matryoshka":15,"Strawberry":29,"PureWater":0,"FossilizedHelix":0},{"Darkstone Periapt":13,"Lantern":16,"Happy Flower":74,"Vajra":36,"Damaru":62,"Bag of Preparation":19,"Juzu Bracelet":55,"Omamori":58,"Whetstone":29,"War Paint":71,"Cursed Key":39,"Question Card":58,"Akabeko":13,"ClockworkSouvenir":71,"Peace Pipe":58,"Anchor":66,"Busted Crown":22,"Matryoshka":31,"Strawberry":66,"PureWater":0,"FossilizedHelix":0}]},"card_choices":[{"not_picked":["Adaptation","Swivel"],"picked":"TalkToTheHand","floor":1.0},{"not_picked":["ForeignInfluence","CutThroughFate"],"picked":"Tantrum","floor":2.0},{"not_picked":["SignatureMove","JustLucky"],"picked":"EmptyFist","floor":3.0},{"not_picked":["Protect","Adaptation"],"picked":"Tantrum","floor":4.0},{"not_picked":["BowlingBash","Perseverance"],"picked":"ClearTheMind","floor":5.0},{"not_picked":["TalkToTheHand","FlyingSleeves"],"picked":"Ragnarok","floor":7.0},{"not_picked":["SashWhip","Crescendo"],"picked":"Evaluate","floor":10.0},{"not_picked":["SashWhip","Vengeance"],"picked":"CutThroughFate","floor":12.0},{"not_picked":["Vengeance","Protect"],"picked":"Omniscience","floor":13.0},{"not_picked":["Omniscience","Wish"],"picked":"Ragnarok","floor":16.0},{"not_picked":["ClearTheMind"],"picked":"SKIP","floor":18.0},{"not_picked":["JustLucky"],"picked":"SKIP","floor":21.0},{"not_picked":["CrushJoints+1"],"picked":"SKIP","floor":22.0},{"not_picked":["Judgement"],"picked":"SKIP","floor":24.0},{"not_picked":[],"picked":"Judgement","floor":24.0},{"not_picked":["Meditate"],"picked":"SKIP","floor":27.0},{"not_picked":[],"picked":"CutThroughFate","floor":28.0},{"not_picked":[],"picked":"Evaluate","floor":29.0},{"not_picked":["FlyingSleeves"],"picked":"SKIP","floor":31.0},{"not_picked":[],"picked":"Wish","floor":33.0},{"not_picked":["SignatureMove+1"],"picked":"SKIP","floor":35.0},{"not_picked":["ReachHeaven"],"picked":"SKIP","floor":36.0},{"not_picked":["JustLucky"],"picked":"SKIP","floor":37.0},{"not_picked":[],"picked":"Protect+1","floor":39.0},{"not_picked":["Conclude+1"],"picked":"SKIP","floor":40.0},{"not_picked":[],"picked":"Indignation","floor":42.0},{"not_picked":["SashWhip+1"],"picked":"CutThroughFate+1","floor":44.0},{"not_picked":["Weave+1"],"picked":"BattleHymn+1","floor":45},{"not_picked":["LikeWater"],"picked":"WreathOfFlame+1","floor":46},{"not_picked":["LikeWater+1"],"picked":"SpiritShield","floor":47},{"not_picked":["Consecrate+1","BowlingBash+1"],"picked":"SKIP","floor":54}],"player_experience":1004358,"relics_obtained":[{"floor":7.0,"key":"Darkstone Periapt"},{"floor":9.0,"key":"Akabeko"},{"floor":12.0,"key":"Lantern"},{"floor":24.0,"key":"Whetstone"},{"floor":27.0,"key":"Matryoshka"},{"floor":29.0,"key":"Vajra"},{"floor":40.0,"key":"Juzu Bracelet"},{"floor":42.0,"key":"Peace Pipe"},{"floor":43.0,"key":"Omamori"},{"floor":43.0,"key":"Question Card"},{"floor":44.0,"key":"Damaru"},{"floor":47,"key":"Strawberry"},{"floor":54,"key":"Happy Flower"}],"event_choices":[{"damage_healed":0.0,"max_hp_gain":0.0,"max_hp_loss":0.0,"gold_gain":0.0,"event_name":"The Library","player_choice":"Read","floor":19.0,"gold_loss":0.0,"damage_taken":0.0,"cards_obtained":["Wallop"]},{"damage_healed":0.0,"max_hp_gain":0.0,"max_hp_loss":0.0,"gold_gain":0.0,"cards_transformed":["Strike_P"],"event_name":"Transmorgrifier","player_choice":"Transformed","floor":20.0,"gold_loss":0.0,"damage_taken":0.0,"cards_obtained":["JustLucky"]},{"damage_healed":0.0,"max_hp_gain":0.0,"max_hp_loss":0.0,"gold_gain":99.0,"event_name":"Nest","player_choice":"Stole From Cult","floor":30.0,"gold_loss":0.0,"damage_taken":0.0},{"damage_healed":0.0,"max_hp_gain":0.0,"max_hp_loss":0.0,"gold_gain":0.0,"event_name":"Designer","player_choice":"Upgrade","floor":38.0,"gold_loss":40.0,"damage_taken":0.0,"cards_upgraded":["Wish"]}],"is_beta":false,"boss_relics":[{"not_picked":["HolyWater","Sozu"],"picked":"Busted Crown"},{"not_picked":["Empty Cage","VioletLotus"],"picked":"Cursed Key"}],"items_purged_floors":[14,48,53],"is_endless":false,"potions_floor_spawned":[1,3,4,5,12,21,28,29,39,42,46,47],"ascension_level":4}}