{"host":"jjz4szgmev061tnm","time":1611567118,"event":{"mods":["Act Like it!","Arknights The Spire","BaseMod","Gensokyo","KinomotoSakuraMod(ƒæ÷Æ±æ”£)","Marisa£®ÏF”Í°°ƒß¿Ì…≥£©","Minty Spire (QoL Compilation)","Shop Mod","StSLib","Youmu£®ªÍ∆«—˝√Œ£©"],"gold_per_floor":[114,44,55,73,87,87,116,116,141,66,66,85,7,22,22,126,126,143,143,143],"floor_reached":19,"language":"ZHS","playtime":864,"items_purged":["ats:Defend"],"score":169,"play_id":"ae9038e5-17c8-45fd-a4a1-d97aaadff99d","local_time":"20210125173158","is_ascension_mode":false,"campfire_choices":[{"data":"ats:Spore Proliferation","floor":6,"key":"SMITH"},{"data":"ats:Thorns","floor":8,"key":"SMITH"},{"data":"ats:Burning Ground","floor":15,"key":"SMITH"}],"circlet_count":0,"master_deck":["ats:Strike C","ats:Strike G","ats:Strike S","ats:Strike V","ats:Armor Crushing Shot","ats:Defend","ats:Defend","ats:Defend+1","ats:Emotion Absorption+1","ats:Revitalization","ats:Spore Proliferation+1","ats:Closed Bolt Burst Fire","ats:Red Shift","ats:Thorns+1","ats:Burning Ground+1","ats:Sunburst","Gensokyo:BlemishedSteel","ats:Burning Ground+1","ats:Dogmatic Field","ats:Guard Mode+1"],"relics":["ats:Sanity Plus","NeowsBlessing","ats:Originium","ats:Spiritual Recovery","Omamori"],"acts_visited":["Exordium","Gensokyo:Gensokyo"],"potions_floor_usage":[7,7,16,16,16,19],"damage_taken":[{"damage":0,"enemies":"Gensokyo:3_Fairies","floor":1,"turns":1},{"damage":0,"enemies":"Gensokyo:Gryphon","floor":3,"turns":1},{"damage":0,"enemies":"Gensokyo:2_Kodama","floor":4,"turns":1},{"damage":4,"enemies":"Gensokyo:2_Rabbits","floor":5,"turns":9},{"damage":15,"enemies":"Gensokyo:Cirno","floor":7,"turns":6},{"damage":8,"enemies":"Gensokyo:Gryphon_and_Rabbit","floor":12,"turns":3},{"damage":8,"enemies":"Gensokyo:VengefulSpirit","floor":14,"turns":4},{"damage":45,"enemies":"Gensokyo:Yukari","floor":16,"turns":10},{"damage":58,"enemies":"Gensokyo:CosmicMonolith","floor":18,"turns":6},{"damage":24,"enemies":"Gensokyo:AngelMirror","floor":19,"turns":3}],"seed_played":"1654431904130187622","potions_obtained":[{"floor":4,"key":"EntropicBrew"},{"floor":12,"key":"Strength Potion"},{"floor":18,"key":"SkillPotion"}],"is_trial":false,"path_per_floor":["M","?","M","M","M","R","E","R","T","$","?","M","COS","M","R","B",null,"M","M"],"character_chosen":"DOCTOR_CLASS","items_purchased":[],"campfire_rested":0,"item_purchase_floors":[],"current_hp_per_floor":[72,72,72,72,71,71,56,56,56,56,56,48,48,46,46,7,72,17,0,0],"gold":143,"neow_bonus":"THREE_ENEMY_KILL","is_daily":false,"chose_seed":false,"campfire_upgraded":3,"win_rate":0.0,"timestamp":1611567118,"path_taken":["M","?","M","M","M","R","E","R","T","?","?","?","COS","M","R","BOSS","M","M"],"items_purchased_type":[],"build_version":"2020-12-22","purchased_purges":1,"victory":false,"max_hp_per_floor":[72,72,72,72,72,72,72,72,72,72,72,72,72,72,72,72,72,72,72,72],"card_choices":[{"not_picked":["ats:Magnetic Hammer","ats:Hammer On"],"picked":"ats:Revitalization","floor":1},{"not_picked":["ats:Thermite Blade","ats:Shadow Raid"],"picked":"ats:Spore Proliferation","floor":3},{"not_picked":["ats:Revitalization","ats:Very Hot Blade"],"picked":"ats:Closed Bolt Burst Fire","floor":4},{"not_picked":["ats:Revitalization","ats:Very Hot Blade"],"picked":"ats:Red Shift","floor":5},{"not_picked":["ats:Phantom","ats:Flexible Camouflage"],"picked":"ats:Thorns","floor":7},{"not_picked":["ats:Sashimi Platter","ats:Curse Doll"],"picked":"ats:Sunburst","floor":12},{"not_picked":["ats:Directed Diagnosis","ats:Demon Strength"],"picked":"ats:Burning Ground","floor":14},{"not_picked":["ats:Wolf Pack","ats:Fractured Body"],"picked":"ats:Dogmatic Field","floor":16},{"not_picked":["ats:Very Hot Blade","ats:Powerful Strike+1"],"picked":"ats:Guard Mode+1","floor":18}],"player_experience":204715,"relics_obtained":[{"floor":7,"key":"ats:Originium"},{"floor":7,"key":"ats:Spiritual Recovery"},{"floor":9,"key":"Omamori"}],"event_choices":[],"is_beta":false,"boss_relics":[{"not_picked":["Fusion Hammer","SacredBark"],"picked":"ats:Sanity Plus"}],"items_purged_floors":[10],"is_endless":false,"potions_floor_spawned":[4,12,18],"killed_by":"Gensokyo:AngelMirror","ascension_level":0}}