{"host":"d5i1qeb9dejicw1z","time":1611607963,"event":{"mods":["AchievementEnabler","BaseMod","Better Note","BetterRewards","Gold Saver","Infinite Spire","Minty Spire (QoL Compilation)","StSLib"],"gold_per_floor":[114,114,264,22,36,36,64,78,78,78,98,123,123,158,158,158,158],"floor_reached":16,"language":"ENG","playtime":466,"items_purged":["Doubt"],"score":257,"play_id":"c908b433-97db-4dd9-9157-e8569af801f2","local_time":"20210125125243","is_ascension_mode":true,"campfire_choices":[{"data":"Neutralize","floor":6,"key":"SMITH"},{"data":"Backflip","floor":10,"key":"SMITH"},{"data":"Flying Knee","floor":13,"key":"SMITH"},{"data":"Quick Slash","floor":15,"key":"SMITH"}],"circlet_count":0,"master_deck":["AscendersBane","Strike_G","Strike_G","Strike_G","Strike_G","Strike_G","Defend_G","Defend_G","Defend_G","Defend_G","Survivor","Neutralize+1","Backflip+1","Escape Plan","Flying Knee+1","Quick Slash+1"],"relics":["Ring of the Snake","NeowsBlessing","PreservedInsect","infinitespire:WardingShard","Nunchaku","TungstenRod","infinitespire:PuzzleCube"],"acts_visited":["Exordium"],"potions_floor_usage":[1,12,12],"damage_taken":[{"damage":0,"enemies":"Jaw Worm","floor":1,"turns":1},{"damage":0,"enemies":"2 Louse","floor":5,"turns":1},{"damage":0,"enemies":"3 Sentries","floor":7,"turns":2},{"damage":0,"enemies":"Small Slimes","floor":8,"turns":3},{"damage":0,"enemies":"Blue Slaver","floor":11,"turns":5},{"damage":7,"enemies":"Gremlin Nob","floor":12,"turns":5},{"damage":3,"enemies":"3 Sentries","floor":14,"turns":8},{"damage":57,"enemies":"Hexaghost","floor":16,"turns":14}],"seed_played":"-6071763687005075226","potions_obtained":[{"floor":1,"key":"EntropicBrew"}],"is_trial":false,"path_per_floor":["M","?","?","$","M","R","E","M","T","R","M","E","R","E","R","B"],"character_chosen":"THE_SILENT","items_purchased":["PreservedInsect"],"campfire_rested":0,"item_purchase_floors":[4],"current_hp_per_floor":[59,52,52,52,52,52,52,52,52,52,52,57,57,54,54,0,0],"gold":158,"neow_bonus":"THREE_ENEMY_KILL","is_daily":false,"chose_seed":false,"campfire_upgraded":4,"win_rate":0.0,"timestamp":1611607963,"path_taken":["M","?","?","$","M","R","E","M","T","R","M","E","R","E","R","BOSS"],"items_purchased_type":["Relic"],"build_version":"2020-12-22","purchased_purges":1,"victory":false,"max_hp_per_floor":[66,66,66,66,66,66,66,66,66,66,66,66,66,66,66,66,66],"card_choices":[{"not_picked":["Blade Dance","Cloak And Dagger"],"picked":"Backflip","floor":1},{"not_picked":["Prepared","Dash","Eviscerate"],"picked":"SKIP","floor":5},{"not_picked":["Prepared","Eviscerate","Choke"],"picked":"SKIP","floor":7},{"not_picked":["Acrobatics","Prepared","Riddle With Holes"],"picked":"SKIP","floor":8},{"not_picked":["Dash","Tactician"],"picked":"Escape Plan","floor":11},{"not_picked":["Bane","Heel Hook"],"picked":"Flying Knee","floor":12},{"not_picked":["Doppelganger","Accuracy"],"picked":"Quick Slash","floor":14}],"player_experience":1164519,"relics_obtained":[{"floor":7,"key":"infinitespire:WardingShard"},{"floor":9,"key":"Nunchaku"},{"floor":12,"key":"TungstenRod"},{"floor":14,"key":"infinitespire:PuzzleCube"}],"event_choices":[{"cards_removed":["Defend_G"],"damage_healed":0,"gold_gain":0,"player_choice":"Card Removal","damage_taken":7,"max_hp_gain":0,"max_hp_loss":0,"event_name":"Golden Wing","floor":2,"gold_loss":0},{"damage_healed":0,"gold_gain":150,"player_choice":"AGREE","damage_taken":0,"max_hp_gain":0,"max_hp_loss":0,"event_name":"Liars Game","floor":3,"gold_loss":0,"cards_obtained":["Doubt"]}],"is_beta":false,"boss_relics":[],"items_purged_floors":[4],"is_endless":false,"potions_floor_spawned":[1,5,8],"killed_by":"Hexaghost","ascension_level":16}}