{"host":"36mulxq349byzoa2","time":1611538119,"event":{"mods":["AchievementEnabler","BaseMod","Block Reminder","Colored Map","Colored Powertips","Minty Spire (QoL Compilation)","Rare Cards Sparkle","StSLib","SuperFastMode"],"gold_per_floor":[113,113,129,70,85,119,119,180,180,193,193,193,211,93,93,183,183,206,38,38,38,38,76,0,0,0,0,20,20,53,72,72,168,168,182,515,515,515,528,528,528,528],"floor_reached":41,"language":"ENG","playtime":1052,"items_purged":["Strike_B"],"score":808,"play_id":"184afce8-325b-47fa-823b-e2367f8c14e6","local_time":"20210124202839","is_ascension_mode":true,"campfire_choices":[{"data":"Static Discharge","floor":7,"key":"SMITH"},{"floor":15,"key":"REST"},{"floor":25,"key":"REST"},{"data":"Thunder Strike","floor":27,"key":"SMITH"},{"floor":29,"key":"REST"},{"floor":32,"key":"REST"},{"floor":40,"key":"REST"}],"circlet_count":0,"master_deck":["AscendersBane","Zap","Dualcast","Glacier","Cold Snap","Defragment","Static Discharge+1","Ball Lightning","Defragment","Thunder Strike+1","Electrodynamics","Injury","Rainbow","Defragment","Hologram","Double Energy","Fusion","Stack","Static Discharge+1"],"relics":["Cracked Core","NeowsBlessing","Darkstone Periapt","Centennial Puzzle","StrikeDummy","Cursed Key","Regal Pillow","Bottled Lightning","Pen Nib","Pandora\u0027s Box"],"acts_visited":["Exordium","TheCity","TheBeyond"],"potions_floor_usage":[8,16,16,23,33,39,41],"damage_taken":[{"damage":0,"enemies":"Small Slimes","floor":1,"turns":1},{"damage":0,"enemies":"Cultist","floor":3,"turns":1},{"damage":0,"enemies":"Jaw Worm","floor":5,"turns":1},{"damage":30,"enemies":"Lagavulin","floor":6,"turns":15},{"damage":28,"enemies":"Gremlin Nob","floor":8,"turns":4},{"damage":1,"enemies":"Looter","floor":10,"turns":4},{"damage":0,"enemies":"2 Fungi Beasts","floor":13,"turns":3},{"damage":21,"enemies":"Slime Boss","floor":16,"turns":11},{"damage":2,"enemies":"Chosen","floor":18,"turns":4},{"damage":37,"enemies":"Book of Stabbing","floor":23,"turns":4},{"damage":18,"enemies":"Shell Parasite","floor":28,"turns":5},{"damage":33,"enemies":"Gremlin Leader","floor":30,"turns":4},{"damage":11,"enemies":"Snake Plant","floor":31,"turns":4},{"damage":49,"enemies":"Champ","floor":33,"turns":7},{"damage":34,"enemies":"3 Darklings","floor":35,"turns":4},{"damage":0,"enemies":"3 Shapes","floor":39,"turns":6},{"damage":66,"enemies":"Nemesis","floor":41,"turns":4}],"seed_played":"-8759106776039117490","potions_obtained":[{"floor":1,"key":"Ancient Potion"},{"floor":2,"key":"Explosive Potion"},{"floor":13,"key":"Dexterity Potion"},{"floor":16,"key":"Block Potion"},{"floor":18,"key":"SteroidPotion"},{"floor":30,"key":"Ancient Potion"},{"floor":31,"key":"Fire Potion"},{"floor":33,"key":"Swift Potion"},{"floor":39,"key":"Block Potion"}],"is_trial":false,"path_per_floor":["M","?","M","$","M","E","R","?","T","M","?","?","M","$","R","B",null,"M","$","?","$","?","E","?","R","T","R","M","R","E","M","R","B",null,"M","?","?","?","M","R","E"],"character_chosen":"DEFECT","items_purchased":["Cold Snap","Defragment","Electrodynamics"],"campfire_rested":5,"item_purchase_floors":[4,14,19],"current_hp_per_floor":[64,64,64,64,64,34,34,6,6,5,5,5,5,5,24,3,49,47,47,60,60,60,23,23,57,63,63,45,70,37,26,62,13,56,22,22,22,22,22,58,0,0],"gold":528,"neow_bonus":"THREE_ENEMY_KILL","is_daily":false,"chose_seed":false,"campfire_upgraded":2,"win_rate":0.0,"timestamp":1611538119,"path_taken":["M","?","M","$","?","E","R","?","T","M","?","?","?","$","R","BOSS","M","$","?","$","?","E","?","R","T","R","?","R","E","?","R","BOSS","M","?","?","?","M","R","E"],"items_purchased_type":["Card","Card","Card"],"build_version":"2020-12-22","purchased_purges":1,"victory":false,"max_hp_per_floor":[71,71,71,71,71,71,71,71,71,71,64,64,64,64,64,64,64,64,64,64,64,64,64,64,64,70,70,70,70,70,70,70,70,70,70,70,70,70,70,70,70,70],"card_choices":[{"not_picked":["Hologram","Stack"],"picked":"Glacier","floor":1},{"not_picked":["Consume","Conserve Battery","Double Energy"],"picked":"SKIP","floor":3},{"not_picked":["Recycle","Go for the Eyes"],"picked":"Defragment","floor":5},{"not_picked":["Compile Driver","Stack"],"picked":"Static Discharge","floor":6},{"not_picked":["Beam Cell","Reprogram"],"picked":"Barrage","floor":10},{"not_picked":["Skim","Sunder"],"picked":"Ball Lightning","floor":13},{"not_picked":["Fission","Buffer"],"picked":"Thunder Strike","floor":16},{"not_picked":["Gash+1","Leap","Cold Snap"],"picked":"SKIP","floor":18},{"not_picked":["Streamline","Double Energy","BootSequence"],"picked":"SKIP","floor":23},{"not_picked":["Consume","Melter","Turbo"],"picked":"SKIP","floor":28},{"not_picked":["Skim","Tempest","Consume"],"picked":"SKIP","floor":30},{"not_picked":["Conserve Battery","Streamline","Cold Snap"],"picked":"SKIP","floor":31},{"not_picked":["Rebound","Coolheaded","Stack"],"picked":"SKIP","floor":35},{"not_picked":["Beam Cell","Go for the Eyes","Electrodynamics"],"picked":"SKIP","floor":39}],"player_experience":1038246,"relics_obtained":[{"floor":6,"key":"Darkstone Periapt"},{"floor":8,"key":"Centennial Puzzle"},{"floor":9,"key":"StrikeDummy"},{"floor":23,"key":"Regal Pillow"},{"floor":26,"key":"Bottled Lightning"},{"floor":30,"key":"Pen Nib"}],"event_choices":[{"damage_healed":0,"gold_gain":0,"player_choice":"Got Potions","damage_taken":0,"max_hp_gain":0,"max_hp_loss":0,"event_name":"Lab","floor":2,"gold_loss":0},{"damage_healed":0,"gold_gain":0,"player_choice":"Searched \u00271\u0027 times","damage_taken":0,"max_hp_gain":0,"max_hp_loss":0,"event_name":"Dead Adventurer","floor":8,"gold_loss":0},{"damage_healed":0,"gold_gain":0,"player_choice":"Lose Max HP","damage_taken":0,"relics_obtained":["Golden Idol"],"max_hp_gain":0,"max_hp_loss":7,"event_name":"Golden Idol","floor":11,"gold_loss":0},{"cards_removed":["Defend_B"],"damage_healed":0,"gold_gain":0,"player_choice":"Purged","damage_taken":0,"max_hp_gain":0,"max_hp_loss":0,"event_name":"Purifier","floor":12,"gold_loss":0},{"damage_healed":13,"gold_gain":0,"player_choice":"Heal","damage_taken":0,"max_hp_gain":0,"max_hp_loss":0,"event_name":"The Library","floor":20,"gold_loss":0},{"damage_healed":0,"gold_gain":0,"player_choice":"Paid Fearfully","damage_taken":0,"max_hp_gain":0,"max_hp_loss":0,"event_name":"Masked Bandits","floor":24,"gold_loss":76},{"damage_healed":0,"gold_gain":333,"player_choice":"Gave Idol","damage_taken":0,"max_hp_gain":0,"max_hp_loss":0,"event_name":"The Moai Head","floor":36,"relics_lost":["Golden Idol"],"gold_loss":0},{"cards_removed":["Barrage"],"damage_healed":0,"gold_gain":0,"player_choice":"Removed Attack","damage_taken":0,"max_hp_gain":0,"max_hp_loss":0,"event_name":"Falling","floor":37,"gold_loss":0},{"damage_healed":0,"gold_gain":0,"player_choice":"Copied","damage_taken":0,"max_hp_gain":0,"max_hp_loss":0,"event_name":"Duplicator","floor":38,"gold_loss":0,"cards_obtained":["Static Discharge"]}],"is_beta":false,"boss_relics":[{"not_picked":["Black Star","Sozu"],"picked":"Cursed Key"},{"not_picked":["Inserter","SlaversCollar"],"picked":"Pandora\u0027s Box"}],"items_purged_floors":[14],"is_endless":false,"potions_floor_spawned":[1,13,16,18,30,31,33,39],"killed_by":"Nemesis","ascension_level":18}}