{"host":"zk71suw73lg2r165","time":1611582293,"event":{"mods":["BaseMod","Colored Map","Minty Spire (QoL Compilation)","Permanent Neow","Relic Stats","StSLib"],"gold_per_floor":[20,70,83,94,113,113,113],"floor_reached":6,"language":"ENG","playtime":261,"items_purged":[],"score":76,"play_id":"37a6b4be-a5fc-42d9-868a-c38cbc76dcb5","local_time":"20210125084453","is_ascension_mode":true,"campfire_choices":[],"circlet_count":0,"master_deck":["AscendersBane","Strike_B","Strike_B","Strike_B","Strike_B","Defend_B","Defend_B","Defend_B","Defend_B","Zap","Dualcast","Barrage","Conserve Battery","Compile Driver","Coolheaded"],"relics":["Cracked Core","Emotion Chip"],"acts_visited":["Exordium"],"potions_floor_usage":[6],"damage_taken":[{"damage":0,"enemies":"2 Louse","floor":1,"turns":2},{"damage":1,"enemies":"Cultist","floor":3,"turns":3},{"damage":0,"enemies":"Jaw Worm","floor":4,"turns":4},{"damage":17,"enemies":"2 Fungi Beasts","floor":5,"turns":4},{"damage":47,"enemies":"Lagavulin","floor":6,"turns":8}],"seed_played":"6531299022485988980","potions_obtained":[{"floor":1,"key":"PowerPotion"},{"floor":5,"key":"SteroidPotion"}],"is_trial":false,"path_per_floor":["M","?","M","M","M","E"],"character_chosen":"DEFECT","items_purchased":[],"campfire_rested":0,"item_purchase_floors":[],"current_hp_per_floor":[64,64,63,63,46,0,0],"gold":113,"neow_bonus":"ONE_RARE_RELIC","is_daily":false,"chose_seed":false,"campfire_upgraded":0,"win_rate":0.0,"timestamp":1611582293,"path_taken":["M","?","M","?","M","E"],"items_purchased_type":[],"build_version":"2020-12-22","purchased_purges":0,"victory":false,"max_hp_per_floor":[71,71,71,71,71,71,71],"relic_stats":{"Emotion Chip":[5,3,2,0,0],"counters":[5,21],"obtain_stats":[{"Emotion Chip":0,"Cracked Core":0},{"Emotion Chip":0,"Cracked Core":0},{"Emotion Chip":0,"Cracked Core":0}]},"card_choices":[{"not_picked":["Reprogram","Gash"],"picked":"Barrage","floor":1},{"not_picked":["Turbo","Leap"],"picked":"Conserve Battery","floor":3},{"not_picked":["Cold Snap","Conserve Battery"],"picked":"Compile Driver","floor":4},{"not_picked":["Fusion","Cold Snap"],"picked":"Coolheaded","floor":5}],"player_experience":1364845,"relics_obtained":[],"event_choices":[{"damage_healed":0,"gold_gain":50,"player_choice":"Pray","damage_taken":0,"max_hp_gain":0,"max_hp_loss":0,"event_name":"Golden Shrine","floor":2,"gold_loss":0}],"is_beta":false,"boss_relics":[],"items_purged_floors":[],"is_endless":false,"potions_floor_spawned":[1,5],"killed_by":"Lagavulin","ascension_level":20}}