{"host":"1mdoazogr9tl4b3g","time":1611543085,"event":{"mods":["Act Like it!","Aspiration","Bard","BaseMod","Beaked The Cultist","BetterRewards","Block Reminder","Conspire","Glutton Mod","Hermit","Hubris","Infinite Spire","Marisa????????","Mimic Mod","Minty Spire (QoL Compilation)","Rare Cards Sparkle","Relic Sorter","Replay The Spire","Shop Mod","StSLib","The Animator","The Blackbeard","The Bladedancer","The Bug Knight","The Construct","The Cursed","The Disciple","The Hierophant","The Mystic","The Necromancer","The Runesmith","The Servant 0.9.4","The Spell Scribe","Uncapped","Wandering Minibosses"],"gold_per_floor":[114,114,129,129,183,213,213,223,223,223,223,44,44,58,58,181,181,197,26,26,26,46,46,62,62,62],"floor_reached":25,"language":"ENG","playtime":1408,"items_purged":[],"score":349,"play_id":"f325da20-69f1-4779-ac2f-6ca0e1eb61e5","local_time":"20210124205125","is_ascension_mode":false,"campfire_choices":[{"data":"BasicCrystalCard","floor":7.0,"key":"SMITH"},{"data":"BasicCrystalCard","floor":10.0,"key":"SMITH"},{"data":"ReplayTheSpireMod:System Scan","floor":15.0,"key":"SMITH"},{"floor":23,"key":"REST"}],"circlet_count":0,"master_deck":["conspire:GhostlyStrike","conspire:GhostlyStrike","conspire:GhostlyStrike","conspire:GhostlyStrike","conspire:GhostlyDefend","conspire:GhostlyDefend","conspire:GhostlyDefend","conspire:GhostlyDefend","Zap+1","Dualcast","BasicCrystalCard+1","ReplayTheSpireMod:System Scan+1","Turbo","BasicCrystalCard+1","Turbo"],"relics":["aspiration:FaultyCoupler","infinitespire:Lucky Rock","beaked:ShinyBauble","Golden Idol","Anchor","infinitespire:Cubic Diamond","aspiration:MobileForge","MerchantsRug","ClockworkSouvenir"],"acts_visited":["Exordium","TheCity"],"potions_floor_usage":[],"damage_taken":[{"damage":2.0,"enemies":"2 Louse","floor":1.0,"turns":3.0},{"damage":12.0,"enemies":"Small Slimes","floor":3.0,"turns":3.0},{"damage":36.0,"enemies":"Gremlin Nob","floor":6.0,"turns":4.0},{"damage":1.0,"enemies":"Jaw Worm","floor":8.0,"turns":2.0},{"damage":2.0,"enemies":"Lots of Slimes","floor":14.0,"turns":4.0},{"damage":30.0,"enemies":"Slime Boss","floor":16.0,"turns":8.0},{"damage":8,"enemies":"Shell Parasite","floor":18,"turns":7},{"damage":22,"enemies":"conspire:FuzzyDice","floor":22,"turns":6},{"damage":11,"enemies":"Shelled Parasite and Fungi","floor":24,"turns":4},{"damage":54,"enemies":"Centurion and Healer","floor":25,"turns":7}],"seed_played":"4266568708970735486","potions_obtained":[{"floor":3.0,"key":"Milkshake"},{"floor":5.0,"key":"EssenceOfDarkness"},{"floor":5.0,"key":"SneckoOil"},{"floor":5.0,"key":"FairyPotion"},{"floor":14.0,"key":"Dexterity Potion"},{"floor":24,"key":"Explosive Potion"}],"is_trial":false,"path_per_floor":["M","?","M","?","?","E","R","M","T","R","?","$","?","M","R","B",null,"M","$","?","?","M","R","M","M"],"character_chosen":"DEFECT","items_purchased":["Turbo","Anchor","MerchantsRug","ClockworkSouvenir"],"campfire_rested":1,"item_purchase_floors":[12,12,19,19],"current_hp_per_floor":[65,65,53,53,23,40,40,39,39,39,39,39,39,37,37,7,69,61,61,61,61,39,59,48,0,0],"gold":62,"neow_bonus":"","is_daily":false,"chose_seed":false,"campfire_upgraded":3,"win_rate":0.0,"timestamp":1611543085,"path_taken":["M","?","M","?","?","E","R","?","T","R","?","$","?","M","R","BOSS","M","$","?","?","?","R","M","M"],"items_purchased_type":["Card","Relic","Relic","Relic"],"build_version":"2020-12-22","purchased_purges":0,"victory":false,"max_hp_per_floor":[75,75,75,75,75,75,75,75,75,75,69,69,69,69,69,69,69,69,69,69,69,69,69,69,69,69],"card_choices":[{"not_picked":["Rebound","BasicCrystalCard"],"picked":"ReplayTheSpireMod:System Scan","floor":1.0},{"not_picked":["Sweeping Beam","Coolheaded"],"picked":"Turbo","floor":3.0},{"not_picked":["hubris:Ukulele","Barrage","Self Repair"],"picked":"SKIP","floor":6.0},{"not_picked":["Coolheaded","Sunder"],"picked":"BasicCrystalCard","floor":8.0},{"not_picked":["Turbo","Chill","Beam Cell"],"picked":"SKIP","floor":14.0},{"not_picked":["Panic Button+1","Cold Snap","Sweeping Beam"],"picked":"SKIP","floor":18},{"not_picked":["Stack","Storm","Turbo"],"picked":"SKIP","floor":22},{"not_picked":["Redo","Steam","Blizzard"],"picked":"SKIP","floor":24}],"player_experience":388919,"relics_obtained":[{"floor":4.0,"key":"aspiration:FaultyCoupler"},{"floor":6.0,"key":"infinitespire:Lucky Rock"},{"floor":9.0,"key":"beaked:ShinyBauble"}],"event_choices":[{"damage_healed":0.0,"max_hp_gain":0.0,"max_hp_loss":0.0,"gold_gain":0.0,"event_name":"conspire:LoneGhost","player_choice":"Agree","floor":2.0,"gold_loss":0.0,"damage_taken":0.0},{"damage_healed":0.0,"max_hp_gain":0.0,"max_hp_loss":6.0,"gold_gain":0.0,"event_name":"Golden Idol","player_choice":"Lose Max HP","floor":11.0,"gold_loss":0.0,"damage_taken":0.0,"relics_obtained":["Golden Idol"]},{"damage_healed":0,"gold_gain":0,"player_choice":"Forge","damage_taken":0,"max_hp_gain":0,"max_hp_loss":0,"event_name":"Accursed Blacksmith","floor":21,"gold_loss":0,"cards_upgraded":["Zap"]}],"is_beta":false,"boss_relics":[{"not_picked":["Kintsugi","Velvet Choker"],"picked":"aspiration:MobileForge"}],"items_purged_floors":[],"is_endless":false,"potions_floor_spawned":[3,14,24],"killed_by":"Centurion and Healer","ascension_level":0}}