{"host":"Sylvia","time":1611618268,"event":{"mods":["Act Like it!","BaseMod","Better Match","Better Note","Better Sensory Stone","Better Skull","Better Third Choice","Better Vampires","BetterRewards","Block Reminder","Colored Map","Colored Powertips","Curses Come First","Elementarium","GifTheSpireLib","Hallownest","Hermit","Highlight Path","Minty Spire (QoL Compilation)","Quick Restart","Random Character Button","Relic Stats","Shade Mod","Spicy Shops","StSLib","The Bug Knight","The Marked"],"gold_per_floor":[117,31,46,64,82,82,113,113,113,113,38,38,56,79,79,203,203,226,276,22,45,45,45],"floor_reached":22,"language":"ENG","playtime":1167,"items_purged":["theMarked:Strike","theMarked:MagusForm"],"score":186,"play_id":"50c58966-8a85-4e39-bd5d-39b4029a52a0","local_time":"20210125184428","is_ascension_mode":false,"campfire_choices":[{"data":"theMarked:SoldierOfQuellstein","floor":6.0,"key":"SMITH"},{"data":"theMarked:OneWithTheBlade","floor":8.0,"key":"SMITH"},{"floor":10.0,"key":"REST"},{"data":"theMarked:Panic","floor":15.0,"key":"SMITH"}],"circlet_count":0,"master_deck":["theMarked:SoldierOfQuellstein+1","theMarked:RogueSparks","theMarked:SelfDefenseTraining","theMarked:ResourceFulStrike","theMarked:Electrify","theMarked:OneWithTheBlade+1","theMarked:Panic+1","theMarked:MagusForm","theMarked:Opportunist","theMarked:EnhanceMovement","theMarked:SuspiciousRaven","theMarked:Opportunist","theMarked:Memento","theMarked:Aftermath","theMarked:Seal","theMarked:WastefulAttack","theMarked:WastefulAttack","theMarked:BindingBlade","theMarked:Electrify","theMarked:OneWithTheBlade+1","theMarked:HeightenedSenses"],"relics":["theMarked:ArtifactOfAir","NeowsBlessing","Eternal Feather","Pantograph","Golden Idol","Pandora\u0027s Box","DollysMirror"],"acts_visited":["Exordium","TheCity"],"potions_floor_usage":[21,21],"damage_taken":[{"damage":0.0,"enemies":"2 Louse","floor":1.0,"turns":1.0},{"damage":0.0,"enemies":"Jaw Worm","floor":3.0,"turns":1.0},{"damage":0.0,"enemies":"Small Slimes","floor":4.0,"turns":1.0},{"damage":2.0,"enemies":"Blue Slaver","floor":5.0,"turns":3.0},{"damage":23.0,"enemies":"HollowMod:MossKnight","floor":7.0,"turns":7.0},{"damage":0.0,"enemies":"Red Slaver","floor":13.0,"turns":4.0},{"damage":12.0,"enemies":"2 Fungi Beasts","floor":14.0,"turns":3.0},{"damage":22.0,"enemies":"Hexaghost","floor":16.0,"turns":8.0},{"damage":13.0,"enemies":"Chosen","floor":18.0,"turns":4.0},{"damage":25,"enemies":"2 Thieves","floor":21,"turns":3},{"damage":42,"enemies":"Chosen and Byrds","floor":22,"turns":4}],"seed_played":"6363638689680211319","potions_obtained":[{"floor":3.0,"key":"EssenceOfSteel"},{"floor":14.0,"key":"PowerPotion"},{"floor":16.0,"key":"SteroidPotion"},{"floor":18.0,"key":"theMarked:ChargePotion"}],"is_trial":false,"path_per_floor":["M","$","M","M","M","R","E","R","T","R","$","?","M","M","R","B",null,"M","?","$","M","M"],"character_chosen":"THE_DEFAULT","items_purchased":["theMarked:SelfDefenseTraining","theMarked:ResourceFulStrike","DollysMirror"],"campfire_rested":1,"item_purchase_floors":[2,2,20],"current_hp_per_floor":[70,70,70,70,68,68,45,54,54,70,70,65,65,53,62,43,65,52,52,52,27,0,0],"gold":45,"neow_bonus":"THREE_ENEMY_KILL","is_daily":false,"chose_seed":false,"campfire_upgraded":3,"win_rate":0.0,"timestamp":1611618268,"path_taken":["M","$","M","M","M","R","E","R","T","R","$","?","M","M","R","BOSS","M","?","$","M","M"],"items_purchased_type":["Card","Card","Relic"],"build_version":"2020-12-18","purchased_purges":2,"victory":false,"max_hp_per_floor":[70,70,70,70,70,70,70,70,70,70,70,65,65,65,65,65,65,65,65,65,65,65,65],"relic_stats":{"counters":[11,39],"Golden Idol":44,"Pantograph":3,"Eternal Feather":27,"Pandora\u0027s Box":["theMarked:MagusForm","theMarked:Opportunist","theMarked:Memento","theMarked:Aftermath","theMarked:Seal","theMarked:WastefulAttack","theMarked:WastefulAttack","theMarked:BindingBlade"],"obtain_stats":[{"theMarked:ArtifactOfAir":0,"NeowsBlessing":0,"Golden Idol":12,"DollysMirror":20,"Pantograph":9,"Eternal Feather":7,"Pandora\u0027s Box":17},{"theMarked:ArtifactOfAir":0,"NeowsBlessing":0,"Golden Idol":5,"DollysMirror":9,"Pantograph":5,"Eternal Feather":5,"Pandora\u0027s Box":8},{"theMarked:ArtifactOfAir":0,"NeowsBlessing":0,"Golden Idol":13,"DollysMirror":32,"Pantograph":13,"Eternal Feather":13,"Pandora\u0027s Box":28}]},"card_choices":[{"not_picked":["theMarked:TwofoldDefense","theMarked:MysticalArsenal"],"picked":"theMarked:RogueSparks","floor":1.0},{"not_picked":["theMarked:RepellingDischarge","theMarked:TwofoldDefense"],"picked":"theMarked:Electrify","floor":3.0},{"not_picked":["theMarked:WardOff","theMarked:Friction"],"picked":"theMarked:OneWithTheBlade","floor":4.0},{"not_picked":["theMarked:BanishingStrike","theMarked:WardOff"],"picked":"theMarked:Panic","floor":5.0},{"not_picked":["theMarked:Frustration","theMarked:ElectricStrings"],"picked":"theMarked:MagusForm","floor":7.0},{"not_picked":["theMarked:TwofoldDefense","theMarked:WastefulAttack"],"picked":"theMarked:Opportunist","floor":13.0},{"not_picked":["theMarked:ResourceFulStrike","theMarked:BanishingStrike"],"picked":"theMarked:EnhanceMovement","floor":14.0},{"not_picked":["theMarked:Abjuration","theMarked:UnarmedFury"],"picked":"theMarked:SuspiciousRaven","floor":16.0},{"not_picked":["theMarked:Improvise","theMarked:BanishingWave+1"],"picked":"theMarked:Electrify","floor":18.0},{"not_picked":["theMarked:BanishingStrike","theMarked:RogueSparks"],"picked":"theMarked:HeightenedSenses","floor":21}],"player_experience":883426,"relics_obtained":[{"floor":7.0,"key":"Eternal Feather"},{"floor":9.0,"key":"Pantograph"}],"event_choices":[{"damage_healed":0.0,"max_hp_gain":0.0,"max_hp_loss":5.0,"gold_gain":0.0,"event_name":"Golden Idol","player_choice":"Lose Max HP","floor":12.0,"gold_loss":0.0,"damage_taken":0.0,"relics_obtained":["Golden Idol"]},{"damage_healed":0.0,"max_hp_gain":0.0,"max_hp_loss":0.0,"gold_gain":100.0,"event_name":"The Joust","player_choice":"Bet on Murderer","floor":19.0,"gold_loss":50.0,"damage_taken":0.0}],"is_beta":true,"boss_relics":[{"not_picked":["theMarked:BronzeBlade","SlaversCollar"],"picked":"Pandora\u0027s Box"}],"items_purged_floors":[11,20],"is_endless":false,"potions_floor_spawned":[3,14,16,18],"killed_by":"Chosen and Byrds","ascension_level":0}}