{"host":"95ip98gf8c4vrv08","time":1611572753,"event":{"mods":["Arknights The Spire","BaseMod","Minty Spire (QoL Compilation)","Reimu??????","StSLib","The Bug Knight","The Gatherer","The Senshi","??????REMEMod","????"],"gold_per_floor":[113,113,127,142,156,167,178,178,223,223,239,52,70,70,70,173,173,191,191,207,167,180,180,180,199,225,256,42,142,142,192,192,296,296,306,44,57,57,24,24,40,40,40,52,52,70,81,63,63,63,63],"floor_reached":50,"language":"ZHS","playtime":2956,"items_purged":[],"score":508,"play_id":"f60b2251-dab5-4046-973d-100a0c756055","local_time":"20210125190553","is_ascension_mode":false,"campfire_choices":[{"floor":8,"key":"RECALL"},{"floor":10,"key":"REST"},{"data":"FoulBorder2:ReiMu","floor":15,"key":"SMITH"},{"data":"Mayhem","floor":23,"key":"SMITH"},{"floor":30,"key":"REST"},{"floor":32,"key":"REST"},{"data":"MikOfLucky:ReiMu","floor":40,"key":"SMITH"},{"data":"InherentArray:ReiMu","floor":42,"key":"SMITH"},{"data":"Authority:ReiMu","floor":45,"key":"SMITH"},{"floor":49,"key":"REST"}],"circlet_count":0,"master_deck":["Defend_Lin:ReiMu","Defend_Lin:ReiMu","Defend_Lin:ReiMu","NB:ReiMu","Stagnation:ReiMu","Mayhem+1","KamiSacrifice:ReiMu","Purity","DoubleButterfly:ReiMu","YinYang:ReiMu","Amulet:ReiMu","FoulBorder2:ReiMu+1","OctopathBindingBorder2:ReiMu","SpringWay:ReiMu","CareerPray:ReiMu","SpreadBorder2:ReiMu","Gathering:ReiMu","LovePray:ReiMu","Authority:ReiMu+1","FoulBorder2:ReiMu","Bite","Bite","Bite","Bite","Bite","WonderfulDomain:ReiMu+1","Crusade:ReiMu+1","PhosphorusFlame:ReiMu","MikOfLucky:ReiMu+1","InherentArray:ReiMu+1","SubAcupoint:ReiMu+1","CleanRite:ReiMu","FantasyMoon:ReiMu","SpringWay:ReiMu","OctopathBindingBorder2:ReiMu","PayForSelf:ReiMu","EmergencyTakeOff:ReiMu","BarrageOfMoneybags:ReiMu","AirManeuver:ReiMu+1","LearningPray:ReiMu+1","CleanRite:ReiMu"],"relics":["FlyPower:ReiMu","REME_ComplimentaryCards","Vajra","Runic Pyramid","ZunR:ReiMu","Lizard Tail","Shuriken","Bronze Scales","CaptainsWheel","Darkstone Periapt","REME_ChargedStone","Tea:ReiMu","Centennial Puzzle"],"acts_visited":["Exordium","TheCity","TheBeyond"],"potions_floor_usage":[11,16,18,22,27,27,27,29,41,41,50,50],"damage_taken":[{"damage":4,"enemies":"Jaw Worm","floor":1,"turns":8},{"damage":1,"enemies":"Cultist","floor":3,"turns":5},{"damage":5,"enemies":"Small Slimes","floor":4,"turns":3},{"damage":2,"enemies":"Looter","floor":5,"turns":5},{"damage":13,"enemies":"Blue Slaver","floor":6,"turns":5},{"damage":1,"enemies":"Red Slaver","floor":7,"turns":5},{"damage":0,"enemies":"Exordium Wildlife","floor":11,"turns":4},{"damage":0,"enemies":"Blue Slaver","floor":13,"turns":4},{"damage":3,"enemies":"Hexaghost","floor":16,"turns":11},{"damage":1,"enemies":"3 Byrds","floor":18,"turns":5},{"damage":12,"enemies":"Shell Parasite","floor":20,"turns":8},{"damage":16,"enemies":"Chosen and Byrds","floor":22,"turns":8},{"damage":21,"enemies":"Snecko","floor":25,"turns":8},{"damage":1,"enemies":"Book of Stabbing","floor":27,"turns":6},{"damage":13,"enemies":"Colosseum Slavers","floor":29,"turns":5},{"damage":46,"enemies":"Colosseum Nobs","floor":29,"turns":5},{"damage":64,"enemies":"Automaton","floor":33,"turns":10},{"damage":0,"enemies":"3 Shapes","floor":35,"turns":5},{"damage":17,"enemies":"3 Darklings","floor":37,"turns":6},{"damage":25,"enemies":"Transient","floor":41,"turns":5},{"damage":11,"enemies":"Spire Growth","floor":44,"turns":5},{"damage":21,"enemies":"Maw","floor":46,"turns":8},{"damage":18,"enemies":"3 Darklings","floor":47,"turns":6},{"damage":32,"enemies":"Jaw Worm Horde","floor":48,"turns":4},{"damage":43,"enemies":"Awakened One","floor":50,"turns":4}],"seed_played":"-3245975342003064114","potions_obtained":[{"floor":3,"key":"ZuzhouPotion:ReiMu"},{"floor":7,"key":"Explosive Potion"},{"floor":11,"key":"SkillPotion"},{"floor":16,"key":"PowerPotion"},{"floor":18,"key":"LiquidFlight:ReiMu"},{"floor":20,"key":"Fire Potion"},{"floor":22,"key":"EssenceOfSteel"},{"floor":27,"key":"FearPotion"},{"floor":33,"key":"DistilledChaos"},{"floor":37,"key":"Energy Potion"},{"floor":44,"key":"SpeedPotion"},{"floor":46,"key":"Dexterity Potion"}],"is_trial":false,"path_per_floor":["M","?","M","M","M","M","M","R","T","R","M","$","M","$","R","B",null,"M","?","M","?","M","R","T","M","T","E","$","?","R","?","R","B",null,"M","$","M","?","$","R","M","R","T","M","R","M","M","M","R","B"],"character_chosen":"REIMU","items_purchased":["Gathering:ReiMu","Blood Vial","InherentArray:ReiMu","Bronze Scales","Tea:ReiMu","PayForSelf:ReiMu"],"campfire_rested":4,"item_purchase_floors":[12,12,28,28,36,39],"current_hp_per_floor":[67,67,66,61,59,46,45,45,45,66,66,66,68,68,68,67,71,70,70,69,69,55,55,55,44,44,55,55,12,33,33,54,41,71,71,71,64,64,64,71,54,71,71,66,66,55,43,13,34,0,0],"gold":63,"neow_bonus":"TEN_PERCENT_HP_BONUS","is_daily":false,"chose_seed":false,"campfire_upgraded":5,"win_rate":0.0,"timestamp":1611572753,"path_taken":["M","?","?","M","M","M","M","R","T","R","M","$","M","$","R","BOSS","M","?","M","?","M","R","?","?","T","E","$","?","R","?","R","BOSS","M","$","?","?","?","R","M","R","T","M","R","M","M","M","R","BOSS"],"items_purchased_type":["Card","Relic","Card","Relic","Relic","Card"],"build_version":"2020-12-22","purchased_purges":0,"victory":false,"max_hp_per_floor":[71,71,71,71,71,71,71,71,71,71,71,71,71,71,71,71,71,71,71,71,71,71,71,71,71,71,71,71,71,71,71,71,71,71,71,71,71,71,71,71,71,71,71,71,71,71,71,71,71,71,71],"card_choices":[{"not_picked":["MountainWay:ReiMu","Meditation:ReiMu"],"picked":"KamiSacrifice:ReiMu","floor":1},{"not_picked":["PrepareRite:ReiMu","Intuition:ReiMu"],"picked":"Amulet:ReiMu","floor":3},{"not_picked":["Mountainwind:ReiMu","TightArray:ReiMu"],"picked":"FoulBorder2:ReiMu","floor":4},{"not_picked":["PrepareRite:ReiMu","SpiritualOutbreak2:ReiMu"],"picked":"OctopathBindingBorder2:ReiMu","floor":5},{"not_picked":["SubAcupoint:ReiMu","Amulet:ReiMu"],"picked":"SpringWay:ReiMu","floor":6},{"not_picked":["PhosphorusFlame:ReiMu","SpreadBorder2:ReiMu"],"picked":"CareerPray:ReiMu","floor":7},{"not_picked":["EmergencyTakeOff:ReiMu","OctopathBindingBorder2:ReiMu"],"picked":"SpreadBorder2:ReiMu","floor":11},{"not_picked":["WonderfulDomain:ReiMu","Gathering:ReiMu"],"picked":"LovePray:ReiMu","floor":13},{"not_picked":["OctopathSalyBorderN:ReiMu","Shading:ReiMu"],"picked":"Authority:ReiMu","floor":16},{"not_picked":["Enchanting:ReiMu+1","Meditation:ReiMu"],"picked":"FoulBorder2:ReiMu","floor":18},{"not_picked":["LearningPray:ReiMu+1","Meditation:ReiMu"],"picked":"WonderfulDomain:ReiMu+1","floor":20},{"not_picked":["UpKicking:ReiMu+1","Intuition:ReiMu"],"picked":"Crusade:ReiMu+1","floor":22},{"not_picked":["SubAcupoint:ReiMu+1","YinYangSign:ReiMu+1"],"picked":"PhosphorusFlame:ReiMu","floor":25},{"not_picked":["OctopathBindingBorder2:ReiMu","Crusade:ReiMu"],"picked":"MikOfLucky:ReiMu","floor":27},{"not_picked":["SubcavityInstant:ReiMu","PhosphorusFlame:ReiMu"],"picked":"SubAcupoint:ReiMu+1","floor":29},{"not_picked":["Dreaming:ReiMu","PrayRite:ReiMu"],"picked":"CleanRite:ReiMu","floor":33},{"not_picked":["SpringWay:ReiMu+1","UpKicking:ReiMu"],"picked":"FantasyMoon:ReiMu","floor":35},{"not_picked":["CareerPray:ReiMu","TightArray:ReiMu+1"],"picked":"SpringWay:ReiMu","floor":37},{"not_picked":["FineLineFantasy:ReiMu","ManaGlint:ReiMu+1"],"picked":"EmergencyTakeOff:ReiMu","floor":41},{"not_picked":["SpringWay:ReiMu","Conquer:ReiMu"],"picked":"BarrageOfMoneybags:ReiMu","floor":44},{"not_picked":["Intuition:ReiMu","AirStrike:ReiMu"],"picked":"AirManeuver:ReiMu+1","floor":46},{"not_picked":["FantasyMoon:ReiMu+1","Enchanting:ReiMu"],"picked":"LearningPray:ReiMu+1","floor":47},{"not_picked":["OctopathBindingBorder2:ReiMu+1","SpreadBorder2:ReiMu+1"],"picked":"CleanRite:ReiMu","floor":48}],"player_experience":203038,"relics_obtained":[{"floor":9,"key":"Vajra"},{"floor":24,"key":"Lizard Tail"},{"floor":27,"key":"Shuriken"},{"floor":29,"key":"CaptainsWheel"},{"floor":29,"key":"Darkstone Periapt"},{"floor":43,"key":"Centennial Puzzle"}],"event_choices":[{"damage_healed":0,"gold_gain":0,"player_choice":"3 cards matched","damage_taken":0,"max_hp_gain":0,"max_hp_loss":0,"event_name":"Match and Keep!","floor":2,"gold_loss":0,"cards_obtained":["Purity","DoubleButterfly:ReiMu","YinYang:ReiMu"]},{"damage_healed":0,"gold_gain":0,"player_choice":"Became a vampire (Vial)","damage_taken":0,"max_hp_gain":0,"max_hp_loss":0,"event_name":"Vampires","floor":19,"relics_lost":["Blood Vial"],"gold_loss":0,"cards_obtained":["Bite","Bite","Bite","Bite","Bite"]},{"damage_healed":0,"gold_gain":0,"player_choice":"????","damage_taken":0,"relics_obtained":["ZunR:ReiMu"],"max_hp_gain":0,"max_hp_loss":0,"event_name":"ZunEvent","floor":21,"gold_loss":40},{"damage_healed":0,"gold_gain":0,"player_choice":"Fight","damage_taken":0,"max_hp_gain":0,"max_hp_loss":0,"event_name":"Colosseum","floor":29,"gold_loss":0},{"damage_healed":0,"gold_gain":0,"player_choice":"Fought Nobs","damage_taken":0,"max_hp_gain":0,"max_hp_loss":0,"event_name":"Colosseum","floor":29,"gold_loss":0},{"damage_healed":0,"gold_gain":100,"player_choice":"Bet on Murderer","damage_taken":0,"max_hp_gain":0,"max_hp_loss":0,"event_name":"The Joust","floor":31,"gold_loss":50},{"damage_healed":0,"gold_gain":0,"cards_transformed":["Defend_Lin:ReiMu"],"player_choice":"Transformed","damage_taken":0,"max_hp_gain":0,"max_hp_loss":0,"event_name":"Transmorgrifier","floor":38,"gold_loss":0,"cards_obtained":["OctopathBindingBorder2:ReiMu"]}],"is_beta":false,"boss_relics":[{"not_picked":["Pandora\u0027s Box","REME_DuelDisc"],"picked":"Runic Pyramid"},{"not_picked":["Busted Crown","Sozu"],"picked":"REME_ChargedStone"}],"items_purged_floors":[],"is_endless":false,"potions_floor_spawned":[3,7,11,16,18,20,22,27,33,37,44,46],"killed_by":"Awakened One","ascension_level":0}}