{"host":"v54ek091sdz7ha6h","time":1611613007,"event":{"mods":["BaseMod","Better Vampires","Colored Map","Colored Powertips","DeckTracker","Downfall","Friendly Minions","Highlight Path","KOR Keyword Fix","Minty Spire (QoL Compilation)","Rare Cards Sparkle","Relic Stats","StSLib","SuperFastMode"],"gold_per_floor":[99,109,109,135,160,183,183,15,34,34,58,58,58,85,101,188,188,188,198,212,212,130,130,181,81,81,81,99,125,125,144,164,164,164,164],"floor_reached":33,"language":"ENG","playtime":1603,"items_purged":["hexamod:Strike"],"score":524,"play_id":"98ed6cfc-d0b1-4eeb-a711-e93e650e0cc9","local_time":"20210126071647","is_ascension_mode":true,"campfire_choices":[{"data":"hexamod:Float","floor":1,"key":"SMITH"},{"data":"hexamod:SwordOfDarkness","floor":12,"key":"SMITH"},{"data":"hexamod:ForkedFlame","floor":18,"key":"SMITH"},{"data":"hexamod:EmpoweredFlame","floor":23,"key":"SMITH"},{"data":"hexamod:EmpoweredFlame","floor":25,"key":"SMITH"},{"data":"hexamod:ForkedFlame","floor":27,"key":"SMITH"},{"floor":30,"key":"REST"}],"circlet_count":0,"master_deck":["AscendersBane","hexamod:Strike","hexamod:Strike","hexamod:Defend","hexamod:Defend","hexamod:Defend","hexamod:Sear+1","hexamod:Float+1","hexamod:SecondSeal","hexamod:SwordOfDarkness+1","hexamod:InspiringFlames","hexamod:Hexaguard","hexamod:HeatMetal","hexamod:ForkedFlame+1","hexamod:ForkedFlame+1","hexamod:EmpoweredFlame+1","hexamod:GhostShield","hexamod:ThirdSeal","hexamod:FourthSeal","hexamod:FirstSeal","hexamod:EmpoweredFlame+1","hexamod:RetreatToShadows+1","hexamod:FastForward"],"relics":["hexamod:SpiritBrand","Letter Opener","Lantern","hexamod:MatchstickCase","SacredBark","downfall:HeartBlessingBlue","Dead Branch"],"acts_visited":["Exordium","TheCity"],"potions_floor_usage":[14,16,16,29,33],"damage_taken":[{"damage":3,"enemies":"Small Slimes","floor":2,"turns":4},{"damage":2,"enemies":"Jaw Worm","floor":4,"turns":4},{"damage":3,"enemies":"2 Louse","floor":5,"turns":5},{"damage":2,"enemies":"2 Fungi Beasts","floor":6,"turns":3},{"damage":0,"enemies":"downfall:FleeingMerchant","floor":8,"turns":4},{"damage":1,"enemies":"Exordium Wildlife","floor":9,"turns":4},{"damage":0,"enemies":"Blue Slaver","floor":11,"turns":4},{"damage":7,"enemies":"Lagavulin","floor":14,"turns":5},{"damage":0,"enemies":"2 Fungi Beasts","floor":15,"turns":3},{"damage":24,"enemies":"SI_SHIV_ARCHETYPE","floor":16,"turns":6},{"damage":3,"enemies":"3 Byrds","floor":19,"turns":4},{"damage":0,"enemies":"Chosen","floor":20,"turns":3},{"damage":6,"enemies":"downfall:FleeingMerchant","floor":22,"turns":4},{"damage":16,"enemies":"Centurion and Healer","floor":28,"turns":5},{"damage":0,"enemies":"Snecko","floor":29,"turns":5},{"damage":42,"enemies":"Cultist and Chosen","floor":31,"turns":6},{"damage":3,"enemies":"3 Cultists","floor":32,"turns":5},{"damage":25,"enemies":"IC_MUSHROOM_ARCHETYPE","floor":33,"turns":4}],"seed_played":"-4802966546856715555","potions_obtained":[{"floor":5,"key":"hexamod:EctoCoolerPotion"},{"floor":9,"key":"Swift Potion"},{"floor":15,"key":"Swift Potion"},{"floor":16,"key":"hexamod:EctoCoolerPotion"},{"floor":20,"key":"Strength Potion"},{"floor":22,"key":"Block Potion"},{"floor":32,"key":"Slimebound:ThreeZeroPotion"}],"is_trial":false,"path_per_floor":["R","M","?","M","M","M","T","$","M","?","M","R","?","E","M","B",null,"R","M","M","?","$","R","T","R","T","R","M","M","R","M","M","B"],"character_chosen":"THE_SPIRIT","items_purchased":["Lantern"],"campfire_rested":1,"item_purchase_floors":[8],"current_hp_per_floor":[57,54,54,52,49,47,47,47,46,46,46,46,46,39,39,15,51,51,48,48,41,42,42,42,52,52,52,36,36,57,15,19,0,0,0],"gold":164,"neow_bonus":"UPGRADE_CARD","is_daily":false,"chose_seed":false,"campfire_upgraded":6,"win_rate":0.0,"timestamp":1611613007,"path_taken":["R","M","?","M","M","M","T","$","M","?","M","R","?","E","M","BOSS","R","M","M","?","$","R","T","R","?","R","M","M","R","M","M","BOSS"],"items_purchased_type":["Relic"],"build_version":"2020-12-22","purchased_purges":1,"victory":false,"max_hp_per_floor":[63,63,63,63,63,63,63,63,63,63,63,63,63,63,63,63,63,63,63,63,63,63,63,63,73,73,73,73,73,73,73,73,73,73,73],"relic_stats":{"counters":[18,78],"Dead Branch":[49],"Letter Opener":[107],"obtain_stats":[{"Lantern":8,"downfall:HeartBlessingBlue":25,"SacredBark":17,"Dead Branch":26,"Letter Opener":7,"hexamod:SpiritBrand":0,"hexamod:MatchstickCase":14},{"Lantern":5,"downfall:HeartBlessingBlue":13,"SacredBark":10,"Dead Branch":13,"Letter Opener":4,"hexamod:SpiritBrand":0,"hexamod:MatchstickCase":8},{"Lantern":20,"downfall:HeartBlessingBlue":53,"SacredBark":42,"Dead Branch":53,"Letter Opener":16,"hexamod:SpiritBrand":0,"hexamod:MatchstickCase":33}]},"card_choices":[{"not_picked":["hexamod:ShieldOfDarkness","hexamod:NightmareGuise"],"picked":"hexamod:SecondSeal","floor":2},{"not_picked":["hexamod:ChargedBarrage","hexamod:PhantomFireball"],"picked":"hexamod:FastForward","floor":4},{"not_picked":["hexamod:HeatMetal","hexamod:NightmareGuise"],"picked":"hexamod:SwordOfDarkness","floor":5},{"not_picked":["hexamod:FastForward","hexamod:ApocalypseNow"],"picked":"hexamod:InspiringFlames","floor":6},{"not_picked":["hexamod:BacktrackSmack","hexamod:RecurringNightmare"],"picked":"hexamod:Hexaguard","floor":8},{"not_picked":["hexamod:NightmareStrike","hexamod:NightmareGuise","hexamod:SpectersWail"],"picked":"SKIP","floor":9},{"not_picked":["hexamod:BacktrackSmack","hexamod:BurningTouch","hexamod:FlamesFromBeyond"],"picked":"SKIP","floor":11},{"not_picked":["hexamod:NightmareGuise","hexamod:ShieldOfDarkness","hexamod:SecondSeal"],"picked":"SKIP","floor":14},{"not_picked":["hexamod:Firestarter","hexamod:InspiringFlames"],"picked":"hexamod:ForkedFlame","floor":15},{"not_picked":["hexamod:TimeWarp","hexamod:VolcanoVisage"],"picked":"hexamod:ForkedFlame","floor":16},{"not_picked":["hexamod:StepThrough","hexamod:HeatMetal"],"picked":"hexamod:EmpoweredFlame","floor":19},{"not_picked":["hexamod:FlamesFromBeyond+1","hexamod:RecurringNightmare+1"],"picked":"hexamod:GhostShield","floor":20},{"not_picked":["hexamod:BurningTouch","hexamod:ApocalypseNow"],"picked":"hexamod:EmpoweredFlame","floor":22},{"not_picked":["hexamod:Firestarter","hexamod:ShieldOfDarkness"],"picked":"hexamod:RetreatToShadows+1","floor":22},{"not_picked":["hexamod:Hexaguard","hexamod:HeatMetal"],"picked":"hexamod:FastForward","floor":28},{"not_picked":["hexamod:NightmareGuise","hexamod:FastForward","hexamod:BacktrackSmack"],"picked":"SKIP","floor":28},{"not_picked":["hexamod:HeatCrush","hexamod:BurningTouch","hexamod:Incineration"],"picked":"SKIP","floor":29},{"not_picked":["hexamod:GhostShield","hexamod:EtherealExpedition","hexamod:Hexaguard"],"picked":"SKIP","floor":31},{"not_picked":["hexamod:RainOfEmbers","hexamod:EtherealExpedition","hexamod:ThermalTransfer"],"picked":"SKIP","floor":32}],"player_experience":1718175,"relics_obtained":[{"floor":7,"key":"Letter Opener"},{"floor":14,"key":"hexamod:MatchstickCase"},{"floor":26,"key":"Dead Branch"}],"event_choices":[{"damage_healed":0,"gold_gain":0,"cards_transformed":["hexamod:Defend"],"player_choice":"Change","damage_taken":0,"max_hp_gain":0,"max_hp_loss":0,"event_name":"Living Wall","floor":13,"gold_loss":0,"cards_obtained":["hexamod:HeatMetal"]}],"is_beta":false,"boss_relics":[{"not_picked":["Tiny House","Fusion Hammer"],"picked":"SacredBark"}],"items_purged_floors":[22],"is_endless":false,"potions_floor_spawned":[5,9,11,15,16,20,28],"killed_by":"IC_MUSHROOM_ARCHETYPE","ascension_level":18}}