{"host":"d7fiu2yjkssjxoz6","time":1611617031,"event":{"mods":["AchievementEnabler","BaseMod","Duelist Mod","Minty Spire (QoL Compilation)","StSLib"],"gold_per_floor":[142,142,5,22,32,32,64,64,64,96,112,138,138,164,164,164,164],"floor_reached":16,"language":"ENG","playtime":1164,"items_purged":[],"score":232,"play_id":"a25cd276-4ef2-47b3-b812-ae034a337e07","local_time":"20210125152351","is_ascension_mode":true,"campfire_choices":[{"data":"theDuelist:StatueAnguishPattern","floor":6,"key":"SMITH"},{"data":"Transmutation","floor":8,"key":"SMITH"},{"floor":13,"key":"REST"},{"data":"theDuelist:IrisEarthMother","floor":15,"key":"SMITH"}],"circlet_count":0,"master_deck":["Doubt","theDuelist:VeilDarkness","theDuelist:Sparks","Transmutation+1","theDuelist:BabyDragon","theDuelist:CastleWalls","theDuelist:NeoMagic","theDuelist:IrisEarthMother+1","theDuelist:MysticalElf","AscendersBane","theDuelist:LesserDragon","theDuelist:MirageDragon","theDuelist:CastleWalls","theDuelist:BlackStego","theDuelist:DarkMagician+1","theDuelist:WeepingIdol","theDuelist:YamataDragon+1","theDuelist:StatueAnguishPattern+1","theDuelist:CyberDinosaur+1","theDuelist:BlackStego+1","theDuelist:DefenseZone+1","theDuelist:DragonShield"],"relics":["theDuelist:MillenniumPuzzle","theDuelist:CardPoolRelic","theDuelist:CardPoolBasicRelic","theDuelist:BoosterPackPoolRelic","theDuelist:CardPoolAddRelic","theDuelist:CardPoolMinusRelic","theDuelist:CardPoolSaveRelic","theDuelist:CardPoolOptionsRelic","Tingsha","Paper Crane","Molten Egg 2","theDuelist:BlessingAnubis","Whetstone"],"acts_visited":["Exordium"],"potions_floor_usage":[],"damage_taken":[{"damage":0.0,"enemies":"Cultist","floor":1.0,"turns":3.0},{"damage":0.0,"enemies":"2 Louse","floor":4.0,"turns":4.0},{"damage":0,"enemies":"Jaw Worm","floor":5,"turns":3},{"damage":12,"enemies":"Lagavulin","floor":7,"turns":8},{"damage":15,"enemies":"Red Slaver","floor":10,"turns":6},{"damage":0,"enemies":"3 Louse","floor":11,"turns":5},{"damage":16,"enemies":"Gremlin Nob","floor":12,"turns":3},{"damage":0,"enemies":"Lagavulin","floor":14,"turns":6},{"damage":53,"enemies":"Hexaghost","floor":16,"turns":9}],"seed_played":"-6677811673507137409","potions_obtained":[{"floor":1.0,"key":"theDuelist:TokenPotion"},{"floor":4,"key":"theDuelist:FireBottle"}],"is_trial":false,"path_per_floor":["M","?","$","M","M","R","E","R","T","M","M","E","R","E","R","B"],"character_chosen":"THE_DUELIST","items_purchased":["theDuelist:StatueAnguishPattern","theDuelist:VeilDarkness"],"campfire_rested":1,"item_purchase_floors":[3,3],"current_hp_per_floor":[72,72,72,72,72,72,60,60,60,45,45,29,53,53,53,0,0],"gold":164,"neow_bonus":"ONE_RARE_RELIC","is_daily":false,"chose_seed":false,"campfire_upgraded":3,"win_rate":0.0,"timestamp":1611617031,"path_taken":["M","?","?","?","?","R","E","R","T","M","M","E","R","E","R","BOSS"],"items_purchased_type":["Card","Card"],"build_version":"2020-12-22","purchased_purges":0,"victory":false,"max_hp_per_floor":[80,80,80,80,80,80,80,80,80,80,80,80,80,80,80,80,80],"card_choices":[{"not_picked":["Dark Shackles","Forethought","Jack Of All Trades"],"picked":"Transmutation","floor":1.0},{"not_picked":["theDuelist:RainbowDarkDragon","theDuelist:RainbowMagician","theDuelist:RainbowKuriboh","theDuelist:RainbowOverdragon"],"picked":"theDuelist:IrisEarthMother","floor":4},{"not_picked":["theDuelist:TwinBarrelDragon","theDuelist:RedRisingDragon","theDuelist:GeminiElf","theDuelist:SilverDragon"],"picked":"theDuelist:MirageDragon","floor":5},{"not_picked":["theDuelist:LightningRodLord","theDuelist:PreventRat","theDuelist:LightningVortex","theDuelist:RainbowOverdragon"],"picked":"theDuelist:WeepingIdol","floor":7},{"not_picked":["theDuelist:MirageDragon+1","theDuelist:TwinHeadedFire+1","theDuelist:YamataDragon+1","theDuelist:SilentDoom+1"],"picked":"theDuelist:CyberDinosaur+1","floor":10},{"not_picked":["theDuelist:BarrelDragon+1","theDuelist:BlackTyranno+1","theDuelist:MadFlameKaiju+1","theDuelist:TrihornedDragon+1"],"picked":"theDuelist:BlackStego+1","floor":11},{"not_picked":["theDuelist:DragonCaptureJar","theDuelist:VeilDarkness+1","theDuelist:ExodiaHead","theDuelist:TyrantWing"],"picked":"theDuelist:DefenseZone+1","floor":12},{"not_picked":["theDuelist:Earthquake+1","theDuelist:StampingDestruction+1","theDuelist:BerserkerSoul","theDuelist:CyberEmergency"],"picked":"theDuelist:DragonShield","floor":14}],"player_experience":293663,"relics_obtained":[{"floor":7,"key":"Paper Crane"},{"floor":9,"key":"Molten Egg 2"},{"floor":12,"key":"theDuelist:BlessingAnubis"},{"floor":14,"key":"Whetstone"}],"event_choices":[{"damage_healed":0.0,"max_hp_gain":0.0,"max_hp_loss":0.0,"gold_gain":0.0,"cards_transformed":["theDuelist:Sparks"],"event_name":"Transmorgrifier","player_choice":"Transformed","floor":2.0,"gold_loss":0.0,"damage_taken":0.0,"cards_obtained":["theDuelist:BlackStego"]}],"is_beta":false,"boss_relics":[],"items_purged_floors":[],"is_endless":false,"potions_floor_spawned":[1,4,11,14],"killed_by":"Hexaghost","ascension_level":12}}