{"host":"jumrmhf584hajrnz","time":1611599463,"event":{"mods":["BaseMod","Duelist Mod","GifTheSpireLib","Minty Spire (QoL Compilation)","Quick Restart","Replay The Spire","StSLib"],"gold_per_floor":[142,217,217,123,123,148,159,159,159,172,185,217,217,242,242,319,319,336,348,366,378,378,407,407,439,439,452,452,133,149,94,94,168,168,182,182,182,182,182],"floor_reached":38,"language":"ENG","playtime":2780,"items_purged":[],"score":1239,"play_id":"ba8c3695-1870-403f-8afb-a2aaf3724725","local_time":"20210125193103","is_ascension_mode":true,"campfire_choices":[{"floor":8,"key":"RECALL"},{"data":"theDuelist:DarkPaladin","floor":13,"key":"SMITH"},{"data":"theDuelist:RainbowDarkDragon","floor":15,"key":"SMITH"},{"floor":24,"key":"REST"},{"floor":28,"key":"REST"},{"data":"theDuelist:AltarTribute","floor":32,"key":"SMITH"}],"circlet_count":0,"master_deck":["AscendersBane","theDuelist:CastleWalls","theDuelist:CastleWalls","theDuelist:DarkMagician","theDuelist:MysticalElf","theDuelist:MysticalElf+1","theDuelist:NeoMagic","theDuelist:NeoMagic","theDuelist:Sparks","theDuelist:Sparks+1","theDuelist:Sparks","theDuelist:BadReaction","theDuelist:InjectionFairy","theDuelist:Yami","theDuelist:InjectionFairy","theDuelist:IrisEarthMother","theDuelist:InjectionFairy","theDuelist:DarkPaladin+1","theDuelist:RainbowDarkDragon+1","theDuelist:Wildfire","theDuelist:RainbowMagician+1","theDuelist:Illusionist","theDuelist:NeoMagic","theDuelist:Illusionist","theDuelist:IrisEarthMother","theDuelist:BadReaction+1","theDuelist:InjectionFairy","theDuelist:Yami","theDuelist:AltarTribute+1","theDuelist:QueenDragunDjinn","AbeCurse","theDuelist:Yami","Madness","Madness"],"relics":["theDuelist:MillenniumPuzzle","theDuelist:CardPoolRelic","theDuelist:CardPoolBasicRelic","theDuelist:BoosterPackPoolRelic","theDuelist:CardPoolAddRelic","theDuelist:CardPoolMinusRelic","theDuelist:CardPoolSaveRelic","theDuelist:CardPoolOptionsRelic","NeowsBlessing","Magic Flower","Bottled Flame","theDuelist:ZombieRelic","Ooze Armor","ReplayTheSpireMod:Spearhead","HornCleat","Ancient Tea Set","Matryoshka","Bottled Lightning","Replay:Grab Bag","Abe\u0027s Treasure","Cursed Key","Empty Cage"],"acts_visited":["Exordium","TheCity","TheBeyond"],"potions_floor_usage":[16,23,25,35,35],"damage_taken":[{"damage":0,"enemies":"Jaw Worm","floor":1,"turns":1},{"damage":0,"enemies":"Replay:BlueRogue","floor":6,"turns":1},{"damage":0,"enemies":"Small Slimes","floor":7,"turns":1},{"damage":7,"enemies":"Cultist","floor":10,"turns":4},{"damage":3,"enemies":"Gremlin Gang","floor":11,"turns":6},{"damage":35,"enemies":"Gremlin Nob","floor":12,"turns":6},{"damage":1,"enemies":"Lagavulin","floor":14,"turns":5},{"damage":27,"enemies":"Slime Boss","floor":16,"turns":10},{"damage":18,"enemies":"Shell Parasite","floor":18,"turns":7},{"damage":13,"enemies":"3 Byrds","floor":19,"turns":5},{"damage":8,"enemies":"Snake Plant","floor":20,"turns":3},{"damage":25,"enemies":"Snecko","floor":21,"turns":6},{"damage":62,"enemies":"Book of Stabbing","floor":23,"turns":10},{"damage":48,"enemies":"Slavers","floor":25,"turns":7},{"damage":1,"enemies":"Chosen and Byrds","floor":27,"turns":5},{"damage":20,"enemies":"3 Cultists","floor":30,"turns":5},{"damage":51,"enemies":"Pondfish","floor":33,"turns":16},{"damage":8,"enemies":"3 Shapes","floor":35,"turns":5},{"damage":80,"enemies":"3 Shapes","floor":38,"turns":7}],"seed_played":"1333502640338101764","potions_obtained":[{"floor":1,"key":"theDuelist:BarricadePotion"},{"floor":12,"key":"AttackPotion"},{"floor":16,"key":"Swift Potion"},{"floor":18,"key":"Regen Potion"},{"floor":19,"key":"AttackPotion"},{"floor":20,"key":"theDuelist:DestructPotionPotB"},{"floor":27,"key":"theDuelist:VampireVial"},{"floor":33,"key":"theDuelist:WaterBottle"}],"is_trial":false,"path_per_floor":["M","?","?","$","?","E","M","R","T","M","M","E","R","E","R","B",null,"M","M","M","M","?","E","R","E","T","M","R","$","M","$","R","B",null,"M","?","$","?"],"character_chosen":"THE_DUELIST","items_purchased":["theDuelist:InjectionFairy","theDuelist:GoblinSecret","theDuelist:GoblinSecret","Bottled Lightning","theDuelist:AltarTribute"],"campfire_rested":2,"item_purchase_floors":[4,4,29,29,31],"current_hp_per_floor":[63,52,31,31,31,35,41,41,41,46,55,50,50,61,61,61,68,70,69,62,55,55,23,44,14,14,33,54,54,58,58,58,49,65,62,49,49,0,0],"gold":182,"neow_bonus":"THREE_ENEMY_KILL","is_daily":false,"chose_seed":false,"campfire_upgraded":3,"win_rate":0.0,"timestamp":1611599463,"path_taken":["M","?","?","$","?","E","M","R","T","M","?","E","R","E","R","BOSS","M","?","M","M","?","E","R","E","T","M","R","$","M","$","R","BOSS","M","?","$","?"],"items_purchased_type":["Card","Card","Card","Relic","Card"],"build_version":"2020-12-22","purchased_purges":0,"victory":false,"max_hp_per_floor":[70,70,70,70,70,70,70,70,70,70,70,70,70,70,70,70,70,70,70,70,70,70,70,70,70,70,70,70,70,70,70,70,70,70,70,70,70,70,70],"card_choices":[{"not_picked":["theDuelist:WhiteHowling","theDuelist:StatueAnguishPattern","theDuelist:TimeWizard"],"picked":"theDuelist:BadReaction","floor":1},{"not_picked":["theDuelist:BlizzardWarrior","theDuelist:WhiteMagicalHat","theDuelist:MindAir","theDuelist:BookSecret"],"picked":"theDuelist:Yami","floor":6},{"not_picked":[],"picked":"theDuelist:InjectionFairy","floor":7},{"not_picked":["theDuelist:ExodiaHead","theDuelist:SwordsBurning"],"picked":"theDuelist:IrisEarthMother","floor":10},{"not_picked":["theDuelist:ThousandEyesIdol","theDuelist:Illusionist","theDuelist:ExodiaLL","theDuelist:CosmicHorrorGangiel"],"picked":"theDuelist:InjectionFairy","floor":11},{"not_picked":["theDuelist:SwordsRevealing","theDuelist:ThousandEyesRestrict"],"picked":"theDuelist:DarkPaladin","floor":12},{"not_picked":["theDuelist:ExodiaHead","theDuelist:VoidVanishment"],"picked":"theDuelist:RainbowDarkDragon","floor":14},{"not_picked":["theDuelist:ExodiaHead","theDuelist:RainbowDarkDragon","theDuelist:SwordsRevealing","theDuelist:SangaWater"],"picked":"theDuelist:Wildfire","floor":16},{"not_picked":["theDuelist:RainbowDarkDragon","theDuelist:IrisEarthMother","theDuelist:RainbowKuriboh","theDuelist:RainbowOverdragon"],"picked":"theDuelist:RainbowMagician+1","floor":18},{"not_picked":["theDuelist:SangaThunder","theDuelist:BlueDragonSummoner","theDuelist:OnslaughtFireKings","theDuelist:SpellShatteringArrow"],"picked":"theDuelist:Illusionist","floor":19},{"not_picked":["theDuelist:SangaThunder","theDuelist:LordD","theDuelist:CallAtlanteans","theDuelist:OnslaughtFireKings"],"picked":"theDuelist:NeoMagic","floor":20},{"not_picked":["theDuelist:CircleFireKings+1","theDuelist:CosmoBrain","theDuelist:PowerKaishin","theDuelist:LordD"],"picked":"theDuelist:Illusionist","floor":21},{"not_picked":["theDuelist:ExodiaHead","theDuelist:Wildfire","theDuelist:GateGuardian","theDuelist:SangaWater"],"picked":"theDuelist:IrisEarthMother","floor":23},{"not_picked":["theDuelist:WhiteHowling","theDuelist:MagiciansRod","theDuelist:MindAir","theDuelist:MagiciansRobe"],"picked":"theDuelist:BadReaction+1","floor":25},{"not_picked":["theDuelist:OnslaughtFireKings","theDuelist:MysticalElf+1","theDuelist:CallAtlanteans","theDuelist:ExodiaRL"],"picked":"theDuelist:InjectionFairy","floor":27},{"not_picked":["theDuelist:MagiciansRobe","theDuelist:StatueAnguishPattern","theDuelist:WonderWand"],"picked":"theDuelist:Yami","floor":30},{"not_picked":["theDuelist:ExodiaNecross","theDuelist:Wildfire","theDuelist:SwordsRevealing","theDuelist:SangaWater+1"],"picked":"theDuelist:QueenDragunDjinn","floor":33},{"not_picked":["theDuelist:MagiciansRobe","theDuelist:VoidExpansion","theDuelist:GoblinSecret","theDuelist:WonderWand+1"],"picked":"theDuelist:Yami","floor":35}],"player_experience":1527531,"relics_obtained":[{"floor":6,"key":"Magic Flower"},{"floor":12,"key":"Bottled Flame"},{"floor":14,"key":"theDuelist:ZombieRelic"},{"floor":23,"key":"HornCleat"},{"floor":25,"key":"Ancient Tea Set"},{"floor":26,"key":"Matryoshka"}],"event_choices":[{"damage_healed":0,"gold_gain":75,"player_choice":"Gather Gold","damage_taken":11,"max_hp_gain":0,"max_hp_loss":0,"event_name":"World of Goop","floor":2,"gold_loss":0},{"damage_healed":0,"gold_gain":0,"player_choice":"Entered Light","damage_taken":21,"max_hp_gain":0,"max_hp_loss":0,"event_name":"Shining Light","floor":3,"gold_loss":0,"cards_upgraded":["theDuelist:MysticalElf","theDuelist:Sparks"]},{"damage_healed":0,"gold_gain":0,"player_choice":"Leave","duelist":true,"damage_taken":0,"max_hp_gain":0,"max_hp_loss":0,"event_name":"Visit from Anubis","floor":5,"gold_loss":0},{"damage_healed":0,"gold_gain":0,"player_choice":"Leave","duelist":true,"damage_taken":0,"max_hp_gain":0,"max_hp_loss":0,"event_name":"Relic Duplicator","floor":22,"gold_loss":0},{"damage_healed":0,"gold_gain":0,"player_choice":"Embrace Madness","damage_taken":13,"max_hp_gain":0,"max_hp_loss":0,"event_name":"Winding Halls","floor":36,"gold_loss":0,"cards_obtained":["Madness","Madness"]},{"damage_healed":0,"gold_gain":0,"player_choice":"Fight","duelist":true,"damage_taken":0,"max_hp_gain":0,"max_hp_loss":0,"event_name":"Battle City","floor":38,"gold_loss":0}],"is_beta":false,"boss_relics":[{"not_picked":["Runic Cube","Runic Dome"],"picked":"Ooze Armor"},{"not_picked":["SacredBark","HoveringKite"],"picked":"Replay:Grab Bag"},{"not_picked":["Philosopher\u0027s Stone","Busted Crown"],"picked":"Abe\u0027s Treasure"},{"not_picked":["theDuelist:GamblerChip","Painkiller Herb"],"picked":"Cursed Key"},{"not_picked":["Pandora\u0027s Box","Kintsugi"],"picked":"Empty Cage"}],"items_purged_floors":[],"is_endless":false,"potions_floor_spawned":[1,12,16,18,19,20,27,33],"killed_by":"3 Shapes","ascension_level":20}}