{"host":"sygfylmorsvdndbx","time":1611549520,"event":{"mods":["AchievementEnabler","BaseMod","Highlight Path","Minty Spire (QoL Compilation)","Permanent Neow","Quick Restart","Relic Stats"],"gold_per_floor":[117,117,217,233,252,252,263,263,263,277,309,309,342,352,352,452,452,471,491,511,526,526,526,526],"floor_reached":23,"language":"ENG","playtime":1897,"items_purged":[],"score":267,"play_id":"ecb4fcc6-30bc-4034-8742-b5cc7eaa75bf","local_time":"20210124233840","is_ascension_mode":true,"campfire_choices":[{"data":"Dualcast","floor":6,"key":"SMITH"},{"data":"Zap","floor":8,"key":"SMITH"},{"floor":15,"key":"REST"}],"circlet_count":0,"master_deck":["Strike_B","Strike_B","Defend_B","Defend_B","Zap+1","Dualcast+1","Ball Lightning","Reinforced Body","Steam","Double Energy","Reboot+1","Reinforced Body+1","Multi-Cast+1","Coolheaded+1","Consume+1","White Noise+1","Aggregate+1"],"relics":["Cracked Core","Question Card","Bottled Lightning","Toxic Egg 2","Black Star"],"acts_visited":["Exordium","TheCity"],"potions_floor_usage":[13,13,21,23],"damage_taken":[{"damage":0,"enemies":"Small Slimes","floor":1,"turns":3},{"damage":0,"enemies":"Cultist","floor":4,"turns":2},{"damage":0,"enemies":"2 Louse","floor":5,"turns":2},{"damage":12,"enemies":"Gremlin Gang","floor":7,"turns":5},{"damage":12,"enemies":"3 Louse","floor":10,"turns":2},{"damage":17,"enemies":"Lagavulin","floor":11,"turns":6},{"damage":7,"enemies":"Gremlin Nob","floor":13,"turns":4},{"damage":2,"enemies":"Lots of Slimes","floor":14,"turns":4},{"damage":11,"enemies":"Hexaghost","floor":16,"turns":10},{"damage":6,"enemies":"Spheric Guardian","floor":18,"turns":3},{"damage":1,"enemies":"Chosen","floor":19,"turns":3},{"damage":7,"enemies":"Snake Plant","floor":20,"turns":4},{"damage":6,"enemies":"Shelled Parasite and Fungi","floor":21,"turns":6},{"damage":41,"enemies":"Book of Stabbing","floor":23,"turns":4}],"seed_played":"5855733609808147695","potions_obtained":[{"floor":1,"key":"SneckoOil"},{"floor":5,"key":"Weak Potion"},{"floor":11,"key":"ColorlessPotion"},{"floor":18,"key":"Regen Potion"},{"floor":21,"key":"SpeedPotion"}],"is_trial":false,"path_per_floor":["M","?","?","M","M","R","M","R","T","M","E","?","E","M","R","B",null,"M","M","M","M","?","E"],"character_chosen":"DEFECT","items_purchased":[],"campfire_rested":1,"item_purchase_floors":[],"current_hp_per_floor":[68,61,61,61,61,61,49,49,49,37,20,20,13,11,31,20,56,50,49,42,36,24,0,0],"gold":526,"neow_bonus":"REMOVE_TWO","is_daily":false,"chose_seed":false,"campfire_upgraded":2,"win_rate":0.0,"timestamp":1611549520,"path_taken":["M","?","?","M","?","R","M","R","T","M","E","?","E","M","R","BOSS","M","?","M","M","?","E"],"items_purchased_type":[],"build_version":"2020-12-22","purchased_purges":0,"victory":false,"max_hp_per_floor":[68,68,68,68,68,68,68,68,68,68,68,68,68,68,68,68,68,68,68,68,68,73,73,73],"relic_stats":{"counters":[14,58],"Black Star":0,"Question Card":9,"obtain_stats":[{"Black Star":17,"Bottled Lightning":11,"Toxic Egg 2":13,"Cracked Core":0,"Question Card":9},{"Black Star":9,"Bottled Lightning":6,"Toxic Egg 2":7,"Cracked Core":0,"Question Card":4},{"Black Star":38,"Bottled Lightning":20,"Toxic Egg 2":24,"Cracked Core":0,"Question Card":12}]},"card_choices":[{"not_picked":["Blizzard","Turbo"],"picked":"Ball Lightning","floor":1},{"not_picked":["Hologram","Rebound"],"picked":"Reinforced Body","floor":4},{"not_picked":["Heatsinks","Reboot","Leap"],"picked":"SKIP","floor":5},{"not_picked":["Turbo","Reprogram"],"picked":"Steam","floor":7},{"not_picked":["Hologram","Capacitor","Recycle","Skim"],"picked":"SKIP","floor":10},{"not_picked":["Hologram","Capacitor","Recycle","Skim"],"picked":"SKIP","floor":10},{"not_picked":["Undo","Redo","Streamline"],"picked":"Double Energy","floor":11},{"not_picked":["Rebound","Steam Power+1","Ball Lightning"],"picked":"Reboot+1","floor":13},{"not_picked":["Sweeping Beam","Force Field+1","Gash"],"picked":"Reinforced Body+1","floor":14},{"not_picked":["Creative AI","Meteor Strike","All For One"],"picked":"Multi-Cast+1","floor":16},{"not_picked":["Steam+1","Rebound","Hello World"],"picked":"Coolheaded+1","floor":18},{"not_picked":["FTL+1","Turbo+1","Coolheaded+1"],"picked":"Consume+1","floor":19},{"not_picked":["Conserve Battery+1","Compile Driver+1","Genetic Algorithm+1"],"picked":"White Noise+1","floor":20},{"not_picked":["Coolheaded+1","Cold Snap","Rebound+1"],"picked":"Aggregate+1","floor":21}],"player_experience":313015,"relics_obtained":[{"floor":9,"key":"Question Card"},{"floor":11,"key":"Bottled Lightning"},{"floor":13,"key":"Toxic Egg 2"}],"event_choices":[{"cards_removed":["Strike_B"],"damage_healed":0,"gold_gain":0,"player_choice":"Card Removal","damage_taken":7,"max_hp_gain":0,"max_hp_loss":0,"event_name":"Golden Wing","floor":2,"gold_loss":0},{"damage_healed":0,"gold_gain":100,"player_choice":"Pray","damage_taken":0,"max_hp_gain":0,"max_hp_loss":0,"event_name":"Golden Shrine","floor":3,"gold_loss":0},{"cards_removed":["Defend_B"],"damage_healed":0,"gold_gain":0,"player_choice":"Purged","damage_taken":0,"max_hp_gain":0,"max_hp_loss":0,"event_name":"Purifier","floor":12,"gold_loss":0},{"damage_healed":0,"gold_gain":0,"player_choice":"Shed Blood","damage_taken":17,"max_hp_gain":5,"max_hp_loss":0,"event_name":"Forgotten Altar","floor":22,"gold_loss":0}],"is_beta":false,"boss_relics":[{"not_picked":["Runic Pyramid","Ectoplasm"],"picked":"Black Star"}],"items_purged_floors":[],"is_endless":false,"potions_floor_spawned":[1,5,11,18,21],"killed_by":"Book of Stabbing","ascension_level":6}}