{"host":"ss2ocoam53r2lno0","time":1611588447,"event":{"mods":["Act Like it!","BaseMod","ChefMod","Clockwork Mod","Colored Powertips","Curses Come First","Displayed Cursed Tome","Downfall","Evolution","Googly Eyes","Hallownest","Highlight Path","Minty Spire (QoL Compilation)","Poor People Problems","Rare Cards Sparkle","Robot Space Explorer","Shade Mod","Shop Mod","Spicy Shops","StSLib","The Marked"],"gold_per_floor":[113,38,57,57,67,102,102,102,102,102,102],"floor_reached":10,"language":"ENG","playtime":979,"items_purged":["Clockwork:Shield"],"score":125,"play_id":"0792945e-42c3-4c3f-a11b-8c8729f9c1ba","local_time":"20210125162727","is_ascension_mode":true,"campfire_choices":[{"floor":8,"key":"REST"}],"circlet_count":0,"master_deck":["AscendersBane","Clockwork:Strike","Clockwork:Strike","Clockwork:Strike","Clockwork:Strike","Clockwork:Shield","Clockwork:Shield","Clockwork:Shield","Clockwork:Tinker","Clockwork:WarmUp","Clockwork:ChargingShield","Clockwork:SearingStrike"],"relics":["Clockwork:MomentumEngine","EVO:Axolotl","NeowsBlessing","Mercury Hourglass","Vajra"],"acts_visited":["Exordium"],"potions_floor_usage":[6,6],"damage_taken":[{"damage":1,"enemies":"Cultist","floor":1,"turns":5},{"damage":0,"enemies":"2 Louse","floor":3,"turns":4},{"damage":1,"enemies":"Small Slimes","floor":5,"turns":9},{"damage":43,"enemies":"3 Sentries","floor":6,"turns":27},{"damage":54,"enemies":"Lagavulin","floor":10,"turns":20}],"seed_played":"-4171874912526866598","potions_obtained":[{"floor":1,"key":"EssenceOfSteel"},{"floor":5,"key":"EssenceOfSteel"}],"is_trial":false,"path_per_floor":["M","$","M","$","M","E","?","R","T","E"],"character_chosen":"CLOCKWORK","items_purchased":[],"campfire_rested":1,"item_purchase_floors":[],"current_hp_per_floor":[70,70,70,70,69,26,26,49,49,0,0],"gold":102,"neow_bonus":"THREE_ENEMY_KILL","is_daily":false,"chose_seed":false,"campfire_upgraded":0,"win_rate":0.0,"timestamp":1611588447,"path_taken":["M","$","M","$","?","E","?","R","T","E"],"items_purchased_type":[],"build_version":"2020-12-22","purchased_purges":1,"victory":false,"max_hp_per_floor":[79,79,79,79,79,79,79,79,79,79,79],"card_choices":[{"not_picked":["Clockwork:Selectivity","Clockwork:MechanicalMass"],"picked":"Clockwork:ChargingShield","floor":1},{"not_picked":["Clockwork:HoardingStrike","Clockwork:ReserveSystems","Clockwork:MechanicalBulk"],"picked":"SKIP","floor":3},{"not_picked":["Clockwork:OccamsRazor","Clockwork:Roundhouse"],"picked":"Clockwork:SearingStrike","floor":5},{"not_picked":["Clockwork:RitualDaggerMk0","Clockwork:CogShield","Clockwork:SystemHardening"],"picked":"SKIP","floor":6}],"player_experience":846777,"relics_obtained":[{"floor":6,"key":"Mercury Hourglass"},{"floor":9,"key":"Vajra"}],"event_choices":[{"damage_healed":0,"gold_gain":0,"player_choice":"Ignored","damage_taken":0,"max_hp_gain":0,"max_hp_loss":0,"event_name":"Shining Light","floor":7,"gold_loss":0}],"is_beta":false,"boss_relics":[],"items_purged_floors":[2],"is_endless":false,"potions_floor_spawned":[1,5],"killed_by":"Lagavulin","ascension_level":18}}