{"host":"jfbo3eu2ui08ej1u","time":1611559200,"event":{"mods":["2.2 Compatiblity","AchievementEnabler","Act Like it!","Aspiration","BaseMod","Better Altar","Better Match","Better Note","Better Sensory Stone","Better Skull","Better Third Choice","Block Reminder","Colored Map","Colored Powertips","Conspire","DeckTracker","Displayed Cursed Tome","Energized Spire","Fox Events","GifTheSpireLib","Hubris","Infinite Spire","Marked Mod","Minty Spire (QoL Compilation)","Pale of the Ancients","Poor People Problems","Quick Restart","Relic Filter","Reliquary","Reorder Act Four","Replay The Spire","Shop Mod","Spicy Shops","Spire Arcade","StSLib","Stuff the Spire","The Blue Laboratory","The Disciple","The Forsaken","The Hierophant","The Marked","Uncapped","Unceasing Turn Reminder","Wandering Minibosses"],"gold_per_floor":[110,128,128,128,143,175,4,4,28,28,43,55,74,109,109,183,183,203,219,219,219,238,238,238,238],"floor_reached":24,"language":"ENG","playtime":889,"items_purged":["Strike_P"],"score":441,"play_id":"ed4f2d1d-a65a-420e-b22c-b7ec115a5859","local_time":"20210125022000","is_ascension_mode":true,"campfire_choices":[{"floor":8.0,"key":"REST"},{"data":"CrushJoints","floor":10.0,"key":"SMITH"},{"floor":15,"key":"DIG"},{"floor":23,"key":"REST"}],"circlet_count":0,"master_deck":["AscendersBane","Strike_P","Strike_P","Strike_P","Defend_P","Defend_P","Defend_P","Defend_P","Eruption","Vigilance","FollowUp","CrushJoints+1","StuffTheSpire:Innocence","Perseverance","Replay:DivineShield","CarveReality","Tantrum","EmptyFist","Sanctity","Replay:LoomingThreat","infinitespire:Menacing","infinitespire:Fortify","InnerPeace+1"],"relics":["PureWater","aspiration:FrozenJewel","Membership Card","Vajra","Boot","Mango","energizedSpire:RedRose","reliquary:TridentHead","Meat on the Bone"],"acts_visited":["Exordium","TheCity"],"potions_floor_usage":[24],"damage_taken":[{"damage":0.0,"enemies":"Cultist","floor":1.0,"turns":2.0},{"damage":2.0,"enemies":"2 Louse","floor":2.0,"turns":6.0},{"damage":8.0,"enemies":"Jaw Worm","floor":5.0,"turns":6.0},{"damage":40.0,"enemies":"3 Sentries","floor":6.0,"turns":11.0},{"damage":0.0,"enemies":"2 Fungi Beasts","floor":11.0,"turns":2.0},{"damage":0.0,"enemies":"Exordium Wildlife","floor":12.0,"turns":4.0},{"damage":6,"enemies":"Blue Slaver","floor":13,"turns":3},{"damage":3,"enemies":"Lagavulin","floor":14,"turns":4},{"damage":33,"enemies":"Hexaghost","floor":16,"turns":9},{"damage":16,"enemies":"Shell Parasite","floor":18,"turns":3},{"damage":58,"enemies":"3 Byrds","floor":19,"turns":8},{"damage":12,"enemies":"Centurion and Healer","floor":22,"turns":7},{"damage":54,"enemies":"Slavers","floor":24,"turns":6}],"seed_played":"3976675500008462030","potions_obtained":[{"floor":2.0,"key":"blueLaboratory:AbyssPotion"},{"floor":4.0,"key":"FairyPotion"},{"floor":4.0,"key":"Regen Potion"},{"floor":12.0,"key":"blueLaboratory:LouseDecoction"}],"is_trial":false,"path_per_floor":["M","M","?","?","M","E","$","R","T","R","M","M","M","E","R_BF","B",null,"M","M","AVR","T","M","R","E"],"character_chosen":"WATCHER","items_purchased":["Membership Card"],"campfire_rested":2,"item_purchase_floors":[7],"current_hp_per_floor":[67,65,55,55,47,22,22,44,44,44,44,44,38,35,49,16,70,54,26,26,26,26,52,0,0],"gold":238,"neow_bonus":"TEN_PERCENT_HP_BONUS","is_daily":false,"chose_seed":false,"campfire_upgraded":1,"win_rate":0.0,"timestamp":1611559200,"path_taken":["M","M","?","?","M","E","$","R","T","R","M","M","M","E","R_BF","BOSS","M","M","AVR","?","M","R","E"],"items_purchased_type":["Relic"],"build_version":"2020-12-22","purchased_purges":1,"victory":false,"max_hp_per_floor":[74,74,74,74,74,74,74,74,74,74,74,74,74,74,88,88,88,88,88,88,88,88,88,88,88],"card_choices":[{"not_picked":["SashWhip","Replay:ManipulateFuture"],"picked":"FollowUp","floor":1.0},{"not_picked":["EmptyBody","FlyingSleeves"],"picked":"CrushJoints","floor":2.0},{"not_picked":["ForeignInfluence","Consecrate"],"picked":"Perseverance","floor":5.0},{"not_picked":["Worship","DeusExMachina"],"picked":"Replay:DivineShield","floor":6.0},{"not_picked":["MarkedMod:FirstStrike","EmptyBody"],"picked":"CarveReality","floor":11.0},{"not_picked":["Replay:DivineShield","Replay:AtTheReady"],"picked":"Tantrum","floor":12.0},{"not_picked":["MarkedMod:FirstStrike","CutThroughFate"],"picked":"EmptyFist","floor":13},{"not_picked":["SashWhip","Prostrate"],"picked":"Sanctity","floor":14},{"not_picked":["MarkedMod:ChiBlock","Replay:AllIn"],"picked":"Replay:LoomingThreat","floor":16},{"not_picked":["MarkedMod:FirstStrike","Replay:Anticipation","Replay:Battleflow"],"picked":"SKIP","floor":18},{"not_picked":["EmptyFist","ReachHeaven","JustLucky+1"],"picked":"SKIP","floor":19},{"not_picked":["Replay:BluntJabs","WreathOfFlame"],"picked":"InnerPeace+1","floor":22}],"player_experience":1223912,"relics_obtained":[{"floor":6.0,"key":"aspiration:FrozenJewel"},{"floor":9.0,"key":"Vajra"},{"floor":14,"key":"Boot"},{"floor":15,"key":"Mango"},{"floor":21,"key":"Meat on the Bone"}],"event_choices":[{"damage_healed":0.0,"max_hp_gain":0.0,"max_hp_loss":0.0,"gold_gain":0.0,"event_name":"Lab","player_choice":"Got Potions","floor":4.0,"gold_loss":0.0,"damage_taken":0.0}],"is_beta":false,"boss_relics":[{"not_picked":["conspire:SeveredTorchhead","hubris:BlackHole"],"picked":"energizedSpire:RedRose"}],"items_purged_floors":[20],"is_endless":false,"potions_floor_spawned":[2,5,12,16],"killed_by":"Slavers","ascension_level":20}}