{"host":"640uue19m79c7wbt","time":1611544065,"event":{"mods":["BaseMod","Colored Map","Googly Eyes","Highlight Path","Minty Spire (QoL Compilation)","Quick Restart","StSLib"],"gold_per_floor":[116,11,11,24,24,49,8,8,8,8,8,8],"floor_reached":11,"language":"ENG","playtime":251,"items_purged":["Strike_G"],"score":174,"play_id":"5e13bda8-f250-44be-9216-4fe36deea229","local_time":"20210124220745","is_ascension_mode":true,"campfire_choices":[{"data":"Well Laid Plans","floor":8,"key":"SMITH"}],"circlet_count":0,"master_deck":["AscendersBane","Strike_G","Strike_G","Strike_G","Strike_G","Defend_G","Defend_G","Defend_G","Defend_G","Defend_G","Survivor","Neutralize","Dagger Spray","Sucker Punch","Wraith Form v2+1","Leg Sweep","Well Laid Plans+1","Tactician"],"relics":["Ring of the Snake","NeowsBlessing","Potion Belt","Kunai"],"acts_visited":["Exordium"],"potions_floor_usage":[],"damage_taken":[{"damage":0.0,"enemies":"Small Slimes","floor":1.0,"turns":1.0},{"damage":0.0,"enemies":"Cultist","floor":4.0,"turns":1.0},{"damage":0,"enemies":"Gremlin Nob","floor":6,"turns":1},{"damage":24,"enemies":"Lagavulin","floor":11,"turns":12}],"seed_played":"-6828716892173931201","potions_obtained":[],"is_trial":false,"path_per_floor":["M","$","?","M","?","E","$","R","T","$","E"],"character_chosen":"THE_SILENT","items_purchased":["Dagger Spray","Tactician"],"campfire_rested":0,"item_purchase_floors":[2,7],"current_hp_per_floor":[59,59,59,59,59,59,59,59,59,59,35,35],"gold":8,"neow_bonus":"THREE_ENEMY_KILL","is_daily":false,"chose_seed":false,"campfire_upgraded":1,"win_rate":0.0,"timestamp":1611544065,"path_taken":["M","$","?","?","?","E","$","R","T","?","E"],"items_purchased_type":["Card","Card"],"build_version":"2020-12-22","purchased_purges":1,"victory":false,"max_hp_per_floor":[66,66,66,66,66,66,66,66,66,66,66,66],"card_choices":[{"not_picked":["Dodge and Roll","Flying Knee","Deflect"],"picked":"SKIP","floor":1.0},{"not_picked":["Riddle With Holes","Choke"],"picked":"Leg Sweep","floor":4.0},{"not_picked":["Calculated Gamble","Heel Hook"],"picked":"Well Laid Plans","floor":6}],"player_experience":636109,"relics_obtained":[{"floor":6,"key":"Potion Belt"},{"floor":9,"key":"Kunai"}],"event_choices":[{"damage_healed":0.0,"max_hp_gain":0.0,"max_hp_loss":0.0,"gold_gain":0.0,"event_name":"Match and Keep!","player_choice":"2 cards matched","floor":3.0,"gold_loss":0.0,"damage_taken":0.0,"cards_obtained":["Sucker Punch","Wraith Form v2"]},{"damage_healed":0,"gold_gain":0,"player_choice":"Grow","damage_taken":0,"max_hp_gain":0,"max_hp_loss":0,"event_name":"Living Wall","floor":5,"gold_loss":0,"cards_upgraded":["Wraith Form v2"]}],"is_beta":false,"boss_relics":[],"items_purged_floors":[2],"is_endless":false,"potions_floor_spawned":[],"killed_by":"Lagavulin","ascension_level":17}}