{"host":"Koishi","time":1611606090,"event":{"mods":["2.2 Compatiblity","AchievementEnabler","Act Like it!","BaseMod","Better Match","Better Note","Better Sensory Stone","Better Third Choice","Colored Powertips","Gensokyo","Hermit","Koishi","Lobotomy","LobotomyExtend","MarisaÅiñ∂âJÅ@ñÇóùçπÅj","Minty Spire (QoL Compilation)","Quick Restart","Rare Cards Sparkle","ReimuÅiîé??öÎÅj","Relic Filter Mod","Relic Stats","Spicy Shops","StSLib","The Construct","Åy?ï®?îvÅzREMEMod"],"gold_per_floor":[114,68,68,85,95,120,120,147,172,97,116,116,143,160,160,260,260,260,260],"floor_reached":18,"language":"ENG","playtime":716,"items_purged":[],"score":240,"play_id":"3879af70-2bba-40d3-bd39-34abefd7167e","local_time":"20210125152130","is_ascension_mode":true,"campfire_choices":[{"data":"EnergyFlow","floor":7,"key":"SMITH"},{"data":"OneTimeOff","floor":12,"key":"SMITH"},{"data":"MasterSpark","floor":15,"key":"SMITH"}],"circlet_count":0,"master_deck":["Strike_MRS","Defend_MRS","Defend_MRS","Defend_MRS","Defend_MRS","MasterSpark+1","UpSweep","Seek","EnergyFlow+1","OSAHOGD","SporeBomb","SuperPerseids+1","WallGazer","OneTimeOff+1","ManaConvection+1","Variant","ManaConvection","AbsoluteMagnitude","PulseMagic+1","EarthLightRay+1","RefractionSpark+1"],"relics":["MiniHakkero","REME_ComplimentaryCards","CogitoBucket","LetterFromLob","Meat on the Bone","Smiling Mask","HandmadeGrimoire","AspirationHeart","REME_HandOfSuture","Astrolabe","InspiredRelic"],"acts_visited":["Gensokyo:Gensokyo","Gensokyo:Gensokyoer"],"potions_floor_usage":[11,16],"damage_taken":[{"damage":2,"enemies":"Gensokyo:Python","floor":1,"turns":3},{"damage":10,"enemies":"Gensokyo:2_Kodama","floor":4,"turns":3},{"damage":4,"enemies":"Gensokyo:3_Fairies","floor":5,"turns":4},{"damage":14,"enemies":"Gensokyo:Mamizou","floor":6,"turns":8},{"damage":27,"enemies":"Gensokyo:Aya","floor":8,"turns":4},{"damage":9,"enemies":"Gensokyo:Gryphon_and_Rabbit","floor":11,"turns":4},{"damage":9,"enemies":"Gensokyo:Mamizou","floor":13,"turns":6},{"damage":2,"enemies":"Gensokyo:2_Rabbits","floor":14,"turns":2},{"damage":42,"enemies":"Gensokyo:Yukari","floor":16,"turns":6}],"seed_played":"4863863567663299979","potions_obtained":[{"floor":4,"key":"FearPotion"},{"floor":5,"key":"Strength Potion"},{"floor":8,"key":"BottledSpark"},{"floor":11,"key":"ColorlessPotion"}],"is_trial":false,"path_per_floor":["M","$","T","M","M","E","R","E","T","?","M","R","E","M","R","B",null,"M"],"character_chosen":"MARISA","items_purchased":["SporeBomb"],"campfire_rested":0,"item_purchase_floors":[2],"current_hp_per_floor":[73,73,73,63,59,45,45,30,30,30,43,43,46,44,44,14,85,0,0],"gold":260,"neow_bonus":"","is_daily":false,"chose_seed":false,"campfire_upgraded":3,"win_rate":0.0,"timestamp":1611606090,"path_taken":["M","?","?","?","M","E","R","E","T","?","?","R","E","M","R","BOSS","M"],"items_purchased_type":["Card"],"build_version":"2020-12-18","purchased_purges":0,"victory":false,"max_hp_per_floor":[75,75,75,75,75,75,75,75,75,75,85,85,85,85,85,85,85,85,85],"relic_stats":{"counters":[10,41],"Astrolabe":["PulseMagic","EarthLightRay","RefractionSpark"],"Smiling Mask":0,"obtain_stats":[{"CogitoBucket":0,"Astrolabe":17,"AspirationHeart":11,"REME_HandOfSuture":13,"LetterFromLob":1,"HandmadeGrimoire":8,"MiniHakkero":0,"Smiling Mask":6,"InspiredRelic":18,"REME_ComplimentaryCards":0,"Meat on the Bone":3},{"CogitoBucket":0,"Astrolabe":10,"AspirationHeart":7,"REME_HandOfSuture":8,"LetterFromLob":1,"HandmadeGrimoire":5,"MiniHakkero":0,"Smiling Mask":4,"InspiredRelic":10,"REME_ComplimentaryCards":0,"Meat on the Bone":1},{"CogitoBucket":0,"Astrolabe":41,"AspirationHeart":27,"REME_HandOfSuture":33,"LetterFromLob":3,"HandmadeGrimoire":22,"MiniHakkero":0,"Smiling Mask":18,"InspiredRelic":41,"REME_ComplimentaryCards":0,"Meat on the Bone":3}],"Meat on the Bone":48},"card_choices":[{"not_picked":["Singularity","BlazeAway"],"picked":"EnergyFlow","floor":1},{"not_picked":["CherryBlossoms","LittleHelper"],"picked":"OSAHOGD","floor":1},{"not_picked":["DoubleSpark","GrandCross"],"picked":"SuperPerseids","floor":4},{"not_picked":["Bloodbath","CrumblingArmor"],"picked":"WallGazer","floor":4},{"not_picked":["SnowQueen","Freischutz","Bloodbath"],"picked":"Singing Bowl","floor":5},{"not_picked":["Singularity","SporeBomb","IllusionStar"],"picked":"SKIP","floor":5},{"not_picked":["Woodsman","Wellcheers","PunishingBird"],"picked":"Singing Bowl","floor":6},{"not_picked":["GravityBeat","PowerUp","StarBarrage"],"picked":"SKIP","floor":6},{"not_picked":["BigCrunch","GrandCross"],"picked":"OneTimeOff","floor":8},{"not_picked":["FieryBird","HeroicMonk","UniverseFragment"],"picked":"Singing Bowl","floor":8},{"not_picked":["DragonMeteor+1","Robbery+1"],"picked":"ManaConvection+1","floor":10},{"not_picked":["PunishingBird","Wellcheers"],"picked":"Variant","floor":11},{"not_picked":["NonDirectionalLaser","DC","LuminesStrike"],"picked":"SKIP","floor":11},{"not_picked":["WitchLeyline","StarDustReverie"],"picked":"ManaConvection","floor":13},{"not_picked":["GalaxyChild","Scorched","Murderer"],"picked":"Singing Bowl","floor":13},{"not_picked":["MHz","Murderer","NakedNest"],"picked":"Singing Bowl","floor":14},{"not_picked":["PowerUp","WitchOfGreed","MysteriousBeam"],"picked":"SKIP","floor":14},{"not_picked":["CollectingQuirk","BinaryStars"],"picked":"AbsoluteMagnitude","floor":16},{"not_picked":["CherryBlossoms","LittlePrince","BeautyBeast"],"picked":"Singing Bowl","floor":16}],"player_experience":206323,"relics_obtained":[{"floor":1,"key":"LetterFromLob"},{"floor":3,"key":"Meat on the Bone"},{"floor":6,"key":"Smiling Mask"},{"floor":8,"key":"HandmadeGrimoire"},{"floor":13,"key":"REME_HandOfSuture"}],"event_choices":[{"damage_healed":0,"gold_gain":0,"player_choice":"2","damage_taken":0,"max_hp_gain":0,"max_hp_loss":0,"event_name":"betterMatch:BetterMatch","floor":10,"gold_loss":0,"cards_obtained":["betterMatch:UncommonCard"]}],"is_beta":true,"boss_relics":[{"not_picked":["Empty Cage","construct:ClawGrip"],"picked":"Astrolabe"}],"items_purged_floors":[],"is_endless":false,"potions_floor_spawned":[4,5,8,11,14],"ascension_level":4}}