{"host":"2ica2wc1gg7guzbw","time":1611589721,"event":{"mods":["BaseMod","Colored Map","Minty Spire (QoL Compilation)","Replay The Spire","Shop Mod","StSLib","TheWitcher"],"gold_per_floor":[125,125,57,7,36,78,78,101,124,124,168,168,21,96,96,203,203,227,251,68,18,18,18,18,63,88,88,110,123,150,158,158],"floor_reached":31,"language":"RUS","playtime":1398,"items_purged":[],"score":354,"play_id":"ac241024-a8cc-4669-bf8f-148920d747fb","local_time":"20210125194841","is_ascension_mode":false,"campfire_choices":[{"data":"SnafuTest:SpellGloemGuard","floor":7.0,"key":"SMITH"},{"data":"SnafuTest:PowerProbingFeint","floor":10.0,"key":"SMITH"},{"floor":15.0,"key":"RECALL"},{"data":"Mayhem","floor":23.0,"key":"SMITH"},{"data":"SnafuTest:PowerHangmenTree","floor":27.0,"key":"SMITH"}],"circlet_count":0,"master_deck":["SnafuTest:DefaultCommonAttack","SnafuTest:DefaultCommonAttack","SnafuTest:BountyHunt","SnafuTest:DefaultCommonSkill","SnafuTest:DefaultCommonSkill+1","SnafuTest:DefaultCommonSkill+1","SnafuTest:SignIgni+1","SnafuTest:SignIgni+1","SnafuTest:PowerProbingFeint+1","SnafuTest:SpellGloemGuard+1","SnafuTest:ArmoredSortie","SnafuTest:SpellBitingFrost","SnafuTest:PowerMartialMagical","SnafuTest:BlackSunReturn","SnafuTest:PowerAlwaysOnRoads+1","SnafuTest:PowerHangmenTree+1","Mayhem+1","SnafuTest:PayHappyHour+1","ReplayTheSpireMod:Restless Dread","SnafuTest:PowerAlwaysAWay","SnafuTest:Offering","SnafuTest:PayHappyHour"],"relics":["SnafuTest:UnstableMutagenRelic","NeowsBlessing","War Paint","SnafuTest:IgniRelic","Ice Cream","Juzu Bracelet","Guide Book","Replay:Grab Bag","Philosopher\u0027s Stone","Cursed Key","ReplayTheSpireMod:Onyx Gauntlets","Ancient Tea Set","Nunchaku"],"acts_visited":["Exordium","TheCity"],"potions_floor_usage":[31,31],"damage_taken":[{"damage":0.0,"enemies":"Small Slimes","floor":1.0,"turns":1.0},{"damage":1.0,"enemies":"Jaw Worm","floor":5.0,"turns":2.0},{"damage":0.0,"enemies":"Lagavulin","floor":6.0,"turns":1.0},{"damage":0.0,"enemies":"Cultist","floor":8.0,"turns":5.0},{"damage":8.0,"enemies":"3 Sentries","floor":11.0,"turns":6.0},{"damage":0.0,"enemies":"The Guardian","floor":16.0,"turns":21.0},{"damage":12.0,"enemies":"Chosen","floor":18.0,"turns":7.0},{"damage":8.0,"enemies":"3 Byrds","floor":19.0,"turns":4.0},{"damage":5.0,"enemies":"Gremlin Leader","floor":25.0,"turns":6.0},{"damage":24.0,"enemies":"Sentry and Sphere","floor":28.0,"turns":5.0},{"damage":0.0,"enemies":"3 Cultists","floor":29.0,"turns":2.0},{"damage":22.0,"enemies":"Book of Stabbing","floor":30.0,"turns":4.0},{"damage":6,"enemies":"Shelled Parasite and Fungi","floor":31,"turns":2}],"seed_played":"2692122702540094463","potions_obtained":[{"floor":5.0,"key":"LiquidMemories"},{"floor":6.0,"key":"SkillPotion"},{"floor":8.0,"key":"DistilledChaos"},{"floor":11.0,"key":"PowerPotion"},{"floor":25.0,"key":"ColorlessPotion"},{"floor":28.0,"key":"AttackPotion"}],"is_trial":false,"path_per_floor":["M","?","$","?","M","E","R","M","T","R","E","?","$","?","R","B",null,"M","M","$","?","?","R","$","E","T","R","M","M","E","M"],"character_chosen":"THE_WITCHER","items_purchased":["SnafuTest:PowerProbingFeint","Guide Book","Mayhem"],"campfire_rested":0,"item_purchase_floors":[3,13,20],"current_hp_per_floor":[75,75,75,75,74,74,74,74,74,74,66,59,59,48,48,48,75,63,55,55,55,55,55,55,50,50,50,26,26,4,0,0],"gold":158,"neow_bonus":"THREE_ENEMY_KILL","is_daily":false,"chose_seed":false,"campfire_upgraded":4,"win_rate":0.0,"timestamp":1611589721,"path_taken":["M","?","$","?","M","E","R","M","T","R","E","?","?","?","R","BOSS","M","M","$","?","?","R","?","E","T","R","M","M","E","M"],"items_purchased_type":["Card","Relic","Card"],"build_version":"2020-12-22","purchased_purges":0,"victory":false,"max_hp_per_floor":[75,75,75,75,75,75,75,75,75,75,75,75,75,75,75,75,75,75,75,75,75,75,75,75,75,75,75,75,75,75,75,75],"card_choices":[{"not_picked":["SnafuTest:Portal","SnafuTest:SpellButterflyIllusion"],"picked":"SnafuTest:SignIgni","floor":1.0},{"not_picked":["SnafuTest:BombDancingStar","SnafuTest:WeddingDance"],"picked":"SnafuTest:SpellGloemGuard","floor":5.0},{"not_picked":["SnafuTest:PaySaddlery","SnafuTest:PayHappyHour"],"picked":"SnafuTest:ArmoredSortie","floor":6.0},{"not_picked":["SnafuTest:BombDevilsPuffball","SnafuTest:TrackingSense"],"picked":"SnafuTest:SpellBitingFrost","floor":8.0},{"not_picked":["SnafuTest:SignAxii","SnafuTest:SwiftAssault"],"picked":"SnafuTest:PowerMartialMagical","floor":11.0},{"not_picked":["SnafuTest:GraveDancingPaleFire","SnafuTest:MilitaryReview"],"picked":"SnafuTest:BlackSunReturn","floor":16.0},{"not_picked":["SnafuTest:PhantomMemory","SnafuTest:SignYrden"],"picked":"SnafuTest:PowerAlwaysOnRoads+1","floor":18.0},{"not_picked":["SnafuTest:GetPaid","SnafuTest:SpellSageOmniscience"],"picked":"SnafuTest:PowerHangmenTree","floor":19.0},{"not_picked":["SnafuTest:PowerVainGlory+1","SnafuTest:TrackingSense"],"picked":"SnafuTest:PayHappyHour+1","floor":25.0},{"not_picked":["SnafuTest:PowerFireDamnation","SnafuTest:SpellButterflyIllusion"],"picked":"SnafuTest:PowerAlwaysAWay","floor":28.0},{"not_picked":["SnafuTest:AncestralRitual+1","SnafuTest:BombDancingStar+1"],"picked":"SnafuTest:Offering","floor":29.0},{"not_picked":["SnafuTest:FlashingRaid","SnafuTest:PayWeaponSmith"],"picked":"SnafuTest:PayHappyHour","floor":30.0}],"player_experience":931311,"relics_obtained":[{"floor":6.0,"key":"War Paint"},{"floor":9.0,"key":"SnafuTest:IgniRelic"},{"floor":11.0,"key":"Ice Cream"},{"floor":25.0,"key":"Ancient Tea Set"},{"floor":30.0,"key":"Nunchaku"}],"event_choices":[{"cards_removed":["SnafuTest:DefaultCommonAttack"],"damage_healed":0.0,"max_hp_gain":0.0,"max_hp_loss":0.0,"gold_gain":0.0,"event_name":"The Cleric","player_choice":"Card Removal","floor":4.0,"gold_loss":50.0,"damage_taken":0.0},{"damage_healed":0.0,"max_hp_gain":0.0,"max_hp_loss":0.0,"gold_gain":0.0,"event_name":"Scrap Ooze","player_choice":"Success","floor":12.0,"gold_loss":0.0,"damage_taken":7.0,"relics_obtained":["Juzu Bracelet"]},{"damage_healed":0.0,"max_hp_gain":0.0,"max_hp_loss":0.0,"gold_gain":75.0,"event_name":"World of Goop","player_choice":"Gather Gold","floor":14.0,"gold_loss":0.0,"damage_taken":11.0},{"damage_healed":0.0,"max_hp_gain":0.0,"max_hp_loss":0.0,"gold_gain":0.0,"event_name":"The Joust","player_choice":"Bet on Murderer","floor":21.0,"gold_loss":50.0,"damage_taken":0.0},{"damage_healed":0.0,"max_hp_gain":0.0,"max_hp_loss":0.0,"gold_gain":0.0,"event_name":"N\u0027loth","player_choice":"Ignored","floor":22.0,"gold_loss":0.0,"damage_taken":0.0}],"is_beta":false,"boss_relics":[{"not_picked":["Abe\u0027s Treasure","Ring of Chaos"],"picked":"Replay:Grab Bag"},{"not_picked":["Busted Crown","Coffee Dripper"],"picked":"Philosopher\u0027s Stone"},{"not_picked":["Velvet Choker","Fusion Hammer"],"picked":"Cursed Key"},{"not_picked":["Snecko Eye","Astrolabe"],"picked":"ReplayTheSpireMod:Onyx Gauntlets"}],"items_purged_floors":[],"is_endless":false,"potions_floor_spawned":[5,6,8,11,25,28],"killed_by":"Shelled Parasite and Fungi","ascension_level":0}}