{"host":"2lo6hma6kymb0g9i","time":1611559405,"event":{"mods":["BaseMod","Colored Map","DeckTracker","Minty Spire (QoL Compilation)"],"gold_per_floor":[19,32,42,42,60,60,93,110,110,152,178,225,237,263,275,364,376,406,333,345,375,47,97,97,97],"floor_reached":24,"language":"JPN","playtime":1151,"items_purged":["Strike_R"],"score":486,"play_id":"00fa9f23-8694-4dfa-9dec-7b407e3b8e95","local_time":"20210125162325","is_ascension_mode":true,"campfire_choices":[{"data":"Immolate","floor":6,"key":"SMITH"},{"data":"Whirlwind","floor":15,"key":"SMITH"}],"circlet_count":0,"master_deck":["AscendersBane","Strike_R","Strike_R","Strike_R","Defend_R","Defend_R","Defend_R","Defend_R","Bash","Immolate+1","Shrug It Off","Clothesline","True Grit","Feel No Pain","Shrug It Off","Sever Soul","Second Wind","Ghostly Armor","Whirlwind+1","Headbutt+1"],"relics":["Burning Blood","Anchor","Pen Nib","MawBank","Darkstone Periapt","Meat on the Bone","Blue Candle","Sundial"],"acts_visited":["Exordium","TheCity"],"potions_floor_usage":[16,16,24],"damage_taken":[{"damage":5,"enemies":"Small Slimes","floor":1,"turns":2},{"damage":3,"enemies":"2 Louse","floor":2,"turns":2},{"damage":4,"enemies":"Cultist","floor":3,"turns":4},{"damage":12,"enemies":"Large Slime","floor":5,"turns":5},{"damage":10,"enemies":"3 Sentries","floor":7,"turns":4},{"damage":0,"enemies":"3 Louse","floor":8,"turns":2},{"damage":20,"enemies":"Lagavulin","floor":10,"turns":7},{"damage":20,"enemies":"Exordium Thugs","floor":11,"turns":3},{"damage":0,"enemies":"3 Sentries","floor":12,"turns":5},{"damage":1,"enemies":"Looter","floor":14,"turns":2},{"damage":16,"enemies":"Slime Boss","floor":16,"turns":7},{"damage":12,"enemies":"2 Thieves","floor":18,"turns":2},{"damage":24,"enemies":"Spheric Guardian","floor":21,"turns":4},{"damage":45,"enemies":"Book of Stabbing","floor":24,"turns":7}],"seed_played":"-1226558753716333722","potions_obtained":[{"floor":1,"key":"BlessingOfTheForge"},{"floor":2,"key":"Energy Potion"},{"floor":11,"key":"PowerPotion"},{"floor":16,"key":"Block Potion"}],"is_trial":false,"path_per_floor":["M","M","M","?","M","R","E","M","T","E","M","E","?","M","R","B",null,"M","?","?","M","$","?","E"],"character_chosen":"IRONCLAD","items_purchased":["Sundial"],"campfire_rested":0,"item_purchase_floors":[22],"current_hp_per_floor":[69,72,74,39,33,33,29,35,35,21,7,13,13,30,30,32,64,58,58,54,48,48,48,3,3],"gold":97,"neow_bonus":"THREE_RARE_CARDS","is_daily":false,"chose_seed":false,"campfire_upgraded":2,"win_rate":0.0,"timestamp":1611559405,"path_taken":["M","M","M","?","M","R","E","M","T","E","M","E","?","?","R","BOSS","M","?","?","?","$","?","E"],"items_purchased_type":["Relic"],"build_version":"2020-12-22","purchased_purges":1,"victory":false,"max_hp_per_floor":[75,75,75,75,75,75,75,75,75,75,75,75,75,75,75,75,75,75,75,75,75,75,75,75,75],"card_choices":[{"not_picked":["Barricade","Reaper"],"picked":"Immolate","floor":0},{"not_picked":["Dropkick","Clothesline"],"picked":"Shrug It Off","floor":1},{"not_picked":["Wild Strike","Clash"],"picked":"Clothesline","floor":2},{"not_picked":["Pommel Strike","Ghostly Armor"],"picked":"True Grit","floor":3},{"not_picked":["Perfected Strike","Sword Boomerang"],"picked":"Feel No Pain","floor":5},{"not_picked":["Flame Barrier","Body Slam"],"picked":"Shrug It Off","floor":7},{"not_picked":["Thunderclap","Searing Blow"],"picked":"Sever Soul","floor":8},{"not_picked":["Burning Pact","Feel No Pain"],"picked":"Second Wind","floor":10},{"not_picked":["Sword Boomerang","Thunderclap"],"picked":"Ghostly Armor","floor":11},{"not_picked":["Iron Wave","Feed","Heavy Blade"],"picked":"SKIP","floor":12},{"not_picked":["Armaments","Perfected Strike"],"picked":"Whirlwind","floor":14},{"not_picked":["Perfected Strike","Clothesline"],"picked":"Headbutt+1","floor":18},{"not_picked":["Heavy Blade","Headbutt","Reaper"],"picked":"SKIP","floor":21}],"player_experience":1124470,"relics_obtained":[{"floor":7,"key":"Pen Nib"},{"floor":9,"key":"MawBank"},{"floor":10,"key":"Darkstone Periapt"},{"floor":12,"key":"Meat on the Bone"}],"event_choices":[{"damage_healed":0,"gold_gain":0,"player_choice":"Success","damage_taken":35,"relics_obtained":["Anchor"],"max_hp_gain":0,"max_hp_loss":0,"event_name":"Scrap Ooze","floor":4,"gold_loss":0},{"cards_removed":["Strike_R"],"damage_healed":0,"gold_gain":0,"player_choice":"Purged","damage_taken":0,"max_hp_gain":0,"max_hp_loss":0,"event_name":"Purifier","floor":13,"gold_loss":0},{"damage_healed":0,"gold_gain":0,"player_choice":"Obtained Relic","damage_taken":0,"relics_obtained":["Blue Candle"],"max_hp_gain":0,"max_hp_loss":0,"event_name":"Addict","floor":19,"gold_loss":85},{"damage_healed":0,"gold_gain":0,"player_choice":"Bought 0 Potions","damage_taken":0,"max_hp_gain":0,"max_hp_loss":0,"event_name":"The Woman in Blue","floor":20,"gold_loss":0},{"damage_healed":0,"gold_gain":50,"player_choice":"Stole From Cult","damage_taken":0,"max_hp_gain":0,"max_hp_loss":0,"event_name":"Nest","floor":23,"gold_loss":0}],"is_beta":false,"boss_relics":[{"not_picked":["Runic Dome","Sozu","Philosopher\u0027s Stone"]}],"items_purged_floors":[22],"is_endless":false,"potions_floor_spawned":[1,2,10,11,12,16],"killed_by":"Book of Stabbing","ascension_level":20}}