{"host":"g5zc4ej6zn2at89o","time":1611579836,"event":{"mods":["2.2 Compatiblity","AchievementEnabler","BaseMod","Colored Map","DeckTracker","Highlight Path","KOR Keyword Fix","Keyboard Shortcuts","Minty Spire (QoL Compilation)","Permanent Neow","Quick Restart","Say the Spire","StSLib","SuperFastMode","everything is the same but u backflip on backflip"],"gold_per_floor":[109,109,120,137,155,155,155],"floor_reached":6,"language":"KOR","playtime":272,"items_purged":[],"score":44,"play_id":"f072541e-7011-41db-85d8-0a1b6fe9e6ef","local_time":"20210125220356","is_ascension_mode":true,"campfire_choices":[],"circlet_count":0,"master_deck":["Strike_R","Strike_R","Strike_R","Strike_R","Defend_R","Defend_R+1","Defend_R+1","Bash","Juggernaut","Brutality","Carnage","Heavy Blade","Rupture","Armaments"],"relics":["Burning Blood"],"acts_visited":["Exordium"],"potions_floor_usage":[],"damage_taken":[{"damage":14.0,"enemies":"2 Louse","floor":1.0,"turns":4.0},{"damage":6.0,"enemies":"Small Slimes","floor":3.0,"turns":3.0},{"damage":0.0,"enemies":"Cultist","floor":4.0,"turns":3.0},{"damage":49,"enemies":"Gremlin Gang","floor":5,"turns":6},{"damage":0,"enemies":"3 Sentries","floor":6,"turns":2}],"seed_played":"-9218877242655176965","potions_obtained":[],"is_trial":false,"path_per_floor":["M","?","M","M","M","E"],"character_chosen":"IRONCLAD","items_purchased":[],"campfire_rested":0,"item_purchase_floors":[],"current_hp_per_floor":[64,50,50,56,13,13,13],"gold":155,"neow_bonus":"TRANSFORM_TWO_CARDS","is_daily":false,"chose_seed":false,"campfire_upgraded":0,"win_rate":0.0,"timestamp":1611579836,"path_taken":["M","?","M","M","M","E"],"items_purchased_type":[],"build_version":"2020-12-22","purchased_purges":0,"victory":false,"max_hp_per_floor":[72,72,72,72,72,72,72],"card_choices":[{"not_picked":["Headbutt","Shrug It Off"],"picked":"Carnage","floor":1.0},{"not_picked":["Cleave","Rage"],"picked":"Heavy Blade","floor":3.0},{"not_picked":["Evolve","Sword Boomerang"],"picked":"Rupture","floor":4.0},{"not_picked":["Sword Boomerang","Double Tap"],"picked":"Armaments","floor":5}],"player_experience":124464,"relics_obtained":[],"event_choices":[{"damage_healed":0.0,"max_hp_gain":0.0,"max_hp_loss":0.0,"gold_gain":0.0,"event_name":"Shining Light","player_choice":"Entered Light","floor":2.0,"gold_loss":0.0,"damage_taken":14.0,"cards_upgraded":["Defend_R","Defend_R"]}],"is_beta":false,"boss_relics":[],"items_purged_floors":[],"is_endless":false,"potions_floor_spawned":[],"killed_by":"3 Sentries","ascension_level":3}}