{"host":"a9e9y3ovmi5a4dnz","time":1611543360,"event":{"mods":["BaseMod","Googly Eyes","Minty Spire (QoL Compilation)","StSLib","SuperFastMode"],"gold_per_floor":[118,134,150,37,37,70,70,95,146,146,162,177,177,191,191,270,270,223,239,289,289,205,205,205],"floor_reached":23,"language":"ENG","playtime":1699,"items_purged":[],"score":402,"play_id":"d2987693-4569-4db0-9566-e91581bbc02c","local_time":"20210124195600","is_ascension_mode":true,"campfire_choices":[{"data":"FTL","floor":7,"key":"SMITH"},{"floor":10,"key":"REST"},{"floor":13,"key":"REST"},{"data":"Hologram","floor":15,"key":"SMITH"}],"circlet_count":0,"master_deck":["AscendersBane","Strike_B","Strike_B","Strike_B","Strike_B","Defend_B","Defend_B","Defend_B","Defend_B","Zap","Coolheaded","FTL+1","Gash","Hologram+1","Glacier","Electrodynamics","Leap","Decay"],"relics":["Cracked Core","MealTicket","Nunchaku","Inserter","Boot"],"acts_visited":["Exordium","TheCity"],"potions_floor_usage":[6,6,16,16,18],"damage_taken":[{"damage":1,"enemies":"Cultist","floor":1,"turns":4},{"damage":3,"enemies":"2 Louse","floor":2,"turns":3},{"damage":0,"enemies":"Jaw Worm","floor":3,"turns":4},{"damage":24,"enemies":"Gremlin Nob","floor":6,"turns":4},{"damage":29,"enemies":"Lagavulin","floor":8,"turns":8},{"damage":2,"enemies":"Looter","floor":11,"turns":3},{"damage":1,"enemies":"2 Fungi Beasts","floor":12,"turns":3},{"damage":8,"enemies":"Exordium Thugs","floor":14,"turns":5},{"damage":26,"enemies":"The Guardian","floor":16,"turns":16},{"damage":21,"enemies":"2 Thieves","floor":18,"turns":5},{"damage":13,"enemies":"Shell Parasite","floor":19,"turns":10},{"damage":26,"enemies":"Book of Stabbing","floor":23,"turns":3}],"seed_played":"-1177844577023400503","potions_obtained":[{"floor":8,"key":"PotionOfCapacity"},{"floor":11,"key":"PotionOfCapacity"},{"floor":16,"key":"AttackPotion"}],"is_trial":false,"path_per_floor":["M","M","M","$","?","E","R","E","T","R","M","M","R","M","R","B",null,"M","M","?","?","?","E"],"character_chosen":"DEFECT","items_purchased":["FocusPotion","AttackPotion"],"campfire_rested":2,"item_purchase_floors":[4,4],"current_hp_per_floor":[63,60,60,60,60,36,36,7,7,28,26,25,46,38,38,12,56,35,22,22,22,22,0,0],"gold":205,"neow_bonus":"TRANSFORM_CARD","is_daily":false,"chose_seed":false,"campfire_upgraded":2,"win_rate":0.0,"timestamp":1611543360,"path_taken":["M","M","M","?","?","E","R","E","T","R","M","M","R","M","R","BOSS","M","M","?","?","?","E"],"items_purchased_type":["Potion","Potion"],"build_version":"2020-12-22","purchased_purges":0,"victory":false,"max_hp_per_floor":[71,71,71,71,71,71,71,71,71,71,71,71,71,71,71,71,71,71,71,71,71,71,71,71],"card_choices":[{"not_picked":["Compile Driver","Barrage"],"picked":"FTL","floor":1},{"not_picked":["Compile Driver","Stack"],"picked":"Gash","floor":2},{"not_picked":["Go for the Eyes","Loop","Capacitor"],"picked":"SKIP","floor":3},{"not_picked":["Force Field","Ball Lightning"],"picked":"Hologram","floor":6},{"not_picked":["Scrape","Steam Power"],"picked":"Glacier","floor":8},{"not_picked":["Recycle","Redo","Coolheaded"],"picked":"SKIP","floor":11},{"not_picked":["Turbo","Beam Cell","Redo"],"picked":"SKIP","floor":12},{"not_picked":["Hologram","Hello World","Streamline"],"picked":"SKIP","floor":14},{"not_picked":["Biased Cognition","Thunder Strike"],"picked":"Electrodynamics","floor":16},{"not_picked":["BootSequence","Coolheaded"],"picked":"Leap","floor":18},{"not_picked":["Stack","Cold Snap+1","Rebound"],"picked":"SKIP","floor":19}],"player_experience":822486,"relics_obtained":[{"floor":8,"key":"MealTicket"},{"floor":9,"key":"Nunchaku"}],"event_choices":[{"damage_healed":0,"gold_gain":0,"player_choice":"Ignored","damage_taken":0,"max_hp_gain":0,"max_hp_loss":0,"event_name":"Liars Game","floor":5,"gold_loss":0},{"damage_healed":0,"gold_gain":50,"player_choice":"Stole From Cult","damage_taken":0,"max_hp_gain":0,"max_hp_loss":0,"event_name":"Nest","floor":20,"gold_loss":0},{"damage_healed":0,"gold_gain":0,"player_choice":"Smashed Altar","damage_taken":0,"max_hp_gain":0,"max_hp_loss":0,"event_name":"Forgotten Altar","floor":21,"gold_loss":0,"cards_obtained":["Decay"]},{"damage_healed":0,"gold_gain":0,"player_choice":"Paid Gold","damage_taken":0,"relics_obtained":["Boot"],"max_hp_gain":0,"max_hp_loss":0,"event_name":"WeMeetAgain","floor":22,"gold_loss":84}],"is_beta":false,"boss_relics":[{"not_picked":["Calling Bell","Black Star"],"picked":"Inserter"}],"items_purged_floors":[],"is_endless":false,"potions_floor_spawned":[8,11,16],"killed_by":"Book of Stabbing","ascension_level":20}}