{"host":"ecaj4hn004xnnrw9","time":1611532698,"event":{"mods":["AchievementEnabler","BaseMod","Better Third Choice","Hermit","Hubris","Infinite Spire","Jorbs\u0027s Wanderer Trilogy","Minty Spire (QoL Compilation)","Quick Restart","Relic Stats","Shop Mod","StSLib","The Construct","The Jungle","The Runesmith"],"gold_per_floor":[113,113,133,153,72,107,107,134,160,160,160,175,194,211,211,211,211],"floor_reached":16,"language":"ENG","playtime":469,"items_purged":[],"score":174,"play_id":"9e9d67fb-bcf1-418e-8f0b-6d07dcec6ff8","local_time":"20210124235818","is_ascension_mode":true,"campfire_choices":[{"data":"TalkToTheHand","floor":7,"key":"SMITH"},{"data":"TalkToTheHand","floor":11,"key":"SMITH"},{"floor":15,"key":"REST"}],"circlet_count":0,"master_deck":["AscendersBane","Strike_P","Strike_P","Strike_P","Strike_P","Defend_P","Defend_P","Defend_P","Defend_P","Eruption+1","Vigilance+1","Halt+1","SpiritShield","CutThroughFate","TalkToTheHand+1","TalkToTheHand+1","DeusExMachina"],"relics":["hubris:GrandSneckoEye","hubris:Towel","War Paint","infinitespire:ShieldingShard","Akabeko"],"acts_visited":["Exordium"],"potions_floor_usage":[],"damage_taken":[{"damage":0,"enemies":"Small Slimes","floor":1,"turns":2},{"damage":12,"enemies":"infinitespire:Voidling","floor":3,"turns":6},{"damage":0,"enemies":"2 Louse","floor":4,"turns":2},{"damage":16,"enemies":"Gremlin Nob","floor":6,"turns":4},{"damage":16,"enemies":"Lagavulin","floor":8,"turns":5},{"damage":0,"enemies":"2 Fungi Beasts","floor":12,"turns":3},{"damage":0,"enemies":"Blue Slaver","floor":13,"turns":2},{"damage":0,"enemies":"Red Slaver","floor":14,"turns":4},{"damage":0,"enemies":"Hexaghost","floor":16,"turns":1}],"seed_played":"-5667696918316736289","potions_obtained":[{"floor":3,"key":"SkillPotion"},{"floor":4,"key":"SpeedPotion"}],"is_trial":false,"path_per_floor":["M","?","M","M","$","E","R","E","T","?","R","M","M","M","R","B"],"character_chosen":"WATCHER","items_purchased":["TalkToTheHand"],"campfire_rested":1,"item_purchase_floors":[5],"current_hp_per_floor":[65,65,65,65,65,49,49,33,33,33,33,33,33,33,54,54,54],"gold":211,"neow_bonus":"BOSS_RELIC","is_daily":false,"chose_seed":false,"campfire_upgraded":2,"win_rate":0.0,"timestamp":1611532698,"path_taken":["M","?","M","M","$","E","R","E","T","?","R","?","M","M","R","BOSS"],"items_purchased_type":["Card"],"build_version":"2020-12-22","purchased_purges":0,"victory":false,"max_hp_per_floor":[72,72,72,72,72,72,72,72,72,72,72,72,72,72,72,72,72],"relic_stats":{"counters":[9,28],"War Paint":["Vigilance","Halt"],"obtain_stats":[{"infinitespire:ShieldingShard":8,"hubris:GrandSneckoEye":0,"PureWater":0,"hubris:Towel":2,"War Paint":6,"Akabeko":9},{"infinitespire:ShieldingShard":5,"hubris:GrandSneckoEye":0,"PureWater":0,"hubris:Towel":1,"War Paint":4,"Akabeko":5},{"infinitespire:ShieldingShard":19,"hubris:GrandSneckoEye":0,"PureWater":0,"hubris:Towel":2,"War Paint":14,"Akabeko":19}]},"card_choices":[{"not_picked":["PathToVictory","Fasting2"],"picked":"Halt","floor":1},{"not_picked":["MentalFortress","ClearTheMind"],"picked":"SpiritShield","floor":3},{"not_picked":["ThirdEye","Evaluate"],"picked":"CutThroughFate","floor":4},{"not_picked":["Halt","Protect"],"picked":"TalkToTheHand","floor":6},{"not_picked":["JustLucky","Study"],"picked":"DeusExMachina","floor":8},{"not_picked":["Halt","Pray","EmptyFist"],"picked":"SKIP","floor":12},{"not_picked":["CrushJoints","ThirdEye","Protect"],"picked":"SKIP","floor":13},{"not_picked":["Protect","WindmillStrike","ClearTheMind"],"picked":"SKIP","floor":14}],"player_experience":421144,"relics_obtained":[{"floor":6,"key":"War Paint"},{"floor":8,"key":"infinitespire:ShieldingShard"},{"floor":9,"key":"Akabeko"}],"event_choices":[{"damage_healed":0,"gold_gain":0,"player_choice":"Upgraded","damage_taken":0,"max_hp_gain":0,"max_hp_loss":0,"event_name":"Upgrade Shrine","floor":10,"gold_loss":0,"cards_upgraded":["Eruption"]}],"is_beta":false,"boss_relics":[],"items_purged_floors":[],"is_endless":false,"potions_floor_spawned":[3,4,6,13],"killed_by":"Hexaghost","ascension_level":11}}