{"host":"aqym1xxr3lb31d9m","time":1611581883,"event":{"mods":["BaseMod","Block Reminder","Colored Map","Colored Powertips","DeckTracker","Highlight Path","Minty Spire (QoL Compilation)","Quick Restart","Random Character Button","StSLib","SuperFastMode","UnlockEverythingMod"],"gold_per_floor":[116,195,195,79,93,93,120,120,120,120,183,199,114,133,133,210,210,225,225,242,262,262,262,279,279,279],"floor_reached":25,"language":"JPN","playtime":742,"items_purged":[],"score":452,"play_id":"4d4ec27f-de1c-4b18-a0a5-297eef5ee0c9","local_time":"20210125223803","is_ascension_mode":true,"campfire_choices":[{"data":"Streamline","floor":6,"key":"SMITH"},{"data":"Sweeping Beam","floor":8,"key":"SMITH"},{"data":"Defragment","floor":15,"key":"SMITH"},{"floor":23,"key":"REST"}],"circlet_count":0,"master_deck":["AscendersBane","Strike_B","Strike_B","Strike_B","Strike_B","Defend_B","Defend_B","Defend_B","Defend_B","Zap","Dualcast","Streamline+1","Turbo","White Noise","Sweeping Beam+1","Consume","Defragment+1","Cold Snap","Ball Lightning","Genetic Algorithm","Echo Form","Steam+1","Coolheaded","Chill"],"relics":["Cracked Core","NeowsBlessing","Singing Bowl","Bottled Lightning","PreservedInsect","Omamori","SlaversCollar"],"acts_visited":["Exordium","TheCity"],"potions_floor_usage":[11,11,16,16,21,25],"damage_taken":[{"damage":0,"enemies":"2 Louse","floor":1,"turns":1},{"damage":0,"enemies":"Small Slimes","floor":5,"turns":1},{"damage":0,"enemies":"Lagavulin","floor":7,"turns":1},{"damage":0,"enemies":"Lagavulin Event","floor":11,"turns":1},{"damage":7,"enemies":"Jaw Worm","floor":12,"turns":3},{"damage":22,"enemies":"Exordium Wildlife","floor":14,"turns":3},{"damage":24,"enemies":"Hexaghost","floor":16,"turns":7},{"damage":25,"enemies":"3 Byrds","floor":18,"turns":4},{"damage":6,"enemies":"Spheric Guardian","floor":20,"turns":4},{"damage":22,"enemies":"Snake Plant","floor":21,"turns":4},{"damage":26,"enemies":"Centurion and Healer","floor":24,"turns":8},{"damage":9,"enemies":"Gremlin Leader","floor":25,"turns":2}],"seed_played":"1982031754642692011","potions_obtained":[{"floor":7,"key":"FearPotion"},{"floor":12,"key":"ColorlessPotion"},{"floor":14,"key":"Ancient Potion"},{"floor":16,"key":"CultistPotion"},{"floor":20,"key":"DistilledChaos"}],"is_trial":false,"path_per_floor":["M","?","?","$","M","R","E","R","T","?","?","M","$","M","R","B",null,"M","$","M","M","?","R","M","E"],"character_chosen":"DEFECT","items_purchased":["DuplicationPotion","Turbo","Cold Snap","Ball Lightning"],"campfire_rested":1,"item_purchase_floors":[4,4,13,13],"current_hp_per_floor":[64,64,69,69,69,69,69,69,69,64,64,57,57,35,35,11,60,35,35,31,9,9,32,6,0,0],"gold":279,"neow_bonus":"THREE_ENEMY_KILL","is_daily":false,"chose_seed":false,"campfire_upgraded":3,"win_rate":0.0,"timestamp":1611581883,"path_taken":["M","?","?","$","M","R","E","R","T","?","?","M","?","M","R","BOSS","M","$","M","M","?","R","M","E"],"items_purchased_type":["Potion","Card","Card","Card"],"build_version":"2020-12-22","purchased_purges":0,"victory":false,"max_hp_per_floor":[71,71,76,76,76,76,76,76,76,76,76,76,76,76,76,76,76,76,76,78,78,78,78,78,78,78],"card_choices":[{"not_picked":["White Noise","Hologram"],"picked":"Streamline","floor":1},{"not_picked":["Melter","Redo"],"picked":"White Noise","floor":5},{"not_picked":["Coolheaded","Heatsinks"],"picked":"Sweeping Beam","floor":7},{"not_picked":["Go for the Eyes","Gash"],"picked":"Consume","floor":11},{"not_picked":["Hologram","Cold Snap"],"picked":"Defragment","floor":12},{"not_picked":["Rip and Tear","Force Field"],"picked":"Genetic Algorithm","floor":14},{"not_picked":["Buffer","Biased Cognition"],"picked":"Echo Form","floor":16},{"not_picked":["Coolheaded","Streamline"],"picked":"Steam+1","floor":18},{"not_picked":["Heatsinks","Blizzard","Storm"],"picked":"Singing Bowl","floor":20},{"not_picked":["Skim","Cold Snap"],"picked":"Coolheaded","floor":21},{"not_picked":["Recycle","Ball Lightning"],"picked":"Chill","floor":24}],"player_experience":4056313,"relics_obtained":[{"floor":7,"key":"Singing Bowl"},{"floor":9,"key":"Bottled Lightning"},{"floor":11,"key":"Omamori"}],"event_choices":[{"damage_healed":0,"gold_gain":79,"player_choice":"Gained Gold","damage_taken":0,"max_hp_gain":0,"max_hp_loss":0,"event_name":"Golden Wing","floor":2,"gold_loss":0},{"damage_healed":0,"gold_gain":0,"player_choice":"Donut","damage_taken":0,"max_hp_gain":5,"max_hp_loss":0,"event_name":"Big Fish","floor":3,"gold_loss":0},{"damage_healed":0,"gold_gain":0,"player_choice":"Success","damage_taken":5,"relics_obtained":["PreservedInsect"],"max_hp_gain":0,"max_hp_loss":0,"event_name":"Scrap Ooze","floor":10,"gold_loss":0},{"damage_healed":0,"gold_gain":0,"player_choice":"Searched \u00271\u0027 times","damage_taken":0,"max_hp_gain":0,"max_hp_loss":0,"event_name":"Dead Adventurer","floor":11,"gold_loss":0},{"damage_healed":0,"gold_gain":0,"player_choice":"Ignored","damage_taken":0,"max_hp_gain":0,"max_hp_loss":0,"event_name":"Cursed Tome","floor":22,"gold_loss":0}],"is_beta":false,"boss_relics":[{"not_picked":["Philosopher\u0027s Stone","Ectoplasm"],"picked":"SlaversCollar"}],"items_purged_floors":[],"is_endless":false,"potions_floor_spawned":[7,12,14,16,20],"killed_by":"Gremlin Leader","ascension_level":20}}