{"host":"n3vjqfjly94tssnj","time":1611571892,"event":{"mods":["BaseMod","FutureSeer","Lobotomy","LobotomyExtend","Marisa£¨ìFÓê¡¡Ä§ÀíÉ³£©","Minty Spire (QoL Compilation)","Reimu£¨²©ÀöÁéÃÎ£©","Relic Stats","Remilia£¨ÀÙÃ×ÀòÑÇ£©","RumiaBox-Â¶Ã×æ«µÄÉñÃØºÐ×Ó","StSLib","Yakumo Yukari mod","noobMod"],"gold_per_floor":[13,13,27,27,27,62,62,74,97,110,110,122,122,122],"floor_reached":13,"language":"ZHS","playtime":1324,"items_purged":[],"score":85,"play_id":"87d2aa0e-726d-4bbf-81aa-200e7887253c","local_time":"20210125185132","is_ascension_mode":false,"campfire_choices":[],"circlet_count":0,"master_deck":["SpecialBullet","SpecialBullet","SpecialBullet","SpecialBullet","SpecialBullet","SpecialBullet","ControlCode","CentralCode","ExtractionCode","FeatherOfHonor","BeautyBeast","Wingbeat","Soda","BloodyDesire+1","Pinks","Noise","InformationCode","SecurityCode","Spore+1","UniverseFragment","Lamp","CherryBlossoms","DaCapo"],"relics":["CogitoBucket","ice","Ice Cream","LetterFromLob","Regal Pillow","War Paint","ChangeAnything"],"acts_visited":["Exordium"],"potions_floor_usage":[],"damage_taken":[{"damage":12.0,"enemies":"2 Louse","floor":1.0,"turns":2.0},{"damage":0.0,"enemies":"Jaw Worm","floor":3.0,"turns":3.0},{"damage":24.0,"enemies":"Lagavulin","floor":6.0,"turns":7.0},{"damage":0.0,"enemies":"Small Slimes","floor":8.0,"turns":3.0},{"damage":19.0,"enemies":"Exordium Thugs","floor":10.0,"turns":4.0},{"damage":30,"enemies":"Exordium Wildlife","floor":12,"turns":17},{"damage":26,"enemies":"Gremlin Nob","floor":13,"turns":5}],"seed_played":"159195859462062172","potions_obtained":[{"floor":1.0,"key":"CultistPotion"},{"floor":6.0,"key":"CultistPotion"},{"floor":12,"key":"Strength Potion"}],"is_trial":false,"path_per_floor":["M","?","M","?","?","E","R","M","T","M","R","M","E"],"character_chosen":"Angela","items_purchased":[],"campfire_rested":0,"item_purchase_floors":[],"current_hp_per_floor":[58,70,70,63,63,46,46,56,56,46,46,41,20,20],"gold":122,"neow_bonus":"ONE_RARE_RELIC","is_daily":false,"chose_seed":false,"campfire_upgraded":0,"win_rate":0.0,"timestamp":1611571892,"path_taken":["M","?","M","?","?","E","R","?","T","M","R","?","E"],"items_purchased_type":[],"build_version":"2020-12-22","purchased_purges":0,"victory":false,"max_hp_per_floor":[70,70,70,70,70,70,70,70,70,70,70,70,70,70],"relic_stats":{"Regal Pillow":0,"counters":[8,42],"War Paint":["Spore","BloodyDesire"],"obtain_stats":[{"Ice Cream":0,"CogitoBucket":0,"Regal Pillow":6,"ice":0,"LetterFromLob":1,"War Paint":9,"ChangeAnything":12},{"Ice Cream":0,"CogitoBucket":0,"Regal Pillow":3,"ice":0,"LetterFromLob":1,"War Paint":4,"ChangeAnything":7},{"Ice Cream":0,"CogitoBucket":0,"Regal Pillow":12,"ice":0,"LetterFromLob":2,"War Paint":15,"ChangeAnything":37}]},"card_choices":[{"not_picked":["Loneliness"],"picked":"FeatherOfHonor","floor":1.0},{"not_picked":["WallGazer","ShyLook"],"picked":"BeautyBeast","floor":1.0},{"not_picked":["ScreamingWedge"],"picked":"Wingbeat","floor":1.0},{"not_picked":["InTheNameOfLoveAndHate"],"picked":"Soda","floor":3.0},{"not_picked":["Wingbeat","Horn"],"picked":"SKIP","floor":3.0},{"not_picked":["GrinderMk4"],"picked":"Noise","floor":6.0},{"not_picked":["Loneliness","Pleasure"],"picked":"SKIP","floor":6.0},{"not_picked":["Horn"],"picked":"Spore","floor":8.0},{"not_picked":["CherryBlossoms","FairyFestival"],"picked":"UniverseFragment","floor":8.0},{"not_picked":["Wingbeat","ShedSkin"],"picked":"SKIP","floor":8.0},{"not_picked":["CUTE"],"picked":"Lamp","floor":10},{"not_picked":["ShyLook","Wellcheers"],"picked":"CherryBlossoms","floor":12},{"not_picked":["Penitence"],"picked":"DaCapo","floor":12},{"not_picked":["Penitence","Diffraction"],"picked":"SKIP","floor":12}],"player_experience":257849,"relics_obtained":[{"floor":1.0,"key":"LetterFromLob"},{"floor":6.0,"key":"Regal Pillow"},{"floor":9.0,"key":"War Paint"}],"event_choices":[{"cards_removed":["SpecialBullet"],"damage_healed":0.0,"max_hp_gain":0.0,"max_hp_loss":0.0,"gold_gain":0.0,"event_name":"Golden Wing","player_choice":"Card Removal","floor":4.0,"gold_loss":0.0,"damage_taken":7.0},{"damage_healed":0.0,"max_hp_gain":0.0,"max_hp_loss":0.0,"gold_gain":0.0,"event_name":"Match and Keep!","player_choice":"2 cards matched","floor":5.0,"gold_loss":0.0,"damage_taken":0.0,"cards_obtained":["BloodyDesire","Pinks"]}],"is_beta":false,"boss_relics":[],"items_purged_floors":[],"is_endless":false,"potions_floor_spawned":[1,6,12],"killed_by":"Gremlin Nob","ascension_level":0}}