{"host":"6zri5syto3048z50","time":1611543668,"event":{"mods":["Bard","BaseMod","Better Third Choice","Colored Map","Colored Powertips","Curses Come First","Downfall","Hermit","Infinite Spire","Minty Spire (QoL Compilation)","Permanent Neow","Quick Restart","Rare Cards Sparkle","Replay The Spire","Shade Mod","Somnambulant","StSLib","The Bladedancer","The Construct","The Cursed","The Disciple","The Druid","The Elementalist","The Hierophant","The Marked","The Mystic","The Necromancer","The Runesmith"],"gold_per_floor":[112,123,42,54,64,64,64,64,64,64,116,131,131,156,156,169,169,273,273,290,290,308,2,2,2,29,49,49,135,135],"floor_reached":29,"language":"ENG","playtime":4347,"items_purged":["Runesmith:Strike_RS"],"score":243,"play_id":"b1181ff9-af8e-4d8a-990f-5529e7ffa0f3","local_time":"20210124220108","is_ascension_mode":false,"campfire_choices":[{"data":"Runesmith:CraftFirestone","floor":6,"key":"SMITH"},{"data":"Runesmith:Fortify","floor":10,"key":"SMITH"},{"floor":15,"key":"REST"},{"data":"Runesmith:ChaoticBlast","floor":17,"key":"SMITH"},{"floor":25,"key":"REST"}],"circlet_count":0,"master_deck":["Runesmith:Strike_RS","Runesmith:Defend_RS","Runesmith:Defend_RS","Runesmith:Defend_RS","Runesmith:CraftFirestone+1","Runesmith:Fortify+1","Runesmith:Grindstone","Runesmith:ChiselStab","Runesmith:PoweredAnvil","Runesmith:ChaoticBlast+1","Runesmith:Firewall","Runesmith:CraftProtectio","Runesmith:ArcReactor","CurseOfTheBell","Runesmith:HeatExchange","Runesmith:CraftVitae","Runesmith:ChiselStab","Runesmith:CraftMagma","Runesmith:Retool","RitualDagger","Runesmith:HammerThrow+1","Runesmith:ChaoticBlast","Runesmith:CraftMagma+1","Runesmith:CraftProtectio"],"relics":["Runesmith:BrokenRuby","ReplayFunnel","Runesmith:MiniCore","Sundial","Calling Bell","Potion Belt","infinitespire:FocusingShard","Lizard Tail","Pen Nib","Ice Cream","infinitespire:Midas Blood"],"acts_visited":["Exordium","TheCity"],"potions_floor_usage":[2,12,18,18,18],"damage_taken":[{"damage":0,"enemies":"Cultist","floor":1,"turns":4},{"damage":0,"enemies":"Jaw Worm","floor":2,"turns":4},{"damage":0,"enemies":"2 Louse","floor":4,"turns":4},{"damage":6,"enemies":"Blue Slaver","floor":5,"turns":5},{"damage":0,"enemies":"Large Slime","floor":12,"turns":4},{"damage":16,"enemies":"Gremlin Nob","floor":14,"turns":5},{"damage":0,"enemies":"Gremlin Gang","floor":16,"turns":1},{"damage":6,"enemies":"The Guardian","floor":18,"turns":9},{"damage":6,"enemies":"Shell Parasite","floor":20,"turns":7},{"damage":14,"enemies":"Spheric Guardian","floor":22,"turns":5},{"damage":29,"enemies":"Replay:Snechameleon","floor":26,"turns":6},{"damage":7,"enemies":"Snecko","floor":27,"turns":4}],"seed_played":"5004150274773872955","potions_obtained":[{"floor":1,"key":"DuplicationPotion"},{"floor":2,"key":"Guardian:BlockOnCardUsePotion"},{"floor":5,"key":"Fire Potion"},{"floor":12,"key":"Languid Potion"},{"floor":14,"key":"Strength Potion"},{"floor":26,"key":"Dexterity Potion"},{"floor":27,"key":"Languid Potion"}],"is_trial":true,"path_per_floor":["M","M","$","M","M","R","?","PTL","PTL","R","T","M","?","E","R","M","R","B",null,"M","?","M","$","?","R","E","M","T","?"],"character_chosen":"RUNESMITH_CLASS","items_purchased":["Runesmith:PoweredAnvil","Pen Nib","Runesmith:Retool"],"campfire_rested":2,"item_purchase_floors":[3,23,23],"current_hp_per_floor":[70,70,70,70,64,64,64,64,64,64,64,64,64,48,69,69,69,63,70,64,64,50,50,50,70,41,34,34,34,34],"gold":135,"neow_bonus":"","is_daily":false,"chose_seed":false,"campfire_upgraded":3,"win_rate":0.0,"timestamp":1611543668,"path_taken":["M","M","$","M","M","R","?","PTL","PTL","R","T","M","?","E","R","M","R","BOSS","M","?","M","$","?","R","E","M","T","?"],"items_purchased_type":["Card","Relic","Card"],"build_version":"2020-12-22","purchased_purges":1,"victory":false,"max_hp_per_floor":[70,70,70,70,70,70,70,70,70,70,70,70,70,70,70,70,70,70,70,70,70,70,70,70,70,70,70,70,70,70],"card_choices":[{"not_picked":["Runesmith:HeatExchange","Runesmith:ChargedHammer"],"picked":"Runesmith:Grindstone","floor":1},{"not_picked":["Runesmith:StaticCage","Runesmith:EnergizedChisel"],"picked":"Runesmith:ChiselStab","floor":2},{"not_picked":["Runesmith:CraftMagma","Runesmith:EnergizedChisel","Runesmith:NegativeSpace"],"picked":"SKIP","floor":4},{"not_picked":["Runesmith:Repurpose","Runesmith:CraftReservo"],"picked":"Runesmith:ChaoticBlast","floor":5},{"not_picked":["Runesmith:CraftProtectio","Runesmith:CraftMagma"],"picked":"Runesmith:Firewall","floor":12},{"not_picked":["Runesmith:CraftReservo","Runesmith:ChargedHammer","Runesmith:RuneHurl"],"picked":"SKIP","floor":14},{"not_picked":["Runesmith:HammerThrow","Runesmith:HammerAndChisel"],"picked":"Runesmith:CraftProtectio","floor":16},{"not_picked":["Runesmith:UnlimitedPower","Runesmith:LightningRod"],"picked":"Runesmith:ArcReactor","floor":18},{"not_picked":["Runesmith:Prism","Runesmith:MakeshiftArmor"],"picked":"Runesmith:HeatExchange","floor":20},{"not_picked":["Runesmith:ShiftingStrike","Runesmith:Repurpose"],"picked":"Runesmith:CraftMagma","floor":22},{"not_picked":["Runesmith:RunicBlueprint","Runesmith:CraftIndustria"],"picked":"Runesmith:HammerThrow+1","floor":26},{"not_picked":["Runesmith:Repurpose","Runesmith:MakeshiftArmor"],"picked":"Runesmith:ChaoticBlast","floor":27},{"not_picked":["Runesmith:Grindstone+1","Runesmith:MakeshiftArmor"],"picked":"Runesmith:CraftMagma+1","floor":29},{"not_picked":["Runesmith:HeatedChisel+1","Runesmith:ChiselStab"],"picked":"Runesmith:CraftProtectio","floor":29}],"player_experience":19683,"relics_obtained":[{"floor":7,"key":"ReplayFunnel"},{"floor":11,"key":"Runesmith:MiniCore"},{"floor":14,"key":"Sundial"},{"floor":19,"key":"Potion Belt"},{"floor":19,"key":"infinitespire:FocusingShard"},{"floor":19,"key":"Lizard Tail"},{"floor":26,"key":"Ice Cream"},{"floor":28,"key":"infinitespire:Midas Blood"}],"event_choices":[{"cards_removed":["Runesmith:Defend_RS"],"damage_healed":0,"gold_gain":0,"player_choice":"Purged","damage_taken":0,"max_hp_gain":0,"max_hp_loss":0,"event_name":"Purifier","floor":13,"gold_loss":0},{"damage_healed":0,"gold_gain":0,"cards_transformed":["Runesmith:Strike_RS","Runesmith:Strike_RS"],"player_choice":"Became Test Subject","damage_taken":0,"max_hp_gain":0,"max_hp_loss":0,"event_name":"Drug Dealer","floor":21,"gold_loss":0,"cards_obtained":["Runesmith:CraftVitae","Runesmith:ChiselStab"]},{"damage_healed":0,"gold_gain":0,"player_choice":"Dagger","damage_taken":6,"max_hp_gain":0,"max_hp_loss":0,"event_name":"betterThird:BetterNest","floor":24,"gold_loss":0,"cards_obtained":["RitualDagger"]}],"is_beta":false,"boss_relics":[{"not_picked":["Astrolabe","Replay:Drink Me"],"picked":"Calling Bell"}],"items_purged_floors":[23],"is_endless":false,"potions_floor_spawned":[1,2,5,12,14,26,27],"ascension_level":0}}