{"host":"jbj9vjxoxc0v9q6j","time":1611617145,"event":{"mods":["BaseMod","Downfall","Minty Spire (QoL Compilation)","Replay The Spire","Shop Mod","StSLib","The Disciple","The Runesmith"],"gold_per_floor":[115,125,135,147,35,35,5,5,32,50,50,75,87,102,102,199,199,213,213,213,213,213],"floor_reached":21,"language":"ENG","playtime":2150,"items_purged":[],"score":171,"play_id":"eb50c308-57c7-4a41-baf4-e4e5e48d9ce3","local_time":"20210125182545","is_ascension_mode":false,"campfire_choices":[{"data":"Runesmith:Grindstone","floor":6.0,"key":"SMITH"},{"data":"Runesmith:BackupBattery+1","floor":11,"key":"SMITH"},{"data":"Runesmith:BackupBattery+2","floor":15,"key":"SMITH"}],"circlet_count":0,"master_deck":["Runesmith:Strike_RS","Runesmith:Strike_RS","Runesmith:Strike_RS","Runesmith:Defend_RS","Runesmith:Defend_RS","Runesmith:Defend_RS","Runesmith:CraftFirestone","Runesmith:Fortify","Runesmith:Grindstone+1","Runesmith:BackupBattery+3","Runesmith:EarthShield","Runesmith:CraftProtectio","Runesmith:ChaoticBlast","Runesmith:LithiumIon","Runesmith:Repurpose","Runesmith:ShiftingStrike","Runesmith:CraftSpiculum","Runesmith:CraftSpiculum","Runesmith:HeatedChisel+1","Runesmith:FissionHammer","Runesmith:HammerThrow","Runesmith:Firestorm"],"relics":["Runesmith:BrokenRuby","NeowsBlessing","Pen Nib","Ginger","SacredBark"],"acts_visited":["Exordium","TheCity"],"potions_floor_usage":[16],"damage_taken":[{"damage":0.0,"enemies":"Cultist","floor":1.0,"turns":1.0},{"damage":0.0,"enemies":"2 Louse","floor":2.0,"turns":1.0},{"damage":0.0,"enemies":"Jaw Worm","floor":3.0,"turns":1.0},{"damage":5.0,"enemies":"Exordium Wildlife","floor":4.0,"turns":6.0},{"damage":4.0,"enemies":"Looter","floor":7.0,"turns":4.0},{"damage":11,"enemies":"3 Louse","floor":10,"turns":5},{"damage":13,"enemies":"2 Fungi Beasts","floor":13,"turns":5},{"damage":2,"enemies":"Large Slime","floor":14,"turns":6},{"damage":3,"enemies":"Fading Forest","floor":16,"turns":11},{"damage":8,"enemies":"Shell Parasite","floor":18,"turns":6},{"damage":26,"enemies":"Chosen","floor":21,"turns":7}],"seed_played":"2516864960891142681","potions_obtained":[{"floor":1.0,"key":"Explosive Potion"},{"floor":10,"key":"PowerPotion"},{"floor":13,"key":"Adrenaline Potion"}],"is_trial":false,"path_per_floor":["M","M","M","M","$","R","M","?","T","M","R","?","M","M","R","B",null,"M","?","?","M"],"character_chosen":"RUNESMITH_CLASS","items_purchased":["Runesmith:ChaoticBlast","Runesmith:LithiumIon"],"campfire_rested":0,"item_purchase_floors":[5,5],"current_hp_per_floor":[70,70,70,65,65,65,61,61,61,50,50,50,37,35,35,32,70,62,62,62,36,36],"gold":213,"neow_bonus":"THREE_ENEMY_KILL","is_daily":false,"chose_seed":false,"campfire_upgraded":3,"win_rate":0.0,"timestamp":1611617145,"path_taken":["M","M","M","M","$","R","M","?","T","M","R","?","M","M","R","BOSS","M","?","?","M"],"items_purchased_type":["Card","Card"],"build_version":"2020-12-22","purchased_purges":0,"victory":false,"max_hp_per_floor":[70,70,70,70,70,70,70,70,70,70,70,70,70,70,70,70,70,70,70,70,70,70],"card_choices":[{"not_picked":["Runesmith:HeatedChisel","Runesmith:ChiselStab"],"picked":"Runesmith:Grindstone","floor":1.0},{"not_picked":["Runesmith:CraftMagma","Runesmith:UnstableHammer"],"picked":"Runesmith:BackupBattery","floor":2.0},{"not_picked":["Runesmith:Overpower","Runesmith:HeatExchange"],"picked":"Runesmith:EarthShield","floor":3.0},{"not_picked":["Runesmith:UnstableHammer","Runesmith:Superposition"],"picked":"Runesmith:CraftProtectio","floor":4.0},{"not_picked":["Runesmith:CraftMedicinae","Runesmith:CraftProtectio"],"picked":"Runesmith:Repurpose","floor":7},{"not_picked":["Runesmith:Superposition","Runesmith:Repurpose"],"picked":"Runesmith:ShiftingStrike","floor":10},{"not_picked":["Runesmith:ChiselStab","Runesmith:NegativeSpace"],"picked":"Runesmith:CraftSpiculum","floor":13},{"not_picked":["Runesmith:CraftProtectio","Runesmith:UnstableHammer"],"picked":"Runesmith:CraftSpiculum","floor":14},{"not_picked":["Runesmith:Empowerment","Runesmith:HammerAndChisel"],"picked":"Runesmith:HeatedChisel+1","floor":18}],"player_experience":1960899,"relics_obtained":[{"floor":9,"key":"Pen Nib"},{"floor":12,"key":"Ginger"}],"event_choices":[{"damage_healed":0,"gold_gain":0,"cards_transformed":["Runesmith:Strike_RS","Runesmith:Defend_RS"],"player_choice":"Became Test Subject","damage_taken":0,"max_hp_gain":0,"max_hp_loss":0,"event_name":"Drug Dealer","floor":19,"gold_loss":0,"cards_obtained":["Runesmith:FissionHammer","Runesmith:HammerThrow"]},{"damage_healed":0,"gold_gain":0,"player_choice":"Read","damage_taken":0,"max_hp_gain":0,"max_hp_loss":0,"event_name":"The Library","floor":20,"gold_loss":0,"cards_obtained":["Runesmith:Firestorm"]}],"is_beta":false,"boss_relics":[{"not_picked":["Coffee Dripper","Velvet Choker"],"picked":"SacredBark"}],"items_purged_floors":[],"is_endless":false,"potions_floor_spawned":[1,10,13,14],"killed_by":"Chosen","ascension_level":0}}