{"host":"ndqo0ze3xqwwg5zo","time":1611611683,"event":{"mods":["BaseMod","Colored Powertips","Downfall","Hermit","Koishi","Marisa????????","Minty Spire (QoL Compilation)","Permanent Neow","Replay The Spire","Shop Mod","StSLib","Td1madao Mod","The Cursed","The Disciple","The Hierophant","The Necromancer","The Runesmith","The Servant 0.9.4","The Wild Card"],"gold_per_floor":[119,138,151,151,169,13,13,13,13,346,363,209,223,235,235,339,339,339,339,339,261,207,207,207,207,207,207,207,207,207,207,207,207,207,207,207,207,207,207,207,207,207,207,207,207,207,207,207,207,207],"floor_reached":51,"language":"ENG","playtime":8454,"items_purged":["Koishi:VengefulSpirit"],"score":672,"play_id":"a49986ae-d6b1-4864-bfdf-01a968e9ad8e","local_time":"20210125155443","is_ascension_mode":false,"campfire_choices":[{"data":"Koishi:UnconsciousUrges","floor":7,"key":"SMITH"},{"data":"Koishi:UnconsciousUrges","floor":23,"key":"SMITH"},{"data":"Koishi:HauntingSlash","floor":27,"key":"SMITH"},{"data":"Koishi:StingingMind","floor":29,"key":"SMITH"},{"floor":32,"key":"DIG"},{"data":"Koishi:EmbersOfLove","floor":40,"key":"SMITH"},{"data":"Koishi:Catatonia","floor":42,"key":"SMITH"},{"data":"Koishi:ReflexRadar","floor":45,"key":"SMITH"},{"data":"Koishi:GeneticsOfTheUnconscious","floor":49,"key":"SMITH"}],"circlet_count":0,"master_deck":["Koishi:BasicStrike","Koishi:BasicStrike","Koishi:BasicDefend","Koishi:BasicDefend","Koishi:BasicDefend","Koishi:BasicDefend+1","Koishi:Provoke","Koishi:HauntingSlash+1","Koishi:VengefulSpirit","Koishi:LastRemote","Koishi:UnconsciousUrges+1","Koishi:StingingMind+1","Koishi:UnconsciousUrges+1","Koishi:ParalyzingFear+1","Koishi:YoukaiPolygraph","Koishi:UnconsciousUrges+1","Koishi:PredatoryInstincts+1","Koishi:TerrifyingSpectre","Koishi:Jaunt","Koishi:FleetingPhantom","Koishi:TremblingHands","Koishi:PhantomStrike","Koishi:SpiritedAway","Koishi:EmbersOfLove+1","Koishi:YoukaiPolygraph","Koishi:HeartfeltFancy","Koishi:RoseHell","Koishi:ReflexRadar+1","Koishi:Prune+1","Koishi:PredatoryInstincts+1","Koishi:DreadfulBlow","Koishi:JumpScare","Koishi:Catatonia+1","Parasite","Koishi:GeneticsOfTheUnconscious+1"],"relics":["Koishi:ImaginaryFriend","FossilizedHelix","Old Coin","DollysMirror","Replay:Grab Bag","Ectoplasm","Sozu","SlaversCollar","War Paint","Replay:WaspNest","Koishi:BloodstainedWhiteRose","Replay:Rubber Ducky","Orichalcum","Bird Faced Urn"],"acts_visited":["Exordium","TheCity","TheBeyond"],"potions_floor_usage":[16,30,33],"damage_taken":[{"damage":2,"enemies":"2 Louse","floor":1,"turns":5},{"damage":0,"enemies":"Cultist","floor":2,"turns":5},{"damage":0,"enemies":"Small Slimes","floor":3,"turns":5},{"damage":9,"enemies":"2 Fungi Beasts","floor":5,"turns":4},{"damage":3,"enemies":"Lagavulin","floor":10,"turns":8},{"damage":8,"enemies":"Exordium Thugs","floor":11,"turns":8},{"damage":16,"enemies":"3 Louse","floor":13,"turns":5},{"damage":5,"enemies":"2 Fungi Beasts","floor":14,"turns":5},{"damage":33,"enemies":"Slime Boss","floor":16,"turns":13},{"damage":7,"enemies":"Chosen","floor":18,"turns":6},{"damage":2,"enemies":"Shell Parasite","floor":19,"turns":5},{"damage":7,"enemies":"Replay:Snechameleon","floor":24,"turns":8},{"damage":16,"enemies":"Snake Plant","floor":25,"turns":4},{"damage":12,"enemies":"Snecko","floor":28,"turns":6},{"damage":56,"enemies":"Slavers","floor":30,"turns":4},{"damage":0,"enemies":"Chosen and Byrds","floor":31,"turns":5},{"damage":15,"enemies":"Collector","floor":33,"turns":9},{"damage":19,"enemies":"3 Darklings","floor":35,"turns":6},{"damage":0,"enemies":"Orb Walker","floor":36,"turns":5},{"damage":15,"enemies":"4 Shapes","floor":37,"turns":8},{"damage":34,"enemies":"Spire Growth","floor":38,"turns":6},{"damage":18,"enemies":"3 Darklings","floor":39,"turns":7},{"damage":0,"enemies":"Writhing Mass","floor":41,"turns":7},{"damage":3,"enemies":"Jaw Worm Horde","floor":46,"turns":5},{"damage":4,"enemies":"Transient","floor":47,"turns":5},{"damage":0,"enemies":"Writhing Mass","floor":48,"turns":7},{"damage":61,"enemies":"Time Eater","floor":50,"turns":14}],"seed_played":"-3830156480342521055","potions_obtained":[{"floor":1,"key":"Regen Potion"},{"floor":3,"key":"Dexterity Potion"},{"floor":5,"key":"SteroidPotion"},{"floor":14,"key":"BlessingOfTheForge"}],"is_trial":false,"path_per_floor":["M","M","M","?","M","$","R","?","T","E","M","$","M","M","R","B",null,"M","M","?","$","?","R","E","M","T","R","M","R","E","M","R","B",null,"M","M","M","M","M","R","M","R","T","?","R","M","M","M","R","B",null],"character_chosen":"KOISHI","items_purchased":["Koishi:UnconsciousUrges","DollysMirror","Koishi:TremblingHands"],"campfire_rested":0,"item_purchase_floors":[6,12,21],"current_hp_per_floor":[59,60,60,60,56,56,56,61,61,65,64,64,50,58,65,46,65,65,65,65,65,65,65,65,54,54,54,61,61,36,49,49,65,65,65,65,65,46,65,65,65,65,65,65,65,65,65,65,65,19],"gold":207,"neow_bonus":"TRANSFORM_CARD","is_daily":false,"chose_seed":false,"campfire_upgraded":8,"win_rate":0.0,"timestamp":1611611683,"path_taken":["M","M","M","?","M","?","R","?","T","E","M","$","M","M","R","BOSS","M","M","?","$","?","R","E","M","T","R","?","R","E","M","R","BOSS","M","M","M","M","M","R","M","R","T","?","R","M","M","M","R","BOSS"],"items_purchased_type":["Card","Relic","Card"],"build_version":"2020-12-22","purchased_purges":1,"victory":true,"max_hp_per_floor":[60,60,60,60,60,60,60,65,65,65,65,65,65,65,65,65,65,65,65,65,65,65,65,65,65,65,65,65,65,65,65,65,65,65,65,65,65,65,65,65,65,65,65,65,65,65,65,65,65,65],"card_choices":[{"not_picked":["Koishi:PhantomStrike","Koishi:SpiritedAway"],"picked":"Koishi:LastRemote","floor":1},{"not_picked":["Koishi:CatchAndRose","Koishi:Possession"],"picked":"Koishi:UnconsciousUrges","floor":2},{"not_picked":["Koishi:PhilosophyOfTheDespised","Koishi:PhantomStrike"],"picked":"Koishi:StingingMind","floor":3},{"not_picked":["Koishi:FreudianInstinct","Koishi:SpiritedAway","Koishi:DNAsFlaw"],"picked":"SKIP","floor":5},{"not_picked":["Koishi:SpiritedAway","Koishi:DanmakuParanoia"],"picked":"Koishi:ParalyzingFear","floor":10},{"not_picked":["Koishi:UnconsciousUprising","Koishi:TremblingHands"],"picked":"Koishi:YoukaiPolygraph","floor":11},{"not_picked":["Koishi:ReleaseOfTheId","Koishi:CatchAndRose"],"picked":"Koishi:PredatoryInstincts","floor":13},{"not_picked":["Koishi:TraumaticStroke","Koishi:ReleaseOfTheId","Koishi:MindStellarRelief"],"picked":"SKIP","floor":14},{"not_picked":["Koishi:FadingMemory","Koishi:SuperEgo"],"picked":"Koishi:TerrifyingSpectre","floor":16},{"not_picked":["Koishi:SubterraneanRose","Koishi:GeneticsOfTheUnconscious"],"picked":"Koishi:Jaunt","floor":18},{"not_picked":["Koishi:StingingMind","Koishi:DreadfulBlow"],"picked":"Koishi:FleetingPhantom","floor":19},{"not_picked":["Koishi:FourthEye","Koishi:SpiritedAway"],"picked":"Koishi:PhantomStrike","floor":24},{"not_picked":["Koishi:JumpScare","Koishi:ReflexRadar"],"picked":"Koishi:SpiritedAway","floor":25},{"not_picked":["Koishi:PhantomStrike","Koishi:ReleaseOfTheId"],"picked":"Koishi:EmbersOfLove","floor":28},{"not_picked":["Koishi:HeartStoppingHorror","Koishi:Prune"],"picked":"Koishi:YoukaiPolygraph","floor":30},{"not_picked":["Koishi:SubconsciousSweep","Koishi:VengefulSpirit+1"],"picked":"Koishi:HeartfeltFancy","floor":31},{"not_picked":["Koishi:ConditionedTeleport","Koishi:ImGoingToCallYouNow"],"picked":"Koishi:RoseHell","floor":33},{"not_picked":["Koishi:UnconsciousUprising+1","Koishi:CatchAndRose+1"],"picked":"Koishi:ReflexRadar","floor":35},{"not_picked":["Koishi:SubconsciousSweep","Koishi:SpiritedAway"],"picked":"Koishi:Prune+1","floor":36},{"not_picked":["Koishi:StingingMind","Koishi:PhantomStrike+1"],"picked":"Koishi:PredatoryInstincts+1","floor":37},{"not_picked":["Koishi:SubconsciousSweep+1","Koishi:SubterraneanRose+1"],"picked":"Koishi:DreadfulBlow","floor":38},{"not_picked":["Koishi:FidgetySnatcher+1","Koishi:FleetingPhantom+1"],"picked":"Koishi:JumpScare","floor":39},{"not_picked":["Koishi:BramblyRoseGarden","Koishi:ReleaseOfTheId"],"picked":"Koishi:Catatonia","floor":41},{"not_picked":["Koishi:SubterraneanRose+1","Koishi:PhantomBarrier+1","Koishi:FleetingPhantom+1"],"picked":"SKIP","floor":46},{"not_picked":["Koishi:BramblyRoseGarden+1","Koishi:Possession","Koishi:UnseenTerror+1"],"picked":"SKIP","floor":47},{"not_picked":["Koishi:StrangeCloudFist","Koishi:RorschachInDanmaku+1"],"picked":"Koishi:GeneticsOfTheUnconscious","floor":48}],"player_experience":24665,"relics_obtained":[{"floor":9,"key":"FossilizedHelix"},{"floor":10,"key":"Old Coin"},{"floor":24,"key":"Replay:WaspNest"},{"floor":26,"key":"Koishi:BloodstainedWhiteRose"},{"floor":30,"key":"Replay:Rubber Ducky"},{"floor":32,"key":"Orichalcum"},{"floor":43,"key":"Bird Faced Urn"}],"event_choices":[{"damage_healed":0,"gold_gain":0,"cards_transformed":["Koishi:BasicStrike"],"player_choice":"Transformed","damage_taken":0,"max_hp_gain":0,"max_hp_loss":0,"event_name":"Transmorgrifier","floor":4,"gold_loss":0,"cards_obtained":["Koishi:VengefulSpirit"]},{"damage_healed":0,"gold_gain":0,"player_choice":"Donut","damage_taken":0,"max_hp_gain":5,"max_hp_loss":0,"event_name":"Big Fish","floor":8,"gold_loss":0},{"damage_healed":0,"gold_gain":0,"player_choice":"Paid Gold","damage_taken":0,"relics_obtained":["War Paint"],"max_hp_gain":0,"max_hp_loss":0,"event_name":"WeMeetAgain","floor":22,"gold_loss":54},{"damage_healed":0,"gold_gain":0,"player_choice":"Ignored","damage_taken":0,"max_hp_gain":0,"max_hp_loss":0,"event_name":"Tomb of Lord Red Mask","floor":44,"gold_loss":0}],"is_beta":false,"boss_relics":[{"not_picked":["Replay:Bronze Core","Kintsugi"],"picked":"Replay:Grab Bag"},{"not_picked":["Replay:Wanted Poster","Fusion Hammer"],"picked":"Ectoplasm"},{"not_picked":["Coffee Dripper","Busted Crown"],"picked":"Sozu"},{"not_picked":["Runic Pyramid","Black Star"],"picked":"SlaversCollar"},{"not_picked":["Velvet Choker","bronze:MakeshiftBattery","Replay:Ancient Bell"]}],"items_purged_floors":[6],"is_endless":false,"potions_floor_spawned":[1,3,5,11,14,18,25,30,31,37,41,46],"ascension_level":0}}