{"host":"1tl36azeqm6yhdgj","time":1611571145,"event":{"mods":["AchievementEnabler","BaseMod","Minty Spire (QoL Compilation)","StSLib","The IronCluck","everything is the same but u backflip on backflip"],"gold_per_floor":[20,20,95,107,107,107,141,141,141,152,169,186,217,28,28,105,105,121,121,171,190,190,190,210,224,292,7,41,41,41,41,41],"floor_reached":31,"language":"ENG","playtime":844,"items_purged":[],"score":526,"play_id":"4396753c-3f20-4878-8c5a-6a5fc27a4358","local_time":"20210125053905","is_ascension_mode":true,"campfire_choices":[{"data":"Bash","floor":6.0,"key":"SMITH"},{"data":"Intimidate","floor":8.0,"key":"SMITH"},{"data":"Enlightenment","floor":15.0,"key":"SMITH"},{"data":"Corruption","floor":23.0,"key":"SMITH"}],"circlet_count":0,"master_deck":["AscendersBane","Strike_R","Strike_R","Strike_R","Defend_R","Defend_R","Defend_R","Defend_R","Bash+1","Bludgeon+1","Heavy Blade","Intimidate+1","Feel No Pain","Thunderclap","Flex","Cleave","Corruption+1","Enlightenment+1","Inflame","Impervious","Dropkick","Flame Barrier","Transmutation","Metallicize","Dropkick","Shame"],"relics":["Burning Blood","Peace Pipe","Bronze Scales","Ancient Tea Set","Black Star","Paper Frog","MealTicket","Self Forming Clay","Pocketwatch"],"acts_visited":["Exordium","TheCity"],"potions_floor_usage":[],"damage_taken":[{"damage":7.0,"enemies":"Small Slimes","floor":1.0,"turns":2.0},{"damage":2.0,"enemies":"Jaw Worm","floor":4.0,"turns":3.0},{"damage":10.0,"enemies":"Lagavulin","floor":7.0,"turns":7.0},{"damage":0.0,"enemies":"Cultist","floor":10.0,"turns":2.0},{"damage":0.0,"enemies":"Large Slime","floor":11.0,"turns":5.0},{"damage":7.0,"enemies":"2 Fungi Beasts","floor":12.0,"turns":3.0},{"damage":15.0,"enemies":"3 Sentries","floor":13.0,"turns":4.0},{"damage":25.0,"enemies":"The Guardian","floor":16.0,"turns":8.0},{"damage":8.0,"enemies":"Spheric Guardian","floor":18.0,"turns":5.0},{"damage":25.0,"enemies":"Chosen","floor":21.0,"turns":6.0},{"damage":0.0,"enemies":"Snecko","floor":24.0,"turns":2.0},{"damage":27.0,"enemies":"Snake Plant","floor":25.0,"turns":4.0},{"damage":28.0,"enemies":"Slavers","floor":28.0,"turns":6.0},{"damage":57,"enemies":"Gremlin Leader","floor":31,"turns":7}],"seed_played":"-3618341454415839273","potions_obtained":[{"floor":7.0,"key":"Swift Potion"},{"floor":11.0,"key":"Explosive Potion"},{"floor":13.0,"key":"Dexterity Potion"},{"floor":21.0,"key":"BloodPotion"}],"is_trial":false,"path_per_floor":["M","?","?","M","?","R","E","R","T","M","M","M","E","$","R","B",null,"M","?","?","M","?","R","M","M","T","$","E","?","?","E"],"character_chosen":"IRONCLAD","items_purchased":["Enlightenment","Inflame","Transmutation","Metallicize"],"campfire_rested":0,"item_purchase_floors":[14,14,27,27],"current_hp_per_floor":[67,67,56,60,60,60,56,56,56,62,68,67,58,58,58,39,66,64,64,64,45,45,45,51,30,30,30,23,23,38,0,0],"gold":41,"neow_bonus":"THREE_RARE_CARDS","is_daily":false,"chose_seed":false,"campfire_upgraded":4,"win_rate":0.0,"timestamp":1611571145,"path_taken":["M","?","?","M","?","R","E","R","T","M","M","?","E","$","R","BOSS","M","?","?","M","?","R","?","M","T","$","E","?","?","E"],"items_purchased_type":["Card","Card","Card","Card"],"build_version":"2020-12-22","purchased_purges":0,"victory":false,"max_hp_per_floor":[75,75,75,75,75,75,75,75,75,75,75,75,75,75,75,75,75,75,75,75,75,75,75,75,75,75,75,75,75,75,75,75],"card_choices":[{"not_picked":["Berserk","Impervious"],"picked":"Bludgeon","floor":0.0},{"not_picked":["Warcry","Dual Wield"],"picked":"Heavy Blade","floor":1.0},{"not_picked":["Body Slam","Warcry"],"picked":"Intimidate","floor":4.0},{"not_picked":["Power Through","Bloodletting"],"picked":"Feel No Pain","floor":7.0},{"not_picked":["Clash","Perfected Strike"],"picked":"Thunderclap","floor":10.0},{"not_picked":["Thunderclap","Bludgeon"],"picked":"Flex","floor":11.0},{"not_picked":["Havoc","Wild Strike"],"picked":"Cleave","floor":12.0},{"not_picked":["Havoc","Disarm"],"picked":"Corruption","floor":13.0},{"not_picked":["Bludgeon","Reaper"],"picked":"Impervious","floor":16.0},{"not_picked":["Sword Boomerang","Dark Embrace","Perfected Strike"],"picked":"SKIP","floor":18.0},{"not_picked":["Warcry","Iron Wave"],"picked":"Dropkick","floor":21.0},{"not_picked":["Perfected Strike","Dual Wield+1","Warcry"],"picked":"SKIP","floor":24.0},{"not_picked":["Body Slam+1","Armaments"],"picked":"Flame Barrier","floor":25.0},{"not_picked":["Iron Wave","Inflame"],"picked":"Dropkick","floor":28.0}],"player_experience":2030997,"relics_obtained":[{"floor":7.0,"key":"Peace Pipe"},{"floor":9.0,"key":"Bronze Scales"},{"floor":13.0,"key":"Ancient Tea Set"},{"floor":26.0,"key":"Paper Frog"},{"floor":28.0,"key":"MealTicket"},{"floor":28.0,"key":"Self Forming Clay"}],"event_choices":[{"damage_healed":0.0,"max_hp_gain":0.0,"max_hp_loss":0.0,"gold_gain":0.0,"event_name":"Living Wall","player_choice":"Grow","floor":2.0,"gold_loss":0.0,"damage_taken":0.0,"cards_upgraded":["Bludgeon"]},{"damage_healed":0.0,"max_hp_gain":0.0,"max_hp_loss":0.0,"gold_gain":75.0,"event_name":"World of Goop","player_choice":"Gather Gold","floor":3.0,"gold_loss":0.0,"damage_taken":11.0},{"cards_removed":["Strike_R"],"damage_healed":0.0,"max_hp_gain":0.0,"max_hp_loss":0.0,"gold_gain":0.0,"event_name":"Purifier","player_choice":"Purged","floor":5.0,"gold_loss":0.0,"damage_taken":0.0},{"cards_removed":["Strike_R"],"damage_healed":0.0,"max_hp_gain":0.0,"max_hp_loss":0.0,"gold_gain":0.0,"event_name":"Back to Basics","player_choice":"Elegance","floor":19.0,"gold_loss":0.0,"damage_taken":0.0},{"damage_healed":0.0,"max_hp_gain":0.0,"max_hp_loss":0.0,"gold_gain":50.0,"event_name":"Nest","player_choice":"Stole From Cult","floor":20.0,"gold_loss":0.0,"damage_taken":0.0},{"damage_healed":0.0,"max_hp_gain":0.0,"max_hp_loss":0.0,"gold_gain":0.0,"event_name":"Vampires","player_choice":"Ignored","floor":22.0,"gold_loss":0.0,"damage_taken":0.0},{"damage_healed":0.0,"max_hp_gain":0.0,"max_hp_loss":0.0,"gold_gain":0.0,"event_name":"Addict","player_choice":"Stole Relic","floor":29.0,"gold_loss":0.0,"damage_taken":0.0,"relics_obtained":["Pocketwatch"],"cards_obtained":["Shame"]},{"damage_healed":15.0,"max_hp_gain":0.0,"max_hp_loss":0.0,"gold_gain":0.0,"event_name":"The Library","player_choice":"Heal","floor":30.0,"gold_loss":0.0,"damage_taken":0.0}],"is_beta":false,"boss_relics":[{"not_picked":["SacredBark","Cursed Key"],"picked":"Black Star"}],"items_purged_floors":[],"is_endless":false,"potions_floor_spawned":[7,11,13,21],"killed_by":"Gremlin Leader","ascension_level":20}}