{"host":"61r95uy0hn86b9iu","time":1611542064,"event":{"mods":["AchievementEnabler","BaseMod","Better Vampires","BetterRewards","Colored Powertips","Hubris","Minty Spire (QoL Compilation)","Shop Mod","StSLib"],"gold_per_floor":[119,129,129,204,217,217,217,231,282,282,91,120,120,149,149,228,278,298,92,92,92,92,92,118,118,145,145,145,145],"floor_reached":28,"language":"ENG","playtime":2002,"items_purged":["Strike_B","hubris:PowerSurge+1"],"score":612,"play_id":"2331220b-ea0d-4d74-88e8-5d8fd8d5de2c","local_time":"20210124203424","is_ascension_mode":true,"campfire_choices":[{"data":"Chaos","floor":6.0,"key":"SMITH"},{"floor":10.0,"key":"REST"},{"data":"Echo Form","floor":13.0,"key":"SMITH"},{"floor":15.0,"key":"REST"},{"floor":23.0,"key":"DIG"},{"floor":25,"key":"REST"}],"circlet_count":0,"master_deck":["AscendersBane","Defend_B","Defend_B","Defend_B","Defend_B","Zap","Dualcast","Chaos+1","Conserve Battery","Undo","Tempest","Capacitor","Streamline","Echo Form+1","Seek","Consume+1","Loop","Doom and Gloom","Bite"],"relics":["Cracked Core","Regal Pillow","hubris:EmptyBottle","hubris:Icosahedron","Turnip","Shovel","MerchantsRug","hubris:Zylophone","PreservedInsect","Bronze Scales"],"acts_visited":["Exordium","TheCity"],"potions_floor_usage":[24,24,24,24,24,24],"damage_taken":[{"damage":0.0,"enemies":"Small Slimes","floor":1.0,"turns":3.0},{"damage":8.0,"enemies":"2 Louse","floor":2.0,"turns":3.0},{"damage":0.0,"enemies":"Cultist","floor":5.0,"turns":3.0},{"damage":0.0,"enemies":"3 Louse","floor":8.0,"turns":3.0},{"damage":23.0,"enemies":"Lagavulin","floor":12.0,"turns":4.0},{"damage":20.0,"enemies":"3 Sentries","floor":14.0,"turns":5.0},{"damage":32.0,"enemies":"Hexaghost","floor":16.0,"turns":7.0},{"damage":0.0,"enemies":"Chosen","floor":18.0,"turns":5.0},{"damage":49,"enemies":"Gremlin Leader","floor":24,"turns":8},{"damage":58,"enemies":"Book of Stabbing","floor":28,"turns":4}],"seed_played":"-1741096183678054979","potions_obtained":[{"floor":1.0,"key":"Fruit Juice"},{"floor":2.0,"key":"DistilledChaos"},{"floor":8.0,"key":"Fire Potion"},{"floor":12.0,"key":"EntropicBrew"},{"floor":17.0,"key":"SmokeBomb"}],"is_trial":false,"path_per_floor":["M","M","?","?","M","R","?","M","T","R","$","E","R","E","R","B",null,"M","$","?","?","?","R","E","R","T","?","E"],"character_chosen":"DEFECT","items_purchased":["Regal Pillow","hubris:EmptyBottle","Conserve Battery","Capacitor","Streamline","MerchantsRug"],"campfire_rested":3,"item_purchase_floors":[0,0,0,11,11,19],"current_hp_per_floor":[60,52,52,41,41,41,41,41,41,80,80,57,57,37,76,44,77,77,77,77,77,54,54,11,51,51,51,0,0],"gold":145,"neow_bonus":"","is_daily":false,"chose_seed":false,"campfire_upgraded":2,"win_rate":0.0,"timestamp":1611542064,"path_taken":["M","M","?","?","M","R","?","M","T","R","$","E","R","E","R","BOSS","M","$","?","?","?","R","E","R","T","?","E"],"items_purchased_type":["Relic","Relic","Card","Card","Card","Relic"],"build_version":"2020-12-22","purchased_purges":2,"victory":false,"max_hp_per_floor":[81,81,81,81,81,81,81,81,81,81,81,81,81,81,81,81,86,86,86,86,80,85,85,85,85,85,85,85,85],"card_choices":[{"not_picked":["Steam","Gash"],"picked":"Undo","floor":1.0},{"not_picked":["Rebound","Stack"],"picked":"Tempest","floor":2.0},{"not_picked":["Compile Driver","Conserve Battery","Skim"],"picked":"SKIP","floor":5.0},{"not_picked":["Sweeping Beam","Go for the Eyes"],"picked":"hubris:PowerSurge","floor":8.0},{"not_picked":["BootSequence","Loop"],"picked":"Echo Form","floor":12.0},{"not_picked":["Gash","Chaos","Steam"],"picked":"SKIP","floor":14.0},{"not_picked":["Machine Learning","All For One"],"picked":"Seek","floor":16.0},{"not_picked":["Steam Power","Lockon"],"picked":"Consume","floor":18.0},{"not_picked":["Ball Lightning","Steam","Sweeping Beam+1"],"picked":"SKIP","floor":24}],"player_experience":3292581,"relics_obtained":[{"floor":12.0,"key":"Turnip"},{"floor":14.0,"key":"Shovel"},{"floor":23.0,"key":"hubris:Zylophone"},{"floor":24,"key":"PreservedInsect"},{"floor":26,"key":"Bronze Scales"}],"event_choices":[{"damage_healed":0.0,"max_hp_gain":0.0,"max_hp_loss":0.0,"gold_gain":75.0,"event_name":"World of Goop","player_choice":"Gather Gold","floor":4.0,"gold_loss":0.0,"damage_taken":11.0},{"damage_healed":0.0,"max_hp_gain":0.0,"max_hp_loss":0.0,"gold_gain":0.0,"event_name":"Scrap Ooze","player_choice":"Fled","floor":7.0,"gold_loss":0.0,"damage_taken":0.0},{"damage_healed":0.0,"max_hp_gain":0.0,"max_hp_loss":0.0,"gold_gain":0.0,"cards_transformed":["Strike_B","Strike_B"],"event_name":"Drug Dealer","player_choice":"Became Test Subject","floor":20.0,"gold_loss":0.0,"damage_taken":0.0,"cards_obtained":["Loop","Doom and Gloom"]},{"damage_healed":0.0,"max_hp_gain":0.0,"max_hp_loss":6.0,"gold_gain":0.0,"event_name":"Vampires","player_choice":"Became a vampire","floor":21.0,"gold_loss":0.0,"damage_taken":0.0,"cards_obtained":["Bite"]},{"damage_healed":0.0,"max_hp_gain":5.0,"max_hp_loss":0.0,"gold_gain":0.0,"event_name":"Forgotten Altar","player_choice":"Shed Blood","floor":22.0,"gold_loss":0.0,"damage_taken":28.0},{"damage_healed":0,"gold_gain":0,"player_choice":"Upgraded","damage_taken":0,"max_hp_gain":0,"max_hp_loss":0,"event_name":"Upgrade Shrine","floor":27,"gold_loss":0,"cards_upgraded":["Consume"]}],"is_beta":false,"boss_relics":[{"not_picked":["hubris:CrackedHourglass","Velvet Choker"],"picked":"Tiny House"}],"items_purged_floors":[11,19],"is_endless":false,"potions_floor_spawned":[1,2,8,12],"killed_by":"Book of Stabbing","ascension_level":16}}