{"host":"17xjy7b7ubl548g2","time":1611548886,"event":{"mods":["2.2 Compatiblity","Act Like it!","Aspiration","Astrologer","Bard","BaseMod","Challenge The Spire","ChefMod","Colored Map","Colored Powertips","Conspire","Elementarium","Energized Spire","Gensokyo","GifTheSpireLib","Halation","Hallownest","Hubris","Infinite Spire","Jedi Mod","Jorbs\u0027s Wanderer Trilogy","Marisa（霧雨　魔理沙）","Marked Mod","Menagerie","Minty Spire (QoL Compilation)","Permanent Neow","Reliquary","Replay The Spire","Robot Space Explorer","Spicy Shops","Spire Arcade","StSLib","Stuff the Spire","The Blue Laboratory","The Bug Knight","The Construct","The Disciple","The Hayseed","The Hierophant","The Marked","The Runesmith","The Sage","TheFirefly"],"gold_per_floor":[13,29,29,42,53,53,1,1,1,1,17,46,65,97,97,168,168,186,186,186,206,218,250,250,57,57,57,57,57,109,109,109,188,188,205,205,220,270,270,270,283,312,357,357,5,33,33,47,47,47,47],"floor_reached":52,"language":"ENG","playtime":5567,"items_purged":["Strike_G","Strike_G+1","Injury"],"score":1772,"play_id":"00127e96-cfee-497f-b97e-dad83622cb31","local_time":"20210124232806","is_ascension_mode":true,"campfire_choices":[{"data":"Neutralize","floor":6.0,"key":"SMITH"},{"data":"StuffTheSpire:ReptileScales","floor":6.0,"key":"SMITH"},{"data":"Crippling Poison","floor":8.0,"key":"SMITH"},{"data":"Noxious Fumes","floor":8.0,"key":"SMITH"},{"data":"Survivor","floor":10.0,"key":"SMITH"},{"data":"Blade Dance","floor":10.0,"key":"SMITH"},{"data":"Deflect","floor":15.0,"key":"SMITH"},{"data":"Quick Slash","floor":15.0,"key":"SMITH"},{"data":"Deflect","floor":24.0,"key":"SMITH"},{"data":"Sucker Punch","floor":24.0,"key":"SMITH"},{"data":"Pot Of Greed","floor":27.0,"key":"SMITH"},{"data":"Pot Of Greed","floor":27.0,"key":"SMITH"},{"data":"infinitespire:SevenWalls","floor":29.0,"key":"SMITH"},{"data":"infinitespire:Punishment","floor":29.0,"key":"SMITH"},{"data":"Pot Of Greed","floor":32.0,"key":"SMITH"},{"data":"PiercingWail","floor":32.0,"key":"SMITH"},{"data":"AscendersBane","floor":40,"key":"SMITH"},{"data":"infinitespire:SevenWalls","floor":40,"key":"SMITH"},{"data":"A Thousand Cuts","floor":44,"key":"SMITH"},{"data":"Die Die Die","floor":44,"key":"SMITH"},{"floor":47,"key":"DIG"},{"floor":49,"key":"DIG"}],"circlet_count":0,"master_deck":["Strike_G+1","Defend_G+1","Defend_G+1","Defend_G+1","Defend_G+1","Defend_G+1","Survivor+1","Neutralize+1","Noxious Fumes+1","StuffTheSpire:ReptileScales+1","PiercingWail+1","Crippling Poison+1","Blade Dance+1","Slice","Pot Of Greed+1","Pot Of Greed+1","jedi:studypoison+1","Quick Slash+1","Deflect+1","Die Die Die","Sucker Punch+1","Deflect+1","Pot Of Greed+1","Die Die Die+1","infinitespire:SevenWalls+1","infinitespire:Fortify+1","infinitespire:Punishment+1","StuffTheSpire:Sprint+1","A Thousand Cuts+1","infinitespire:SevenWalls+1","Blur+1","Sucker Punch+1","StuffTheSpire:MirrorStance+1","Malaise+1","Pot Of Greed+1","Catalyst+1","Venomology+1"],"relics":["Ring of the Snake","Replay:Arrowhead","StuffTheSpire:ForceGauntlet","Grinning Jar","halation:LettersToHer","energizedSpire:MagnifyingGlass","Sundial","aspiration:VileToxins","Toxic Egg 2","Replay:Bottled Flurry","Empty Cage","reliquary:Firecrackers","Shovel","halation:PrussianBluePaint","reliquary:Boomerang","reliquary:RoseTintedGlasses","Membership Card","Ginger","reliquary:TridentHead","reliquary:Knoch","Dream Catcher","infinitespire:ShieldingShard"],"acts_visited":["Exordium","TheCity","TheBeyond"],"potions_floor_usage":[38,42,46,50,50,51],"damage_taken":[{"damage":0.0,"enemies":"Cultist","floor":1.0,"turns":4.0},{"damage":4.0,"enemies":"Jaw Worm","floor":2.0,"turns":6.0},{"damage":0.0,"enemies":"2 Louse","floor":4.0,"turns":4.0},{"damage":8.0,"enemies":"Large Slime","floor":5.0,"turns":9.0},{"damage":8.0,"enemies":"Exordium Wildlife","floor":11.0,"turns":5.0},{"damage":1.0,"enemies":"Lagavulin","floor":12.0,"turns":6.0},{"damage":1.0,"enemies":"Blue Slaver","floor":13.0,"turns":3.0},{"damage":8.0,"enemies":"Gremlin Nob","floor":14.0,"turns":3.0},{"damage":3.0,"enemies":"Slime Boss","floor":16.0,"turns":8.0},{"damage":0.0,"enemies":"Chosen","floor":18.0,"turns":3.0},{"damage":3.0,"enemies":"2 Thieves","floor":21.0,"turns":3.0},{"damage":6.0,"enemies":"Shelled Parasite and Fungi","floor":22.0,"turns":5.0},{"damage":6.0,"enemies":"Slavers","floor":23.0,"turns":3.0},{"damage":0.0,"enemies":"Collector","floor":33.0,"turns":8.0},{"damage":0,"enemies":"3 Darklings","floor":35,"turns":3},{"damage":0,"enemies":"3 Shapes","floor":37,"turns":2},{"damage":0,"enemies":"2 Orb Walkers","floor":38,"turns":2},{"damage":0,"enemies":"3 Darklings","floor":41,"turns":4},{"damage":0,"enemies":"Reptomancer","floor":42,"turns":5},{"damage":1,"enemies":"Giant Head","floor":46,"turns":7},{"damage":0,"enemies":"4 Shapes","floor":48,"turns":1},{"damage":0,"enemies":"Donu and Deca","floor":50,"turns":9},{"damage":0,"enemies":"Replay:Hell Engine","floor":51,"turns":7}],"seed_played":"1117116542581167352","potions_obtained":[{"floor":1.0,"key":"Strength Potion"},{"floor":5.0,"key":"PowerPotion"},{"floor":13.0,"key":"blueLaboratory:LouseDecoction"},{"floor":14.0,"key":"blueLaboratory:StoneskinPotion"},{"floor":18.0,"key":"SkillPotion"},{"floor":30.0,"key":"blueLaboratory:BottleOfVodka"},{"floor":30.0,"key":"jedi:tentaclejuice"},{"floor":30.0,"key":"blueLaboratory:BottleOfRum"},{"floor":38,"key":"Explosive Potion"},{"floor":46,"key":"Strength Potion"},{"floor":48,"key":"Dexterity Potion"}],"is_trial":false,"path_per_floor":["M","M","?","M","M","R","$","R","T","R","M","E","M","E","R","B",null,"M","?","?","M","M","E","R","$","T","R","AVR","R","?","?","R","B",null,"M","AVR","M","?","?","R","M","E","T","R","$","E","R","M","R","B","B",null],"character_chosen":"THE_SILENT","items_purchased":["Blade Dance","aspiration:VileToxins","Toxic Egg 2","Membership Card","Ginger","reliquary:TridentHead","PowerPotion"],"campfire_rested":0,"item_purchase_floors":[7,25,25,45,45,45,45],"current_hp_per_floor":[59,55,55,55,47,47,47,47,47,47,39,38,37,29,29,26,56,56,56,56,53,47,41,41,41,41,41,41,41,41,41,41,41,60,60,60,60,60,60,60,60,60,60,60,60,59,59,59,59,59,59],"gold":47,"neow_bonus":"ONE_RARE_RELIC","is_daily":false,"chose_seed":false,"campfire_upgraded":20,"win_rate":0.0,"timestamp":1611548886,"path_taken":["M","M","?","M","?","R","?","R","T","R","M","E","M","E","R","BOSS","M","?","?","?","M","E","R","$","T","R","AVR","R","?","?","R","BOSS","M","AVR","M","?","?","R","M","E","T","R","$","E","R","M","R","BOSS","BOSS"],"items_purchased_type":["Card","Relic","Relic","Relic","Relic","Relic","Potion"],"build_version":"2020-12-22","purchased_purges":3,"victory":true,"max_hp_per_floor":[66,66,66,66,66,66,66,66,66,66,66,66,66,66,66,66,66,66,66,66,66,66,66,66,66,66,66,66,66,66,66,66,66,66,66,66,66,66,66,66,66,66,66,66,66,66,66,66,66,66,66],"card_choices":[{"not_picked":["conspire:DoublingDagger","Cloak And Dagger"],"picked":"Noxious Fumes","floor":1.0},{"not_picked":["Underhanded Strike","Setup"],"picked":"StuffTheSpire:ReptileScales","floor":2.0},{"not_picked":["Draining Mist","jedi:unstablefumes"],"picked":"PiercingWail","floor":4.0},{"not_picked":["StuffTheSpire:Python","jedi:pocketpoison"],"picked":"Crippling Poison","floor":5.0},{"not_picked":["Flechettes","Deadly Poison"],"picked":"Slice","floor":11.0},{"not_picked":["StuffTheSpire:ClusterCrunch","jedi:unstablefumes"],"picked":"jedi:studypoison","floor":12.0},{"not_picked":["hubris:SlightOfHand","StuffTheSpire:BumpUp"],"picked":"Quick Slash","floor":13.0},{"not_picked":["Prepared","Poisoned Stab"],"picked":"Deflect","floor":14.0},{"not_picked":["ReplayTheSpireMod:From All Sides","Night Terror"],"picked":"Die Die Die","floor":16.0},{"not_picked":["StuffTheSpire:ClusterCrunch","StuffTheSpire:BumpUp"],"picked":"Sucker Punch","floor":18.0},{"not_picked":["Bouncing Flask","jedi:unstablefumes"],"picked":"Deflect","floor":21.0},{"not_picked":["StuffTheSpire:ClusterCrunch","jedi:acidrain","Eviscerate"],"picked":"SKIP","floor":22.0},{"not_picked":["Acrobatics","ReplayTheSpireMod:The Works"],"picked":"Die Die Die","floor":23.0},{"not_picked":["Poisoned Stab","StuffTheSpire:BumpUp"],"picked":"StuffTheSpire:Sprint+1","floor":30.0},{"not_picked":["StuffTheSpire:FinalStruggle","Doppelganger+1"],"picked":"A Thousand Cuts","floor":33.0},{"not_picked":["hubris:Counter","jedi:acidrain+1","StuffTheSpire:Python+1"],"picked":"SKIP","floor":35},{"not_picked":["Slice","Dagger Spray"],"picked":"Blur+1","floor":37},{"not_picked":["Choke+1","Poisoned Stab"],"picked":"Sucker Punch+1","floor":38},{"not_picked":["Blade Dance+1","Escape Plan+1"],"picked":"StuffTheSpire:MirrorStance+1","floor":41},{"not_picked":["StuffTheSpire:ClusterCrunch","ReplayTheSpireMod:Tripwire+1"],"picked":"Malaise+1","floor":42},{"not_picked":["PiercingWail+1","Dagger Spray"],"picked":"Catalyst+1","floor":46},{"not_picked":["Quick Slash","StuffTheSpire:ClusterCrunch"],"picked":"Venomology+1","floor":48}],"player_experience":1894170,"relics_obtained":[{"floor":9.0,"key":"StuffTheSpire:ForceGauntlet"},{"floor":12.0,"key":"Grinning Jar"},{"floor":14.0,"key":"halation:LettersToHer"},{"floor":23.0,"key":"Sundial"},{"floor":26.0,"key":"halation:LettersToHer"},{"floor":26.0,"key":"Replay:Bottled Flurry"},{"floor":38,"key":"Shovel"},{"floor":42,"key":"reliquary:Boomerang"},{"floor":43,"key":"halation:LettersToHer"},{"floor":43,"key":"reliquary:RoseTintedGlasses"},{"floor":46,"key":"reliquary:Knoch"},{"floor":47,"key":"Dream Catcher"},{"floor":49,"key":"infinitespire:ShieldingShard"}],"event_choices":[{"cards_removed":["Strike_G"],"damage_healed":0.0,"max_hp_gain":0.0,"max_hp_loss":0.0,"gold_gain":0.0,"event_name":"Purifier","player_choice":"Purged","floor":3.0,"gold_loss":0.0,"damage_taken":0.0},{"damage_healed":0.0,"max_hp_gain":0.0,"max_hp_loss":0.0,"gold_gain":0.0,"event_name":"Ghosts","player_choice":"Ignored","floor":20.0,"gold_loss":0.0,"damage_taken":0.0},{"damage_healed":0.0,"max_hp_gain":0.0,"max_hp_loss":0.0,"gold_gain":0.0,"event_name":"Back to Basics","player_choice":"Simplicity","floor":31.0,"gold_loss":0.0,"damage_taken":0.0,"cards_upgraded":["Strike_G","Strike_G","Defend_G","Defend_G","Defend_G","Defend_G","Defend_G"]},{"damage_healed":0,"gold_gain":0,"player_choice":"Fight","damage_taken":0,"max_hp_gain":0,"max_hp_loss":0,"event_name":"Mysterious Sphere","floor":38,"gold_loss":0}],"is_beta":false,"boss_relics":[{"not_picked":["halation:Yufonium","Runic Pyramid"],"picked":"energizedSpire:MagnifyingGlass"},{"not_picked":["conspire:RoyalGoblet","halation:PinkAlligatorPlush","hubris:GrandSneckoEye"]}],"items_purged_floors":[28,36,45],"is_endless":false,"potions_floor_spawned":[1,5,11,13,14,18,38,46,48],"ascension_level":20}}