{"host":"Jade","time":1611547781,"event":{"mods":["2.2 Compatiblity","A Penny For Your Troubles","Aspiration","BaseMod","Better Altar","Better Match","Better Note","Better Skull","Better Third Choice","Better Vampires","BetterRewards","Colored Powertips","Conspire","Curses Come First","DeckTracker","GifTheSpireLib","Hero for Fun","Hubris","Infinite Spire","Minty Spire (QoL Compilation)","Quick Restart","Rare Cards Sparkle","Relic Stats","Replay The Spire","RumiaBox-????????","StSLib","Stuff the Spire","Wandering Minibosses"],"gold_per_floor":[110,123,161,161,179,214,232,232,232,232,249,23,49,49,49,152,152,168,182,31,48,48,48,58,58,82,100,126,126,126,139,139,244,244,262,275,743,759,405,405,405,430,453,453,470,485,501,521,521,422],"floor_reached":51,"language":"ENG","playtime":1307,"items_purged":["Defend_G","Defend_G","Survivor"],"score":888,"play_id":"94f2860c-e3fd-496d-9450-200d6adba84a","local_time":"20210125120941","daily_mods":["Heirloom"],"is_ascension_mode":false,"campfire_choices":[{"data":"Neutralize","floor":8,"key":"SMITH"},{"data":"Strike_G+1","floor":15,"key":"SMITH"},{"data":"Masterful Stab","floor":23,"key":"SMITH"},{"data":"Strike_G+2","floor":30,"key":"SMITH"},{"data":"Strike_G+3","floor":32,"key":"SMITH"},{"data":"Die Die Die","floor":40,"key":"SMITH"},{"data":"All Out Attack","floor":44,"key":"SMITH"},{"floor":49,"key":"DIG"}],"circlet_count":0,"master_deck":["Strike_G","Strike_G","Strike_G","Strike_G+4","Strike_G","Defend_G+1","Neutralize+1","Masterful Stab+1","Dagger Spray+1","Slice+1","Die Die Die+1","Sucker Punch+1","Backstab","All Out Attack+1","Masterful Stab+1","Poisoned Stab","Dagger Spray+1","Slice+1"],"relics":["Ring of the Snake","Ring of Chaos","MoreBug","hubris:Metronome","Pet Ghost","Incense Burner","Simple Rune","hubris:BottledRain","aspiration:PoetsPen_weak","Chameleon Ring","hubris:TenFootPole","White Beast Statue","Snecko Heart","wanderingMiniBosses:LockLocket","Strange Spoon","Boot","hubris:SlimyHat"],"acts_visited":["Exordium","TheCity","TheBeyond"],"potions_floor_usage":[2,13,18,18,19,37,37,45,45,50],"damage_taken":[{"damage":4,"enemies":"Jaw Worm","floor":1,"turns":4},{"damage":0,"enemies":"2 Louse","floor":2,"turns":3},{"damage":19,"enemies":"conspire:MimicChest","floor":3,"turns":7},{"damage":0,"enemies":"Cultist","floor":5,"turns":2},{"damage":0,"enemies":"Gremlin Nob","floor":6,"turns":2},{"damage":0,"enemies":"Looter","floor":7,"turns":1},{"damage":0,"enemies":"Exordium Thugs","floor":11,"turns":2},{"damage":0,"enemies":"Lagavulin","floor":13,"turns":2},{"damage":3,"enemies":"Fading Forest","floor":16,"turns":11},{"damage":0,"enemies":"Shell Parasite","floor":18,"turns":1},{"damage":0,"enemies":"3 Byrds","floor":19,"turns":1},{"damage":0,"enemies":"Snecko","floor":21,"turns":1},{"damage":0,"enemies":"3 Cultists","floor":24,"turns":1},{"damage":0,"enemies":"Centurion and Healer","floor":27,"turns":1},{"damage":0,"enemies":"conspire:Head Lice","floor":28,"turns":1},{"damage":0,"enemies":"Shelled Parasite and Fungi","floor":31,"turns":1},{"damage":0,"enemies":"Collector","floor":33,"turns":2},{"damage":0,"enemies":"Orb Walker","floor":35,"turns":1},{"damage":0,"enemies":"3 Darklings","floor":36,"turns":1},{"damage":0,"enemies":"Maw","floor":37,"turns":3},{"damage":10,"enemies":"Sphere and 2 Shapes","floor":38,"turns":1},{"damage":0,"enemies":"Reptomancer","floor":42,"turns":2},{"damage":5,"enemies":"Writhing Mass","floor":45,"turns":2},{"damage":1,"enemies":"Maw","floor":46,"turns":2},{"damage":6,"enemies":"Sphere and 2 Shapes","floor":47,"turns":1},{"damage":0,"enemies":"3 Darklings","floor":48,"turns":1},{"damage":83,"enemies":"Time Eater","floor":50,"turns":6}],"seed_played":"4162341477465739711","potions_obtained":[{"floor":1,"key":"SpeedPotion"},{"floor":6,"key":"LiquidMemories"},{"floor":7,"key":"SteroidPotion"},{"floor":11,"key":"SkillPotion"},{"floor":16,"key":"Explosive Potion"},{"floor":21,"key":"DistilledChaos"},{"floor":27,"key":"SneckoOil"},{"floor":28,"key":"Explosive Potion"},{"floor":38,"key":"EssenceOfSteel"},{"floor":42,"key":"Dexterity Potion"},{"floor":45,"key":"CunningPotion"},{"floor":46,"key":"Flashbang"}],"is_trial":true,"path_per_floor":["M","M","?","?","M","E","M","R","T","?","M","$","E","?","R","B",null,"M","M","$","M","AVR","R","M","?","T","M","E","?","R","M","R","B",null,"M","M","M","M","$","R","?","E","T","R","M","M","M","M","R","B",null],"character_chosen":"THE_SILENT","items_purchased":["Simple Rune","SteroidPotion","Strange Spoon","Masterful Stab"],"campfire_rested":0,"item_purchase_floors":[12,20,39,39],"current_hp_per_floor":[66,66,59,59,59,59,59,59,59,59,59,59,59,52,52,63,70,70,70,70,70,70,70,70,70,70,70,70,70,70,70,70,70,70,70,70,70,60,60,60,60,60,60,60,55,56,50,50,50,1],"gold":422,"neow_bonus":"","is_daily":false,"chose_seed":false,"campfire_upgraded":7,"win_rate":0.0,"timestamp":1611547781,"path_taken":["M","M","?","?","?","E","M","R","T","?","M","?","E","?","R","BOSS","M","M","$","M","AVR","R","M","?","T","?","E","?","R","M","R","BOSS","M","M","M","M","$","R","?","E","T","R","M","M","?","M","R","BOSS"],"items_purchased_type":["Relic","Potion","Relic","Card"],"build_version":"2020-11-17","purchased_purges":3,"victory":true,"max_hp_per_floor":[70,70,70,70,70,70,70,70,70,70,70,70,70,70,70,70,70,70,70,70,70,70,70,70,70,70,70,70,70,70,70,70,70,70,70,70,70,70,70,70,70,70,70,70,70,70,70,70,70,70],"relic_stats":{"Strange Spoon":[9],"counters":[27,63],"Boot":[113],"obtain_stats":[{"MoreBug":0,"hubris:Metronome":3,"Snecko Heart":34,"Ring of Chaos":0,"aspiration:PoetsPen_weak":17,"Incense Burner":9,"hubris:SlimyHat":43,"Boot":42,"Pet Ghost":6,"White Beast Statue":28,"Strange Spoon":39,"Chameleon Ring":22,"Simple Rune":12,"hubris:TenFootPole":26,"wanderingMiniBosses:LockLocket":37,"Ring of the Snake":0,"hubris:BottledRain":13},{"MoreBug":0,"hubris:Metronome":3,"Snecko Heart":17,"Ring of Chaos":0,"aspiration:PoetsPen_weak":9,"Incense Burner":6,"hubris:SlimyHat":22,"Boot":22,"Pet Ghost":5,"White Beast Statue":15,"Strange Spoon":21,"Chameleon Ring":12,"Simple Rune":7,"hubris:TenFootPole":13,"wanderingMiniBosses:LockLocket":20,"Ring of the Snake":0,"hubris:BottledRain":8},{"MoreBug":0,"hubris:Metronome":14,"Snecko Heart":43,"Ring of Chaos":0,"aspiration:PoetsPen_weak":34,"Incense Burner":19,"hubris:SlimyHat":51,"Boot":51,"Pet Ghost":18,"White Beast Statue":40,"Strange Spoon":49,"Chameleon Ring":37,"Simple Rune":21,"hubris:TenFootPole":38,"wanderingMiniBosses:LockLocket":48,"Ring of the Snake":0,"hubris:BottledRain":23}],"Ring of the Snake":[54]},"card_choices":[{"not_picked":["Outmaneuver","StuffTheSpire:Python","Well Laid Plans"],"picked":"SKIP","floor":1},{"not_picked":["Masterful Stab","Hidden Blade","Poisoned Stab"],"picked":"SKIP","floor":2},{"not_picked":["Concentrate","Acrobatics","Prepared"],"picked":"SKIP","floor":5},{"not_picked":["conspire:PoisonWeapons","ReplayTheSpireMod:Scrap Shanks","StuffTheSpire:Python"],"picked":"SKIP","floor":6},{"not_picked":["Expertise","PiercingWail","Blur"],"picked":"SKIP","floor":7},{"not_picked":["Underhanded Strike","hubris:Sniper","Deadly Poison"],"picked":"SKIP","floor":11},{"not_picked":["Outmaneuver","Backflip","Prepared"],"picked":"SKIP","floor":13},{"not_picked":["Dodge and Roll+1","hubris:Sniper+1"],"picked":"Masterful Stab","floor":18},{"not_picked":["Deadly Poison","Underhanded Strike","Poisoned Stab+1"],"picked":"SKIP","floor":19},{"not_picked":["Caltrops","StuffTheSpire:Repulse"],"picked":"Dagger Spray+1","floor":21},{"not_picked":["PiercingWail","StuffTheSpire:Sprint"],"picked":"Slice+1","floor":24},{"not_picked":["StuffTheSpire:ClusterCrunch","hubris:TrickCloak","Hidden Blade"],"picked":"SKIP","floor":27},{"not_picked":["StuffTheSpire:ClusterCrunch+1","Sneak Up","Infinite Blades"],"picked":"SKIP","floor":28},{"not_picked":["Sucker Punch+1","Dodge and Roll","Eviscerate"],"picked":"SKIP","floor":31},{"not_picked":["ReplayTheSpireMod:From All Sides","Malaise"],"picked":"Die Die Die","floor":33},{"not_picked":["Concentrate","Acrobatics+1"],"picked":"Sucker Punch+1","floor":35},{"not_picked":["Slice","Hidden Blade"],"picked":"Backstab","floor":36},{"not_picked":["StuffTheSpire:Incantation+1","StuffTheSpire:DoubleShiv","StuffTheSpire:Repulse+1"],"picked":"SKIP","floor":37},{"not_picked":["Deflect","Infinite Blades"],"picked":"All Out Attack","floor":38},{"not_picked":["Bouncing Flask+1","StuffTheSpire:ClusterCrunch","Envenom"],"picked":"SKIP","floor":42},{"not_picked":["StuffTheSpire:Injection+1","hubris:SlightOfHand+1","ReplayTheSpireMod:Scrap Shanks"],"picked":"SKIP","floor":45},{"not_picked":["Reflex","StuffTheSpire:Shiver+1"],"picked":"Poisoned Stab","floor":46},{"not_picked":["Sucker Punch+1","Blade Dance+1"],"picked":"Dagger Spray+1","floor":47},{"not_picked":["Hidden Blade+1","Cloak And Dagger+1"],"picked":"Slice+1","floor":48}],"player_experience":37032,"relics_obtained":[{"floor":3,"key":"hubris:Metronome"},{"floor":6,"key":"Pet Ghost"},{"floor":9,"key":"Incense Burner"},{"floor":13,"key":"hubris:BottledRain"},{"floor":26,"key":"hubris:TenFootPole"},{"floor":28,"key":"White Beast Statue"},{"floor":37,"key":"wanderingMiniBosses:LockLocket"},{"floor":42,"key":"Boot"},{"floor":43,"key":"hubris:SlimyHat"}],"event_choices":[{"cards_removed":["Defend_G"],"damage_healed":0,"gold_gain":0,"player_choice":"Offered Basic","damage_taken":0,"max_hp_gain":0,"max_hp_loss":0,"event_name":"Bonfire Elementals","floor":4,"gold_loss":0},{"cards_removed":["Defend_G"],"damage_healed":0,"gold_gain":0,"player_choice":"Card Removal","damage_taken":7,"max_hp_gain":0,"max_hp_loss":0,"event_name":"Golden Wing","floor":14,"gold_loss":0},{"damage_healed":0,"gold_gain":0,"player_choice":"Ignored","damage_taken":0,"max_hp_gain":0,"max_hp_loss":0,"event_name":"betterNote:BetterNote","floor":25,"gold_loss":0,"cards_obtained":["ReplayTheSpireMod:Brewmster"]},{"damage_healed":0,"gold_gain":0,"player_choice":"Upgraded","damage_taken":0,"max_hp_gain":0,"max_hp_loss":0,"event_name":"Upgrade Shrine","floor":41,"gold_loss":0,"cards_upgraded":["Masterful Stab"]}],"is_beta":true,"boss_relics":[{"not_picked":["infinitespire:Cupcake","hubris:ScarierMask"],"picked":"aspiration:PoetsPen_weak"},{"not_picked":["Painkiller Herb","Runic Pyramid"],"picked":"Snecko Heart"}],"items_purged_floors":[12,20,39],"is_endless":false,"potions_floor_spawned":[1,6,7,11,16,21,27,28,31,33,35,36,37,38,42,45,46,47,48],"ascension_level":0}}