{"host":"15dd7v8o90xso62x","time":1611590615,"event":{"mods":["BaseMod","Minty Spire (QoL Compilation)","Quick Restart","StSLib","SuperFastMode"],"gold_per_floor":[115,130,149,160,177,212,212,238,264,274,285,285,295,314,314,417,417,429,447,210,245,344,378,378,411,411,421,421,511,511,526,526,629,629,649,667,677,403,420,446,463,463,463,491,509,459,53,53,53,53],"floor_reached":51,"language":"KOR","playtime":2176,"items_purged":["Strike_G","Defend_G","Strike_G","Defend_G"],"score":838,"play_id":"263fc3f5-79b9-48db-9ada-068141ab92d7","local_time":"20210126010335","is_ascension_mode":false,"campfire_choices":[{"data":"Neutralize","floor":7,"key":"SMITH"},{"data":"Cloak And Dagger","floor":15,"key":"SMITH"},{"data":"Burst","floor":24,"key":"SMITH"},{"data":"Tactician","floor":28,"key":"SMITH"},{"data":"Storm of Steel","floor":30,"key":"SMITH"},{"data":"Blade Dance","floor":32,"key":"SMITH"},{"data":"Adrenaline","floor":49,"key":"SMITH"}],"circlet_count":0,"master_deck":["Strike_G","Strike_G","Strike_G","Defend_G","Defend_G+1","Defend_G","Survivor+1","Neutralize+1","Predator","All Out Attack","Dagger Throw","Accuracy","Storm of Steel+1","PiercingWail","Cloak And Dagger+1","Tactician+1","Burst+1","Blade Dance+1","Footwork","Accuracy","Backflip","Prepared+1","Well Laid Plans","A Thousand Cuts","Blade Dance","Backflip+1","Adrenaline+1","Cloak And Dagger","Blur+1","After Image","Finisher","Strike_B"],"relics":["Ring of the Snake","NeowsBlessing","Ninja Scroll","Smiling Mask","War Paint","Toy Ornithopter","Coffee Dripper","Oddly Smooth Stone","Red Mask","Regal Pillow","PreservedInsect","Omamori","HoveringKite","HandDrill","Bottled Tornado","Question Card","HornCleat","Potion Belt"],"acts_visited":["Exordium","TheCity","TheBeyond"],"potions_floor_usage":[4,6,6,13,14,16,21,21,23,35,35,37,41,45,50,50],"damage_taken":[{"damage":0,"enemies":"Small Slimes","floor":1,"turns":1},{"damage":0,"enemies":"2 Louse","floor":2,"turns":1},{"damage":0,"enemies":"Cultist","floor":3,"turns":1},{"damage":2,"enemies":"Blue Slaver","floor":4,"turns":4},{"damage":0,"enemies":"Exordium Wildlife","floor":5,"turns":3},{"damage":9,"enemies":"3 Sentries","floor":6,"turns":4},{"damage":24,"enemies":"Gremlin Nob","floor":8,"turns":4},{"damage":0,"enemies":"3 Louse","floor":10,"turns":3},{"damage":0,"enemies":"Gremlin Gang","floor":11,"turns":3},{"damage":3,"enemies":"Large Slime","floor":13,"turns":2},{"damage":3,"enemies":"Exordium Wildlife","floor":14,"turns":4},{"damage":18,"enemies":"Hexaghost","floor":16,"turns":9},{"damage":0,"enemies":"Spheric Guardian","floor":18,"turns":3},{"damage":5,"enemies":"2 Thieves","floor":19,"turns":4},{"damage":10,"enemies":"Masked Bandits","floor":21,"turns":3},{"damage":0,"enemies":"Book of Stabbing","floor":23,"turns":5},{"damage":2,"enemies":"Gremlin Leader","floor":25,"turns":5},{"damage":9,"enemies":"Snake Plant","floor":27,"turns":5},{"damage":0,"enemies":"Centurion and Healer","floor":31,"turns":3},{"damage":25,"enemies":"Collector","floor":33,"turns":9},{"damage":5,"enemies":"3 Darklings","floor":35,"turns":6},{"damage":5,"enemies":"Orb Walker","floor":36,"turns":4},{"damage":14,"enemies":"Writhing Mass","floor":37,"turns":6},{"damage":19,"enemies":"Maw","floor":39,"turns":5},{"damage":0,"enemies":"Nemesis","floor":40,"turns":3},{"damage":0,"enemies":"3 Darklings","floor":41,"turns":3},{"damage":2,"enemies":"Giant Head","floor":44,"turns":5},{"damage":0,"enemies":"Jaw Worm Horde","floor":45,"turns":4},{"damage":26,"enemies":"Awakened One","floor":50,"turns":13}],"seed_played":"-6731388697386698256","potions_obtained":[{"floor":3,"key":"EntropicBrew"},{"floor":6,"key":"Weak Potion"},{"floor":8,"key":"EssenceOfSteel"},{"floor":11,"key":"DistilledChaos"},{"floor":13,"key":"Poison Potion"},{"floor":18,"key":"Poison Potion"},{"floor":21,"key":"Block Potion"},{"floor":23,"key":"SteroidPotion"},{"floor":31,"key":"Swift Potion"},{"floor":33,"key":"SkillPotion"},{"floor":36,"key":"Energy Potion"},{"floor":39,"key":"DistilledChaos"},{"floor":40,"key":"Fire Potion"},{"floor":45,"key":"Fruit Juice"}],"is_trial":false,"path_per_floor":["M","M","M","M","M","E","R","E","T","M","M","?","M","M","R","B",null,"M","M","$","?","?","E","R","E","T","M","R","?","R","M","R","B",null,"M","M","M","$","M","E","M","?","T","E","M","$","$","?","R","B",null],"character_chosen":"THE_SILENT","items_purchased":["Accuracy","Oddly Smooth Stone","Adrenaline","HandDrill","GhostInAJar","Potion Belt","GhostInAJar"],"campfire_rested":0,"item_purchase_floors":[20,20,38,38,47,47,47],"current_hp_per_floor":[70,70,70,68,68,59,59,35,35,35,35,23,25,27,27,14,70,70,65,65,65,65,70,70,68,68,59,59,47,47,47,47,22,70,65,60,51,51,32,32,37,37,37,35,45,45,45,45,45,29],"gold":53,"neow_bonus":"THREE_ENEMY_KILL","is_daily":false,"chose_seed":false,"campfire_upgraded":7,"win_rate":0.0,"timestamp":1611590615,"path_taken":["M","M","M","M","M","E","R","E","T","M","M","?","M","M","R","BOSS","M","M","$","?","?","E","R","E","T","M","R","?","R","M","R","BOSS","M","M","M","$","M","E","?","?","T","E","M","?","$","?","R","BOSS"],"items_purchased_type":["Card","Relic","Card","Relic","Potion","Relic","Potion"],"build_version":"2020-12-22","purchased_purges":4,"victory":true,"max_hp_per_floor":[70,70,70,70,70,70,70,70,70,70,70,70,70,70,70,70,70,70,70,70,70,70,70,70,70,70,70,70,70,70,70,70,70,70,70,70,70,70,70,70,70,66,66,66,71,71,71,71,71,71],"card_choices":[{"not_picked":["Slice","Leg Sweep"],"picked":"Predator","floor":1},{"not_picked":["Skewer","Dodge and Roll","Slice"],"picked":"SKIP","floor":2},{"not_picked":["Deflect","Distraction"],"picked":"All Out Attack","floor":3},{"not_picked":["Bane","Caltrops"],"picked":"Dagger Throw","floor":4},{"not_picked":["Quick Slash","Flying Knee"],"picked":"Noxious Fumes","floor":5},{"not_picked":["Blade Dance","Concentrate"],"picked":"Accuracy","floor":6},{"not_picked":["Finisher","Sucker Punch"],"picked":"Storm of Steel","floor":8},{"not_picked":["Dagger Spray","Prepared","Deflect"],"picked":"SKIP","floor":10},{"not_picked":["Underhanded Strike","Flying Knee"],"picked":"PiercingWail","floor":11},{"not_picked":["Skewer","Eviscerate"],"picked":"Cloak And Dagger","floor":13},{"not_picked":["Deflect","Dagger Throw"],"picked":"Tactician","floor":14},{"not_picked":["Grand Finale","Bullet Time"],"picked":"Burst","floor":16},{"not_picked":["Heel Hook","Cloak And Dagger"],"picked":"Blade Dance","floor":18},{"not_picked":["Choke","Bouncing Flask"],"picked":"Footwork","floor":19},{"not_picked":["Skewer","PiercingWail+1"],"picked":"Backflip","floor":21},{"not_picked":["Riddle With Holes","Terror"],"picked":"Prepared+1","floor":23},{"not_picked":["Flying Knee","Sucker Punch+1"],"picked":"Well Laid Plans","floor":25},{"not_picked":["Predator","Poisoned Stab","PiercingWail"],"picked":"SKIP","floor":27},{"not_picked":["Quick Slash","Underhanded Strike","Well Laid Plans"],"picked":"SKIP","floor":31},{"not_picked":["Tools of the Trade","Night Terror"],"picked":"A Thousand Cuts","floor":33},{"not_picked":["Endless Agony","Underhanded Strike+1","Dodge and Roll+1"],"picked":"SKIP","floor":35},{"not_picked":["Deflect+1","Flechettes"],"picked":"Blade Dance","floor":36},{"not_picked":["Prepared+1","Deflect"],"picked":"Backflip+1","floor":37},{"not_picked":["Flying Knee","Heel Hook+1","Sucker Punch"],"picked":"SKIP","floor":39},{"not_picked":["Escape Plan","Slice+1"],"picked":"Cloak And Dagger","floor":40},{"not_picked":["Caltrops","Sucker Punch"],"picked":"Blur+1","floor":41},{"not_picked":["Flying Knee+1","Deflect+1","Expertise"],"picked":"After Image","floor":44},{"not_picked":["Outmaneuver+1","Crippling Poison+1","Caltrops+1"],"picked":"Finisher","floor":45}],"player_experience":620216,"relics_obtained":[{"floor":6,"key":"Ninja Scroll"},{"floor":8,"key":"Smiling Mask"},{"floor":9,"key":"War Paint"},{"floor":21,"key":"Red Mask"},{"floor":23,"key":"Regal Pillow"},{"floor":25,"key":"PreservedInsect"},{"floor":26,"key":"Omamori"},{"floor":40,"key":"Bottled Tornado"},{"floor":43,"key":"Question Card"},{"floor":44,"key":"HornCleat"}],"event_choices":[{"damage_healed":0,"gold_gain":0,"player_choice":"Success","damage_taken":12,"relics_obtained":["Toy Ornithopter"],"max_hp_gain":0,"max_hp_loss":0,"event_name":"Scrap Ooze","floor":12,"gold_loss":0},{"damage_healed":0,"gold_gain":0,"player_choice":"Fought Bandits","damage_taken":0,"max_hp_gain":0,"max_hp_loss":0,"event_name":"Masked Bandits","floor":21,"gold_loss":0},{"damage_healed":0,"gold_gain":99,"player_choice":"Stole From Cult","damage_taken":0,"max_hp_gain":0,"max_hp_loss":0,"event_name":"Nest","floor":22,"gold_loss":0},{"damage_healed":0,"gold_gain":90,"player_choice":"GOLD ","damage_taken":12,"max_hp_gain":0,"max_hp_loss":0,"event_name":"Knowing Skull","floor":29,"potions_obtained":[],"gold_loss":0,"cards_obtained":[]},{"damage_healed":0,"gold_gain":0,"player_choice":"Max HP","damage_taken":0,"max_hp_gain":0,"max_hp_loss":4,"event_name":"Winding Halls","floor":42,"gold_loss":0},{"cards_removed":["Noxious Fumes"],"damage_healed":0,"gold_gain":0,"player_choice":"Took Card","damage_taken":0,"max_hp_gain":0,"max_hp_loss":0,"event_name":"NoteForYourself","floor":48,"gold_loss":0,"cards_obtained":["Strike_B"]}],"is_beta":false,"boss_relics":[{"not_picked":["Runic Pyramid","Runic Dome"],"picked":"Coffee Dripper"},{"not_picked":["Philosopher\u0027s Stone","Fusion Hammer"],"picked":"HoveringKite"}],"items_purged_floors":[20,38,46,47],"is_endless":false,"potions_floor_spawned":[3,6,8,11,13,18,21,23,31,33,36,39,40,45],"ascension_level":0}}