{"host":"f76kcizrccta30ww","time":1611553155,"event":{"mods":["Act Like it!","Aspiration","BaseMod","Gensokyo","Marisa（F雨　魔理沙）","Minty Spire (QoL Compilation)","Pale of the Ancients","Replay The Spire","Shop Mod","StSLib","TestMod"],"gold_per_floor":[118,129,129,529,92,126,137,152,152,185,199,267,297,330,330,445,445,490,160,201,230,119,211,211,277,303,379,457,530,593,51,51,225,225,266,366,61,97,108,108,166,166,240,240,240,240,33,85,85,136,136,136,29,80,80],"floor_reached":56,"language":"ZHS","playtime":3181,"items_purged":[],"score":1954,"play_id":"78dd3b88-155c-4683-8cf4-955170c4121c","local_time":"20210125133915","is_ascension_mode":true,"campfire_choices":[{"data":"Envenom","floor":15,"key":"SMITH"},{"data":"Blade Dance","floor":24,"key":"SMITH"},{"floor":32,"key":"RECALL"},{"data":"Footwork","floor":40,"key":"SMITH"},{"data":"Neutralize","floor":44,"key":"SMITH"},{"data":"Madness","floor":49,"key":"SMITH"},{"data":"Toxin Wave","floor":52,"key":"SMITH"}],"circlet_count":0,"master_deck":["Strike_G","Strike_G","Strike_G","Strike_G","Strike_G","Defend_G","Defend_G","Defend_G","Defend_G","Defend_G","Survivor","Neutralize+1","Poisoned Stab","Backflip","Envenom+1","Flying Knee","Poisoned Stab","Backflip","Backflip","Distraction","Distraction","After Image+1","Blade Dance+1","HandOfGreed+1","Slice+1","Toxin Wave+1","Quick Slash","Dagger Spray+1","Finesse+1","Backflip","Quick Slash","Quick Slash","Footwork+1","Expertise+1","Backflip","Quick Slash+1","Calculated Gamble+1","After Image+1","Backflip+1","Prepared+1","Deflect+1","Hidden Blade+1","A Thousand Cuts+1","Flying Knee+1","Madness+1","Fluid Movement+1","Footwork+1","Blade Dance+1"],"relics":["testmod-BatchProcessingSystem","NeowsBlessing","Sizzling Blood","MerchantsRug","testmod-Alchemist","Torii","testmod-Antiphasic","Golden Egg","Replay:Bandana","testmod-Recursion","PreservedInsect","Cracked Core","Kunai","Toolbox","Replay:Rubber Ducky","testmod-DeterminationOfClimber","testmod-Charity","Pantograph","ReplayTheSpireMod:Ninjato","Bag of Marbles","Sling","ClockworkSouvenir","testmod-AssaultLearning"],"acts_visited":["Exordium","TheCity","TheBeyond","TheEnding"],"potions_floor_usage":[18],"damage_taken":[{"damage":0,"enemies":"2 Louse","floor":1,"turns":1},{"damage":0,"enemies":"Jaw Worm","floor":2,"turns":1},{"damage":0,"enemies":"3 Sentries","floor":6,"turns":1},{"damage":0,"enemies":"Cultist","floor":7,"turns":4},{"damage":1,"enemies":"2 Fungi Beasts","floor":8,"turns":5},{"damage":10,"enemies":"Lagavulin","floor":10,"turns":7},{"damage":8,"enemies":"Large Slime","floor":11,"turns":5},{"damage":0,"enemies":"Gremlin Nob","floor":13,"turns":4},{"damage":0,"enemies":"Blue Slaver","floor":14,"turns":3},{"damage":0,"enemies":"Slime Boss","floor":16,"turns":8},{"damage":0,"enemies":"Spheric Guardian","floor":18,"turns":2},{"damage":0,"enemies":"Shell Parasite","floor":20,"turns":2},{"damage":1,"enemies":"Snecko","floor":21,"turns":5},{"damage":0,"enemies":"Book of Stabbing","floor":23,"turns":2},{"damage":0,"enemies":"Snake Plant","floor":25,"turns":3},{"damage":0,"enemies":"Centurion and Healer","floor":27,"turns":2},{"damage":0,"enemies":"Chosen and Byrds","floor":28,"turns":2},{"damage":0,"enemies":"Sentry and Sphere","floor":29,"turns":2},{"damage":0,"enemies":"Replay:Snechameleon","floor":30,"turns":2},{"damage":0,"enemies":"Collector","floor":33,"turns":4},{"damage":0,"enemies":"Orb Walker","floor":35,"turns":1},{"damage":0,"enemies":"3 Shapes","floor":38,"turns":1},{"damage":0,"enemies":"Spire Growth","floor":39,"turns":2},{"damage":0,"enemies":"Giant Head","floor":41,"turns":1},{"damage":0,"enemies":"Reptomancer","floor":48,"turns":1},{"damage":0,"enemies":"Donu and Deca","floor":50,"turns":1},{"damage":0,"enemies":"Shield and Spear","floor":54,"turns":1},{"damage":2,"enemies":"The Heart","floor":55,"turns":3}],"seed_played":"-7967208481077416968","potions_obtained":[{"floor":1,"key":"SteroidPotion"},{"floor":6,"key":"SpeedPotion"},{"floor":11,"key":"testmod-TimePotion"},{"floor":16,"key":"Fruit Juice"},{"floor":23,"key":"LiquidMemories"},{"floor":25,"key":"Block Potion"},{"floor":27,"key":"Elixir"},{"floor":33,"key":"ColorlessPotion"},{"floor":35,"key":"Poison Potion"},{"floor":39,"key":"Dexterity Potion"},{"floor":41,"key":"SpeedPotion"},{"floor":48,"key":"BlessingOfTheForge"}],"is_trial":false,"path_per_floor":["M","M","?","?","$","E","M","M","T","E","M","T","E","M","R","B",null,"M","$","M","M","$","E","R","M","T","M","M","M","E","$","R","B",null,"M","?","$","M","M","R","E","?","T","R","?","?","$","E","R","B",null,"R","$","E","B",null],"character_chosen":"THE_SILENT","items_purchased":["MerchantsRug","testmod-Alchemist","PreservedInsect","HandOfGreed","Slice","Dagger Spray","Finesse","Kunai","Toolbox","Quick Slash","Replay:Rubber Ducky","Calculated Gamble","Blue Doll","testmod-Charity","Prepared","Deflect","Bag of Marbles","Sling","ClockworkSouvenir","Footwork"],"campfire_rested":0,"item_purchase_floors":[5,5,19,19,19,22,22,31,31,31,31,31,37,37,37,37,47,47,53,53],"current_hp_per_floor":[70,70,74,74,74,74,74,74,74,68,64,64,68,72,72,74,74,79,79,79,79,79,79,79,79,79,79,79,79,79,79,79,79,79,79,79,81,123,180,180,216,189,190,190,197,197,200,239,239,348,348,348,351,393,525],"gold":80,"neow_bonus":"THREE_ENEMY_KILL","is_daily":false,"chose_seed":false,"campfire_upgraded":6,"win_rate":0.0,"timestamp":1611553155,"path_taken":["M","M","?","?","$","E","M","M","T","E","M","?","E","?","R","BOSS","M","$","M","M","$","E","R","M","T","M","M","M","E","$","R","BOSS","M","?","$","M","?","R","E","?","T","R","?","?","?","E","R","BOSS","R","$","E","BOSS"],"items_purchased_type":["Relic","Relic","Relic","Card","Card","Card","Card","Relic","Relic","Card","Relic","Card","Relic","Relic","Card","Card","Relic","Relic","Relic","Card"],"build_version":"2020-12-22","purchased_purges":0,"victory":true,"max_hp_per_floor":[70,70,74,74,74,74,74,74,74,74,74,74,74,74,74,74,74,79,79,79,79,79,79,79,79,79,79,79,79,79,79,79,79,79,79,79,81,123,180,180,216,216,217,217,224,224,227,258,258,348,348,348,351,393,525],"card_choices":[{"not_picked":["Dagger Throw","Underhanded Strike"],"picked":"Poisoned Stab","floor":1},{"not_picked":["Sneak Up","Dagger Throw"],"picked":"Backflip","floor":2},{"not_picked":["Quick Slash","Flechettes"],"picked":"Envenom","floor":6},{"not_picked":["Outmaneuver","ReplayTheSpireMod:Exploit Weakness"],"picked":"Flying Knee","floor":7},{"not_picked":["Dagger Throw","Terror"],"picked":"Poisoned Stab","floor":8},{"not_picked":["PiercingWail","Toxin Wave"],"picked":"Backflip","floor":10},{"not_picked":["Endless Agony","Hidden Blade"],"picked":"Backflip","floor":11},{"not_picked":["Poisoned Stab","Escape Plan"],"picked":"Distraction","floor":13},{"not_picked":["Choke","Underhanded Strike"],"picked":"Distraction","floor":14},{"not_picked":["Adrenaline","Tools of the Trade"],"picked":"After Image","floor":16},{"not_picked":["Sucker Punch","Dagger Throw"],"picked":"Blade Dance","floor":18},{"not_picked":["Leg Sweep+1","Poison Darts"],"picked":"Toxin Wave","floor":20},{"not_picked":["Cloak And Dagger","Bouncing Flask"],"picked":"Quick Slash","floor":21},{"not_picked":["Cloak And Dagger","Flying Knee+1"],"picked":"Backflip","floor":23},{"not_picked":["ReplayTheSpireMod:The Works+1","Riddle With Holes"],"picked":"Quick Slash","floor":25},{"not_picked":["Slice","PiercingWail+1"],"picked":"Quick Slash","floor":27},{"not_picked":["Sucker Punch","Distraction"],"picked":"Footwork","floor":28},{"not_picked":["Cloak And Dagger","Reflex"],"picked":"Expertise+1","floor":29},{"not_picked":["ReplayTheSpireMod:Shiv Toss","Flying Knee"],"picked":"Backflip","floor":30},{"not_picked":["Tools of the Trade","Venomology"],"picked":"After Image","floor":33},{"not_picked":["Poisoned Stab+1","Catalyst"],"picked":"Backflip+1","floor":35},{"not_picked":["Flying Knee+1","Deadly Poison"],"picked":"Hidden Blade+1","floor":38},{"not_picked":["Hidden Blade","Quick Slash"],"picked":"A Thousand Cuts","floor":39},{"not_picked":["Unload","Dagger Throw"],"picked":"Flying Knee+1","floor":41},{"not_picked":["Choke","All Out Attack"],"picked":"Fluid Movement+1","floor":48},{"not_picked":["Quick Slash","Underhanded Strike+1"],"picked":"Blade Dance+1","floor":54}],"player_experience":30994,"relics_obtained":[{"floor":6,"key":"Torii"},{"floor":10,"key":"testmod-Antiphasic"},{"floor":12,"key":"Golden Egg"},{"floor":13,"key":"Replay:Bandana"},{"floor":23,"key":"aspiration:SeaSaltIceCream"},{"floor":26,"key":"Replay:Baseball"},{"floor":30,"key":"testmod-OneHitWonder"},{"floor":41,"key":"Pantograph"},{"floor":43,"key":"ReplayTheSpireMod:Ninjato"},{"floor":48,"key":"aspiration:ChemicalBlood"},{"floor":54,"key":"testmod-AssaultLearning"}],"event_choices":[{"damage_healed":0,"gold_gain":400,"player_choice":"Sell","damage_taken":0,"max_hp_gain":0,"max_hp_loss":0,"event_name":"恩洛斯的盘子","floor":4,"relics_lost":["testmod-TestBox"],"gold_loss":0},{"damage_healed":0,"gold_gain":100,"player_choice":"Pray","damage_taken":0,"max_hp_gain":0,"max_hp_loss":0,"event_name":"Golden Shrine","floor":36,"gold_loss":0},{"damage_healed":0,"gold_gain":0,"player_choice":"Embrace Madness","damage_taken":27,"max_hp_gain":0,"max_hp_loss":0,"event_name":"Winding Halls","floor":42,"gold_loss":0,"cards_obtained":["Madness","Madness"]},{"damage_healed":0,"gold_gain":0,"player_choice":"Swap Relic","damage_taken":0,"relics_obtained":["Strawberry"],"max_hp_gain":0,"max_hp_loss":0,"event_name":"给自己的盒子","floor":45,"relics_lost":["Blue Doll"],"gold_loss":0},{"cards_removed":["Madness"],"damage_healed":0,"gold_gain":0,"player_choice":"Removed Skill","damage_taken":0,"max_hp_gain":0,"max_hp_loss":0,"event_name":"Falling","floor":46,"gold_loss":0}],"is_beta":false,"boss_relics":[{"not_picked":["Tiny House","Runic Pyramid"],"picked":"testmod-Recursion"},{"not_picked":["aspiration:WatcherSkillbook","aspiration:RitualDagger"],"picked":"testmod-DeterminationOfClimber"}],"items_purged_floors":[],"is_endless":false,"potions_floor_spawned":[1,6,11,16,23,25,27,30,33,35,39,41,48],"ascension_level":2}}