{"host":"g4jqqbmo30rq7cal","time":1611584145,"event":{"mods":["AchievementEnabler","Act Like it!","BaseMod","Better Altar","Better Match","Better Note","Better Sensory Stone","Better Skull","Better Third Choice","Better Vampires","BetterRewards","Conspire","DeckTracker","Downfall","Luminous","Minty Spire (QoL Compilation)","Rare Cards Sparkle","Shade Mod","Shop Mod","StSLib","The Bug Knight","The Cursed","The Marked","The Mystic","Thieving Mod","[IsaacMod]????"],"gold_per_floor":[0,20,37,52,0,50,95,109,120,140,158,158,258,243,255,358,358,358,376,387,399,417,2,27,43,58,164,164,23,23,35,50,157,157,157,174,224,234,252,263,344,355,355,372,372,382,382,414,414,414,414,414],"floor_reached":50,"language":"RUS","playtime":3732,"items_purged":[],"score":601,"play_id":"6bbb4914-e2a2-4ccc-986a-96e94fd2f891","local_time":"20210125191545","is_ascension_mode":false,"campfire_choices":[{"data":"Slimebound:CorrosiveSpit","floor":1,"key":"SMITH"},{"floor":12,"key":"RECALL"},{"data":"Apotheosis","floor":18,"key":"SMITH"},{"floor":28,"key":"REST"},{"floor":30,"key":"REST"},{"data":"Slimebound:Split","floor":35,"key":"SMITH"},{"floor":43,"key":"REST"},{"floor":45,"key":"REST"},{"floor":49,"key":"REST"}],"circlet_count":0,"master_deck":["Slimebound:Strike_Slimebound","Slimebound:Strike_Slimebound","Slimebound:Strike_Slimebound","Slimebound:Tackle","Slimebound:Defend_Slimebound","Slimebound:Defend_Slimebound","Slimebound:Defend_Slimebound","Slimebound:Defend_Slimebound","Slimebound:Split+1","Slimebound:CorrosiveSpit+1","Slimebound:SlimeSpikes","Slimebound:SlimeSpikes","Slimebound:SlimeSpikes","Slimebound:Grow","Slimebound:TongueLash","Slimebound:Dissolve","Slimebound:GrowthPunch","Slimebound:MegaLick","Slimebound:GrowthPunch","Slimebound:GoopSpray","Slimebound:SamplingLick","Slimebound:SlimeSlap","Apotheosis+1","Slimebound:LeechEnergy+1","Slimebound:LeechEnergy","Slimebound:LeechEnergy","Slimebound:Schlurp","Slimebound:HauntingLick","expansioncontent:PolyBeam","Slimebound:LevelUp","Slimebound:ComboTackle","Slimebound:LeechingTouch","Slimebound:BestDefense","expansioncontent:DashGenerateEvil","Slimebound:GoopSpray","Slimebound:SlimeSlap","Slimebound:ItLooksTasty+1","Slimebound:SplitBruiser+1","Slimebound:RallyTheTroops","Slimebound:FormOfPuddle","Slimebound:Chomp+1","Slimebound:MegaLick+1","Slimebound:Schlurp","Slimebound:DisruptingSlam+1","Slimebound:SplitAcid+1","Slimebound:SamplingLick+1","Parasite","Slimebound:LeechingTouch+1","Slimebound:Darklings","Slimebound:SplitMire+1"],"relics":["Slimebound:AbsorbEndCombat","HushsDoor","GuppysHead","BookOfRevelations","bronze:MakeshiftBattery","MerchantsRug","Smiling Mask","conspire:SpecialSausage","GuppysTail","Bottled Lightning","Happy Flower"],"acts_visited":["Exordium","TheCity","TheBeyond"],"potions_floor_usage":[3,5,5,6,16,16,16,21,23,23,26,27,31,33,42,44,46,50],"damage_taken":[{"damage":1,"enemies":"conspire:RoseBush","floor":2,"turns":3},{"damage":0,"enemies":"Cultist","floor":3,"turns":3},{"damage":0,"enemies":"Jaw Worm","floor":4,"turns":2},{"damage":0,"enemies":"downfall:FleeingMerchant","floor":5,"turns":4},{"damage":24,"enemies":"Hiden Room Battle","floor":6,"turns":4},{"damage":0,"enemies":"Blue Slaver","floor":8,"turns":3},{"damage":0,"enemies":"Large Slime","floor":9,"turns":6},{"damage":0,"enemies":"conspire:2 RoseBushes","floor":10,"turns":3},{"damage":0,"enemies":"Exordium Wildlife","floor":11,"turns":2},{"damage":0,"enemies":"downfall:FleeingMerchant","floor":14,"turns":4},{"damage":6,"enemies":"HollowMod:HuskWarrior","floor":15,"turns":4},{"damage":0,"enemies":"DF_ARCHETYPE_STREAMLINE","floor":16,"turns":11},{"damage":0,"enemies":"conspire:FuzzyDice","floor":19,"turns":4},{"damage":18,"enemies":"Snake Plant","floor":20,"turns":3},{"damage":9,"enemies":"conspire:HollyBat","floor":21,"turns":8},{"damage":0,"enemies":"3 Cultists","floor":22,"turns":4},{"damage":15,"enemies":"downfall:FleeingMerchant","floor":23,"turns":4},{"damage":26,"enemies":"Centurion and Healer","floor":25,"turns":5},{"damage":8,"enemies":"Shelled Parasite and Fungi","floor":26,"turns":5},{"damage":0,"enemies":"downfall:FleeingMerchant","floor":27,"turns":1},{"damage":8,"enemies":"Chosen and Byrds","floor":31,"turns":3},{"damage":8,"enemies":"Snecko","floor":32,"turns":5},{"damage":9,"enemies":"SI_MIRROR_ARCHETYPE","floor":33,"turns":12},{"damage":9,"enemies":"3 Shapes","floor":36,"turns":3},{"damage":43,"enemies":"2 Orb Walkers","floor":37,"turns":5},{"damage":12,"enemies":"Orb Walker","floor":38,"turns":3},{"damage":0,"enemies":"Sphere and 2 Shapes","floor":39,"turns":4},{"damage":2,"enemies":"4 Shapes","floor":40,"turns":5},{"damage":0,"enemies":"Transient","floor":42,"turns":5},{"damage":13,"enemies":"Spire Growth","floor":44,"turns":3},{"damage":5,"enemies":"Writhing Mass","floor":46,"turns":4},{"damage":6,"enemies":"Giant Head","floor":48,"turns":10},{"damage":66,"enemies":"IC_BLOCK_ARCHETYPE","floor":50,"turns":4}],"seed_played":"-47049939084257910","potions_obtained":[{"floor":3,"key":"EntropicBrew"},{"floor":4,"key":"DuplicationPotion"},{"floor":6,"key":"BlessingOfTheForge"},{"floor":9,"key":"Ancient Potion"},{"floor":10,"key":"Swift Potion"},{"floor":16,"key":"DistilledChaos"},{"floor":21,"key":"FearPotion"},{"floor":22,"key":"Energy Potion"},{"floor":26,"key":"Energy Potion"},{"floor":32,"key":"LiquidBronze"},{"floor":37,"key":"FearPotion"},{"floor":38,"key":"champ:CounterPotion"},{"floor":39,"key":"SmokeBomb"},{"floor":42,"key":"Slimebound:ThreeZeroPotion"},{"floor":48,"key":"Block Potion"}],"is_trial":false,"path_per_floor":["R","M","M","M","$","?","T","M","M","M","M","R","?","$","M","B",null,"R","M","M","M","M","$","T","M","M","$","R","$","R","M","M","B",null,"R","M","?","M","M","M","T","M","R","M","R","M","?","E","R","B"],"character_chosen":"SLIMEBOUND","items_purchased":["Slimebound:Grow","Apotheosis","expansioncontent:PolyBeam","Slimebound:LevelUp","MerchantsRug","Slimebound:ThreeZeroPotion","Slimebound:ThreeZeroPotion","expansioncontent:DashGenerateEvil","Slimebound:GoopSpray","Slimebound:SlimeSlap"],"campfire_rested":5,"item_purchase_floors":[5,17,23,23,23,23,23,27,27,29],"current_hp_per_floor":[65,65,65,65,65,30,30,32,36,40,42,42,42,48,48,56,60,60,60,44,43,51,44,44,26,26,28,46,46,60,60,54,53,60,60,53,18,8,16,22,22,30,48,43,60,57,57,57,60,0,0,0],"gold":414,"neow_bonus":"ONE_RARE_RELIC","is_daily":false,"chose_seed":false,"campfire_upgraded":3,"win_rate":0.0,"timestamp":1611584145,"path_taken":["R","M","M","M","$","?","T","M","M","M","M","R","?","$","M","BOSS","R","M","M","M","?","$","T","M","M","$","R","$","R","M","M","BOSS","R","M","?","M","M","M","T","M","R","?","R","M","?","E","R","BOSS"],"items_purchased_type":["Card","Card","Card","Card","Relic","Potion","Potion","Card","Card","Card"],"build_version":"2020-12-22","purchased_purges":0,"victory":false,"max_hp_per_floor":[65,65,65,65,65,65,65,65,65,65,65,65,65,65,65,65,60,60,60,60,60,60,60,60,60,60,60,60,60,60,60,60,60,60,60,60,60,60,60,60,60,60,60,60,60,60,60,60,60,60,60,60],"card_choices":[{"not_picked":[],"picked":"ChaosCard","floor":0},{"not_picked":["Slimebound:HauntingLick","Slimebound:RejuvenatingLick"],"picked":"Slimebound:SlimeSpikes","floor":2},{"not_picked":["Slimebound:Dissolve","Slimebound:SplitMire"],"picked":"Slimebound:SlimeSpikes","floor":3},{"not_picked":["Slimebound:RejuvenatingLick","Slimebound:SplitMire"],"picked":"Slimebound:SelfFormingGoo","floor":4},{"not_picked":["Slimebound:DouseInSlime","Slimebound:GoopTackle"],"picked":"Slimebound:SlimeSpikes","floor":5},{"not_picked":["Slimebound:GoopTackle","Slimebound:Schlurp"],"picked":"Slimebound:TongueLash","floor":6},{"not_picked":["Slimebound:LivingWall","Slimebound:GoopTackle"],"picked":"Slimebound:Dissolve","floor":8},{"not_picked":["Slimebound:Equalize","Slimebound:SamplingLick"],"picked":"Slimebound:GrowthPunch","floor":9},{"not_picked":["Slimebound:ViciousTackle","Slimebound:SlimeSpikes"],"picked":"Slimebound:MegaLick","floor":10},{"not_picked":["Slimebound:TongueLash","Slimebound:Chomp"],"picked":"Slimebound:GrowthPunch","floor":11},{"not_picked":["Slimebound:PrepareCrush","Slimebound:ViciousTackle"],"picked":"Slimebound:GoopSpray","floor":14},{"not_picked":["Slimebound:GoopSpray","Slimebound:LivingWall"],"picked":"Slimebound:SamplingLick","floor":15},{"not_picked":["Slimebound:SelfFormingGoo","Slimebound:LeechLife"],"picked":"Slimebound:SlimeSlap","floor":16},{"not_picked":["Slimebound:AcidTongue","Slimebound:LeechingTouch+1"],"picked":"Slimebound:LeechEnergy+1","floor":19},{"not_picked":["Slimebound:SplitMire","Slimebound:FormOfPuddle"],"picked":"Slimebound:LeechEnergy","floor":20},{"not_picked":["Slimebound:Nibble","Slimebound:RollThrough"],"picked":"Slimebound:LeechEnergy","floor":21},{"not_picked":["Slimebound:SamplingLick","Slimebound:SplitLeeching+1"],"picked":"Slimebound:Schlurp","floor":22},{"not_picked":["Slimebound:FinishingTackle","Slimebound:OneTwoCombo"],"picked":"Slimebound:HauntingLick","floor":23},{"not_picked":["Slimebound:Nibble","Slimebound:LeechEnergy"],"picked":"Slimebound:ComboTackle","floor":25},{"not_picked":["Slimebound:SlimeTap","Slimebound:LivingWall+1"],"picked":"Slimebound:LeechingTouch","floor":26},{"not_picked":["Slimebound:FinishingTackle","Slimebound:LivingWall"],"picked":"Slimebound:BestDefense","floor":27},{"not_picked":["Slimebound:SplitLeeching+1","Slimebound:PressTheAttack"],"picked":"Slimebound:ItLooksTasty+1","floor":31},{"not_picked":["Slimebound:SamplingLick","Slimebound:RejuvenatingLick"],"picked":"Slimebound:SplitBruiser+1","floor":32},{"not_picked":["Slimebound:MassFeed","Slimebound:FirmFortitude"],"picked":"Slimebound:RallyTheTroops","floor":33},{"not_picked":["Slimebound:SplitMire","Slimebound:Repurpose"],"picked":"Slimebound:FormOfPuddle","floor":36},{"not_picked":["Slimebound:Repurpose","Slimebound:Nibble+1"],"picked":"Slimebound:Chomp+1","floor":37},{"not_picked":["Slimebound:HauntingLick","Slimebound:Schlurp"],"picked":"Slimebound:MegaLick+1","floor":38},{"not_picked":["Slimebound:ComboTackle","Slimebound:LevelUp"],"picked":"Slimebound:Schlurp","floor":39},{"not_picked":["Slimebound:LeechingTouch+1","Slimebound:SamplingLick"],"picked":"Slimebound:DisruptingSlam+1","floor":40},{"not_picked":["Slimebound:DisruptingSlam+1","Slimebound:Prepare"],"picked":"Slimebound:SplitAcid+1","floor":42},{"not_picked":["Slimebound:ComboTackle","Slimebound:SlimeSpikes"],"picked":"Slimebound:SamplingLick+1","floor":44},{"not_picked":["Slimebound:ComboTackle","Slimebound:SlimeSpikes+1"],"picked":"Slimebound:LeechingTouch+1","floor":46},{"not_picked":["Slimebound:LivingWall","Slimebound:OneTwoCombo"],"picked":"Slimebound:SplitMire+1","floor":48}],"player_experience":307375,"relics_obtained":[{"floor":6,"key":"Akabeko"},{"floor":6,"key":"BookOfRevelations"},{"floor":24,"key":"Smiling Mask"},{"floor":37,"key":"GuppysTail"},{"floor":41,"key":"Bottled Lightning"},{"floor":48,"key":"Happy Flower"}],"event_choices":[{"damage_healed":0,"gold_gain":0,"player_choice":"Fight","damage_taken":0,"max_hp_gain":0,"max_hp_loss":0,"event_name":"HidenRoomEvent","floor":6,"gold_loss":0},{"damage_healed":0,"gold_gain":0,"player_choice":"Fight","damage_taken":0,"max_hp_gain":0,"max_hp_loss":0,"event_name":"Mysterious Sphere","floor":37,"gold_loss":0}],"is_beta":false,"boss_relics":[{"not_picked":["Black Star","Runic Pyramid"],"picked":"bronze:MakeshiftBattery"},{"not_picked":[]},{"not_picked":["Snecko Eye","Velvet Choker"],"picked":"conspire:SpecialSausage"},{"not_picked":[]}],"items_purged_floors":[],"is_endless":false,"potions_floor_spawned":[3,4,6,9,10,16,21,22,26,32,37,38,39,42,48],"killed_by":"IC_BLOCK_ARCHETYPE","ascension_level":0}}