{"host":"f6w7z8zvb0mi4wy9","time":1611612233,"event":{"mods":["BaseMod","Colored Map","Minty Spire (QoL Compilation)","READ ME - Guardian Mod","StSLib","SuperFastMode","The Jungle"],"gold_per_floor":[116,391,408,427,447,473,473,506,544,556,556],"floor_reached":10,"language":"KOR","playtime":182,"items_purged":[],"score":113,"play_id":"818a7fc8-ab84-4ab7-8fc5-1f24b45ab8e5","local_time":"20210126070353","is_ascension_mode":true,"campfire_choices":[{"data":"Zap","floor":7,"key":"SMITH"}],"circlet_count":0,"master_deck":["Strike_B","Strike_B","Strike_B","Strike_B","Defend_B","Defend_B","Defend_B","Defend_B","Zap+1","Dualcast","Gash","Regret","Ball Lightning","Gash","Chaos","Go for the Eyes","Coolheaded"],"relics":["Cracked Core","NeowsBlessing","Meat on the Bone","MawBank","Nunchaku"],"acts_visited":["Exordium"],"potions_floor_usage":[5,8],"damage_taken":[{"damage":0,"enemies":"Small Slimes","floor":1,"turns":1},{"damage":0,"enemies":"Cultist","floor":3,"turns":1},{"damage":0,"enemies":"Jaw Worm","floor":4,"turns":1},{"damage":8,"enemies":"Exordium Wildlife","floor":5,"turns":4},{"damage":22,"enemies":"Lagavulin","floor":6,"turns":5},{"damage":30,"enemies":"Gremlin Nob","floor":8,"turns":4},{"damage":20,"enemies":"3 Sentries","floor":10,"turns":5}],"seed_played":"8994952585937052323","potions_obtained":[{"floor":3,"key":"Fire Potion"},{"floor":6,"key":"SkillPotion"}],"is_trial":false,"path_per_floor":["M","?","M","M","M","E","R","E","T","E"],"character_chosen":"DEFECT","items_purchased":[],"campfire_rested":0,"item_purchase_floors":[],"current_hp_per_floor":[68,68,68,68,60,38,38,20,20,0,0],"gold":556,"neow_bonus":"THREE_ENEMY_KILL","is_daily":false,"chose_seed":false,"campfire_upgraded":1,"win_rate":0.0,"timestamp":1611612233,"path_taken":["M","?","M","?","?","E","R","E","T","E"],"items_purchased_type":[],"build_version":"2020-12-22","purchased_purges":0,"victory":false,"max_hp_per_floor":[75,75,75,75,75,75,75,75,75,75,75],"card_choices":[{"not_picked":["Sunder","Go for the Eyes"],"picked":"Gash","floor":1},{"not_picked":["Leap","Sweeping Beam"],"picked":"Ball Lightning","floor":3},{"not_picked":["Stack","Coolheaded"],"picked":"Gash","floor":4},{"not_picked":["Barrage","Heatsinks"],"picked":"Chaos","floor":5},{"not_picked":["Sweeping Beam","Skim"],"picked":"Go for the Eyes","floor":6},{"not_picked":["Turbo","Hologram"],"picked":"Coolheaded","floor":8}],"player_experience":896251,"relics_obtained":[{"floor":6,"key":"Meat on the Bone"},{"floor":8,"key":"MawBank"},{"floor":9,"key":"Nunchaku"}],"event_choices":[{"damage_healed":0,"gold_gain":275,"player_choice":"Desecrate","damage_taken":0,"max_hp_gain":0,"max_hp_loss":0,"event_name":"Golden Shrine","floor":2,"gold_loss":0,"cards_obtained":["Regret"]}],"is_beta":false,"boss_relics":[],"items_purged_floors":[],"is_endless":false,"potions_floor_spawned":[3,6],"killed_by":"3 Sentries","ascension_level":9}}