{"host":"mydft8i2zzydgggw","time":1611535512,"event":{"mods":["AchievementEnabler","BaseMod","BetterRewards","Colored Map","Colored Powertips","DeckTracker","Keyboard Shortcuts","Minty Spire (QoL Compilation)","Rare Cards Sparkle","StSLib","SuperFastMode","everything is the same but u backflip on backflip"],"gold_per_floor":[116,130,141,141,153,153,165,165,165,178,178,178,210,228,228,304,304,319,329,379,154,166,181,181,201,227,227,227],"floor_reached":27,"language":"KOR","playtime":533,"items_purged":["Strike_B"],"score":394,"play_id":"26152229-db54-4578-9a13-f6e22dcc6cc2","local_time":"20210125094512","is_ascension_mode":true,"campfire_choices":[{"data":"Loop","floor":6,"key":"SMITH"},{"floor":8,"key":"REST"},{"data":"Zap","floor":12,"key":"SMITH"},{"floor":15,"key":"REST"},{"floor":24,"key":"REST"}],"circlet_count":0,"master_deck":["AscendersBane","Strike_B","Defend_B","Defend_B","Defend_B","Defend_B","Zap+1","Dualcast","Coolheaded","Go for the Eyes","Compile Driver","Loop+1","Storm","Creative AI","Sweeping Beam","Core Surge","Force Field","Doom and Gloom","Echo Form","Coolheaded+1","Barrage","Conserve Battery"],"relics":["Cracked Core","Pen Nib","InkBottle","MealTicket","Sozu","Bag of Marbles"],"acts_visited":["Exordium","TheCity"],"potions_floor_usage":[13,13,16,25],"damage_taken":[{"damage":3,"enemies":"2 Louse","floor":1,"turns":3},{"damage":2,"enemies":"Jaw Worm","floor":2,"turns":3},{"damage":0,"enemies":"Small Slimes","floor":3,"turns":2},{"damage":22,"enemies":"Gremlin Gang","floor":5,"turns":3},{"damage":6,"enemies":"2 Fungi Beasts","floor":7,"turns":3},{"damage":4,"enemies":"Exordium Thugs","floor":10,"turns":5},{"damage":26,"enemies":"3 Sentries","floor":13,"turns":6},{"damage":9,"enemies":"Blue Slaver","floor":14,"turns":4},{"damage":26,"enemies":"Slime Boss","floor":16,"turns":7},{"damage":5,"enemies":"Shell Parasite","floor":18,"turns":5},{"damage":10,"enemies":"Chosen","floor":19,"turns":4},{"damage":22,"enemies":"Snecko","floor":22,"turns":5},{"damage":25,"enemies":"Shelled Parasite and Fungi","floor":23,"turns":4},{"damage":26,"enemies":"3 Cultists","floor":25,"turns":4},{"damage":8,"enemies":"Slavers","floor":27,"turns":1}],"seed_played":"-4492186942979966141","potions_obtained":[{"floor":3,"key":"BlessingOfTheForge"},{"floor":7,"key":"SteroidPotion"},{"floor":10,"key":"SteroidPotion"},{"floor":14,"key":"Fire Potion"},{"floor":16,"key":"GamblersBrew"}],"is_trial":false,"path_per_floor":["M","M","M","?","M","R","M","R","T","M","?","R","E","M","R","B",null,"M","M","?","$","M","M","R","M","T","E"],"character_chosen":"DEFECT","items_purchased":["Echo Form"],"campfire_rested":3,"item_purchase_floors":[21],"current_hp_per_floor":[61,59,59,59,37,37,31,52,52,48,41,41,15,6,27,1,54,49,39,39,54,32,7,28,2,2,0,0],"gold":227,"neow_bonus":"RANDOM_COMMON_RELIC","is_daily":false,"chose_seed":false,"campfire_upgraded":2,"win_rate":0.0,"timestamp":1611535512,"path_taken":["M","M","M","?","M","R","M","R","T","M","?","R","E","M","R","BOSS","M","M","?","$","M","M","R","M","T","E"],"items_purchased_type":["Card"],"build_version":"2020-12-22","purchased_purges":1,"victory":false,"max_hp_per_floor":[71,71,71,71,71,71,71,71,71,71,71,71,71,71,71,71,71,71,71,71,71,71,71,71,71,71,71,71],"card_choices":[{"not_picked":["Steam Power","Consume"],"picked":"Coolheaded","floor":1},{"not_picked":["Turbo","BootSequence"],"picked":"Go for the Eyes","floor":2},{"not_picked":["Aggregate","Turbo"],"picked":"Compile Driver","floor":3},{"not_picked":["Streamline","Hologram"],"picked":"Loop","floor":5},{"not_picked":["Stack","Chaos"],"picked":"Storm","floor":7},{"not_picked":["Cold Snap","Redo","Hello World"],"picked":"SKIP","floor":10},{"not_picked":["Doom and Gloom","Leap"],"picked":"Creative AI","floor":13},{"not_picked":["Streamline","Rebound"],"picked":"Sweeping Beam","floor":14},{"not_picked":["Amplify","Thunder Strike"],"picked":"Core Surge","floor":16},{"not_picked":["Hello World+1","Sweeping Beam"],"picked":"Force Field","floor":18},{"not_picked":["Cold Snap","Steam Power+1"],"picked":"Doom and Gloom","floor":19},{"not_picked":["Conserve Battery","Tempest"],"picked":"Coolheaded+1","floor":22},{"not_picked":["Go for the Eyes","Chaos"],"picked":"Barrage","floor":23},{"not_picked":["Sweeping Beam","Redo"],"picked":"Conserve Battery","floor":25}],"player_experience":214062,"relics_obtained":[{"floor":9,"key":"InkBottle"},{"floor":13,"key":"MealTicket"},{"floor":26,"key":"Bag of Marbles"}],"event_choices":[{"cards_removed":["Strike_B"],"damage_healed":0,"gold_gain":0,"player_choice":"Forget","damage_taken":0,"max_hp_gain":0,"max_hp_loss":0,"event_name":"Living Wall","floor":4,"gold_loss":0},{"cards_removed":["Strike_B"],"damage_healed":0,"gold_gain":0,"player_choice":"Card Removal","damage_taken":7,"max_hp_gain":0,"max_hp_loss":0,"event_name":"Golden Wing","floor":11,"gold_loss":0},{"damage_healed":0,"gold_gain":50,"player_choice":"Stole From Cult","damage_taken":0,"max_hp_gain":0,"max_hp_loss":0,"event_name":"Nest","floor":20,"gold_loss":0}],"is_beta":false,"boss_relics":[{"not_picked":["Black Star","FrozenCore"],"picked":"Sozu"}],"items_purged_floors":[21],"is_endless":false,"potions_floor_spawned":[3,7,10,14,16,18,23,25],"killed_by":"Slavers","ascension_level":16}}