{"host":"j4g6ia6asvpyu2b0","time":1611591480,"event":{"mods":["BaseMod","Colored Map","Minty Spire (QoL Compilation)","Permanent Neow","Quick Restart","Relic Stats","StSLib","Unceasing Turn Reminder"],"gold_per_floor":[112,287,287,287,33,33,59,70,70,100,115,115,115,133,133,229,229,239,273,286,300,300,330,330,359,359,394,413,423,458,476,476,575,575,585,605,605,624,634,664,664,664,664],"floor_reached":42,"language":"ENG","playtime":1734,"items_purged":["Strike_G"],"score":595,"play_id":"b24f7f0c-0388-4104-af51-07061fd9675f","local_time":"20210125091800","is_ascension_mode":true,"campfire_choices":[{"data":"Dagger Spray","floor":6.0,"key":"SMITH"},{"data":"Deadly Poison","floor":12.0,"key":"SMITH"},{"data":"Neutralize","floor":15.0,"key":"SMITH"},{"data":"Envenom","floor":24.0,"key":"SMITH"},{"data":"Noxious Fumes","floor":32.0,"key":"SMITH"},{"data":"Bandage Up","floor":41,"key":"SMITH"}],"circlet_count":0,"master_deck":["Strike_G","Strike_G","Strike_G","Strike_G+1","Defend_G","Defend_G","Defend_G","Defend_G","Defend_G","Survivor","Neutralize+1","Backstab","Dagger Spray+1","Die Die Die+1","Flying Knee","Deadly Poison+1","Dagger Throw","Quick Slash","Envenom+1","Dash","Deadly Poison+1","Backflip+1","Backflip+1","Bandage Up+1","Die Die Die","Caltrops","Outmaneuver","Dagger Spray","Escape Plan+1","Noxious Fumes","Glass Knife","Blur+1","Quick Slash+1","Streamline","Cloak And Dagger+1","Backflip+1"],"relics":["Ring of the Snake","Bag of Preparation","Torii","Lantern","The Specimen","Turnip","PreservedInsect","Coffee Dripper","Red Mask","Boot","Dream Catcher","Kunai","Du-Vu Doll","Bottled Lightning","Black Star","Mummified Hand","Bronze Scales"],"acts_visited":["Exordium","TheCity","TheBeyond"],"potions_floor_usage":[35,40,40],"damage_taken":[{"damage":0.0,"enemies":"2 Louse","floor":1.0,"turns":5.0},{"damage":3.0,"enemies":"Lagavulin","floor":7.0,"turns":8.0},{"damage":1.0,"enemies":"Jaw Worm","floor":8.0,"turns":2.0},{"damage":11.0,"enemies":"Gremlin Nob","floor":10.0,"turns":3.0},{"damage":0.0,"enemies":"Small Slimes","floor":11.0,"turns":1.0},{"damage":0.0,"enemies":"2 Fungi Beasts","floor":14.0,"turns":1.0},{"damage":18.0,"enemies":"The Guardian","floor":16.0,"turns":12.0},{"damage":0.0,"enemies":"Chosen","floor":18.0,"turns":3.0},{"damage":0.0,"enemies":"Masked Bandits","floor":19.0,"turns":2.0},{"damage":0.0,"enemies":"2 Thieves","floor":20.0,"turns":2.0},{"damage":0.0,"enemies":"Centurion and Healer","floor":21.0,"turns":5.0},{"damage":3.0,"enemies":"Book of Stabbing","floor":23.0,"turns":4.0},{"damage":0.0,"enemies":"Gremlin Leader","floor":25.0,"turns":3.0},{"damage":3.0,"enemies":"Book of Stabbing","floor":27.0,"turns":4.0},{"damage":1.0,"enemies":"Snake Plant","floor":28.0,"turns":3.0},{"damage":1.0,"enemies":"3 Cultists","floor":29.0,"turns":3.0},{"damage":3.0,"enemies":"Gremlin Leader","floor":30.0,"turns":4.0},{"damage":7.0,"enemies":"Chosen and Byrds","floor":31.0,"turns":4.0},{"damage":23.0,"enemies":"Collector","floor":33.0,"turns":6.0},{"damage":13,"enemies":"3 Darklings","floor":35,"turns":3},{"damage":6,"enemies":"Orb Walker","floor":36,"turns":3},{"damage":18,"enemies":"Transient","floor":38,"turns":5},{"damage":1,"enemies":"Sphere and 2 Shapes","floor":39,"turns":3},{"damage":41,"enemies":"Reptomancer","floor":40,"turns":5},{"damage":16,"enemies":"Nemesis","floor":42,"turns":2}],"seed_played":"-1230535713552386982","potions_obtained":[{"floor":1.0,"key":"GhostInAJar"},{"floor":7.0,"key":"Strength Potion"},{"floor":14.0,"key":"SmokeBomb"},{"floor":16.0,"key":"Explosive Potion"},{"floor":25.0,"key":"Poison Potion"},{"floor":27.0,"key":"BlessingOfTheForge"},{"floor":28.0,"key":"Strength Potion"},{"floor":30.0,"key":"DuplicationPotion"},{"floor":36,"key":"AttackPotion"}],"is_trial":false,"path_per_floor":["M","?","?","?","$","R","E","M","T","E","M","R","?","M","R","B",null,"M","?","M","M","?","E","R","E","T","E","M","M","E","M","R","B",null,"M","M","?","M","M","E","R","E"],"character_chosen":"THE_SILENT","items_purchased":["Lantern","Dagger Spray"],"campfire_rested":0,"item_purchase_floors":[5,5],"current_hp_per_floor":[70,70,70,52,52,52,49,48,48,37,37,37,23,23,23,5,70,70,70,70,70,70,67,67,70,70,70,70,69,66,63,63,44,70,57,55,55,41,44,7,7,0,0],"gold":664,"neow_bonus":"RANDOM_COMMON_RELIC","is_daily":false,"chose_seed":false,"campfire_upgraded":6,"win_rate":0.0,"timestamp":1611591480,"path_taken":["M","?","?","?","?","R","E","M","T","E","M","R","?","M","R","BOSS","M","?","M","M","?","E","R","E","T","E","?","?","E","M","R","BOSS","M","M","?","?","M","E","R","E"],"items_purchased_type":["Relic","Card"],"build_version":"2020-12-22","purchased_purges":1,"victory":false,"max_hp_per_floor":[70,70,70,70,70,70,70,70,70,70,70,70,70,70,70,70,70,70,70,70,70,70,70,70,70,70,70,70,70,70,70,70,70,70,70,70,70,70,70,70,70,70,70],"relic_stats":{"Torii":51,"counters":[25,96],"PreservedInsect":280,"Bag of Preparation":[50],"Boot":[46],"Dream Catcher":0,"Mummified Hand":[1],"Bronze Scales":[0],"Turnip":[12],"Black Star":1,"Kunai":[19],"obtain_stats":[{"Lantern":5,"Torii":4,"The Specimen":7,"PreservedInsect":10,"Bag of Preparation":0,"Boot":23,"Du-Vu Doll":27,"Dream Catcher":25,"Mummified Hand":40,"Bronze Scales":40,"Turnip":9,"Coffee Dripper":17,"Red Mask":19,"Black Star":34,"Kunai":26,"Bottled Lightning":30,"Ring of the Snake":0},{"Lantern":1,"Torii":1,"The Specimen":2,"PreservedInsect":4,"Bag of Preparation":0,"Boot":12,"Du-Vu Doll":14,"Dream Catcher":13,"Mummified Hand":24,"Bronze Scales":24,"Turnip":3,"Coffee Dripper":7,"Red Mask":9,"Black Star":19,"Kunai":13,"Bottled Lightning":17,"Ring of the Snake":0},{"Lantern":5,"Torii":5,"The Specimen":13,"PreservedInsect":18,"Bag of Preparation":0,"Boot":48,"Du-Vu Doll":55,"Dream Catcher":51,"Mummified Hand":94,"Bronze Scales":94,"Turnip":15,"Coffee Dripper":32,"Red Mask":37,"Black Star":75,"Kunai":51,"Bottled Lightning":65,"Ring of the Snake":0}],"Ring of the Snake":[50]},"card_choices":[{"not_picked":["Quick Slash","Acrobatics"],"picked":"Backstab","floor":1.0},{"not_picked":["Backflip","Quick Slash"],"picked":"Die Die Die","floor":7.0},{"not_picked":["Heel Hook","Dagger Spray"],"picked":"Flying Knee","floor":8.0},{"not_picked":["Underhanded Strike","Expertise"],"picked":"Deadly Poison","floor":10.0},{"not_picked":["Sucker Punch","Quick Slash"],"picked":"Dagger Throw","floor":11.0},{"not_picked":["Setup","Underhanded Strike"],"picked":"Quick Slash","floor":14.0},{"not_picked":["Malaise","Night Terror"],"picked":"Envenom","floor":16.0},{"not_picked":["Distraction","Dagger Spray"],"picked":"Dash","floor":18.0},{"not_picked":["Outmaneuver","Dagger Throw"],"picked":"Deadly Poison+1","floor":19.0},{"not_picked":["Predator","Calculated Gamble"],"picked":"Backflip+1","floor":20.0},{"not_picked":["Acrobatics","Cloak And Dagger"],"picked":"Backflip+1","floor":21.0},{"not_picked":["Unload","All Out Attack"],"picked":"Noxious Fumes","floor":23.0},{"not_picked":["Outmaneuver","Dagger Throw"],"picked":"Caltrops","floor":25.0},{"not_picked":["Eviscerate","Sucker Punch"],"picked":"Outmaneuver","floor":27.0},{"not_picked":["Bane","All Out Attack"],"picked":"Dagger Spray","floor":28.0},{"not_picked":["Underhanded Strike+1","Slice+1","Deflect"],"picked":"SKIP","floor":29.0},{"not_picked":["Concentrate","Underhanded Strike"],"picked":"Escape Plan+1","floor":30.0},{"not_picked":["Escape Plan","Dagger Spray"],"picked":"Noxious Fumes","floor":31.0},{"not_picked":["Venomology","Burst"],"picked":"Glass Knife","floor":33.0},{"not_picked":["Outmaneuver","Quick Slash"],"picked":"Blur+1","floor":35},{"not_picked":["Backstab+1","Sucker Punch"],"picked":"Quick Slash+1","floor":36},{"not_picked":["Quick Slash","All Out Attack","Slice"],"picked":"SKIP","floor":38},{"not_picked":["Quick Slash","Backflip+1"],"picked":"Cloak And Dagger+1","floor":39},{"not_picked":["Underhanded Strike+1","Dodge and Roll"],"picked":"Backflip+1","floor":40}],"player_experience":1007735,"relics_obtained":[{"floor":7.0,"key":"The Specimen"},{"floor":9.0,"key":"Turnip"},{"floor":10.0,"key":"PreservedInsect"},{"floor":19.0,"key":"Red Mask"},{"floor":23.0,"key":"Boot"},{"floor":25.0,"key":"Dream Catcher"},{"floor":26.0,"key":"Kunai"},{"floor":27.0,"key":"Du-Vu Doll"},{"floor":30.0,"key":"Bottled Lightning"},{"floor":40,"key":"Mummified Hand"},{"floor":40,"key":"Bronze Scales"}],"event_choices":[{"damage_healed":0.0,"max_hp_gain":0.0,"max_hp_loss":0.0,"gold_gain":175.0,"event_name":"Liars Game","player_choice":"AGREE","floor":2.0,"gold_loss":0.0,"damage_taken":0.0,"cards_obtained":["Doubt"]},{"cards_removed":["Doubt"],"damage_healed":0.0,"max_hp_gain":0.0,"max_hp_loss":0.0,"gold_gain":0.0,"event_name":"Living Wall","player_choice":"Forget","floor":3.0,"gold_loss":0.0,"damage_taken":0.0},{"damage_healed":0.0,"max_hp_gain":0.0,"max_hp_loss":0.0,"gold_gain":0.0,"event_name":"Scrap Ooze","player_choice":"Success","floor":4.0,"gold_loss":0.0,"damage_taken":18.0,"relics_obtained":["Torii"]},{"damage_healed":0.0,"max_hp_gain":0.0,"max_hp_loss":0.0,"gold_gain":0.0,"event_name":"Shining Light","player_choice":"Entered Light","floor":13.0,"gold_loss":0.0,"damage_taken":14.0,"cards_upgraded":["Die Die Die","Strike_G"]},{"damage_healed":0.0,"max_hp_gain":0.0,"max_hp_loss":0.0,"gold_gain":0.0,"event_name":"Masked Bandits","player_choice":"Fought Bandits","floor":19.0,"gold_loss":0.0,"damage_taken":0.0},{"damage_healed":0.0,"max_hp_gain":0.0,"max_hp_loss":0.0,"gold_gain":0.0,"event_name":"Match and Keep!","player_choice":"2 cards matched","floor":22.0,"gold_loss":0.0,"damage_taken":0.0,"cards_obtained":["Bandage Up","Die Die Die"]},{"cards_removed":["Noxious Fumes"],"damage_healed":0,"gold_gain":0,"player_choice":"Took Card","damage_taken":0,"max_hp_gain":0,"max_hp_loss":0,"event_name":"NoteForYourself","floor":37,"gold_loss":0,"cards_obtained":["Streamline"]}],"is_beta":false,"boss_relics":[{"not_picked":["Tiny House","SacredBark"],"picked":"Coffee Dripper"},{"not_picked":["Fusion Hammer","Calling Bell"],"picked":"Black Star"}],"items_purged_floors":[5],"is_endless":false,"potions_floor_spawned":[1,7,14,16,25,27,28,29,30,31,36,39],"killed_by":"Nemesis","ascension_level":1}}