{"host":"6a9c3xws62y7efyw","time":1611552190,"event":{"mods":["BaseMod","Colored Map","Minty Spire (QoL Compilation)","Relic Stats","StSLib"],"gold_per_floor":[117,117,10,27,27,27,52,86,86,86,100,120,137,170,170,241,241,241,181,181,181,17,17,17,17],"floor_reached":24,"language":"ENG","playtime":836,"items_purged":[],"score":462,"play_id":"4a72e275-d7c8-4a9c-8c38-96125c3d00d8","local_time":"20210124212310","is_ascension_mode":true,"campfire_choices":[{"floor":6,"key":"REST"},{"data":"Skewer","floor":10,"key":"SMITH"},{"data":"Catalyst","floor":15,"key":"SMITH"},{"floor":23,"key":"REST"}],"circlet_count":0,"master_deck":["AscendersBane","Strike_G","Strike_G","Strike_G","Strike_G","Strike_G+1","Defend_G","Defend_G","Defend_G","Defend_G","Defend_G","Survivor","Neutralize","Skewer+1","Quick Slash+1","Noxious Fumes","Noxious Fumes","Flying Knee","Catalyst+1","Catalyst","Blur","Corpse Explosion","Predator+1","PiercingWail"],"relics":["Ring of the Snake","NeowsBlessing","Happy Flower","Omamori","Tiny Chest","Whetstone","Pantograph","Ectoplasm","TwistedFunnel"],"acts_visited":["Exordium","TheCity"],"potions_floor_usage":[12,14,21,21,21,24],"damage_taken":[{"damage":0,"enemies":"2 Louse","floor":1,"turns":1},{"damage":0,"enemies":"Cultist","floor":4,"turns":1},{"damage":0,"enemies":"Lagavulin","floor":8,"turns":1},{"damage":0,"enemies":"Small Slimes","floor":11,"turns":2},{"damage":3,"enemies":"Blue Slaver","floor":12,"turns":3},{"damage":5,"enemies":"Looter","floor":13,"turns":4},{"damage":12,"enemies":"Gremlin Nob","floor":14,"turns":3},{"damage":26,"enemies":"The Guardian","floor":16,"turns":9},{"damage":15,"enemies":"3 Byrds","floor":18,"turns":3},{"damage":12,"enemies":"2 Thieves","floor":19,"turns":4},{"damage":16,"enemies":"Snecko","floor":21,"turns":6},{"damage":29,"enemies":"Book of Stabbing","floor":24,"turns":3}],"seed_played":"2896290966990319923","potions_obtained":[{"floor":4,"key":"EntropicBrew"},{"floor":8,"key":"LiquidMemories"},{"floor":13,"key":"SkillPotion"},{"floor":18,"key":"LiquidBronze"}],"is_trial":false,"path_per_floor":["M","?","$","M","?","R","T","E","T","R","M","M","M","E","R","B",null,"M","M","?","M","$","R","E"],"character_chosen":"THE_SILENT","items_purchased":["Quick Slash","Noxious Fumes","TwistedFunnel"],"campfire_rested":2,"item_purchase_floors":[3,3,22],"current_hp_per_floor":[59,59,59,59,14,33,33,33,33,33,33,30,25,13,13,12,53,38,26,26,10,10,29,0,0],"gold":17,"neow_bonus":"THREE_ENEMY_KILL","is_daily":false,"chose_seed":false,"campfire_upgraded":2,"win_rate":0.0,"timestamp":1611552190,"path_taken":["M","?","$","?","?","R","?","E","T","R","M","M","M","E","R","BOSS","M","M","?","M","$","R","E"],"items_purchased_type":["Card","Card","Relic"],"build_version":"2020-12-22","purchased_purges":0,"victory":false,"max_hp_per_floor":[66,66,66,66,66,66,66,66,66,66,66,66,66,66,66,66,66,66,66,66,66,66,66,66,66],"relic_stats":{"Happy Flower":[12],"counters":[12,40],"Pantograph":25,"Tiny Chest":0,"Ectoplasm":112,"Whetstone":["Strike_G","Quick Slash"],"obtain_stats":[{"TwistedFunnel":22,"NeowsBlessing":0,"Happy Flower":5,"Pantograph":14,"Tiny Chest":8,"Ectoplasm":17,"Omamori":7,"Whetstone":9,"Ring of the Snake":0},{"TwistedFunnel":11,"NeowsBlessing":0,"Happy Flower":2,"Pantograph":7,"Tiny Chest":3,"Ectoplasm":8,"Omamori":2,"Whetstone":3,"Ring of the Snake":0},{"TwistedFunnel":37,"NeowsBlessing":0,"Happy Flower":2,"Pantograph":15,"Tiny Chest":3,"Ectoplasm":24,"Omamori":2,"Whetstone":3,"Ring of the Snake":0}],"Ring of the Snake":[24]},"card_choices":[{"not_picked":["Slice","Blade Dance"],"picked":"Skewer","floor":1},{"not_picked":["Acrobatics","Bane"],"picked":"Noxious Fumes","floor":4},{"not_picked":["Prepared","Choke"],"picked":"Flying Knee","floor":8},{"not_picked":["Poisoned Stab","Underhanded Strike"],"picked":"Catalyst","floor":11},{"not_picked":["Riddle With Holes","Dagger Throw","Bane"],"picked":"SKIP","floor":12},{"not_picked":["Flechettes","Deflect"],"picked":"Catalyst","floor":13},{"not_picked":["Infinite Blades","Quick Slash"],"picked":"Blur","floor":14},{"not_picked":["Venomology","Bullet Time"],"picked":"Corpse Explosion","floor":16},{"not_picked":["Poisoned Stab","Tactician"],"picked":"Predator+1","floor":18},{"not_picked":["Dagger Spray","Dagger Throw"],"picked":"PiercingWail","floor":19},{"not_picked":["Concentrate","Underhanded Strike","Finisher"],"picked":"SKIP","floor":21}],"player_experience":1413075,"relics_obtained":[{"floor":7,"key":"Omamori"},{"floor":8,"key":"Tiny Chest"},{"floor":9,"key":"Whetstone"},{"floor":14,"key":"Pantograph"}],"event_choices":[{"damage_healed":0,"gold_gain":0,"player_choice":"Cursed","damage_taken":0,"max_hp_gain":0,"max_hp_loss":0,"event_name":"Wheel of Change","floor":2,"gold_loss":0,"cards_obtained":["Decay"]},{"damage_healed":0,"gold_gain":0,"player_choice":"Success","damage_taken":45,"relics_obtained":["Happy Flower"],"max_hp_gain":0,"max_hp_loss":0,"event_name":"Scrap Ooze","floor":5,"gold_loss":0},{"cards_removed":["Decay"],"damage_healed":0,"gold_gain":0,"player_choice":"Removed Curses","damage_taken":0,"max_hp_gain":0,"max_hp_loss":0,"event_name":"Fountain of Cleansing","floor":20,"gold_loss":0}],"is_beta":false,"boss_relics":[{"not_picked":["HoveringKite","SacredBark"],"picked":"Ectoplasm"}],"items_purged_floors":[],"is_endless":false,"potions_floor_spawned":[4,8,13,18],"killed_by":"Book of Stabbing","ascension_level":20}}