{"host":"1tl36azeqm6yhdgj","time":1611596553,"event":{"mods":["AchievementEnabler","BaseMod","Minty Spire (QoL Compilation)","StSLib","The IronCluck","everything is the same but u backflip on backflip"],"gold_per_floor":[114,133,145,145,17,52,52,82,82,82,24,24,34,44,44,118,118,135,152,152,152,152,152],"floor_reached":22,"language":"ENG","playtime":615,"items_purged":["Strike_R"],"score":388,"play_id":"f65141b3-91fe-462b-ae69-7fd7da1349d9","local_time":"20210125124233","is_ascension_mode":true,"campfire_choices":[{"data":"Shrug It Off","floor":7.0,"key":"SMITH"},{"data":"Flame Barrier","floor":10.0,"key":"SMITH"},{"floor":15.0,"key":"REST"}],"circlet_count":0,"master_deck":["AscendersBane","Bash","Flex","Shockwave","Shrug It Off+1","Demon Form","Flame Barrier+1","Thunderclap+1","Rampage+1","Body Slam+1","Limit Break","Infernal Blade+1","Havoc","Intimidate","Perfected Strike+1","Rage","Exhume","Havoc","Carnage+1","Clash+1","Anger+1","Decay"],"relics":["Burning Blood","PreservedInsect","Molten Egg 2","Letter Opener","Turnip","Pandora\u0027s Box"],"acts_visited":["Exordium","TheCity"],"potions_floor_usage":[19],"damage_taken":[{"damage":21.0,"enemies":"Jaw Worm","floor":1.0,"turns":5.0},{"damage":3.0,"enemies":"2 Louse","floor":2.0,"turns":4.0},{"damage":4.0,"enemies":"Cultist","floor":3.0,"turns":3.0},{"damage":6.0,"enemies":"Gremlin Nob","floor":6.0,"turns":3.0},{"damage":43.0,"enemies":"3 Sentries","floor":8.0,"turns":9.0},{"damage":2.0,"enemies":"Lots of Slimes","floor":13.0,"turns":3.0},{"damage":0.0,"enemies":"Large Slime","floor":14.0,"turns":6.0},{"damage":29.0,"enemies":"Hexaghost","floor":16.0,"turns":9.0},{"damage":22.0,"enemies":"2 Thieves","floor":18.0,"turns":3.0},{"damage":30,"enemies":"Spheric Guardian","floor":19,"turns":4},{"damage":38,"enemies":"Cultist and Chosen","floor":22,"turns":6}],"seed_played":"4244777245864967094","potions_obtained":[{"floor":1.0,"key":"Weak Potion"},{"floor":8.0,"key":"GamblersBrew"},{"floor":13.0,"key":"SkillPotion"},{"floor":14.0,"key":"LiquidMemories"},{"floor":18.0,"key":"GamblersBrew"},{"floor":19,"key":"Dexterity Potion"}],"is_trial":false,"path_per_floor":["M","M","M","?","$","E","R","E","T","R","$","?","M","M","R","B",null,"M","M","?","?","M"],"character_chosen":"IRONCLAD","items_purchased":["Fire Potion","Thunderclap+1"],"campfire_rested":1,"item_purchase_floors":[5,11],"current_hp_per_floor":[53,56,58,63,63,63,63,26,26,26,26,26,30,36,60,37,69,53,29,29,29,0,0],"gold":152,"neow_bonus":"RANDOM_COMMON_RELIC","is_daily":false,"chose_seed":false,"campfire_upgraded":2,"win_rate":0.0,"timestamp":1611596553,"path_taken":["M","M","M","?","$","E","R","E","T","R","$","?","?","M","R","BOSS","M","?","?","?","M"],"items_purchased_type":["Potion","Card"],"build_version":"2020-12-22","purchased_purges":1,"victory":false,"max_hp_per_floor":[75,75,75,80,80,80,80,80,80,80,80,80,80,80,80,80,80,80,80,80,80,80,80],"card_choices":[{"not_picked":["Cleave","Wild Strike"],"picked":"Flex","floor":1.0},{"not_picked":["Combust","Clash"],"picked":"Shockwave","floor":2.0},{"not_picked":["Pommel Strike","Warcry"],"picked":"Shrug It Off","floor":3.0},{"not_picked":["Twin Strike+1","Shockwave"],"picked":"Demon Form","floor":6.0},{"not_picked":["Inflame","Body Slam+1"],"picked":"Flame Barrier","floor":8.0},{"not_picked":["Twin Strike+1","Headbutt+1"],"picked":"Rampage+1","floor":13.0},{"not_picked":["Anger+1","Wild Strike+1"],"picked":"Body Slam+1","floor":14.0},{"not_picked":["Brutality","Exhume"],"picked":"Limit Break","floor":16.0},{"not_picked":["Wild Strike+1","Thunderclap+1"],"picked":"Clash+1","floor":18.0},{"not_picked":["Thunderclap+1","Pommel Strike+1"],"picked":"Anger+1","floor":19}],"player_experience":2049905,"relics_obtained":[{"floor":6.0,"key":"Molten Egg 2"},{"floor":8.0,"key":"Letter Opener"}],"event_choices":[{"damage_healed":0.0,"max_hp_gain":5.0,"max_hp_loss":0.0,"gold_gain":0.0,"event_name":"Big Fish","player_choice":"Donut","floor":4.0,"gold_loss":0.0,"damage_taken":0.0},{"damage_healed":0.0,"max_hp_gain":0.0,"max_hp_loss":0.0,"gold_gain":0.0,"event_name":"WeMeetAgain","player_choice":"Gave Potion","floor":12.0,"gold_loss":0.0,"damage_taken":0.0,"relics_obtained":["Turnip"]},{"damage_healed":0,"gold_gain":0,"player_choice":"Smashed Altar","damage_taken":0,"max_hp_gain":0,"max_hp_loss":0,"event_name":"Forgotten Altar","floor":20,"gold_loss":0,"cards_obtained":["Decay"]},{"damage_healed":0,"gold_gain":0,"player_choice":"Forge","damage_taken":0,"max_hp_gain":0,"max_hp_loss":0,"event_name":"Accursed Blacksmith","floor":21,"gold_loss":0,"cards_upgraded":["Infernal Blade"]}],"is_beta":false,"boss_relics":[{"not_picked":["Sozu","SacredBark"],"picked":"Pandora\u0027s Box"}],"items_purged_floors":[5],"is_endless":false,"potions_floor_spawned":[1,8,13,14,18,19],"killed_by":"Cultist and Chosen","ascension_level":20}}