{"host":"3498uni0c31c9bdm","time":1611547965,"event":{"mods":["BaseMod","Better Third Choice","Minty Spire (QoL Compilation)","Replay The Spire","StSLib"],"gold_per_floor":[20,20,82,107,132,178,190,215,227,239,262,274,286,309,321,367,379,391,391],"floor_reached":18,"language":"ENG","playtime":920,"items_purged":[],"score":196,"play_id":"2e89e837-5082-48b2-adb6-f94b6700c499","local_time":"20210125151245","is_ascension_mode":true,"campfire_choices":[{"floor":10,"key":"RECALL"},{"floor":17,"key":"REST"}],"circlet_count":0,"master_deck":["Strike_P","Strike_P","Strike_P","Strike_P","Defend_P","Defend_P","Defend_P","Defend_P","Eruption","Vigilance","Prostrate","ReplayTheSpireMod:Splinters","CutThroughFate","ThirdEye","Weave","Judgement","FlurryOfBlows","BowlingBash","Parasite","EmptyBody"],"relics":["PureWater","Replay:Kaleidoscope","Ring of Fangs","ReplayTheSpireMod:Ring of Collecting","ReplayTheSpireMod:TigerMarble","Ring of Misfortune","MawBank","Nunchaku","Ring of Hypnosis","Lantern"],"acts_visited":["Exordium"],"potions_floor_usage":[6,16,16],"damage_taken":[{"damage":0,"enemies":"Small Slimes","floor":1,"turns":2},{"damage":0,"enemies":"2 Louse","floor":5,"turns":3},{"damage":0,"enemies":"3 Sentries","floor":6,"turns":17},{"damage":5,"enemies":"Jaw Worm","floor":8,"turns":6},{"damage":3,"enemies":"Blue Slaver","floor":11,"turns":3},{"damage":0,"enemies":"2 Fungi Beasts","floor":14,"turns":3},{"damage":26,"enemies":"Lagavulin","floor":16,"turns":7},{"damage":68,"enemies":"Hexaghost","floor":18,"turns":14}],"seed_played":"-8427711748709114725","potions_obtained":[{"floor":3,"key":"BottledMiracle"},{"floor":3,"key":"SmokeBomb"},{"floor":6,"key":"Strength Potion"},{"floor":8,"key":"Weak Potion"}],"is_trial":false,"path_per_floor":["M","?","?","T","M","E","$","M","T","R","M","PTL","PTL","M","?","E","R","B"],"character_chosen":"WATCHER","items_purchased":[],"campfire_rested":1,"item_purchase_floors":[],"current_hp_per_floor":[65,65,65,65,65,65,65,60,60,60,57,57,57,57,72,46,67,0,0],"gold":391,"neow_bonus":"ONE_RARE_RELIC","is_daily":false,"chose_seed":false,"campfire_upgraded":0,"win_rate":0.0,"timestamp":1611547965,"path_taken":["M","?","?","?","M","E","?","?","T","R","M","PTL","PTL","M","?","E","R","BOSS"],"items_purchased_type":[],"build_version":"2020-12-22","purchased_purges":0,"victory":false,"max_hp_per_floor":[72,72,72,72,72,72,72,72,72,72,72,72,72,72,72,72,72,72,72],"card_choices":[{"not_picked":["ClearTheMind","WreathOfFlame"],"picked":"Prostrate","floor":1},{"not_picked":["Sanctity","Weave"],"picked":"CutThroughFate","floor":3},{"not_picked":["Crescendo","Halt"],"picked":"ThirdEye","floor":5},{"not_picked":["Crescendo","SashWhip"],"picked":"Weave","floor":6},{"not_picked":["Tantrum","Halt"],"picked":"Judgement","floor":8},{"not_picked":["Crescendo","WheelKick"],"picked":"FlurryOfBlows","floor":11},{"not_picked":["Replay:BluntJabs","CarveReality"],"picked":"BowlingBash","floor":14},{"not_picked":["ClearTheMind","ThirdEye"],"picked":"EmptyBody","floor":16}],"player_experience":733781,"relics_obtained":[{"floor":2,"key":"Ring of Fangs"},{"floor":2,"key":"ReplayTheSpireMod:Ring of Collecting"},{"floor":3,"key":"ReplayTheSpireMod:TigerMarble"},{"floor":4,"key":"Ring of Misfortune"},{"floor":4,"key":"MawBank"},{"floor":6,"key":"Nunchaku"},{"floor":9,"key":"Ring of Hypnosis"},{"floor":16,"key":"Lantern"}],"event_choices":[{"damage_healed":18,"gold_gain":0,"player_choice":"Healed and dodged fight","damage_taken":0,"max_hp_gain":0,"max_hp_loss":0,"event_name":"Mushrooms","floor":15,"gold_loss":0,"cards_obtained":["Parasite"]}],"is_beta":false,"boss_relics":[],"items_purged_floors":[],"is_endless":false,"potions_floor_spawned":[6,8],"killed_by":"Hexaghost","ascension_level":7}}