{"host":"edndssuekvzbh3is","time":1611536513,"event":{"mods":["BaseMod","Colored Map","Colored Powertips","Minty Spire (QoL Compilation)","SuperFastMode"],"gold_per_floor":[115,127,143,218,218,218,188,208,232,38,51,51,67,80,80,178,178,188,204,218,234,79,106,21,38,115,115,125,125,157,168,168,267,267,282,25,44,144,161,195,195,221,221,240,272,272,286,299,299,299],"floor_reached":51,"language":"ENG","playtime":1734,"items_purged":["Strike_B","Strike_B"],"score":889,"play_id":"73a1ab24-c36c-491e-8e17-cfce8f703bf8","local_time":"20210124200153","is_ascension_mode":true,"campfire_choices":[{"data":"Zap","floor":6,"key":"SMITH"},{"data":"Ball Lightning","floor":12,"key":"SMITH"},{"data":"Conserve Battery","floor":15,"key":"SMITH"},{"data":"RitualDagger","floor":29,"key":"SMITH"},{"floor":32,"key":"REST"},{"data":"Capacitor","floor":41,"key":"SMITH"},{"data":"Turbo","floor":49,"key":"SMITH"}],"circlet_count":0,"master_deck":["Strike_B","Strike_B","Defend_B","Defend_B","Defend_B","Defend_B","Zap+1","Dualcast","Undo","Self Repair","Go for the Eyes","Ball Lightning+1","Leap","Conserve Battery+1","FTL","Conserve Battery","Electrodynamics","Steam","Chill+1","Glacier","Capacitor+1","Coolheaded","Turbo+1","RitualDagger+1","Hello World+1","Go for the Eyes+1","Rip and Tear+1","Biased Cognition+1","Conserve Battery","Biased Cognition+1","Self Repair+1","Stack+1","Compile Driver+1","Fusion","Static Discharge+1","Sunder+1","Loop+1","Ball Lightning+1"],"relics":["FrozenCore","NeowsBlessing","Bag of Marbles","Oddly Smooth Stone","Runic Pyramid","Akabeko","StoneCalendar","Frozen Egg 2","Molten Egg 2","DollysMirror","InkBottle","Happy Flower","Pantograph","Omamori"],"acts_visited":["Exordium","TheCity","TheBeyond"],"potions_floor_usage":[16,16,23,30,30,35,45,45,48,50,50],"damage_taken":[{"damage":0,"enemies":"Cultist","floor":1,"turns":1},{"damage":0,"enemies":"Small Slimes","floor":2,"turns":1},{"damage":0,"enemies":"Jaw Worm","floor":3,"turns":1},{"damage":5,"enemies":"Looter","floor":7,"turns":4},{"damage":6,"enemies":"Exordium Wildlife","floor":8,"turns":4},{"damage":13,"enemies":"Lots of Slimes","floor":11,"turns":4},{"damage":3,"enemies":"Blue Slaver","floor":13,"turns":3},{"damage":7,"enemies":"Gremlin Gang","floor":14,"turns":5},{"damage":7,"enemies":"The Guardian","floor":16,"turns":11},{"damage":0,"enemies":"3 Byrds","floor":18,"turns":3},{"damage":17,"enemies":"Spheric Guardian","floor":19,"turns":6},{"damage":17,"enemies":"3 Cultists","floor":20,"turns":5},{"damage":0,"enemies":"Snecko","floor":21,"turns":5},{"damage":25,"enemies":"Slavers","floor":23,"turns":7},{"damage":14,"enemies":"Centurion and Healer","floor":25,"turns":7},{"damage":11,"enemies":"Snake Plant","floor":28,"turns":5},{"damage":23,"enemies":"Book of Stabbing","floor":30,"turns":6},{"damage":6,"enemies":"3 Cultists","floor":31,"turns":6},{"damage":33,"enemies":"Collector","floor":33,"turns":10},{"damage":19,"enemies":"3 Darklings","floor":35,"turns":6},{"damage":10,"enemies":"3 Shapes","floor":37,"turns":5},{"damage":28,"enemies":"3 Darklings","floor":39,"turns":4},{"damage":0,"enemies":"Nemesis","floor":40,"turns":7},{"damage":37,"enemies":"Reptomancer","floor":42,"turns":8},{"damage":27,"enemies":"Writhing Mass","floor":44,"turns":7},{"damage":0,"enemies":"Nemesis","floor":45,"turns":9},{"damage":9,"enemies":"Maw","floor":47,"turns":10},{"damage":5,"enemies":"3 Darklings","floor":48,"turns":5},{"damage":23,"enemies":"Donu and Deca","floor":50,"turns":9}],"seed_played":"6302909322507657537","potions_obtained":[{"floor":1,"key":"SpeedPotion"},{"floor":2,"key":"Fire Potion"},{"floor":11,"key":"PotionOfCapacity"},{"floor":19,"key":"Dexterity Potion"},{"floor":21,"key":"Dexterity Potion"},{"floor":23,"key":"Fire Potion"},{"floor":30,"key":"Regen Potion"},{"floor":33,"key":"Weak Potion"},{"floor":39,"key":"Dexterity Potion"},{"floor":45,"key":"SkillPotion"},{"floor":47,"key":"FearPotion"},{"floor":48,"key":"FocusPotion"}],"is_trial":false,"path_per_floor":["M","M","M","?","?","R","M","M","T","$","M","R","M","M","R","B",null,"M","M","M","M","$","E","?","M","T","?","M","R","E","M","R","B",null,"M","$","M","?","M","E","R","E","T","M","E","?","M","M","R","B",null],"character_chosen":"DEFECT","items_purchased":["Oddly Smooth Stone","Leap","Capacitor","DollysMirror"],"campfire_rested":1,"item_purchase_floors":[10,10,22,36],"current_hp_per_floor":[75,75,75,64,64,64,66,67,67,67,61,61,65,65,65,65,75,75,65,55,62,62,44,44,37,37,31,27,27,11,12,34,8,75,68,68,65,65,54,71,71,51,51,41,58,58,66,71,71,69],"gold":299,"neow_bonus":"THREE_ENEMY_KILL","is_daily":false,"chose_seed":false,"campfire_upgraded":6,"win_rate":0.0,"timestamp":1611536513,"path_taken":["M","M","?","?","?","R","?","M","T","?","M","R","?","M","R","BOSS","M","M","M","M","$","E","?","M","T","?","M","R","E","M","R","BOSS","M","$","M","?","?","E","R","E","T","M","E","?","M","M","R","BOSS"],"items_purchased_type":["Relic","Card","Card","Relic"],"build_version":"2020-12-22","purchased_purges":2,"victory":true,"max_hp_per_floor":[75,75,75,75,75,75,75,75,75,75,75,75,75,75,75,75,75,75,75,75,75,75,75,75,75,75,75,75,75,75,75,75,75,75,75,75,75,75,75,75,75,75,75,75,75,75,75,75,75,75],"card_choices":[{"not_picked":["Hologram","Rip and Tear"],"picked":"Undo","floor":1},{"not_picked":["Chill","Rebound"],"picked":"Self Repair","floor":2},{"not_picked":["Sweeping Beam","Hologram","Rip and Tear"],"picked":"SKIP","floor":3},{"not_picked":["Gash","Chill"],"picked":"Go for the Eyes","floor":7},{"not_picked":["Sweeping Beam","Cold Snap"],"picked":"Ball Lightning","floor":8},{"not_picked":["Stack","Reprogram"],"picked":"Conserve Battery","floor":11},{"not_picked":["Go for the Eyes","Lockon"],"picked":"FTL","floor":13},{"not_picked":["Compile Driver","Self Repair"],"picked":"Conserve Battery","floor":14},{"not_picked":["Multi-Cast","Rainbow"],"picked":"Electrodynamics","floor":16},{"not_picked":["Sweeping Beam","Steam Power+1"],"picked":"Steam","floor":18},{"not_picked":["Leap+1","Gash"],"picked":"Darkness","floor":19},{"not_picked":["Beam Cell","Stack"],"picked":"Chill+1","floor":20},{"not_picked":["BootSequence","Blizzard"],"picked":"Glacier","floor":21},{"not_picked":["Go for the Eyes","Gash"],"picked":"Coolheaded","floor":23},{"not_picked":["Ball Lightning+1","Stack"],"picked":"Turbo","floor":25},{"not_picked":["Streamline","Reboot"],"picked":"Hello World+1","floor":28},{"not_picked":["Compile Driver+1","Conserve Battery"],"picked":"Go for the Eyes+1","floor":30},{"not_picked":["Barrage+1","Cold Snap+1"],"picked":"Rip and Tear+1","floor":31},{"not_picked":["Rainbow","Machine Learning+1"],"picked":"Biased Cognition+1","floor":33},{"not_picked":["Rebound+1","Cold Snap+1"],"picked":"Conserve Battery","floor":35},{"not_picked":["Storm+1","Redo+1"],"picked":"Self Repair+1","floor":37},{"not_picked":["Ball Lightning+1","Go for the Eyes+1"],"picked":"Stack+1","floor":39},{"not_picked":["Leap","Gash+1"],"picked":"Compile Driver+1","floor":40},{"not_picked":["Doom and Gloom+1","Compile Driver+1"],"picked":"Fusion","floor":42},{"not_picked":["Compile Driver+1","Steam+1"],"picked":"Static Discharge+1","floor":44},{"not_picked":["Barrage+1","Auto Shields"],"picked":"Sunder+1","floor":45},{"not_picked":["Ball Lightning+1","Genetic Algorithm"],"picked":"Loop+1","floor":47},{"not_picked":["Gash+1","Reboot"],"picked":"Ball Lightning+1","floor":48}],"player_experience":330307,"relics_obtained":[{"floor":9,"key":"Bag of Marbles"},{"floor":23,"key":"Akabeko"},{"floor":26,"key":"Frozen Egg 2"},{"floor":30,"key":"Molten Egg 2"},{"floor":40,"key":"InkBottle"},{"floor":42,"key":"Happy Flower"},{"floor":43,"key":"Pantograph"},{"floor":45,"key":"Omamori"}],"event_choices":[{"damage_healed":0,"gold_gain":75,"player_choice":"Gather Gold","damage_taken":11,"max_hp_gain":0,"max_hp_loss":0,"event_name":"World of Goop","floor":4,"gold_loss":0},{"damage_healed":0,"gold_gain":0,"player_choice":"Bought 0 Potions","damage_taken":0,"max_hp_gain":0,"max_hp_loss":0,"event_name":"The Woman in Blue","floor":5,"gold_loss":0},{"damage_healed":0,"gold_gain":0,"player_choice":"Obtained Relic","damage_taken":0,"relics_obtained":["StoneCalendar"],"max_hp_gain":0,"max_hp_loss":0,"event_name":"Addict","floor":24,"gold_loss":85},{"damage_healed":0,"gold_gain":0,"player_choice":"Joined the Cult","damage_taken":6,"max_hp_gain":0,"max_hp_loss":0,"event_name":"Nest","floor":27,"gold_loss":0,"cards_obtained":["RitualDagger"]},{"damage_healed":0,"gold_gain":100,"player_choice":"Pray","damage_taken":0,"max_hp_gain":0,"max_hp_loss":0,"event_name":"Golden Shrine","floor":38,"gold_loss":0},{"cards_removed":["Darkness"],"damage_healed":0,"gold_gain":0,"player_choice":"Removed Skill","damage_taken":0,"max_hp_gain":0,"max_hp_loss":0,"event_name":"Falling","floor":46,"gold_loss":0}],"is_beta":false,"boss_relics":[{"not_picked":["Ectoplasm","Velvet Choker"],"picked":"Runic Pyramid"},{"not_picked":["Cursed Key","Sozu"],"picked":"FrozenCore"}],"items_purged_floors":[22,36],"is_endless":false,"potions_floor_spawned":[1,2,11,13,14,19,21,23,30,33,39,45,47,48],"ascension_level":1}}