{"host":"h1qktzcccqnez8tx","time":1611607390,"event":{"mods":["AchievementEnabler","BaseMod","Bestiary","Better Note","Block Reminder","Colored Map","Colored Powertips","Curses Come First","Highlight Path","Minty Spire (QoL Compilation)","Permanent Neow","Quick Restart","Relic Stats","StSLib","UnlockEverythingMod"],"gold_per_floor":[115,125,25,41,53,53,53],"floor_reached":6,"language":"ENG","playtime":307,"items_purged":[],"score":76,"play_id":"622469c1-2013-443f-aecf-57e3eb664b54","local_time":"20210125214310","is_ascension_mode":true,"campfire_choices":[],"circlet_count":0,"master_deck":["AscendersBane","Strike_P","Strike_P","Strike_P","Strike_P","Defend_P","Defend_P","Defend_P","Defend_P","Eruption","Vigilance","Meditate","JustLucky","Tantrum","ClearTheMind","FlurryOfBlows"],"relics":["PureWater","TungstenRod"],"acts_visited":["Exordium"],"potions_floor_usage":[],"damage_taken":[{"damage":0,"enemies":"Jaw Worm","floor":1,"turns":3},{"damage":0,"enemies":"Cultist","floor":2,"turns":3},{"damage":7,"enemies":"2 Louse","floor":4,"turns":2},{"damage":6,"enemies":"Large Slime","floor":5,"turns":4},{"damage":57,"enemies":"Lagavulin","floor":6,"turns":5}],"seed_played":"-5401821321375760313","potions_obtained":[{"floor":5,"key":"Strength Potion"}],"is_trial":false,"path_per_floor":["M","M","$","M","M","E"],"character_chosen":"WATCHER","items_purchased":["Tantrum","ClearTheMind"],"campfire_rested":0,"item_purchase_floors":[3,3],"current_hp_per_floor":[61,61,61,54,48,0,0],"gold":53,"neow_bonus":"ONE_RARE_RELIC","is_daily":false,"chose_seed":false,"campfire_upgraded":0,"win_rate":0.0,"timestamp":1611607390,"path_taken":["M","M","$","M","M","E"],"items_purchased_type":["Card","Card"],"build_version":"2020-12-22","purchased_purges":0,"victory":false,"max_hp_per_floor":[62,62,62,62,62,62,62],"relic_stats":{"counters":[5,17],"obtain_stats":[{"PureWater":0,"TungstenRod":0},{"PureWater":0,"TungstenRod":0},{"PureWater":0,"TungstenRod":0}],"TungstenRod":7},"card_choices":[{"not_picked":["Evaluate","Perseverance"],"picked":"Meditate","floor":1},{"not_picked":["SandsOfTime","SashWhip"],"picked":"JustLucky","floor":2},{"not_picked":["Adaptation","Meditate"],"picked":"FlurryOfBlows","floor":4},{"not_picked":["Meditate","Evaluate","Alpha"],"picked":"SKIP","floor":5}],"player_experience":156190,"relics_obtained":[],"event_choices":[],"is_beta":false,"boss_relics":[],"items_purged_floors":[],"is_endless":false,"potions_floor_spawned":[5],"killed_by":"Lagavulin","ascension_level":20}}