{"host":"c3lc60y5x60jlt1y","time":1611563845,"event":{"mods":["AchievementEnabler","BaseMod","Bestiary","Colored Map","Minty Spire (QoL Compilation)","Quick Restart","StSLib","ojb\u0027s Info Mod"],"gold_per_floor":[109,159,8,26,26,26,59,59,110,110,120,135,162,181,181,257,257,270,270,185,200,219,261,261,261,261],"floor_reached":25,"language":"ENG","playtime":39285,"items_purged":["Defend_B"],"score":512,"play_id":"bc08fe55-750d-40af-8de9-5f5adff275d7","local_time":"20210125103725","is_ascension_mode":true,"campfire_choices":[{"data":"Sweeping Beam","floor":6.0,"key":"SMITH"},{"data":"Echo Form","floor":8.0,"key":"SMITH"},{"data":"Glacier","floor":10.0,"key":"SMITH"},{"data":"Dualcast","floor":15.0,"key":"SMITH"},{"floor":24.0,"key":"REST"}],"circlet_count":0,"master_deck":["AscendersBane","Strike_B","Strike_B","Strike_B","Defend_B","Defend_B","Zap","Dualcast+1","Hello World","Glacier+1","Sweeping Beam+1","Echo Form+1","Undo","Sunder","Capacitor","Self Repair","Hologram","Beam Cell","Recycle"],"relics":["Cracked Core","NeowsBlessing","Orichalcum","Vajra","Cables","Empty Cage","Enchiridion","Question Card","CeramicFish"],"acts_visited":["Exordium","TheCity"],"potions_floor_usage":[],"damage_taken":[{"damage":0.0,"enemies":"Jaw Worm","floor":1.0,"turns":1.0},{"damage":0.0,"enemies":"Cultist","floor":4.0,"turns":1.0},{"damage":0.0,"enemies":"Lagavulin","floor":7.0,"turns":1.0},{"damage":0.0,"enemies":"2 Louse","floor":11.0,"turns":2.0},{"damage":0.0,"enemies":"Looter","floor":12.0,"turns":4.0},{"damage":15.0,"enemies":"3 Sentries","floor":13.0,"turns":4.0},{"damage":0.0,"enemies":"2 Fungi Beasts","floor":14.0,"turns":3.0},{"damage":21.0,"enemies":"Hexaghost","floor":16.0,"turns":10.0},{"damage":5.0,"enemies":"Spheric Guardian","floor":18.0,"turns":6.0},{"damage":11.0,"enemies":"Shell Parasite","floor":21.0,"turns":10.0},{"damage":36.0,"enemies":"Chosen and Byrds","floor":22.0,"turns":8.0},{"damage":14.0,"enemies":"Gremlin Leader","floor":23.0,"turns":6.0},{"damage":38,"enemies":"Slavers","floor":25,"turns":2}],"seed_played":"-443838577145962326","potions_obtained":[{"floor":7.0,"key":"Explosive Potion"},{"floor":12.0,"key":"Ancient Potion"},{"floor":13.0,"key":"EssenceOfSteel"},{"floor":14.0,"key":"PowerPotion"},{"floor":22.0,"key":"FearPotion"}],"is_trial":false,"path_per_floor":["M","?","$","M","$","R","E","R","T","R","M","M","E","M","R","B",null,"M","?","?","M","M","E","R","E"],"character_chosen":"DEFECT","items_purchased":["Glacier"],"campfire_rested":1,"item_purchase_floors":[3],"current_hp_per_floor":[64,64,64,64,64,64,64,64,64,64,64,64,49,49,49,35,62,64,43,43,46,24,10,31,0,0],"gold":261,"neow_bonus":"THREE_ENEMY_KILL","is_daily":false,"chose_seed":false,"campfire_upgraded":4,"win_rate":0.0,"timestamp":1611563845,"path_taken":["M","?","$","M","?","R","E","R","T","R","M","?","E","M","R","BOSS","M","?","?","M","M","E","R","E"],"items_purchased_type":["Card"],"build_version":"2020-12-22","purchased_purges":1,"victory":false,"max_hp_per_floor":[71,71,71,71,71,71,71,71,71,71,71,71,71,71,71,71,71,71,71,71,71,71,71,71,71,71],"card_choices":[{"not_picked":["Rebound","Steam"],"picked":"Hello World","floor":1.0},{"not_picked":["Tempest","Hologram"],"picked":"Sweeping Beam","floor":4.0},{"not_picked":["Go for the Eyes","Compile Driver"],"picked":"Echo Form","floor":7.0},{"not_picked":["Go for the Eyes","Genetic Algorithm"],"picked":"Undo","floor":11.0},{"not_picked":["Aggregate","Consume"],"picked":"Sunder","floor":12.0},{"not_picked":["Multi-Cast","Blizzard"],"picked":"Capacitor","floor":13.0},{"not_picked":["Coolheaded","Doom and Gloom"],"picked":"Self Repair","floor":14.0},{"not_picked":["Rebound","Steam","Sweeping Beam"],"picked":"SKIP","floor":18.0},{"not_picked":["Redo","Rip and Tear","Self Repair"],"picked":"Hologram","floor":21.0},{"not_picked":["Hello World","Go for the Eyes","Scrape"],"picked":"Beam Cell","floor":22.0},{"not_picked":["Scrape","Melter","Fusion"],"picked":"Recycle","floor":23.0}],"player_experience":8512952,"relics_obtained":[{"floor":7.0,"key":"Orichalcum"},{"floor":9.0,"key":"Vajra"},{"floor":13.0,"key":"Cables"},{"floor":19.0,"key":"Enchiridion"},{"floor":23.0,"key":"CeramicFish"}],"event_choices":[{"damage_healed":0.0,"max_hp_gain":0.0,"max_hp_loss":0.0,"gold_gain":50.0,"event_name":"Golden Shrine","player_choice":"Pray","floor":2.0,"gold_loss":0.0,"damage_taken":0.0},{"damage_healed":0.0,"max_hp_gain":0.0,"max_hp_loss":0.0,"gold_gain":0.0,"event_name":"Cursed Tome","player_choice":"Obtained Book","floor":19.0,"gold_loss":0.0,"damage_taken":21.0},{"damage_healed":0.0,"max_hp_gain":0.0,"max_hp_loss":0.0,"gold_gain":0.0,"event_name":"Addict","player_choice":"Obtained Relic","floor":20.0,"gold_loss":85.0,"damage_taken":0.0,"relics_obtained":["Question Card"]}],"is_beta":false,"boss_relics":[{"not_picked":["Calling Bell","Runic Dome"],"picked":"Empty Cage"}],"items_purged_floors":[3],"is_endless":false,"potions_floor_spawned":[7,12,13,14,22],"killed_by":"Slavers","ascension_level":20}}