{"host":"och2iitg9ibgz06n","time":1611606672,"event":{"mods":["Abigail Mod","AchievementEnabler","Aspiration","BaseMod","Colored Powertips","Dio Mod","Hubris","Hyrulean Relics","Infinite Spire","Minty Spire (QoL Compilation)","Replay The Spire","Small Relic Pack","StSLib","The Animator","The Bug Knight","The Hierophant","The Jungle","The Saiyan","TheHero","Wandering Minibosses","everything is the same but u backflip on backflip","slay the spire mod where everything is the same but ironclad has a cowboy hat"],"gold_per_floor":[109,124,1,76,94,94,113,133,133,143,108,108,121,152,152,247,247,267,267,280,280,292,292,317,336,384,384,412,412,412],"floor_reached":29,"language":"ENG","playtime":991,"items_purged":["Strike_G","Strike_G+1"],"score":286,"play_id":"24dcec48-5edc-4bc6-85af-94a7156e61e7","local_time":"20210125143112","is_ascension_mode":true,"campfire_choices":[{"data":"Neutralize","floor":6,"key":"SMITH"},{"data":"Noxious Fumes","floor":15,"key":"SMITH"},{"floor":23,"key":"REST"},{"floor":27,"key":"REST"}],"circlet_count":0,"master_deck":["Strike_G+1","Strike_G+1","Strike_G+1","Defend_G","Defend_G","Defend_G","Defend_G","Defend_G","Survivor","Neutralize+1","Blade Dance","Slice+1","Blade Dance","Noxious Fumes+1","Slice+1","Flying Knee+1","Glass Knife+1","ReplayTheSpireMod:Shiv Toss","Noxious Fumes","Malaise","Hidden Blade","Fluid Movement","Escape Plan","Terror","Blade Dance"],"relics":["Ring of the Snake","Tiny Chest","ChewingGum","hubris:Reverence","CeramicFish"],"acts_visited":["Exordium","TheCity"],"potions_floor_usage":[22,24,25],"damage_taken":[{"damage":0,"enemies":"2 Louse","floor":1,"turns":4},{"damage":1,"enemies":"Cultist","floor":2,"turns":4},{"damage":0,"enemies":"Jaw Worm","floor":5,"turns":3},{"damage":0,"enemies":"Large Slime","floor":7,"turns":4},{"damage":4,"enemies":"Blue Slaver","floor":8,"turns":2},{"damage":10,"enemies":"2 Fungi Beasts","floor":10,"turns":3},{"damage":8,"enemies":"Large Slime","floor":13,"turns":3},{"damage":15,"enemies":"Lagavulin","floor":14,"turns":5},{"damage":43,"enemies":"Fading Forest","floor":16,"turns":11},{"damage":3,"enemies":"Chosen","floor":18,"turns":5},{"damage":6,"enemies":"Shell Parasite","floor":20,"turns":4},{"damage":34,"enemies":"Sentry and Sphere","floor":22,"turns":6},{"damage":47,"enemies":"Book of Stabbing","floor":24,"turns":6},{"damage":0,"enemies":"Snake Plant","floor":25,"turns":4},{"damage":20,"enemies":"Snecko","floor":28,"turns":5},{"damage":2,"enemies":"Cultist and Chosen","floor":29,"turns":1}],"seed_played":"-4322527981864999772","potions_obtained":[{"floor":2,"key":"PowerPotion"},{"floor":7,"key":"Languid Potion"},{"floor":8,"key":"Elixir"},{"floor":10,"key":"Flashbang"},{"floor":16,"key":"AttackPotion"},{"floor":28,"key":"Energy Potion"}],"is_trial":false,"path_per_floor":["M","M","$","?","M","R","M","M","T","M","?","?","M","E","R","B",null,"M","?","M","AVR","M","R","E","M","T","R","M","M"],"character_chosen":"THE_SILENT","items_purchased":["Blade Dance"],"campfire_rested":2,"item_purchase_floors":[3],"current_hp_per_floor":[70,69,69,62,62,62,62,58,58,48,65,65,57,42,42,17,70,67,67,61,61,27,48,1,1,1,22,2,0,0],"gold":412,"neow_bonus":"RANDOM_COMMON_RELIC","is_daily":false,"chose_seed":false,"campfire_upgraded":2,"win_rate":0.0,"timestamp":1611606672,"path_taken":["M","M","$","?","M","R","M","M","T","?","?","?","M","E","R","BOSS","M","?","M","AVR","M","R","E","M","T","R","M","M"],"items_purchased_type":["Card"],"build_version":"2020-12-22","purchased_purges":2,"victory":false,"max_hp_per_floor":[70,70,70,70,70,70,70,70,70,70,70,70,70,70,70,70,70,70,70,70,70,70,70,70,70,70,70,70,70,70],"card_choices":[{"not_picked":["Dodge and Roll","ReplayTheSpireMod:Scrap Shanks"],"picked":"Blade Dance","floor":1},{"not_picked":["Deadly Poison","Hidden Blade"],"picked":"Slice","floor":2},{"not_picked":["hubris:TrickCloak","Atom Bomb"],"picked":"Noxious Fumes","floor":5},{"not_picked":["PiercingWail","Underhanded Strike"],"picked":"Slice","floor":7},{"not_picked":["Hidden Blade","Skewer"],"picked":"Flying Knee","floor":8},{"not_picked":["Sneak Up","Underhanded Strike"],"picked":"Glass Knife","floor":10},{"not_picked":["Leg Sweep","Dagger Throw"],"picked":"ReplayTheSpireMod:Shiv Toss","floor":13},{"not_picked":["Skewer","Sneak Up"],"picked":"Noxious Fumes","floor":14},{"not_picked":["Venomology","Tools of the Trade"],"picked":"Malaise","floor":16},{"not_picked":["Slice","Eviscerate"],"picked":"Hidden Blade","floor":18},{"not_picked":["Acrobatics+1","Quick Slash+1","Flying Knee"],"picked":"SKIP","floor":20},{"not_picked":["Footwork","Predator"],"picked":"Fluid Movement","floor":22},{"not_picked":["Sucker Punch+1","Catalyst"],"picked":"Escape Plan","floor":24},{"not_picked":["hubris:Counter+1","Calculated Gamble"],"picked":"Terror","floor":25},{"not_picked":["Slice","Sneak Up"],"picked":"Blade Dance","floor":28}],"player_experience":477912,"relics_obtained":[{"floor":14,"key":"Tiny Chest"},{"floor":24,"key":"hubris:Reverence"},{"floor":26,"key":"CeramicFish"}],"event_choices":[{"damage_healed":0,"gold_gain":75,"player_choice":"Touch","damage_taken":7,"max_hp_gain":0,"max_hp_loss":0,"event_name":"FaceTrader","floor":4,"gold_loss":0},{"damage_healed":17,"gold_gain":0,"player_choice":"Healed","damage_taken":0,"max_hp_gain":0,"max_hp_loss":0,"event_name":"The Cleric","floor":11,"gold_loss":35},{"damage_healed":0,"gold_gain":0,"player_choice":"Ignored","damage_taken":0,"max_hp_gain":0,"max_hp_loss":0,"event_name":"Ghosts","floor":19,"gold_loss":0}],"is_beta":false,"boss_relics":[{"not_picked":["Runic Pyramid","hubris:HollowSoul"],"picked":"ChewingGum"}],"items_purged_floors":[3,21],"is_endless":false,"potions_floor_spawned":[2,7,8,10,16,28],"killed_by":"Cultist and Chosen","ascension_level":3}}