{"host":"hszimsrtxxc2k25w","time":1611534741,"event":{"mods":["AchievementEnabler","BaseMod","Colored Map","DeckTracker","Minty Spire (QoL Compilation)","Rare Cards Sparkle","SuperFastMode"],"gold_per_floor":[115,115,40,59,59,59,86,86,110,136,136,152,170,170,170,245,245,245,245],"floor_reached":18,"language":"KOR","playtime":242,"items_purged":[],"score":367,"play_id":"951a8156-e6ae-43b5-a260-33c23f3d9f63","local_time":"20210125093221","is_ascension_mode":true,"campfire_choices":[{"data":"All Out Attack","floor":6,"key":"SMITH"},{"data":"Deadly Poison","floor":8,"key":"SMITH"},{"data":"Prepared","floor":11,"key":"SMITH"},{"data":"Calculated Gamble","floor":15,"key":"SMITH"}],"circlet_count":0,"master_deck":["AscendersBane","Strike_G","Strike_G","Strike_G","Strike_G","Defend_G","Defend_G","Defend_G","Defend_G","Survivor","Neutralize","All Out Attack+1","Prepared+1","Calculated Gamble+1","Deadly Poison+1","Choke","Venomology"],"relics":["Ring of the Snake","NeowsBlessing","Lantern","Blood Vial","Strawberry","Regal Pillow","Philosopher\u0027s Stone"],"acts_visited":["Exordium","TheCity"],"potions_floor_usage":[10,16],"damage_taken":[{"damage":0,"enemies":"Small Slimes","floor":1,"turns":1},{"damage":0,"enemies":"2 Louse","floor":4,"turns":1},{"damage":0,"enemies":"Gremlin Nob","floor":7,"turns":1},{"damage":27,"enemies":"Lagavulin","floor":10,"turns":4},{"damage":0,"enemies":"Jaw Worm","floor":12,"turns":3},{"damage":0,"enemies":"3 Louse","floor":13,"turns":1},{"damage":52,"enemies":"Hexaghost","floor":16,"turns":9},{"damage":0,"enemies":"3 Byrds","floor":18,"turns":1}],"seed_played":"9210582554498323682","potions_obtained":[{"floor":4,"key":"SkillPotion"},{"floor":10,"key":"CunningPotion"},{"floor":12,"key":"Dexterity Potion"},{"floor":16,"key":"Strength Potion"}],"is_trial":false,"path_per_floor":["M","?","?","M","T","R","E","R","T","E","R","M","M","?","R","B",null,"M"],"character_chosen":"THE_SILENT","items_purchased":[],"campfire_rested":0,"item_purchase_floors":[],"current_hp_per_floor":[59,59,59,59,59,59,59,59,66,41,41,43,45,69,69,19,60,62,62],"gold":245,"neow_bonus":"THREE_ENEMY_KILL","is_daily":false,"chose_seed":false,"campfire_upgraded":4,"win_rate":0.0,"timestamp":1611534741,"path_taken":["M","?","?","M","?","R","E","R","T","E","R","M","M","?","R","BOSS","M"],"items_purchased_type":[],"build_version":"2020-12-22","purchased_purges":0,"victory":false,"max_hp_per_floor":[66,66,66,66,66,66,66,66,73,73,73,73,73,73,73,73,73,73,73],"card_choices":[{"not_picked":["Deflect","Underhanded Strike"],"picked":"All Out Attack","floor":1},{"not_picked":["Setup","Poisoned Stab"],"picked":"Calculated Gamble","floor":4},{"not_picked":["Quick Slash","Setup"],"picked":"Deadly Poison","floor":7},{"not_picked":["Dagger Spray","Heel Hook","Slice"],"picked":"SKIP","floor":10},{"not_picked":["Prepared","Underhanded Strike"],"picked":"Choke","floor":12},{"not_picked":["Skewer","Leg Sweep","Flechettes"],"picked":"SKIP","floor":13},{"not_picked":["Envenom","Burst"],"picked":"Venomology","floor":16}],"player_experience":643692,"relics_obtained":[{"floor":5,"key":"Lantern"},{"floor":7,"key":"Blood Vial"},{"floor":9,"key":"Strawberry"},{"floor":10,"key":"Regal Pillow"}],"event_choices":[{"damage_healed":0,"gold_gain":0,"cards_transformed":["Strike_G"],"player_choice":"Change","damage_taken":0,"max_hp_gain":0,"max_hp_loss":0,"event_name":"Living Wall","floor":2,"gold_loss":0,"cards_obtained":["Prepared"]},{"cards_removed":["Defend_G"],"damage_healed":0,"gold_gain":0,"player_choice":"Card Removal","damage_taken":0,"max_hp_gain":0,"max_hp_loss":0,"event_name":"The Cleric","floor":3,"gold_loss":75},{"damage_healed":24,"gold_gain":0,"player_choice":"Banana","damage_taken":0,"max_hp_gain":0,"max_hp_loss":0,"event_name":"Big Fish","floor":14,"gold_loss":0}],"is_beta":false,"boss_relics":[{"not_picked":["Snecko Eye","Ring of the Serpent"],"picked":"Philosopher\u0027s Stone"}],"items_purged_floors":[],"is_endless":false,"potions_floor_spawned":[4,10,12,16],"killed_by":"3 Byrds","ascension_level":18}}