{"host":"4ag909k4xupnj24b","time":1611563167,"event":{"mods":["BaseMod","Minty Spire (QoL Compilation)","StSLib"],"gold_per_floor":[114,134,144,162,175,175,200,200,200,200,200,214,50,61,61,138,138,152,152,152,7,7,7,33,33,33,45,45,45],"floor_reached":28,"language":"ENG","playtime":925,"items_purged":[],"score":504,"play_id":"6faf17aa-99c6-4077-92ad-1c24e4bd7687","local_time":"20210125002607","is_ascension_mode":true,"campfire_choices":[{"data":"Darkness","floor":6,"key":"SMITH"},{"floor":8,"key":"REST"},{"data":"Hologram","floor":11,"key":"SMITH"},{"data":"Consume","floor":15,"key":"SMITH"},{"floor":23,"key":"REST"},{"floor":25,"key":"REST"}],"circlet_count":0,"master_deck":["AscendersBane","Strike_B+1","Strike_B+1","Defend_B+1","Defend_B+1","Defend_B+1","Defend_B+1","Zap","Dualcast","Coolheaded","Darkness+1","Ball Lightning","Cold Snap","Hologram+1","Skim","Doom and Gloom","Tempest","Consume+1","Electrodynamics","Coolheaded","Skim","Static Discharge","Seek","Defragment","Self Repair"],"relics":["SacredBark","Singing Bowl","Inserter","Oddly Smooth Stone","Bronze Scales"],"acts_visited":["Exordium","TheCity"],"potions_floor_usage":[7,16,24],"damage_taken":[{"damage":7,"enemies":"Jaw Worm","floor":1,"turns":3},{"damage":2,"enemies":"2 Louse","floor":2,"turns":3},{"damage":8,"enemies":"Small Slimes","floor":3,"turns":5},{"damage":7,"enemies":"Blue Slaver","floor":4,"turns":4},{"damage":2,"enemies":"2 Fungi Beasts","floor":5,"turns":4},{"damage":29,"enemies":"Gremlin Nob","floor":7,"turns":4},{"damage":16,"enemies":"Large Slime","floor":12,"turns":3},{"damage":5,"enemies":"Exordium Wildlife","floor":14,"turns":4},{"damage":0,"enemies":"Slime Boss","floor":16,"turns":7},{"damage":37,"enemies":"2 Thieves","floor":18,"turns":5},{"damage":25,"enemies":"Gremlin Leader","floor":24,"turns":7},{"damage":10,"enemies":"Spheric Guardian","floor":27,"turns":6},{"damage":34,"enemies":"Slavers","floor":28,"turns":1}],"seed_played":"-1874724176336255349","potions_obtained":[{"floor":2,"key":"PowerPotion"},{"floor":4,"key":"AttackPotion"},{"floor":12,"key":"Energy Potion"}],"is_trial":false,"path_per_floor":["M","M","M","M","M","R","E","R","T","?","R","M","$","M","R","B",null,"M","?","?","$","?","R","E","R","T","M","E"],"character_chosen":"DEFECT","items_purchased":["Doom and Gloom","Tempest","FocusPotion","Seek"],"campfire_rested":3,"item_purchase_floors":[13,13,13,21],"current_hp_per_floor":[57,55,47,40,38,38,9,30,30,53,53,39,39,34,34,34,63,26,26,26,26,26,47,22,43,43,33,0,0],"gold":45,"neow_bonus":"BOSS_RELIC","is_daily":false,"chose_seed":false,"campfire_upgraded":3,"win_rate":0.0,"timestamp":1611563167,"path_taken":["M","M","M","M","M","R","E","R","T","?","R","M","$","M","R","BOSS","M","?","?","$","?","R","E","R","T","M","E"],"items_purchased_type":["Card","Card","Potion","Card"],"build_version":"2020-12-22","purchased_purges":0,"victory":false,"max_hp_per_floor":[71,71,71,71,71,71,71,71,71,71,71,73,73,73,73,73,73,73,73,73,73,73,73,73,73,73,73,73,73],"card_choices":[{"not_picked":["Steam","Undo"],"picked":"Coolheaded","floor":1},{"not_picked":["Leap","Redo"],"picked":"Darkness","floor":2},{"not_picked":["Compile Driver","FTL"],"picked":"Ball Lightning","floor":3},{"not_picked":["Steam","Coolheaded"],"picked":"Cold Snap","floor":4},{"not_picked":["Gash","Ball Lightning"],"picked":"Hologram","floor":5},{"not_picked":["Redo","Gash"],"picked":"Skim","floor":7},{"not_picked":["Aggregate","Cold Snap","Sweeping Beam"],"picked":"Singing Bowl","floor":12},{"not_picked":["Rip and Tear","Streamline"],"picked":"Consume","floor":14},{"not_picked":["Hyperbeam","All For One"],"picked":"Electrodynamics","floor":16},{"not_picked":["Streamline","Heatsinks"],"picked":"Coolheaded","floor":18},{"not_picked":["Glacier","Rebound"],"picked":"Defragment","floor":24},{"not_picked":["Compile Driver","Streamline"],"picked":"Self Repair","floor":27}],"player_experience":870493,"relics_obtained":[{"floor":7,"key":"Singing Bowl"},{"floor":24,"key":"Oddly Smooth Stone"},{"floor":26,"key":"Bronze Scales"}],"event_choices":[{"damage_healed":23,"gold_gain":0,"player_choice":"Banana","damage_taken":0,"max_hp_gain":0,"max_hp_loss":0,"event_name":"Big Fish","floor":10,"gold_loss":0},{"damage_healed":0,"gold_gain":0,"player_choice":"Ignored","damage_taken":0,"max_hp_gain":0,"max_hp_loss":0,"event_name":"Cursed Tome","floor":19,"gold_loss":0},{"damage_healed":0,"gold_gain":0,"cards_transformed":["Strike_B","Strike_B"],"player_choice":"Became Test Subject","damage_taken":0,"max_hp_gain":0,"max_hp_loss":0,"event_name":"Drug Dealer","floor":20,"gold_loss":0,"cards_obtained":["Skim","Static Discharge"]},{"damage_healed":0,"gold_gain":0,"player_choice":"Simplicity","damage_taken":0,"max_hp_gain":0,"max_hp_loss":0,"event_name":"Back to Basics","floor":22,"gold_loss":0,"cards_upgraded":["Strike_B","Strike_B","Defend_B","Defend_B","Defend_B","Defend_B"]}],"is_beta":false,"boss_relics":[{"not_picked":["Runic Dome","Velvet Choker"],"picked":"Inserter"}],"items_purged_floors":[],"is_endless":false,"potions_floor_spawned":[2,4,12,14],"killed_by":"Slavers","ascension_level":15}}