{"host":"qekv59dthhdg54sz","time":1611543857,"event":{"mods":["AchievementEnabler","BaseMod","Colored Map","DeckTracker","KOR Keyword Fix","Minty Spire (QoL Compilation)","Rare Cards Sparkle","StSLib","SuperFastMode"],"gold_per_floor":[11,31,31,45,45,45,45,45],"floor_reached":7,"language":"KOR","playtime":170,"items_purged":[],"score":82,"play_id":"0c8eb8ad-b79c-46d5-971a-b85b53774380","local_time":"20210125120417","is_ascension_mode":true,"campfire_choices":[{"data":"Burst","floor":6,"key":"SMITH"}],"circlet_count":0,"master_deck":["AscendersBane","Strike_G","Strike_G","Strike_G","Strike_G","Strike_G","Defend_G","Defend_G","Defend_G","Defend_G","Defend_G","Survivor","Neutralize","Burst+1","Riddle With Holes","Leg Sweep"],"relics":["Ring of the Snake","Golden Idol","SsserpentHead"],"acts_visited":["Exordium"],"potions_floor_usage":[7],"damage_taken":[{"damage":11.0,"enemies":"Cultist","floor":1.0,"turns":5.0},{"damage":4.0,"enemies":"Jaw Worm","floor":2.0,"turns":5.0},{"damage":2.0,"enemies":"Small Slimes","floor":4.0,"turns":5.0},{"damage":13,"enemies":"Lagavulin","floor":7,"turns":7}],"seed_played":"-4676479797763909371","potions_obtained":[{"floor":1.0,"key":"FairyPotion"},{"floor":2.0,"key":"FearPotion"}],"is_trial":false,"path_per_floor":["M","M","?","M","?","R","E"],"character_chosen":"THE_SILENT","items_purchased":[],"campfire_rested":0,"item_purchase_floors":[],"current_hp_per_floor":[48,44,44,42,42,42,29,29],"gold":45,"neow_bonus":"THREE_RARE_CARDS","is_daily":false,"chose_seed":false,"campfire_upgraded":1,"win_rate":0.0,"timestamp":1611543857,"path_taken":["M","M","?","M","?","R","E"],"items_purchased_type":[],"build_version":"2020-12-22","purchased_purges":0,"victory":false,"max_hp_per_floor":[66,66,60,60,60,60,60,60],"card_choices":[{"not_picked":["Wraith Form v2","A Thousand Cuts"],"picked":"Burst","floor":0.0},{"not_picked":["Outmaneuver","Heel Hook"],"picked":"Riddle With Holes","floor":1.0},{"not_picked":["Quick Slash","Blade Dance"],"picked":"Leg Sweep","floor":2.0},{"not_picked":["Deadly Poison","Cloak And Dagger","Setup"],"picked":"SKIP","floor":4.0}],"player_experience":823306,"relics_obtained":[],"event_choices":[{"damage_healed":0.0,"max_hp_gain":0.0,"max_hp_loss":6.0,"gold_gain":0.0,"event_name":"Golden Idol","player_choice":"Lose Max HP","floor":3.0,"gold_loss":0.0,"damage_taken":0.0,"relics_obtained":["Golden Idol"]},{"damage_healed":0,"gold_gain":0,"player_choice":"Trade","damage_taken":0,"relics_obtained":["SsserpentHead"],"max_hp_gain":0,"max_hp_loss":0,"event_name":"FaceTrader","floor":5,"gold_loss":0}],"is_beta":false,"boss_relics":[],"items_purged_floors":[],"is_endless":false,"potions_floor_spawned":[1,2],"killed_by":"Lagavulin","ascension_level":20}}