{"host":"vqs1j3qalc1cciyt","time":1611613880,"event":{"mods":["2.2 Compatiblity","AchievementEnabler","Aspiration","Bard","BaseMod","Beaked The Cultist","Better Altar","Better Match","Better Note","Better Sensory Stone","Better Skull","Better Third Choice","Clockwork Mod","Colored Map","Conspire","Downfall","Friendly Minions","GifTheSpireLib","Glutton Mod","Halation","Highlight Path","Hubris","Infinite Spire","Minty Spire (QoL Compilation)","RRrroohrrRGHHhhh!!","Replay The Spire","Spicy Shops","StSLib","Stuff the Spire","The Construct","The Cursed","The Disciple","The Hierophant"],"gold_per_floor":[112,112,112,112,112,112,139,139,139,169,169,187,221,201,201,301,301,316,326,249,266,277,277,306,323,323,337,337,372,391,422,422,527,527,537,551,564,474,489,518,518,552,601,601,616,648,661,681,681,681,681],"floor_reached":50,"language":"ENG","playtime":2038,"items_purged":["construct:Defend_Gold"],"score":796,"play_id":"4f5b5da9-d13f-4dc7-bce7-748f42612109","local_time":"20210125143120","is_ascension_mode":true,"campfire_choices":[{"floor":6,"key":"REST"},{"floor":8,"key":"REST"},{"floor":15,"key":"DIG"},{"data":"construct:AttackMode","floor":23,"key":"SMITH"},{"floor":32,"key":"REST"},{"floor":41,"key":"REST"},{"floor":49,"key":"REST"}],"circlet_count":0,"master_deck":["construct:Strike_Gold","construct:Strike_Gold+1","construct:Strike_Gold+1","construct:Strike_Gold+2","construct:Strike_Gold","construct:Defend_Gold+1","construct:Defend_Gold+1","construct:AttackMode+1","construct:DefenseMode+1","construct:FierceBash+1","construct:ClusterMines+1","construct:Failsafe","construct:CripplingShot+1","construct:FlakBarrage+1","construct:ClusterMines+1","construct:FierceBash+1"],"relics":["construct:Cogwheel","aspiration:Nostalgia","m_HexaRing","ClockworkSouvenir","StuffTheSpire:Mouthbags","Regal Pillow","Gremlin Food","Orichalcum","halation:EternalFortune","infinitespire:WardingShard","infinitespire:BottledMercury","halation:VictoryRuler","Lantern","Guardian:PocketSentry","StuffTheSpire:RunicConfusion","aspiration:Lifesprig","Replay:Multitool","Replay:Rubber Ducky","construct:MegaBattery","War Paint","SlaversCollar","conspire:TopHat","StuffTheSpire:SapphireSignet","halation:KoshaPiece","Eternal Feather"],"acts_visited":["Exordium","TheCity","TheBeyond"],"potions_floor_usage":[10,18,27,47,50,50],"damage_taken":[{"damage":1,"enemies":"Cultist","floor":1,"turns":3},{"damage":8,"enemies":"Gremlin Nob","floor":7,"turns":3},{"damage":19,"enemies":"Lagavulin","floor":10,"turns":5},{"damage":0,"enemies":"Small Slimes","floor":12,"turns":2},{"damage":12,"enemies":"Gremlin Nob","floor":13,"turns":4},{"damage":19,"enemies":"Slime Boss","floor":16,"turns":6},{"damage":0,"enemies":"Spheric Guardian","floor":18,"turns":3},{"damage":1,"enemies":"conspire:FuzzyDice","floor":19,"turns":4},{"damage":8,"enemies":"conspire:HollyBat","floor":21,"turns":6},{"damage":3,"enemies":"Chosen and Byrds","floor":22,"turns":4},{"damage":19,"enemies":"Book of Stabbing","floor":24,"turns":4},{"damage":6,"enemies":"Shelled Parasite and Fungi","floor":25,"turns":4},{"damage":0,"enemies":"3 Cultists","floor":27,"turns":4},{"damage":0,"enemies":"conspire:SneckoGhost","floor":29,"turns":5},{"damage":2,"enemies":"Snecko","floor":30,"turns":4},{"damage":8,"enemies":"Replay:Snechameleon","floor":31,"turns":5},{"damage":12,"enemies":"hubris:MusketHawk","floor":33,"turns":6},{"damage":0,"enemies":"Orb Walker","floor":35,"turns":3},{"damage":12,"enemies":"3 Shapes","floor":36,"turns":3},{"damage":3,"enemies":"Maw","floor":37,"turns":5},{"damage":16,"enemies":"3 Darklings","floor":39,"turns":5},{"damage":10,"enemies":"R_Hoarder","floor":40,"turns":8},{"damage":11,"enemies":"Giant Head","floor":42,"turns":6},{"damage":0,"enemies":"Transient","floor":45,"turns":5},{"damage":28,"enemies":"Reptomancer","floor":46,"turns":4},{"damage":47,"enemies":"4 Shapes","floor":47,"turns":6},{"damage":8,"enemies":"Jaw Worm Horde","floor":48,"turns":4},{"damage":87,"enemies":"infinitespire:MassOfShapes","floor":50,"turns":4}],"seed_played":"-2065202360871404226","potions_obtained":[{"floor":1,"key":"sneckomod:MuddlingPotion"},{"floor":7,"key":"CultistPotion"},{"floor":10,"key":"sneckomod:MuddlingPotion"},{"floor":12,"key":"Fire Potion"},{"floor":18,"key":"Fruit Juice"},{"floor":22,"key":"Dexterity Potion"},{"floor":29,"key":"Elixir"},{"floor":46,"key":"PowerPotion"},{"floor":48,"key":"ColorlessPotion"}],"is_trial":false,"path_per_floor":["M","$","$","?","?","R","E","R","T","E","?","M","E","?","R_BF","B",null,"M","M","$","M","M","R","E","M","T","M","T","E","M","E","R","B",null,"M","M","M","?","M","E","R","E","T","?","M","E","M","M","R_BF","B"],"character_chosen":"THE_CONSTRUCT_MOD","items_purchased":["ClockworkSouvenir","StuffTheSpire:Mouthbags","Regal Pillow","Gremlin Food","Orichalcum","aspiration:Lifesprig"],"campfire_rested":5,"item_purchase_floors":[2,2,2,2,2,20],"current_hp_per_floor":[84,29,29,32,32,73,68,91,91,72,72,75,66,66,66,47,97,105,107,107,99,96,96,77,71,71,71,71,71,69,61,108,96,108,108,96,93,93,77,67,108,97,97,97,97,72,25,17,74,0,0],"gold":681,"neow_bonus":"NOSTALGIA","is_daily":false,"chose_seed":false,"campfire_upgraded":1,"win_rate":0.0,"timestamp":1611613880,"path_taken":["M","?","$","?","?","R","E","R","T","E","?","M","E","?","R_BF","BOSS","M","M","?","?","M","R","E","?","T","M","?","E","M","E","R","BOSS","M","M","?","?","?","E","R","E","T","?","M","E","M","M","R_BF","BOSS"],"items_purchased_type":["Relic","Relic","Relic","Relic","Relic","Relic"],"build_version":"2020-12-22","purchased_purges":1,"victory":false,"max_hp_per_floor":[85,85,85,88,88,88,91,91,91,91,91,94,97,97,97,97,97,105,108,108,108,108,108,108,108,108,108,108,108,108,108,108,108,108,108,108,108,108,108,108,108,108,108,108,108,111,111,111,111,111,111],"card_choices":[{"not_picked":["construct:HardReboot","construct:Accumulate"],"picked":"construct:FierceBash","floor":1},{"not_picked":["construct:Accumulate","construct:BatteryAcid","construct:Electrocute"],"picked":"SKIP","floor":7},{"not_picked":["construct:Reinforce","construct:Autoturret"],"picked":"construct:ClusterMines","floor":10},{"not_picked":["construct:ScrapCannon","construct:HardReboot"],"picked":"construct:Failsafe","floor":12},{"not_picked":["Bouncing Flask","construct:LaserCore","construct:ShiftGuard"],"picked":"SKIP","floor":13},{"not_picked":["construct:Disrupt","construct:SyphonStrike+1"],"picked":"construct:CripplingShot","floor":18},{"not_picked":["construct:SyphonStrike","construct:FocusedBeam+1","construct:Autoturret"],"picked":"SKIP","floor":19},{"not_picked":["construct:Forcefield","construct:Analyze","construct:VentSteam+1"],"picked":"SKIP","floor":21},{"not_picked":["construct:Antimatter","construct:Reinforce","construct:MetalShell+1"],"picked":"SKIP","floor":22},{"not_picked":["construct:Autoturret+1","construct:Anticipate","construct:Electrocute+1"],"picked":"SKIP","floor":24},{"not_picked":["construct:HardReboot+1","construct:ScrapCannon","construct:ShiftingStance"],"picked":"SKIP","floor":25},{"not_picked":["construct:ChargeShot+1","construct:Forcefield"],"picked":"construct:FlakBarrage","floor":27},{"not_picked":["construct:Accumulate","construct:Backfire","construct:BatteryAcid+1"],"picked":"SKIP","floor":29},{"not_picked":["construct:SaveState","construct:Hazardproof","construct:ModeShift"],"picked":"SKIP","floor":30},{"not_picked":["construct:Zapper+1","construct:Dampening","construct:SyphonStrike"],"picked":"SKIP","floor":31},{"not_picked":["construct:FierceBash","construct:Backup","construct:Overcharge+1"],"picked":"SKIP","floor":35},{"not_picked":["construct:Tumble+1","construct:Isolate+1","construct:SyphonStrike"],"picked":"SKIP","floor":36},{"not_picked":["construct:HeavyBolt","construct:Forcefield+1","construct:Antimatter+1"],"picked":"SKIP","floor":37},{"not_picked":["construct:Synchronize","construct:ModeShift+1","construct:ScopeCore"],"picked":"SKIP","floor":39},{"not_picked":["construct:HastyRepair","construct:HeavyBolt"],"picked":"construct:ClusterMines","floor":40},{"not_picked":["construct:Backfire+1","construct:Analyze","construct:Bunker"],"picked":"SKIP","floor":42},{"not_picked":["construct:Autoturret","construct:SaveState","construct:Reinforce+1"],"picked":"SKIP","floor":45},{"not_picked":["construct:ShiftStrike+1","construct:Accumulate","construct:VentSteam"],"picked":"SKIP","floor":46},{"not_picked":["construct:SaveState+1","construct:VentSteam+1","construct:ForceCore+1"],"picked":"SKIP","floor":47},{"not_picked":["construct:Boost+1","construct:Backfire+1"],"picked":"construct:FierceBash+1","floor":48}],"player_experience":915127,"relics_obtained":[{"floor":7,"key":"halation:EternalFortune"},{"floor":7,"key":"infinitespire:WardingShard"},{"floor":9,"key":"infinitespire:BottledMercury"},{"floor":10,"key":"halation:VictoryRuler"},{"floor":12,"key":"halation:EternalFortune"},{"floor":13,"key":"halation:EternalFortune"},{"floor":13,"key":"Lantern"},{"floor":15,"key":"Guardian:PocketSentry"},{"floor":18,"key":"halation:EternalFortune"},{"floor":19,"key":"halation:EternalFortune"},{"floor":24,"key":"Replay:Multitool"},{"floor":28,"key":"Replay:Rubber Ducky"},{"floor":29,"key":"construct:MegaBattery"},{"floor":31,"key":"War Paint"},{"floor":40,"key":"conspire:TopHat"},{"floor":42,"key":"StuffTheSpire:SapphireSignet"},{"floor":43,"key":"halation:KoshaPiece"},{"floor":46,"key":"halation:EternalFortune"},{"floor":46,"key":"Eternal Feather"}],"event_choices":[{"cards_removed":["construct:Defend_Gold"],"damage_healed":0,"gold_gain":0,"player_choice":"Forget","damage_taken":0,"max_hp_gain":0,"max_hp_loss":0,"event_name":"Living Wall","floor":11,"gold_loss":0},{"damage_healed":0,"gold_gain":0,"player_choice":"Bought 1 Potion","damage_taken":0,"max_hp_gain":0,"max_hp_loss":0,"event_name":"The Woman in Blue","floor":14,"gold_loss":0},{"cards_removed":["construct:Defend_Gold"],"damage_healed":0,"gold_gain":0,"player_choice":"Upgrade and Remove","damage_taken":0,"max_hp_gain":0,"max_hp_loss":0,"event_name":"Designer","floor":38,"gold_loss":90,"cards_upgraded":["construct:CripplingShot"]}],"is_beta":false,"boss_relics":[{"not_picked":["aspiration:FutureDiary","hubris:HollowSoul"],"picked":"StuffTheSpire:RunicConfusion"},{"not_picked":["Pandora\u0027s Box","Philosopher\u0027s Stone"],"picked":"SlaversCollar"}],"items_purged_floors":[2],"is_endless":false,"potions_floor_spawned":[1,7,10,12,18,22,25,29,30,36,46,48],"killed_by":"infinitespire:MassOfShapes","ascension_level":1}}