{"host":"zomwe5n2owcqokh9","time":1611541594,"event":{"mods":["2.2 Compatiblity","Act Like it!","BaseMod","BetterRewards","Colored Map","Colored Powertips","Highlight Path","Hubris","Minty Spire (QoL Compilation)","Quick Restart","Rare Cards Sparkle","Replay The Spire","Shop Mod","StSLib","SuperFastMode"],"gold_per_floor":[111,286,286,2,2,2,30,46,46,61,86,86,103,122,122,226,226,246,273,94,103,129,129,174,218,218,241,257,219,2,83,83,188,215,248,248,273,124,151,151,191,258,283,335,344,344,398,491,491,518],"floor_reached":51,"language":"ENG","playtime":1498,"items_purged":["Doubt","Defend_R","Defend_R"],"score":779,"play_id":"434fbe36-2a30-40cb-b9aa-236f682d4f6b","local_time":"20210124202634","is_ascension_mode":false,"campfire_choices":[{"floor":6.0,"key":"REST"},{"data":"Hemogenesis","floor":15.0,"key":"SMITH"},{"data":"Defend_R","floor":23.0,"key":"PURGE"},{"floor":32.0,"key":"REST"},{"data":"Heavy Blade","floor":40,"key":"SMITH"},{"data":"Heavy Blade","floor":46,"key":"SMITH"}],"circlet_count":0,"master_deck":["Defend_R","Bash","Wild Strike","Spot Weakness+1","Metallicize+1","Perfected Strike","Heavy Blade","Evolve+1","Bloodletting","Hemogenesis+1","Hemogenesis","CurseOfTheBell","Massacre+1","Anger+1","Inflame+1","Clash","Clash","Offering","Bite","Bite","Bite","Bite","Bite+1","Flex","Anger+1","Heavy Blade+1","Heavy Blade+1","hubris:Greed","Spreading Infection","CommonCold","Fire Breathing+1","Inflame+1","hubris:Greed","Life Link+1","hubris:Greed","hubris:Greed","Inflame+1","hubris:Greed","Writhe","Reaper","hubris:Greed","hubris:Greed","hubris:Greed","hubris:Greed","hubris:Greed"],"relics":["Burning Blood","NeowsBlessing","Tiny Chest","Regal Pillow","PreservedInsect","hubris:CuriousFeather","Frozen Egg 2","hubris:Icosahedron","Calling Bell","CeramicFish","InkBottle","Peace Pipe","Bag of Marbles","Singing Bowl","MerchantsRug","Question Card","Replay:Ancient Bell","King of Hearts","Mummified Hand","Du-Vu Doll","hubris:Spice","Blue Doll","FossilizedHelix"],"acts_visited":["Exordium","TheCity","TheBeyond"],"potions_floor_usage":[],"damage_taken":[{"damage":0.0,"enemies":"Cultist","floor":1.0,"turns":1.0},{"damage":0.0,"enemies":"Lagavulin","floor":7.0,"turns":1.0},{"damage":0.0,"enemies":"Jaw Worm","floor":8.0,"turns":1.0},{"damage":6.0,"enemies":"Small Slimes","floor":10.0,"turns":3.0},{"damage":14.0,"enemies":"Gremlin Nob","floor":11.0,"turns":3.0},{"damage":8.0,"enemies":"3 Louse","floor":13.0,"turns":3.0},{"damage":8.0,"enemies":"Exordium Thugs","floor":14.0,"turns":5.0},{"damage":76.0,"enemies":"The Guardian","floor":16.0,"turns":8.0},{"damage":39.0,"enemies":"Spheric Guardian","floor":18.0,"turns":6.0},{"damage":5.0,"enemies":"Chosen","floor":19.0,"turns":6.0},{"damage":42.0,"enemies":"Slavers","floor":25.0,"turns":3.0},{"damage":21.0,"enemies":"Snecko","floor":27.0,"turns":4.0},{"damage":15.0,"enemies":"Centurion and Healer","floor":28.0,"turns":3.0},{"damage":29.0,"enemies":"Cultist and Chosen","floor":29.0,"turns":4.0},{"damage":68.0,"enemies":"Collector","floor":33.0,"turns":7.0},{"damage":7,"enemies":"3 Darklings","floor":35,"turns":2},{"damage":19,"enemies":"3 Shapes","floor":37,"turns":3},{"damage":2,"enemies":"3 Darklings","floor":39,"turns":2},{"damage":16,"enemies":"Spire Growth","floor":41,"turns":3},{"damage":31,"enemies":"Maw","floor":42,"turns":4},{"damage":14,"enemies":"Jaw Worm Horde","floor":44,"turns":3},{"damage":6,"enemies":"Spire Growth","floor":47,"turns":2},{"damage":42,"enemies":"Mind Bloom Boss Battle","floor":48,"turns":3},{"damage":10,"enemies":"Replay:Hell Engine","floor":50,"turns":4}],"seed_played":"8508627446816047001","potions_obtained":[{"floor":8.0,"key":"Elixir"},{"floor":10.0,"key":"Adrenaline Potion"},{"floor":16.0,"key":"ColorlessPotion"}],"is_trial":false,"path_per_floor":["M","?","?","$","?","R","E","M","T","M","E","?","M","M","R","B",null,"M","M","$","?","T","R","?","E","T","M","M","M","$","T","R","B",null,"M","T","M","$","M","R","M","M","T","M","?","R","M","?","R_BF","B",null],"character_chosen":"IRONCLAD","items_purchased":["Metallicize+1","Tiny Chest","Inflame+1","Clash","MerchantsRug","Heavy Blade","Blue Doll"],"campfire_rested":2,"item_purchase_floors":[4,4,20,20,30,30,38],"current_hp_per_floor":[80,80,80,80,62,80,80,80,80,80,72,72,70,68,68,10,80,47,56,56,56,56,56,56,29,29,35,38,27,27,27,60,30,62,61,69,59,59,65,65,57,43,43,41,60,60,66,36,73,76],"gold":518,"neow_bonus":"THREE_ENEMY_KILL","is_daily":false,"chose_seed":false,"campfire_upgraded":3,"win_rate":0.0,"timestamp":1611541594,"path_taken":["M","?","?","$","?","R","E","M","T","M","E","?","M","M","R","BOSS","M","M","$","?","?","R","?","E","T","M","?","M","$","?","R","BOSS","M","?","M","$","M","R","M","M","T","M","?","R","M","?","R_BF","BOSS"],"items_purchased_type":["Card","Relic","Card","Card","Relic","Card","Relic"],"build_version":"2020-12-22","purchased_purges":3,"victory":true,"max_hp_per_floor":[80,80,80,80,80,80,80,80,80,80,80,80,80,80,80,80,80,80,80,80,80,80,80,56,56,56,56,58,60,60,60,60,62,62,62,70,72,72,72,72,72,72,72,74,74,74,74,76,76,76],"card_choices":[{"not_picked":["Iron Wave","Clothesline"],"picked":"Wild Strike","floor":1.0},{"not_picked":["Whirlwind","Intimidate"],"picked":"Perfected Strike","floor":7.0},{"not_picked":["Power Through","Headbutt","Combust"],"picked":"SKIP","floor":8.0},{"not_picked":["Rupture","Blood for Blood"],"picked":"Heavy Blade","floor":10.0},{"not_picked":["Shrug It Off","ReplayTheSpireMod:Stacked"],"picked":"Evolve+1","floor":11.0},{"not_picked":["Intimidate","Power Through"],"picked":"Bloodletting","floor":13.0},{"not_picked":["Metallicize+1","Clothesline"],"picked":"Hemogenesis","floor":14.0},{"not_picked":["Eclipse","Fiend Fire"],"picked":"Hemogenesis","floor":16.0},{"not_picked":["Combust+1","hubris:ReadiedAction"],"picked":"Massacre+1","floor":18.0},{"not_picked":["Carnage+1","Cleave"],"picked":"Anger+1","floor":19.0},{"not_picked":["ReplayTheSpireMod:Stacked+1","Wild Strike"],"picked":"Flex","floor":25.0},{"not_picked":["ReplayTheSpireMod:Corrosion Curse+1","Run Through"],"picked":"Anger+1","floor":27.0},{"not_picked":["Sword Boomerang+1","Body Slam","Clash"],"picked":"Singing Bowl","floor":28.0},{"not_picked":["Shrug It Off","ReplayTheSpireMod:Stacked","Replay:Undeath\u0027s Touch"],"picked":"Singing Bowl","floor":29.0},{"not_picked":["Replay:Many Hands","Barricade+1","Demonic Infusion","Fiend Fire"],"picked":"Singing Bowl","floor":33.0},{"not_picked":["ReplayTheSpireMod:Restless Dread","hubris:Gluttony","hubris:Disease"],"picked":"hubris:Greed","floor":34.0},{"not_picked":["Shame","hubris:Envy","ReplayTheSpireMod:Doomed"],"picked":"Spreading Infection","floor":34.0},{"not_picked":["Overencumbered","Pain","Amnesia"],"picked":"CommonCold","floor":34.0},{"not_picked":["Evolve+1","Heavy Blade+1","hubris:SharpeningStone"],"picked":"Fire Breathing+1","floor":35},{"not_picked":["Entrench+1","Shrug It Off","Replay:Many Hands","Pommel Strike+1"],"picked":"Singing Bowl","floor":37},{"not_picked":["True Grit+1","Headbutt+1","Armaments"],"picked":"Inflame+1","floor":39},{"not_picked":["ReplayReversal+1","Armaments+1","True Grit+1"],"picked":"Life Link+1","floor":41},{"not_picked":["Cleave","Flame Barrier","Armaments+1"],"picked":"Inflame+1","floor":42},{"not_picked":["Second Wind+1","Abandon+1","ReplayTheSpireMod:Strike From Hell+1","Pummel+1"],"picked":"Singing Bowl","floor":44},{"not_picked":["Pommel Strike","Shrug It Off","Warcry+1"],"picked":"Reaper","floor":47},{"not_picked":["hubris:ReadiedAction+1","Headbutt+1","Run Through","Shrug It Off+1"],"picked":"Singing Bowl","floor":48}],"player_experience":59492,"relics_obtained":[{"floor":7.0,"key":"PreservedInsect"},{"floor":9.0,"key":"hubris:CuriousFeather"},{"floor":11.0,"key":"Frozen Egg 2"},{"floor":17.0,"key":"CeramicFish"},{"floor":17.0,"key":"InkBottle"},{"floor":17.0,"key":"Peace Pipe"},{"floor":22.0,"key":"Bag of Marbles"},{"floor":25.0,"key":"Gambling Chip"},{"floor":26.0,"key":"Singing Bowl"},{"floor":31.0,"key":"Question Card"},{"floor":36,"key":"hubris:Spice"},{"floor":48,"key":"FossilizedHelix"}],"event_choices":[{"damage_healed":0.0,"max_hp_gain":0.0,"max_hp_loss":0.0,"gold_gain":175.0,"event_name":"Liars Game","player_choice":"AGREE","floor":2.0,"gold_loss":0.0,"damage_taken":0.0,"cards_obtained":["Doubt"]},{"damage_healed":0.0,"max_hp_gain":0.0,"max_hp_loss":0.0,"gold_gain":0.0,"event_name":"Scrap Ooze","player_choice":"Success","floor":5.0,"gold_loss":0.0,"damage_taken":18.0,"relics_obtained":["Regal Pillow"]},{"damage_healed":0.0,"max_hp_gain":0.0,"max_hp_loss":0.0,"gold_gain":0.0,"event_name":"The Library","player_choice":"Read","floor":21.0,"gold_loss":0.0,"damage_taken":0.0,"cards_obtained":["Offering"]},{"damage_healed":0.0,"max_hp_gain":0.0,"max_hp_loss":24.0,"gold_gain":0.0,"event_name":"Vampires","player_choice":"Became a vampire","floor":24.0,"gold_loss":0.0,"damage_taken":0.0,"cards_obtained":["Bite","Bite","Bite","Bite","Bite"]},{"damage_healed":19,"gold_gain":0,"player_choice":"Writhe","damage_taken":0,"max_hp_gain":0,"max_hp_loss":0,"event_name":"Winding Halls","floor":45,"gold_loss":0,"cards_obtained":["Writhe"]},{"damage_healed":0,"gold_gain":0,"player_choice":"Fight","damage_taken":0,"max_hp_gain":0,"max_hp_loss":0,"event_name":"MindBloom","floor":48,"gold_loss":0}],"is_beta":false,"boss_relics":[{"not_picked":["hubris:BlackHole","Runic Dome"],"picked":"Calling Bell"},{"not_picked":["Painkiller Herb","ChewingGum"],"picked":"Replay:Ancient Bell"},{"not_picked":["Juzu Bracelet","MealTicket"],"picked":"King of Hearts"},{"not_picked":["Quantum Egg","StrikeDummy"],"picked":"Mummified Hand"},{"not_picked":["Charon\u0027s Ashes","Another Sword"],"picked":"Du-Vu Doll"}],"items_purged_floors":[4,20,30],"is_endless":false,"potions_floor_spawned":[8,10,16,27,33,37,44,47,48],"ascension_level":0}}