{"host":"orwsrz1cc0wttjjy","time":1611596445,"event":{"mods":["100% Spire Juice","2.2 Compatiblity","AchievementEnabler","Arknights The Spire","Astrologer","BaseMod","Better Altar","Better Match","Better Skull","Better Third Choice","BetterRewards","CapriCore","ChefMod","Colored Map","Colored Powertips","Conspire","DeckTracker","Friendly Minions","Halation","Hermit","Hubris","Infinite Spire","Mimic Mod","Minty Spire (QoL Compilation)","MostiFishMod","Permanent Neow","Puzzle Mod","Relic Sorter","Relic Stats","Robot Space Explorer","Shop Mod","Spicy Shops","Spire Arcade","StSLib","Td1madao Mod","The Accelerator","The Animator","The Cursed","The Gatherer","The Hierophant","The Marked","The Poker Player","The Runesmith","Treasure Hunter","everything is the same but u backflip on backflip"],"gold_per_floor":[32,32,45,55,55,55,65,97,127,127,147,222,102,102,102,87,87,102,102,126,142,156,156,67,83,117,117,136,51,1,1,1,97,97,108,108,122,137,137,137,137,150,183,195,219,231,231,191,191,191,191,191,22,52,52,52],"floor_reached":55,"language":"KOR","playtime":3070,"items_purged":["Pain"],"score":787,"play_id":"26f69655-de2c-40a0-a9ba-e9fa61ff4922","local_time":"20210126024045","is_ascension_mode":false,"campfire_choices":[{"data":"Moonworks:Ambush","floor":10.0,"key":"SMITH"},{"floor":13.0,"key":"REST"},{"data":"Moonworks:LongDistanceShot","floor":15.0,"key":"SMITH"},{"data":"Moonworks:EvilSpyWorkPreparation","floor":23.0,"key":"SMITH"},{"data":"TH:DeckOfManyThings","floor":27.0,"key":"SMITH"},{"data":"Moonworks:MiracleWalker","floor":32.0,"key":"SMITH"},{"floor":40.0,"key":"RECALL"},{"floor":47.0,"key":"REST"},{"data":"Moonworks:EvilSpyWorkPreparation","floor":49.0,"key":"SMITH"},{"data":"Moonworks:CloudOfSeagulls","floor":52.0,"key":"SMITH"}],"circlet_count":0,"master_deck":["Moonworks:Strike","Moonworks:Strike","Moonworks:Strike","Moonworks:Strike","Moonworks:Defend","Moonworks:Defend","Moonworks:Defend","Moonworks:Defend","Moonworks:LongDistanceShot+1","Moonworks:EvilSpyWorkPreparation+1","Moonworks:EvilSpyWorkPreparation+1","Moonworks:SakisCookie","TH:CursedSword","Moonworks:SakisCookie","TH:DeckOfManyThings+1","Moonworks:LulusLuckyEgg","Moonworks:MixPhenomenon","Moonworks:SakisCookie","TH:BikiniMail","Moonworks:ShieldCounter","Moonworks:DeployBits+1","TH:EnergyPotion","Moonworks:IndiscriminateFireSupport","Moonworks:TreasureThief+1","TH:CursedSword","Moonworks:MiracleWalker+1","Moonworks:Dinner","Moonworks:MiracleWalker+1","Moonworks:MiracleWalker+1","Moonworks:EvilSpyWorkPreparation+1","TH:CursedSword","TH:Mimic","Moonworks:PlushieMaster","MostiFishMod:EE1D","MostiFishMod:EE1D","MostiFishMod:EE1D","Moonworks:Assault+1","Moonworks:CloudOfSeagulls+1","Moonworks:DeployBits+1","Moonworks:WindyEnchantment+1","Moonworks:BindingChains+1","Moonworks:UnpaidWork+1","TH:CursedSword","Moonworks:StiffCrystal+1","TH:CursedSword","Moonworks:JonathanRush+1"],"relics":["Moonworks:BrokenBomb","Moonworks:Homemark","DaveBox","Civilization","NeowsBlessing","SynthV:TestCard","Boot","RhineSuit","WarpedTongs","Bag of Marbles","Red Mask","Lantern","EE1DDrone","halation:PinkSoulGem","halation:EternalFortune","Strawberry","MerchantsRug","Vajra","halation:Toothbrush"],"acts_visited":["Exordium","TheCity","TheBeyond","TheEnding"],"potions_floor_usage":[55,55,55,55],"damage_taken":[{"damage":0.0,"enemies":"conspire:RoseBush","floor":1.0,"turns":1.0},{"damage":0.0,"enemies":"Cultist","floor":3.0,"turns":1.0},{"damage":0.0,"enemies":"Jaw Worm","floor":4.0,"turns":1.0},{"damage":16.0,"enemies":"conspire:2 RoseBushes","floor":7.0,"turns":3.0},{"damage":9.0,"enemies":"3 Sentries","floor":8.0,"turns":3.0},{"damage":0.0,"enemies":"Lots of Slimes","floor":9.0,"turns":4.0},{"damage":5.0,"enemies":"Lots of Slimes","floor":11.0,"turns":3.0},{"damage":34.0,"enemies":"The Guardian","floor":16.0,"turns":6.0},{"damage":15.0,"enemies":"3 Byrds","floor":18.0,"turns":4.0},{"damage":0.0,"enemies":"2 Thieves","floor":21.0,"turns":2.0},{"damage":2.0,"enemies":"Snecko","floor":22.0,"turns":3.0},{"damage":32.0,"enemies":"conspire:Head Lice","floor":24.0,"turns":4.0},{"damage":3.0,"enemies":"conspire:HollyBat","floor":25.0,"turns":6.0},{"damage":4.0,"enemies":"3 Cultists","floor":26.0,"turns":4.0},{"damage":0.0,"enemies":"3 Cultists","floor":28.0,"turns":2.0},{"damage":0.0,"enemies":"Masked Bandits","floor":29.0,"turns":3.0},{"damage":39.0,"enemies":"hubris:MusketHawk","floor":33.0,"turns":5.0},{"damage":23.0,"enemies":"Orb Walker","floor":35.0,"turns":4.0},{"damage":0.0,"enemies":"3 Shapes","floor":37.0,"turns":2.0},{"damage":18.0,"enemies":"Writhing Mass","floor":38.0,"turns":5.0},{"damage":11.0,"enemies":"Jaw Worm Horde","floor":42.0,"turns":3.0},{"damage":18.0,"enemies":"Maw","floor":43.0,"turns":6.0},{"damage":11.0,"enemies":"Maw","floor":44.0,"turns":10.0},{"damage":11.0,"enemies":"Writhing Mass","floor":46.0,"turns":6.0},{"damage":75.0,"enemies":"conspire:OrnateMirror","floor":50.0,"turns":14.0},{"damage":86.0,"enemies":"Shield and Spear","floor":54.0,"turns":6.0},{"damage":159,"enemies":"The Heart","floor":55,"turns":8}],"seed_played":"-2982759928293440165","potions_obtained":[{"floor":1.0,"key":"SpeedPotion"},{"floor":7.0,"key":"PowerPotion"},{"floor":11.0,"key":"Moonworks:OneHundredPercentOrangeJuicePotion"},{"floor":16.0,"key":"SkillPotion"},{"floor":29.0,"key":"SkillPotion"},{"floor":35.0,"key":"AttackPotion"},{"floor":38.0,"key":"Explosive Potion"},{"floor":44.0,"key":"FearPotion"},{"floor":48.0,"key":"EntropicBrew"},{"floor":48.0,"key":"conspire:TimeTravelPotion"}],"is_trial":false,"path_per_floor":["M","?","M","M","?","T","M","E","MIM","R","M","?","R","?","R","B",null,"M","?","T","M","M","R","E","M","MIM","R","M","?","?","T","R","B",null,"M","?","M","M","?","R","?","M","MIM","M","T","M","R","?","R","B",null,"R","$","E","B"],"character_chosen":"THE_STARBREAKER","items_purchased":["MerchantsRug","Vajra","LiquidBronze"],"campfire_rested":2,"item_purchase_floors":[53,53,53],"current_hp_per_floor":[61,61,63,66,66,66,55,51,60,60,60,49,74,62,62,37,91,81,81,81,86,89,89,62,64,70,70,75,84,84,84,84,71,136,121,121,126,113,113,113,116,110,107,101,108,108,162,162,162,108,186,186,186,110,0,0],"gold":52,"neow_bonus":"THREE_ENEMY_KILL","is_daily":false,"chose_seed":false,"campfire_upgraded":7,"win_rate":0.0,"timestamp":1611596445,"path_taken":["M","?","?","M","?","?","?","E","MIM","R","M","?","R","?","R","BOSS","M","?","?","M","M","R","E","M","MIM","R","?","?","?","?","R","BOSS","M","?","M","M","?","R","?","M","MIM","M","?","?","R","?","R","BOSS","R","$","E","BOSS"],"items_purchased_type":["Relic","Relic","Potion"],"build_version":"2020-12-22","purchased_purges":1,"victory":false,"max_hp_per_floor":[61,61,63,66,66,66,71,76,81,81,86,86,86,86,86,91,91,96,96,96,101,106,106,111,116,121,121,126,131,131,131,131,136,136,141,141,146,151,151,151,154,159,164,169,176,181,181,181,181,186,186,186,186,191,191,191],"relic_stats":{"counters":[27,119],"Boot":[57],"obtain_stats":[{"MerchantsRug":53,"Lantern":31,"DaveBox":0,"NeowsBlessing":0,"Vajra":53,"RhineSuit":17,"Boot":14,"conspire:TopHat":9,"WarpedTongs":19,"Civilization":0,"SynthV:TestCard":1,"Shovel":43,"EE1DDrone":34,"Moonworks:Homemark":0,"Strawberry":45,"halation:EternalFortune":41,"Tiny Chest":8,"halation:Toothbrush":54,"Bag of Marbles":20,"Red Mask":29,"infinitespire:Eraser":26,"halation:PinkSoulGem":36,"Moonworks:BrokenBomb":0,"conspire:Flyswatter":24},{"MerchantsRug":25,"Lantern":16,"DaveBox":0,"NeowsBlessing":0,"Vajra":25,"RhineSuit":8,"Boot":7,"conspire:TopHat":6,"WarpedTongs":9,"Civilization":0,"SynthV:TestCard":1,"Shovel":22,"EE1DDrone":17,"Moonworks:Homemark":0,"Strawberry":23,"halation:EternalFortune":20,"Tiny Chest":5,"halation:Toothbrush":26,"Bag of Marbles":9,"Red Mask":16,"infinitespire:Eraser":14,"halation:PinkSoulGem":18,"Moonworks:BrokenBomb":0,"conspire:Flyswatter":12},{"MerchantsRug":105,"Lantern":50,"DaveBox":0,"NeowsBlessing":0,"Vajra":105,"RhineSuit":22,"Boot":16,"conspire:TopHat":13,"WarpedTongs":26,"Civilization":0,"SynthV:TestCard":1,"Shovel":75,"EE1DDrone":55,"Moonworks:Homemark":0,"Strawberry":85,"halation:EternalFortune":66,"Tiny Chest":9,"halation:Toothbrush":111,"Bag of Marbles":26,"Red Mask":50,"infinitespire:Eraser":45,"halation:PinkSoulGem":59,"Moonworks:BrokenBomb":0,"conspire:Flyswatter":35}],"WarpedTongs":[91]},"card_choices":[{"not_picked":["Moonworks:CompletionReward","Moonworks:LuckyCharm"],"picked":"Moonworks:EvilSpyWorkPreparation","floor":1.0},{"not_picked":["Moonworks:Assault","Moonworks:IndiscriminateFireSupport","Moonworks:CloudOfSeagulls","Moonworks:BigMagnum"],"picked":"Moonworks:EvilSpyWorkPreparation","floor":3.0},{"not_picked":["Moonworks:FinalSurgery","Moonworks:CompletionReward","Moonworks:BigMagnum","Moonworks:MixPhenomenon"],"picked":"Moonworks:SakisCookie","floor":4.0},{"not_picked":["TH:EnergyPotion","TH:ElvenBoots","TH:PixieDust"],"picked":"TH:CursedSword","floor":6.0},{"not_picked":["Moonworks:BeyondHell","Moonworks:WindyEnchantment","Moonworks:ExtendedPhotonRifle","Moonworks:EvilSpyWorkPreparation"],"picked":"Moonworks:SakisCookie","floor":7.0},{"not_picked":["TH:Mimic","TH:TreasureMap","TH:ArmorSpikes"],"picked":"TH:DeckOfManyThings","floor":8.0},{"not_picked":["Moonworks:NicePresent","Moonworks:MixPhenomenon","Moonworks:ImOnFire","Moonworks:BeyondHell"],"picked":"Moonworks:LulusLuckyEgg","floor":8.0},{"not_picked":["Moonworks:UnpaidWork","Moonworks:NicePresent","Moonworks:Assault","Moonworks:Bloodlust"],"picked":"Moonworks:MixPhenomenon","floor":9.0},{"not_picked":["Moonworks:ImOnFire","Moonworks:CloudOfSeagulls","Moonworks:EvilMastermind","Moonworks:IndiscriminateFireSupport"],"picked":"Moonworks:SakisCookie","floor":11.0},{"not_picked":["TH:ArmorSpikes","TH:ElvenBoots","TH:Mimic"],"picked":"TH:BikiniMail","floor":16.0},{"not_picked":["Moonworks:Gamble","Moonworks:HolyNight","Moonworks:WeAreWaruda","Moonworks:FinalBattle"],"picked":"Moonworks:ShieldCounter","floor":16.0},{"not_picked":["Moonworks:IndiscriminateFireSupport","Moonworks:EvilSpyWorkPreparation","Moonworks:ReproductionOfRecords","Moonworks:BigMagnum"],"picked":"Moonworks:DeployBits+1","floor":18.0},{"not_picked":["TH:CopperCoins","TH:BikiniMail","TH:ArmorSpikes"],"picked":"TH:EnergyPotion","floor":20.0},{"not_picked":["Moonworks:JonathanRush+1","Moonworks:SelfDestruct","Moonworks:Assault","Moonworks:BigMagnum"],"picked":"Moonworks:IndiscriminateFireSupport","floor":21.0},{"not_picked":["Moonworks:DevilHand+1","Moonworks:Heat300Percent+1","Moonworks:CrystalBarrier","Moonworks:DeployBits"],"picked":"Moonworks:TreasureThief+1","floor":22.0},{"not_picked":["TH:CopperCoins","TH:Mimic","TH:ArmorSpikes"],"picked":"TH:CursedSword","floor":24.0},{"not_picked":["Moonworks:ImOnFire","Moonworks:BigMagnum+1","Moonworks:JonathanRush","Moonworks:SealedMemories+1"],"picked":"Moonworks:MiracleWalker+1","floor":24.0},{"not_picked":["Moonworks:SakisCookie","Moonworks:EvilSpyWorkPreparation","Moonworks:LulusLuckyEgg+1","Moonworks:WindyEnchantment"],"picked":"Moonworks:Dinner","floor":25.0},{"not_picked":["Moonworks:ImOnFire","Moonworks:StiffCrystal","Moonworks:ImmovableObject","Moonworks:DeployBits"],"picked":"Moonworks:MiracleWalker+1","floor":26.0},{"not_picked":["Moonworks:EvilSpyWorkPreparation","Moonworks:BigMagnum","Moonworks:NicePresent+1","Moonworks:StarBlastingFuse"],"picked":"Moonworks:MiracleWalker","floor":28.0},{"not_picked":["Moonworks:LulusLuckyEgg","Moonworks:Assault+1","Moonworks:Flamethrower","Moonworks:NicePresent"],"picked":"Moonworks:EvilSpyWorkPreparation+1","floor":29.0},{"not_picked":["TH:BikiniMail","TH:TreasureMap","TH:ElvenBoots"],"picked":"TH:CursedSword","floor":31.0},{"not_picked":["TH:CopperCoins","TH:EnergyPotion","TH:TreasureMap"],"picked":"TH:Mimic","floor":33.0},{"not_picked":["Moonworks:OutOfAmmo","Moonworks:MetallicMonocoque","Moonworks:Encore","Moonworks:Accelerator"],"picked":"Moonworks:PlushieMaster","floor":33.0},{"not_picked":["Moonworks:IndiscriminateFireSupport","Moonworks:SakisCookie+1","Moonworks:BeyondHell","Moonworks:DeployBits"],"picked":"Moonworks:Assault+1","floor":35.0},{"not_picked":["Moonworks:SweetBattle","Moonworks:EvilSpyWorkPreparation+1","Moonworks:NicePresent","Moonworks:Dinner+1"],"picked":"Moonworks:CloudOfSeagulls","floor":37.0},{"not_picked":["Moonworks:ReproductionOfRecords","Moonworks:EvilSpyWorkPreparation","Moonworks:LulusLuckyEgg","Moonworks:Poppoformation"],"picked":"Moonworks:DeployBits+1","floor":38.0},{"not_picked":["Moonworks:EvilSpyWorkPreparation+1","Moonworks:BigMagnum","Moonworks:Flamethrower+1","Moonworks:BigBangBell"],"picked":"Moonworks:WindyEnchantment+1","floor":42.0},{"not_picked":["Moonworks:EvilSpyWorkPreparation+1","Moonworks:BigBangBell","Moonworks:DeployBits+1","Moonworks:SakisCookie"],"picked":"Moonworks:BindingChains+1","floor":43.0},{"not_picked":["Moonworks:IndiscriminateFireSupport","Moonworks:AngelHand+1","Moonworks:Gamble","Moonworks:Assault+1"],"picked":"Moonworks:UnpaidWork+1","floor":44.0},{"not_picked":["TH:EnergyPotion","TH:TreasureMap","TH:ArmorSpikes"],"picked":"TH:CursedSword","floor":45.0},{"not_picked":["Moonworks:MixPhenomenon+1","Moonworks:EvilSpyWorkPreparation+1","Moonworks:IndiscriminateFireSupport","Moonworks:BigMagnum"],"picked":"Moonworks:StiffCrystal+1","floor":46.0},{"not_picked":["TH:EnergyPotion","TH:TreasureMap","TH:BikiniMail"],"picked":"TH:CursedSword","floor":54.0},{"not_picked":["Moonworks:FinalBattle","Moonworks:Flamethrower","Moonworks:MixPhenomenon+1","Moonworks:HolyNight"],"picked":"Moonworks:JonathanRush+1","floor":54.0}],"player_experience":315408,"relics_obtained":[{"floor":1.0,"key":"SynthV:TestCard"},{"floor":8.0,"key":"Tiny Chest"},{"floor":9.0,"key":"conspire:TopHat"},{"floor":20.0,"key":"Bag of Marbles"},{"floor":24.0,"key":"conspire:Flyswatter"},{"floor":26.0,"key":"infinitespire:Eraser"},{"floor":29.0,"key":"Red Mask"},{"floor":31.0,"key":"Lantern"},{"floor":43.0,"key":"Shovel"},{"floor":45.0,"key":"Strawberry"},{"floor":54.0,"key":"halation:Toothbrush"}],"event_choices":[{"damage_healed":0.0,"max_hp_gain":0.0,"max_hp_loss":0.0,"gold_gain":0.0,"event_name":"NoteForYourself","player_choice":"Ignored","floor":2.0,"gold_loss":0.0,"damage_taken":0.0},{"damage_healed":0.0,"max_hp_gain":0.0,"max_hp_loss":0.0,"gold_gain":0.0,"event_name":"conspire:LoneGhost","player_choice":"Disagree","floor":5.0,"gold_loss":0.0,"damage_taken":0.0},{"damage_healed":0.0,"max_hp_gain":0.0,"max_hp_loss":0.0,"gold_gain":75.0,"event_name":"betterThird:BetterGoop","player_choice":"Gold","floor":12.0,"gold_loss":0.0,"damage_taken":11.0},{"damage_healed":0.0,"max_hp_gain":0.0,"max_hp_loss":0.0,"gold_gain":0.0,"event_name":"betterThird:BetterScrap","player_choice":"Relic ","floor":14.0,"gold_loss":0.0,"damage_taken":12.0,"cards_obtained":["Malaise"]},{"damage_healed":0.0,"max_hp_gain":0.0,"max_hp_loss":0.0,"gold_gain":0.0,"event_name":"Accursed Blacksmith","player_choice":"Rummage","floor":19.0,"gold_loss":0.0,"damage_taken":0.0,"relics_obtained":["WarpedTongs"],"cards_obtained":["Pain"]},{"damage_healed":0.0,"max_hp_gain":0.0,"max_hp_loss":0.0,"gold_gain":0.0,"event_name":"Masked Bandits","player_choice":"Fought Bandits","floor":29.0,"gold_loss":0.0,"damage_taken":0.0},{"damage_healed":0.0,"max_hp_gain":0.0,"max_hp_loss":0.0,"gold_gain":0.0,"event_name":"The Joust","player_choice":"Bet on Murderer","floor":30.0,"gold_loss":50.0,"damage_taken":0.0},{"cards_removed":["Moonworks:Ambush"],"damage_healed":0.0,"max_hp_gain":0.0,"max_hp_loss":0.0,"gold_gain":0.0,"event_name":"Falling","player_choice":"Removed Attack","floor":39.0,"gold_loss":0.0,"damage_taken":0.0},{"damage_healed":0.0,"max_hp_gain":0.0,"max_hp_loss":0.0,"gold_gain":0.0,"event_name":"The Woman in Blue","player_choice":"Bought 3 Potions","floor":48.0,"gold_loss":0.0,"damage_taken":0.0}],"is_beta":false,"boss_relics":[{"not_picked":["halation:ForbiddenBikini","conspire:RunicOctahedron"],"picked":"RhineSuit"},{"not_picked":["Velvet Choker","Sozu"],"picked":"EE1DDrone"}],"items_purged_floors":[53],"is_endless":false,"potions_floor_spawned":[1,7,11,16,18,21,29,35,38,44],"killed_by":"The Heart","ascension_level":0}}