{"host":"0bf1j2iyw2812bby","time":1611592376,"event":{"mods":["BaseMod","Colored Map","Downfall","Highlight Path","Minty Spire (QoL Compilation)","StSLib"],"gold_per_floor":[118,68,84,100,113,113,147,123,150,150,169,185,185,209,209,304,304,323,233,35,52,52,52,67,67,67],"floor_reached":25,"language":"ENG","playtime":1255,"items_purged":["Strike_B"],"score":233,"play_id":"e05d3913-b11d-437e-aa14-495e1a54f5d4","local_time":"20210125113256","is_ascension_mode":true,"campfire_choices":[{"data":"Streamline","floor":6,"key":"SMITH"},{"floor":10,"key":"REST"},{"data":"Dualcast","floor":13,"key":"SMITH"},{"data":"Turbo","floor":15,"key":"SMITH"},{"data":"Zap","floor":23,"key":"SMITH"}],"circlet_count":0,"master_deck":["Strike_B","Defend_B","Defend_B","Defend_B","Defend_B","Zap+1","Dualcast+1","Leap+1","Streamline+1","Self Repair","Coolheaded","Cold Snap","Coolheaded","Rainbow","Turbo+1","Machine Learning","Redo","Flash of Steel","Cold Snap"],"relics":["Cracked Core","Gambling Chip","PreservedInsect","Anchor","Odd Mushroom","Runic Pyramid"],"acts_visited":["Exordium","TheCity"],"potions_floor_usage":[16,16,24],"damage_taken":[{"damage":12,"enemies":"Small Slimes","floor":1,"turns":3},{"damage":0,"enemies":"2 Louse","floor":3,"turns":2},{"damage":1,"enemies":"Cultist","floor":4,"turns":3},{"damage":10,"enemies":"2 Fungi Beasts","floor":5,"turns":3},{"damage":36,"enemies":"Gremlin Nob","floor":7,"turns":4},{"damage":5,"enemies":"Red Slaver","floor":11,"turns":3},{"damage":7,"enemies":"3 Louse","floor":12,"turns":3},{"damage":17,"enemies":"The Mushroom Lair","floor":14,"turns":5},{"damage":9,"enemies":"The Guardian","floor":16,"turns":10},{"damage":5,"enemies":"Shell Parasite","floor":18,"turns":7},{"damage":15,"enemies":"3 Byrds","floor":21,"turns":4},{"damage":42,"enemies":"Centurion and Healer","floor":24,"turns":11},{"damage":0,"enemies":"Snake Plant","floor":25,"turns":1}],"seed_played":"5703611335195368822","potions_obtained":[{"floor":3,"key":"ColorlessPotion"},{"floor":5,"key":"SkillPotion"},{"floor":11,"key":"GamblersBrew"},{"floor":18,"key":"SkillPotion"}],"is_trial":false,"path_per_floor":["M","?","M","M","M","R","E","?","T","R","M","M","R","?","R","B",null,"M","?","$","M","$","R","M","M"],"character_chosen":"DEFECT","items_purchased":["Flash of Steel","Cold Snap"],"campfire_rested":1,"item_purchase_floors":[20,20],"current_hp_per_floor":[42,42,42,41,38,38,9,9,9,31,33,33,33,23,23,21,75,75,75,75,67,67,67,32,32,32],"gold":67,"neow_bonus":"ONE_RARE_RELIC","is_daily":false,"chose_seed":false,"campfire_upgraded":4,"win_rate":0.0,"timestamp":1611592376,"path_taken":["M","?","M","M","M","R","E","?","T","R","M","M","R","?","R","BOSS","M","?","$","M","?","R","M","M"],"items_purchased_type":["Card","Card"],"build_version":"2020-12-13","purchased_purges":1,"victory":false,"max_hp_per_floor":[75,75,75,75,75,75,75,75,75,75,75,75,75,75,75,75,75,75,75,75,75,75,75,75,75,75],"card_choices":[{"not_picked":["Rebound","Recycle"],"picked":"Leap","floor":1},{"not_picked":["Hologram","Leap"],"picked":"Streamline","floor":3},{"not_picked":["Gash","Lockon"],"picked":"Self Repair","floor":4},{"not_picked":["Stack","Leap"],"picked":"Coolheaded","floor":5},{"not_picked":["Force Field","Rip and Tear"],"picked":"Cold Snap","floor":7},{"not_picked":["Hologram","Go for the Eyes"],"picked":"Coolheaded","floor":11},{"not_picked":["Leap","Redo"],"picked":"Rainbow","floor":12},{"not_picked":["Steam Power","Genetic Algorithm"],"picked":"Turbo","floor":14},{"not_picked":["Amplify","Biased Cognition"],"picked":"Machine Learning","floor":16},{"not_picked":["Heatsinks+1","Hologram"],"picked":"Redo","floor":18},{"not_picked":["Glacier","Undo","Cold Snap"],"picked":"SKIP","floor":21},{"not_picked":["Compile Driver","Stack","Sunder"],"picked":"SKIP","floor":24}],"player_experience":389974,"relics_obtained":[{"floor":7,"key":"PreservedInsect"},{"floor":9,"key":"Anchor"},{"floor":14,"key":"Odd Mushroom"}],"event_choices":[{"cards_removed":["Strike_B"],"damage_healed":0,"gold_gain":0,"player_choice":"Card Removal","damage_taken":0,"max_hp_gain":0,"max_hp_loss":0,"event_name":"The Cleric","floor":2,"gold_loss":50},{"damage_healed":0,"gold_gain":0,"player_choice":"Left Gold","damage_taken":0,"max_hp_gain":0,"max_hp_loss":0,"event_name":"World of Goop","floor":8,"gold_loss":24},{"damage_healed":0,"gold_gain":0,"player_choice":"Fought Mushrooms","damage_taken":0,"max_hp_gain":0,"max_hp_loss":0,"event_name":"Mushrooms","floor":14,"gold_loss":0},{"cards_removed":["Strike_B"],"damage_healed":0,"gold_gain":0,"player_choice":"Upgrade and Remove","damage_taken":0,"max_hp_gain":0,"max_hp_loss":0,"event_name":"Designer","floor":19,"gold_loss":90,"cards_upgraded":["Leap"]}],"is_beta":false,"boss_relics":[{"not_picked":["bronze:MakeshiftBattery","Tiny House"],"picked":"Runic Pyramid"}],"items_purged_floors":[20],"is_endless":false,"potions_floor_spawned":[3,5,11,18],"killed_by":"Snake Plant","ascension_level":3}}