{"host":"o7j6aatxjwpw1421","time":1611588415,"event":{"mods":["2.2 Compatiblity","AchievementEnabler","BaseMod","Colored Map","DeckTracker","Highlight Path","Keyboard Shortcuts","Minty Spire (QoL Compilation)","Permanent Neow","Quick Restart","StSLib","SuperFastMode","everything is the same but u backflip on backflip"],"gold_per_floor":[113,126,126,161,181,181,195,245,245,245,245,260,185,205,205,301,301,319,234,71,346,207,207,242,255,255,255,56,56,67,87,87,159,159,176,176,213,63,109,109,138,178,229,229,229,229,300,125,125,125],"floor_reached":51,"language":"KOR","playtime":2945,"items_purged":["Defend_P","Regret","Strike_P","Strike_P+1","LessonLearned+1"],"score":1505,"play_id":"391065dd-ea55-4e07-8e9c-63bda7299877","local_time":"20210126002655","is_ascension_mode":true,"campfire_choices":[{"data":"Eruption","floor":6.0,"key":"SMITH"},{"data":"Adaptation","floor":11.0,"key":"SMITH"},{"data":"Tantrum","floor":15.0,"key":"SMITH"},{"data":"Adaptation","floor":23.0,"key":"SMITH"},{"data":"TalkToTheHand","floor":27.0,"key":"SMITH"},{"floor":32.0,"key":"REST"},{"floor":40.0,"key":"REST"},{"floor":46,"key":"REST"},{"data":"MentalFortress","floor":49,"key":"SMITH"}],"circlet_count":0,"master_deck":["AscendersBane","Defend_P+1","Defend_P+1","Eruption+1","Vigilance+1","FlurryOfBlows","BowlingBash+1","Wish+1","Tantrum+1","TalkToTheHand+1","EmptyFist+1","Adaptation+1","EmptyMind","MentalFortress+1","FearNoEvil","Omniscience+1","Dark Shackles"],"relics":["PureWater","Pocketwatch","Bronze Scales","Mummified Hand","Runic Pyramid","Ancient Tea Set","Medical Kit","Question Card","Ginger","Empty Cage","TungstenRod","Oddly Smooth Stone","White Beast Statue"],"acts_visited":["Exordium","TheCity","TheBeyond"],"potions_floor_usage":[42,47,50,50],"damage_taken":[{"damage":0.0,"enemies":"Cultist","floor":1.0,"turns":3.0},{"damage":2.0,"enemies":"Jaw Worm","floor":2.0,"turns":3.0},{"damage":0.0,"enemies":"Small Slimes","floor":4.0,"turns":3.0},{"damage":8.0,"enemies":"Blue Slaver","floor":5.0,"turns":4.0},{"damage":4.0,"enemies":"Exordium Thugs","floor":7.0,"turns":4.0},{"damage":0.0,"enemies":"Lagavulin","floor":8.0,"turns":4.0},{"damage":4.0,"enemies":"Exordium Wildlife","floor":12.0,"turns":2.0},{"damage":0.0,"enemies":"Blue Slaver","floor":14.0,"turns":1.0},{"damage":38.0,"enemies":"The Guardian","floor":16.0,"turns":13.0},{"damage":1.0,"enemies":"Chosen","floor":18.0,"turns":4.0},{"damage":0.0,"enemies":"Book of Stabbing","floor":24.0,"turns":3.0},{"damage":10.0,"enemies":"2 Thieves","floor":25.0,"turns":2.0},{"damage":7.0,"enemies":"Shelled Parasite and Fungi","floor":30.0,"turns":5.0},{"damage":20.0,"enemies":"Centurion and Healer","floor":31.0,"turns":3.0},{"damage":9.0,"enemies":"Collector","floor":33.0,"turns":8.0},{"damage":10.0,"enemies":"Orb Walker","floor":35.0,"turns":3.0},{"damage":5.0,"enemies":"3 Shapes","floor":37.0,"turns":3.0},{"damage":6.0,"enemies":"2 Orb Walkers","floor":39.0,"turns":3.0},{"damage":21.0,"enemies":"Reptomancer","floor":41.0,"turns":5.0},{"damage":17,"enemies":"Writhing Mass","floor":42,"turns":5},{"damage":0,"enemies":"Spire Growth","floor":47,"turns":4},{"damage":13,"enemies":"Donu and Deca","floor":50,"turns":4}],"seed_played":"813589487988662097","potions_obtained":[{"floor":2.0,"key":"Dexterity Potion"},{"floor":4.0,"key":"Weak Potion"},{"floor":18.0,"key":"DuplicationPotion"},{"floor":25.0,"key":"Strength Potion"},{"floor":35.0,"key":"Weak Potion"},{"floor":41.0,"key":"SkillPotion"},{"floor":42,"key":"Regen Potion"},{"floor":47,"key":"LiquidBronze"}],"is_trial":false,"path_per_floor":["M","M","?","M","M","R","M","E","T","?","R","M","$","M","R","B",null,"M","?","$","?","$","R","E","M","T","R","$","?","M","M","R","B",null,"M","?","M","$","?","R","E","M","T","?","T","R","M","$","R","B",null],"character_chosen":"WATCHER","items_purchased":["Medical Kit","Adaptation","MentalFortress"],"campfire_rested":3,"item_purchase_floors":[20,22,28],"current_hp_per_floor":[61,59,59,59,51,51,47,47,47,52,52,48,48,48,48,10,53,52,52,52,52,52,52,52,42,42,42,42,42,35,15,35,26,57,47,47,42,42,36,56,35,18,18,18,18,38,50,50,50,37],"gold":125,"neow_bonus":"ONE_RARE_RELIC","is_daily":false,"chose_seed":false,"campfire_upgraded":6,"win_rate":0.0,"timestamp":1611588415,"path_taken":["M","?","?","?","M","R","M","E","T","?","R","M","$","M","R","BOSS","M","?","$","?","$","R","E","?","T","R","$","?","M","M","R","BOSS","M","?","M","$","?","R","E","M","T","?","?","R","M","$","R","BOSS"],"items_purchased_type":["Relic","Card","Card"],"build_version":"2020-12-22","purchased_purges":5,"victory":true,"max_hp_per_floor":[62,62,62,62,62,62,62,62,62,67,67,67,67,67,67,67,67,67,67,67,67,67,67,67,67,67,67,67,67,67,67,67,67,67,67,67,67,67,67,67,67,67,67,67,67,67,67,67,67,67],"card_choices":[{"not_picked":["Protect","Crescendo"],"picked":"FlurryOfBlows","floor":1.0},{"not_picked":["Perseverance","FlyingSleeves"],"picked":"BowlingBash","floor":2.0},{"not_picked":["SashWhip","Study"],"picked":"Adaptation","floor":4.0},{"not_picked":["FollowUp","ClearTheMind","Study"],"picked":"SKIP","floor":5.0},{"not_picked":["FollowUp","ClearTheMind","Study"],"picked":"SKIP","floor":5.0},{"not_picked":["Protect","ReachHeaven"],"picked":"Tantrum","floor":7.0},{"not_picked":["ThirdEye","WindmillStrike"],"picked":"TalkToTheHand","floor":8.0},{"not_picked":["EmptyBody","PathToVictory","Evaluate"],"picked":"SKIP","floor":12.0},{"not_picked":["CutThroughFate","ThirdEye","Conclude"],"picked":"SKIP","floor":14.0},{"not_picked":["Alpha","Blasphemy"],"picked":"LessonLearned","floor":16.0},{"not_picked":["CutThroughFate","PathToVictory"],"picked":"EmptyFist","floor":18.0},{"not_picked":["Halt+1","ClearTheMind","EmptyFist"],"picked":"SKIP","floor":24.0},{"not_picked":["Evaluate","Wallop","JustLucky"],"picked":"EmptyMind","floor":25.0},{"not_picked":["CutThroughFate","Pray","EmptyBody","Nirvana"],"picked":"SKIP","floor":30.0},{"not_picked":["Prostrate","CutThroughFate+1","EmptyBody"],"picked":"FearNoEvil","floor":31.0},{"not_picked":["Devotion","Alpha","Ragnarok"],"picked":"Omniscience","floor":33.0},{"not_picked":["Halt+1","FollowUp","PathToVictory","FlyingSleeves+1"],"picked":"SKIP","floor":35.0},{"not_picked":["Perseverance","TalkToTheHand+1","Study","FollowUp"],"picked":"SKIP","floor":37.0},{"not_picked":["ThirdEye","LikeWater","LessonLearned","ForeignInfluence+1"],"picked":"SKIP","floor":41.0},{"not_picked":["WreathOfFlame","SashWhip","EmptyFist","Meditate"],"picked":"SKIP","floor":42},{"not_picked":["Good Instincts","HandOfGreed","Discovery"],"picked":"Dark Shackles","floor":44},{"not_picked":["Prostrate","Crescendo+1","ThirdEye","Consecrate"],"picked":"SKIP","floor":47}],"player_experience":619285,"relics_obtained":[{"floor":8.0,"key":"Bronze Scales"},{"floor":9.0,"key":"Mummified Hand"},{"floor":24.0,"key":"Question Card"},{"floor":26.0,"key":"Ginger"},{"floor":39.0,"key":"TungstenRod"},{"floor":43,"key":"Oddly Smooth Stone"},{"floor":45,"key":"White Beast Statue"}],"event_choices":[{"damage_healed":0.0,"max_hp_gain":0.0,"max_hp_loss":0.0,"gold_gain":0.0,"cards_transformed":["Strike_P"],"event_name":"Transmorgrifier","player_choice":"Transformed","floor":3.0,"gold_loss":0.0,"damage_taken":0.0,"cards_obtained":["Wish"]},{"damage_healed":0.0,"max_hp_gain":5.0,"max_hp_loss":0.0,"gold_gain":0.0,"event_name":"Big Fish","player_choice":"Donut","floor":10.0,"gold_loss":0.0,"damage_taken":0.0},{"damage_healed":0.0,"max_hp_gain":0.0,"max_hp_loss":0.0,"gold_gain":0.0,"event_name":"Addict","player_choice":"Obtained Relic","floor":19.0,"gold_loss":85.0,"damage_taken":0.0,"relics_obtained":["Ancient Tea Set"]},{"damage_healed":0.0,"max_hp_gain":0.0,"max_hp_loss":0.0,"gold_gain":275.0,"event_name":"Golden Shrine","player_choice":"Desecrate","floor":21.0,"gold_loss":0.0,"damage_taken":0.0,"cards_obtained":["Regret"]},{"damage_healed":0.0,"max_hp_gain":0.0,"max_hp_loss":0.0,"gold_gain":0.0,"event_name":"Vampires","player_choice":"Ignored","floor":29.0,"gold_loss":0.0,"damage_taken":0.0},{"cards_removed":["Adaptation"],"damage_healed":0.0,"max_hp_gain":0.0,"max_hp_loss":0.0,"gold_gain":0.0,"event_name":"Falling","player_choice":"Removed Power","floor":36.0,"gold_loss":0.0,"damage_taken":0.0},{"damage_healed":0.0,"max_hp_gain":0.0,"max_hp_loss":0.0,"gold_gain":0.0,"event_name":"Mysterious Sphere","player_choice":"Fight","floor":39.0,"gold_loss":0.0,"damage_taken":0.0},{"damage_healed":0,"gold_gain":0,"player_choice":"Memory 1","damage_taken":0,"max_hp_gain":0,"max_hp_loss":0,"event_name":"SensoryStone","floor":44,"gold_loss":0}],"is_beta":false,"boss_relics":[{"not_picked":["Philosopher\u0027s Stone","Fusion Hammer"],"picked":"Runic Pyramid"},{"not_picked":["HolyWater","Runic Dome"],"picked":"Empty Cage"}],"items_purged_floors":[13,22,28,38,48],"is_endless":false,"potions_floor_spawned":[2,4,5,18,25,35,41,42,47],"ascension_level":19}}