{"host":"5dhwd44u3dydylwe","time":1611535165,"event":{"mods":["AchievementEnabler","BaseMod","BetterRewards","Dota2Spire","Hubris","Minty Spire (QoL Compilation)","Shop Mod","StSLib","Wandering Minibosses"],"gold_per_floor":[110,172,191,204,220,248,248,260,330,345,372,435,435,445,445,543,543,555,582,596,596,614,614,642,642,667,685,701,719,462,496,496,591,591,601,601,621,621,631,408,440,168,168,168,168,185,195,228,228,228,228,228,20,45,45],"floor_reached":56,"language":"ENG","playtime":3191,"items_purged":["Strike_B","Strike_B","Defend_B","Strike_B+1","Zap"],"score":1786,"play_id":"f990a83f-ffea-4829-a596-ffb2ac73bac8","local_time":"20210125083925","is_ascension_mode":false,"campfire_choices":[{"data":"Defragment","floor":7.0,"key":"SMITH"},{"data":"Loop","floor":13.0,"key":"SMITH"},{"floor":15.0,"key":"REST"},{"data":"Loop","floor":23.0,"key":"SMITH"},{"data":"Hologram","floor":25.0,"key":"SMITH"},{"data":"Consume","floor":32.0,"key":"SMITH"},{"floor":45,"key":"RECALL"},{"data":"Defragment","floor":49,"key":"SMITH"},{"data":"Coolheaded","floor":52,"key":"SMITH"}],"circlet_count":0,"master_deck":["Defend_B","Defend_B","Defend_B","Dualcast","Loop+1","Core Surge","Hologram+1","Ball Lightning","Defragment+1","Loop+1","Leap","Glacier","Electrodynamics","Undo","Echo Form","Defragment+1","Go for the Eyes+1","Defragment+1","Echo Form","Consume+1","Coolheaded+1","Defragment+1","Self Repair+1","Redo","Blizzard+1"],"relics":["Cracked Core","hubris:CuriousFeather","Medical Kit","hubris:RGBLights","Dota2Spire:BattleFury","Dota2Spire:AghanimScepter","Strawberry","Membership Card","Bronze Scales","Cables","Bottled Tornado","Whetstone","Molten Egg 2","Inserter","Red Mask","hubris:Icosahedron","wanderingMiniBosses:AbyssPearl","hubris:Reverence","Art of War","HornCleat","Orrery","MealTicket","Dota2Spire:Bloodstone","hubris:Towel","Dota2Spire:PhaseBoots","Lee\u0027s Waffle","Letter Opener","Mummified Hand","hubris:SlimyHat","OrangePellets","Incense Burner","hubris:PeanutButter","Toy Ornithopter"],"acts_visited":["Exordium","TheCity","TheBeyond","TheEnding"],"potions_floor_usage":[55,55],"damage_taken":[{"damage":1.0,"enemies":"Jaw Worm","floor":1.0,"turns":2.0},{"damage":2.0,"enemies":"Small Slimes","floor":3.0,"turns":3.0},{"damage":0.0,"enemies":"2 Louse","floor":4.0,"turns":3.0},{"damage":1.0,"enemies":"2 Fungi Beasts","floor":5.0,"turns":6.0},{"damage":0.0,"enemies":"Lagavulin","floor":6.0,"turns":7.0},{"damage":1.0,"enemies":"3 Louse","floor":8.0,"turns":2.0},{"damage":5.0,"enemies":"Lots of Slimes","floor":10.0,"turns":2.0},{"damage":8.0,"enemies":"3 Sentries","floor":11.0,"turns":3.0},{"damage":3.0,"enemies":"3 Sentries","floor":12.0,"turns":4.0},{"damage":5.0,"enemies":"Exordium Thugs","floor":14.0,"turns":3.0},{"damage":0.0,"enemies":"The Guardian","floor":16.0,"turns":7.0},{"damage":0.0,"enemies":"3 Byrds","floor":18.0,"turns":3.0},{"damage":5.0,"enemies":"Masked Bandits","floor":19.0,"turns":4.0},{"damage":0.0,"enemies":"Shell Parasite","floor":20.0,"turns":5.0},{"damage":6.0,"enemies":"Centurion and Healer","floor":22.0,"turns":6.0},{"damage":0.0,"enemies":"Book of Stabbing","floor":24.0,"turns":5.0},{"damage":6.0,"enemies":"Snake Plant","floor":27.0,"turns":3.0},{"damage":0.0,"enemies":"Chosen and Byrds","floor":28.0,"turns":3.0},{"damage":6.0,"enemies":"3 Cultists","floor":29.0,"turns":3.0},{"damage":20.0,"enemies":"Slavers","floor":31.0,"turns":3.0},{"damage":9,"enemies":"hubris:MusketHawk","floor":33,"turns":6},{"damage":10,"enemies":"3 Shapes","floor":35,"turns":2},{"damage":6,"enemies":"3 Darklings","floor":37,"turns":4},{"damage":0,"enemies":"Transient","floor":39,"turns":5},{"damage":7,"enemies":"Nemesis","floor":41,"turns":7},{"damage":2,"enemies":"Writhing Mass","floor":46,"turns":3},{"damage":13,"enemies":"3 Darklings","floor":47,"turns":3},{"damage":2,"enemies":"Reptomancer","floor":48,"turns":5},{"damage":11,"enemies":"hubris:GrandSnecko","floor":50,"turns":7},{"damage":10,"enemies":"Shield and Spear","floor":54,"turns":3},{"damage":0,"enemies":"The Heart","floor":55,"turns":8}],"seed_played":"1785047506400602022","potions_obtained":[{"floor":1.0,"key":"FairyPotion"},{"floor":5.0,"key":"PotionOfCapacity"},{"floor":6.0,"key":"LiquidBronze"}],"is_trial":false,"path_per_floor":["M","?","M","M","M","E","R","M","T","M","E","?","R","M","R","B",null,"M","?","M","?","M","R","E","R","T","M","M","M","$","E","R","B",null,"M","?","M","?","M","$","E","$","T","?","R","M","M","E","R","B",null,"R","$","E","B",null],"character_chosen":"DEFECT","items_purchased":["hubris:CuriousFeather","Medical Kit","Loop","Core Surge","hubris:RGBLights","Hologram","Dota2Spire:BattleFury","Dota2Spire:AghanimScepter","Strawberry","Membership Card","Bronze Scales","Ball Lightning","Defragment","HornCleat","Orrery","Dota2Spire:PhaseBoots","Lee\u0027s Waffle","Mummified Hand","hubris:SlimyHat","OrangePellets","hubris:PeanutButter"],"campfire_rested":1,"item_purchase_floors":[0,0,0,0,0,0,0,0,0,0,0,0,0,30,30,40,40,42,42,42,53],"current_hp_per_floor":[34,34,32,32,31,31,31,30,30,25,17,14,14,9,33,33,82,82,77,77,77,71,71,71,71,71,65,65,59,59,62,62,53,82,72,72,66,66,66,89,82,89,89,89,89,89,86,89,89,89,89,89,89,79,89],"gold":45,"neow_bonus":"","is_daily":false,"chose_seed":false,"campfire_upgraded":7,"win_rate":0.0,"timestamp":1611535165,"path_taken":["M","?","M","M","M","E","R","M","T","M","E","?","R","M","R","BOSS","M","?","M","?","M","R","E","R","T","M","M","M","$","E","R","BOSS","M","?","?","?","M","$","E","$","T","?","R","?","M","E","R","BOSS","R","$","E","BOSS"],"items_purchased_type":["Relic","Relic","Card","Card","Relic","Card","Relic","Relic","Relic","Relic","Relic","Card","Card","Relic","Relic","Relic","Relic","Relic","Relic","Relic","Relic"],"build_version":"2020-12-22","purchased_purges":5,"victory":true,"max_hp_per_floor":[82,82,82,82,82,82,82,82,82,82,82,82,82,82,82,82,82,82,82,82,82,82,82,82,82,82,82,82,82,82,82,82,82,82,82,82,82,82,82,89,89,89,89,89,89,89,89,89,89,89,89,89,89,89,89],"card_choices":[{"not_picked":["Undo","Genetic Algorithm"],"picked":"Loop","floor":1.0},{"not_picked":["Hologram","Ball Lightning","Sweeping Beam"],"picked":"SKIP","floor":3.0},{"not_picked":["Streamline","Beam Cell"],"picked":"Leap","floor":4.0},{"not_picked":["hubris:Ukulele","Chaos"],"picked":"Glacier","floor":5.0},{"not_picked":["Chill","Conserve Battery","Reinforced Body"],"picked":"SKIP","floor":6.0},{"not_picked":["Scrape","Consume","Rip and Tear"],"picked":"SKIP","floor":8.0},{"not_picked":["Reprogram","Steam","Storm"],"picked":"SKIP","floor":10.0},{"not_picked":["hubris:SpecializedCircuitry","Consume"],"picked":"Electrodynamics","floor":11.0},{"not_picked":["Leap","Steam","Reprogram"],"picked":"SKIP","floor":14.0},{"not_picked":["Steam","Sweeping Beam+1","Beam Cell+1"],"picked":"SKIP","floor":18.0},{"not_picked":["Gash+1","Ball Lightning+1"],"picked":"Undo","floor":19.0},{"not_picked":["Streamline+1","Heatsinks"],"picked":"Echo Form","floor":20.0},{"not_picked":["Cold Snap+1","Genetic Algorithm"],"picked":"Defragment+1","floor":22.0},{"not_picked":["hubris:SpecializedCircuitry","Static Discharge+1","Steam Power+1"],"picked":"SKIP","floor":24.0},{"not_picked":["Tempest+1","Darkness+1","Streamline+1"],"picked":"SKIP","floor":27.0},{"not_picked":["Undo","Leap"],"picked":"Go for the Eyes+1","floor":28.0},{"not_picked":["Recycle+1","Conserve Battery","Sunder+1"],"picked":"SKIP","floor":29.0},{"not_picked":["Leap","Blizzard+1"],"picked":"Defragment","floor":30.0},{"not_picked":["Redo","Reprogram+1"],"picked":"Echo Form","floor":30.0},{"not_picked":["Redo","Compile Driver+1"],"picked":"Consume","floor":30.0},{"not_picked":["Defragment","Sweeping Beam+1","Leap"],"picked":"SKIP","floor":31.0},{"not_picked":["Gash+1","Static Discharge"],"picked":"Coolheaded","floor":35},{"not_picked":["Redo+1","Streamline+1"],"picked":"Defragment+1","floor":37},{"not_picked":["Sweeping Beam+1","Ball Lightning+1","Chaos"],"picked":"SKIP","floor":39},{"not_picked":["Sweeping Beam+1","Scrape+1"],"picked":"Self Repair+1","floor":41},{"not_picked":["Blizzard+1","Darkness","Aggregate+1"],"picked":"SKIP","floor":46},{"not_picked":["Static Discharge+1","Redo","Turbo+1"],"picked":"SKIP","floor":47},{"not_picked":["Lockon+1","Streamline+1","Sweeping Beam+1"],"picked":"SKIP","floor":48},{"not_picked":["Storm","Amplify","Streamline+1"],"picked":"SKIP","floor":54}],"player_experience":101204,"relics_obtained":[{"floor":6.0,"key":"Cables"},{"floor":9.0,"key":"Bottled Tornado"},{"floor":11.0,"key":"Whetstone"},{"floor":12.0,"key":"Molten Egg 2"},{"floor":19.0,"key":"Red Mask"},{"floor":22.0,"key":"wanderingMiniBosses:AbyssPearl"},{"floor":24.0,"key":"hubris:Reverence"},{"floor":26.0,"key":"Art of War"},{"floor":31.0,"key":"MealTicket"},{"floor":41,"key":"Letter Opener"},{"floor":48,"key":"Incense Burner"},{"floor":54,"key":"Toy Ornithopter"}],"event_choices":[{"damage_healed":0.0,"max_hp_gain":0.0,"max_hp_loss":0.0,"gold_gain":62.0,"event_name":"Golden Wing","player_choice":"Gained Gold","floor":2.0,"gold_loss":0.0,"damage_taken":0.0},{"damage_healed":0.0,"max_hp_gain":0.0,"max_hp_loss":0.0,"gold_gain":30.0,"event_name":"Dead Adventurer","player_choice":"Searched \u00273\u0027 times","floor":12.0,"gold_loss":0.0,"damage_taken":0.0},{"damage_healed":0.0,"max_hp_gain":0.0,"max_hp_loss":0.0,"gold_gain":0.0,"event_name":"Masked Bandits","player_choice":"Fought Bandits","floor":19.0,"gold_loss":0.0,"damage_taken":0.0},{"cards_removed":["Strike_B"],"damage_healed":0,"gold_gain":0,"player_choice":"Purged","damage_taken":0,"max_hp_gain":0,"max_hp_loss":0,"event_name":"Purifier","floor":36,"gold_loss":0},{"damage_healed":0,"gold_gain":0,"player_choice":"2 cards matched","damage_taken":0,"max_hp_gain":0,"max_hp_loss":0,"event_name":"Match and Keep!","floor":44,"gold_loss":0,"cards_obtained":["Redo","Blizzard"]}],"is_beta":false,"boss_relics":[{"not_picked":["SlaversCollar","SacredBark"],"picked":"Inserter"},{"not_picked":["Fusion Hammer","Runic Pyramid"],"picked":"Dota2Spire:Bloodstone"}],"items_purged_floors":[0,0,30,40,53],"is_endless":false,"potions_floor_spawned":[1,5,6,12,14,18,22,24,27,33,41,47],"ascension_level":0}}