{"host":"50per11302020","time":1611533326,"event":{"mods":["AchievementEnabler","BaseMod","Colored Map","Minty Spire (QoL Compilation)","Relic Stats","StSLib"],"gold_per_floor":[117,129,149,149,159,159,215,215,215,215,230,230,242,277,277,378,378,397,397,416,427,447,447,465,465,465,465,483,184,201,226,226,329,329,347,273,273,292,319,319,337,352,352,352,71,71,71,86,86,86],"floor_reached":51,"language":"ENG","playtime":5131,"items_purged":["Strike_P","Defend_P"],"score":646,"play_id":"3061db5b-4217-4150-a488-b857f981c9a6","local_time":"20210124160846","is_ascension_mode":false,"campfire_choices":[{"data":"BattleHymn","floor":6.0,"key":"SMITH"},{"floor":8.0,"key":"REST"},{"data":"Establishment","floor":12.0,"key":"SMITH"},{"floor":15.0,"key":"REST"},{"floor":23,"key":"REST"},{"floor":25,"key":"REST"},{"floor":27,"key":"REST"},{"floor":32,"key":"REST"},{"floor":40,"key":"REST"},{"floor":46,"key":"REST"},{"data":"SashWhip","floor":49,"key":"SMITH"}],"circlet_count":0,"master_deck":["Strike_P+1","Strike_P+1","Defend_P","Defend_P+1","Defend_P+1","Eruption+1","Vigilance+1","Consecrate","BattleHymn+1","JustLucky+1","BattleHymn+1","Establishment+1","WaveOfTheHand+1","LikeWater+1","LessonLearned+1","FearNoEvil+1","LessonLearned+1","InnerPeace+1","Scrawl","Study+1","LikeWater+1","Evaluate+1","Evaluate+1","Vault+1","MasterReality","CurseOfTheBell","JustLucky+1","TalkToTheHand+1","SashWhip+1","FollowUp+1"],"relics":["PureWater","Pocketwatch","Lantern","Kunai","Singing Bowl","Sozu","Happy Flower","Membership Card","TungstenRod","Calling Bell","Boot","Pantograph","Torii","Damaru","Toy Ornithopter","Shuriken","HornCleat","Orrery"],"acts_visited":["Exordium","TheCity","TheBeyond"],"potions_floor_usage":[50,50],"damage_taken":[{"damage":2.0,"enemies":"Jaw Worm","floor":1.0,"turns":4.0},{"damage":1.0,"enemies":"2 Louse","floor":2.0,"turns":2.0},{"damage":0.0,"enemies":"Small Slimes","floor":3.0,"turns":5.0},{"damage":3.0,"enemies":"Red Slaver","floor":5.0,"turns":4.0},{"damage":14.0,"enemies":"Gremlin Nob","floor":7.0,"turns":4.0},{"damage":5.0,"enemies":"Looter","floor":11.0,"turns":3.0},{"damage":12.0,"enemies":"Exordium Thugs","floor":13.0,"turns":2.0},{"damage":2.0,"enemies":"3 Sentries","floor":14.0,"turns":3.0},{"damage":9.0,"enemies":"Slime Boss","floor":16.0,"turns":7.0},{"damage":1.0,"enemies":"3 Byrds","floor":18.0,"turns":5.0},{"damage":0.0,"enemies":"Spheric Guardian","floor":20.0,"turns":3.0},{"damage":19,"enemies":"Centurion and Healer","floor":21,"turns":6},{"damage":26,"enemies":"Shelled Parasite and Fungi","floor":22,"turns":4},{"damage":30,"enemies":"Snake Plant","floor":24,"turns":3},{"damage":23,"enemies":"Centurion and Healer","floor":28,"turns":6},{"damage":4,"enemies":"Snecko","floor":30,"turns":5},{"damage":35,"enemies":"Gremlin Leader","floor":31,"turns":6},{"damage":1,"enemies":"Automaton","floor":33,"turns":10},{"damage":27,"enemies":"3 Darklings","floor":35,"turns":6},{"damage":5,"enemies":"3 Shapes","floor":38,"turns":6},{"damage":6,"enemies":"Writhing Mass","floor":41,"turns":7},{"damage":9,"enemies":"4 Shapes","floor":42,"turns":8},{"damage":0,"enemies":"3 Darklings","floor":48,"turns":7},{"damage":15,"enemies":"Time Eater","floor":50,"turns":10}],"seed_played":"-8995187053970239143","potions_obtained":[{"floor":1.0,"key":"Weak Potion"},{"floor":7.0,"key":"LiquidBronze"},{"floor":11.0,"key":"Weak Potion"},{"floor":13.0,"key":"Strength Potion"}],"is_trial":false,"path_per_floor":["M","M","M","?","M","R","?","R","T","?","M","R","M","E","R","B",null,"M","?","M","M","M","R","M","R","T","R","M","$","M","E","R","B",null,"M","$","?","M","T","R","M","M","T","?","$","R","?","M","R","B",null],"character_chosen":"WATCHER","items_purchased":["Membership Card","LikeWater","Evaluate","Trip","Damaru","HornCleat","Orrery","SashWhip"],"campfire_rested":8,"item_purchase_floors":[29,29,29,29,36,45,45,45],"current_hp_per_floor":[77,76,76,51,48,48,34,57,57,57,52,52,40,38,61,52,79,78,78,80,63,37,61,31,55,55,79,56,56,52,17,41,40,83,58,58,58,55,55,81,75,68,68,68,76,97,97,97,97,82],"gold":86,"neow_bonus":"TEN_PERCENT_HP_BONUS","is_daily":false,"chose_seed":false,"campfire_upgraded":3,"win_rate":0.0,"timestamp":1611533326,"path_taken":["M","M","M","?","M","R","?","R","T","?","?","R","M","E","R","BOSS","M","?","M","M","M","R","M","R","T","R","M","$","M","E","R","BOSS","M","$","?","M","?","R","M","M","T","?","$","R","?","?","R","BOSS"],"items_purchased_type":["Relic","Card","Card","Card","Relic","Relic","Relic","Card"],"build_version":"2020-12-18","purchased_purges":2,"victory":true,"max_hp_per_floor":[79,79,79,79,79,79,79,79,79,79,79,79,79,79,79,79,79,79,79,81,83,83,83,83,83,83,83,83,83,83,83,83,83,83,85,85,85,87,87,87,87,89,89,89,97,97,97,97,97,97],"relic_stats":{"Singing Bowl":18,"Happy Flower":[23],"Torii":10,"counters":[24,126],"Boot":[9],"Sozu":6,"Shuriken":[12],"Pantograph":0,"Kunai":[59],"obtain_stats":[{"Lantern":7,"Singing Bowl":14,"Happy Flower":26,"Torii":34,"Damaru":36,"Boot":34,"Sozu":17,"Calling Bell":34,"HornCleat":45,"Shuriken":43,"Pantograph":34,"Orrery":45,"Kunai":9,"Membership Card":29,"PureWater":0,"TungstenRod":31,"Toy Ornithopter":39,"Pocketwatch":4},{"Lantern":5,"Singing Bowl":8,"Happy Flower":14,"Torii":18,"Damaru":19,"Boot":18,"Sozu":9,"Calling Bell":18,"HornCleat":22,"Shuriken":22,"Pantograph":18,"Orrery":22,"Kunai":5,"Membership Card":15,"PureWater":0,"TungstenRod":17,"Toy Ornithopter":20,"Pocketwatch":3},{"Lantern":19,"Singing Bowl":27,"Happy Flower":55,"Torii":82,"Damaru":88,"Boot":82,"Sozu":34,"Calling Bell":82,"HornCleat":109,"Shuriken":109,"Pantograph":82,"Orrery":109,"Kunai":19,"Membership Card":61,"PureWater":0,"TungstenRod":72,"Toy Ornithopter":94,"Pocketwatch":11}],"TungstenRod":15,"Toy Ornithopter":0,"Pocketwatch":[28]},"card_choices":[{"not_picked":["Evaluate","CrushJoints"],"picked":"Consecrate","floor":1.0},{"not_picked":["JustLucky","Indignation"],"picked":"BattleHymn","floor":2.0},{"not_picked":["EmptyBody","Indignation"],"picked":"JustLucky","floor":3.0},{"not_picked":["SashWhip","BowlingBash","Evaluate"],"picked":"SKIP","floor":5.0},{"not_picked":["FearNoEvil","ClearTheMind"],"picked":"BattleHymn","floor":7.0},{"not_picked":["Protect","Consecrate"],"picked":"Establishment","floor":11.0},{"not_picked":["Sanctity","CrushJoints"],"picked":"WaveOfTheHand","floor":13.0},{"not_picked":["Study","Fasting2"],"picked":"LikeWater","floor":14.0},{"not_picked":["MasterReality","ConjureBlade"],"picked":"LessonLearned","floor":16.0},{"not_picked":["WreathOfFlame","WindmillStrike+1"],"picked":"FearNoEvil","floor":18.0},{"not_picked":["Meditate","Fasting2","BattleHymn+1"],"picked":"Singing Bowl","floor":20.0},{"not_picked":["PathToVictory","SandsOfTime","Adaptation+1"],"picked":"SKIP","floor":21},{"not_picked":["PathToVictory","SandsOfTime","Adaptation+1"],"picked":"Singing Bowl","floor":21},{"not_picked":["Consecrate+1","ClearTheMind"],"picked":"InnerPeace+1","floor":22},{"not_picked":["BowlingBash","EmptyFist"],"picked":"Scrawl","floor":24},{"not_picked":["Conclude","FlurryOfBlows+1"],"picked":"Study","floor":28},{"not_picked":["Tantrum","EmptyFist"],"picked":"Evaluate+1","floor":30},{"not_picked":["FlyingSleeves","BattleHymn"],"picked":"Vault","floor":31},{"not_picked":["Ragnarok","DeusExMachina"],"picked":"MasterReality","floor":33},{"not_picked":["Conclude+1","FlurryOfBlows+1","CutThroughFate+1"],"picked":"Singing Bowl","floor":35},{"not_picked":["Halt","Conclude+1","Fasting2+1"],"picked":"Singing Bowl","floor":38},{"not_picked":["EmptyFist","Protect"],"picked":"JustLucky+1","floor":41},{"not_picked":["Ragnarok","SashWhip","JustLucky+1"],"picked":"Singing Bowl","floor":42},{"not_picked":["SashWhip","FlurryOfBlows"],"picked":"TalkToTheHand+1","floor":45},{"not_picked":["Protect","SignatureMove","PathToVictory+1"],"picked":"Singing Bowl","floor":45},{"not_picked":["Halt","EmptyBody","CrushJoints+1"],"picked":"Singing Bowl","floor":45},{"not_picked":["WreathOfFlame","Consecrate+1","Protect+1"],"picked":"Singing Bowl","floor":45},{"not_picked":["SashWhip","PathToVictory+1","Protect"],"picked":"Singing Bowl","floor":45},{"not_picked":["CrushJoints","Collect+1"],"picked":"FollowUp+1","floor":48}],"player_experience":364622,"relics_obtained":[{"floor":7.0,"key":"Lantern"},{"floor":9.0,"key":"Kunai"},{"floor":14.0,"key":"Singing Bowl"},{"floor":26,"key":"Happy Flower"},{"floor":31,"key":"TungstenRod"},{"floor":34,"key":"Boot"},{"floor":34,"key":"Pantograph"},{"floor":34,"key":"Torii"},{"floor":39,"key":"Toy Ornithopter"},{"floor":43,"key":"Shuriken"}],"event_choices":[{"damage_healed":0.0,"max_hp_gain":0.0,"max_hp_loss":0.0,"gold_gain":0.0,"event_name":"Scrap Ooze","player_choice":"Success","floor":4.0,"gold_loss":0.0,"damage_taken":25.0,"relics_obtained":["Pocketwatch"]},{"damage_healed":0.0,"max_hp_gain":0.0,"max_hp_loss":0.0,"gold_gain":0.0,"event_name":"Dead Adventurer","player_choice":"Searched \u00271\u0027 times","floor":7.0,"gold_loss":0.0,"damage_taken":0.0},{"damage_healed":0.0,"max_hp_gain":0.0,"max_hp_loss":0.0,"gold_gain":0.0,"event_name":"Upgrade Shrine","player_choice":"Upgraded","floor":10.0,"gold_loss":0.0,"damage_taken":0.0,"cards_upgraded":["Eruption"]},{"damage_healed":0.0,"max_hp_gain":0.0,"max_hp_loss":0.0,"gold_gain":0.0,"event_name":"Duplicator","player_choice":"Copied","floor":19.0,"gold_loss":0.0,"damage_taken":0.0,"cards_obtained":["LessonLearned"]},{"damage_healed":0,"gold_gain":0,"player_choice":"Ignored","damage_taken":0,"max_hp_gain":0,"max_hp_loss":0,"event_name":"Tomb of Lord Red Mask","floor":37,"gold_loss":0},{"cards_removed":["Trip"],"damage_healed":0,"gold_gain":0,"player_choice":"Removed Skill","damage_taken":0,"max_hp_gain":0,"max_hp_loss":0,"event_name":"Falling","floor":44,"gold_loss":0},{"cards_removed":["Strike_P"],"damage_healed":0,"gold_gain":0,"player_choice":"Purged","damage_taken":0,"max_hp_gain":0,"max_hp_loss":0,"event_name":"Purifier","floor":47,"gold_loss":0}],"is_beta":true,"boss_relics":[{"not_picked":["Tiny House","Runic Pyramid"],"picked":"Sozu"},{"not_picked":["Snecko Eye","Astrolabe"],"picked":"Calling Bell"}],"items_purged_floors":[29,45],"is_endless":false,"potions_floor_spawned":[1,7,11,13,21,22,28,38,42,48],"ascension_level":0}}