{"host":"0iey8v53xvwqxh5z","time":1611548932,"event":{"mods":["BaseMod","BetterRewards","Hermit","Hubris","Minty Spire (QoL Compilation)","Relic Stats","Replay The Spire","Shop Mod","StSLib","The Cursed"],"gold_per_floor":[109,123,123,123,139,139,171,182,182,216,216,250,150,178,178,280,280,292,310,310,125,143,170,170,170,197,197,222,222,239,264,224,328,328,344,344,394,394,407,432,61,113,159,190,190,190,190,190,190,190,190,190,347,379,479],"floor_reached":56,"language":"ENG","playtime":2796,"items_purged":["TheCursedMod:Strike_TheCursed","TheCursedMod:Strike_TheCursed"],"score":2028,"play_id":"aaf21b51-a527-443d-b343-e3f6a0dbb750","local_time":"20210124232852","is_ascension_mode":true,"campfire_choices":[{"data":"TheCursedMod:LuckyCharm","floor":6,"key":"SMITH"},{"data":"TheCursedMod:LuckyCharm","floor":11,"key":"SMITH"},{"floor":15,"key":"DIG"},{"data":"TheCursedMod:VoidForm","floor":24,"key":"SMITH"},{"data":"TheCursedMod:LuckyCharm","floor":27,"key":"SMITH"},{"floor":47,"key":"RECALL"},{"floor":49,"key":"DIG"},{"data":"TheCursedMod:LuckyCharm","floor":52,"key":"SMITH"}],"circlet_count":0,"master_deck":["TheCursedMod:Strike_TheCursed+1","TheCursedMod:Strike_TheCursed+1","TheCursedMod:Defend_TheCursed+1","TheCursedMod:Defend_TheCursed+1","TheCursedMod:Defend_TheCursed+1","TheCursedMod:Defend_TheCursed+1","TheCursedMod:CursedWand","TheCursedMod:CleanUpWorkshop+1","TheCursedMod:Dregs","TheCursedMod:SpitefulPlan+1","TheCursedMod:SpitefulPlan","TheCursedMod:RapidMovement","TheCursedMod:Obscuration","TheCursedMod:LuckyCharm+1","TheCursedMod:CursedMace","TheCursedMod:CursedBlade+1","TheCursedMod:CursedStaff+1","TheCursedMod:StunningStrike+1","TheCursedMod:ReleasedStrength+1","TheCursedMod:CursedAmulet","TheCursedMod:LuckyCharm+1","TheCursedMod:CursedBoomerang+1","TheCursedMod:HellsGateOpen","CommonCold","TheCursedMod:SmokeScreen","TheCursedMod:CursedBlade+1","ReplayTheSpireMod:Splinters","TheCursedMod:LuckyCharm+1","TheCursedMod:SoulCrush+1","TheCursedMod:VoidForm+1","TheCursedMod:ManaBullet+1","TheCursedMod:SurpriseAttack+1","TheCursedMod:SurpriseAttack+1","TheCursedMod:SurpriseAttack+1","TheCursedMod:CursedMace+1","TheCursedMod:ForbiddenAlchemy","TheCursedMod:Obscuration+1","TheCursedMod:CursedShiv+1","TheCursedMod:AshesToAshes+1","TheCursedMod:SpitefulPray","TheCursedMod:Grudge+1","TheCursedMod:LuckyCharm+1","TheCursedMod:SpitefulPlan"],"relics":["TheCursedMod:BlackMagic101","hubris:SlimyHat","Replay:Multitool","Meat on the Bone","hubris:MedicalManual","Lantern","Du-Vu Doll","Molten Egg 2","Blood Vial","Orrery","Mango","Lee\u0027s Waffle","Anchor","Counterbalance","ReplayTheSpireMod:Ring of Challenge","ReplayTheSpireMod:Ring of Addiction","SacredBark","hubris:EmptyBottle","Chameleon Ring","Whetstone","StoneCalendar","HornCleat","TheCursedMod:CrystalBall","Eternal Feather","Runic Dome","Frozen Eye","Replay:Baseball","CaptainsWheel","MealTicket","hubris:Stopwatch","hubris:Icosahedron","Unceasing Top","hubris:Towel","Centennial Puzzle","hubris:Potato","hubris:CuriousFeather","TheCursedMod:Tack","Juzu Bracelet","War Paint","Toy Ornithopter","hubris:NiceRug","Chemical X","Replay:Bottled Steam","Boot"],"acts_visited":["Exordium","TheCity","TheBeyond","TheEnding"],"potions_floor_usage":[7,12,14,16,19,22,28,31,33,40,40,40,40,40,40,50,50,53,53,53,53,53,53,53,54,55,55,55,55,55,55,55,55,55,55,55,55,55,55,55,55,55,55,55,55,55,55,55],"damage_taken":[{"damage":0,"enemies":"Small Slimes","floor":1,"turns":2},{"damage":0,"enemies":"2 Louse","floor":2,"turns":2},{"damage":0,"enemies":"Cultist","floor":5,"turns":2},{"damage":0,"enemies":"3 Sentries","floor":7,"turns":5},{"damage":0,"enemies":"2 Fungi Beasts","floor":8,"turns":2},{"damage":0,"enemies":"Lagavulin","floor":12,"turns":5},{"damage":0,"enemies":"3 Sentries","floor":14,"turns":2},{"damage":0,"enemies":"Fading Forest","floor":16,"turns":12},{"damage":0,"enemies":"Spheric Guardian","floor":18,"turns":1},{"damage":0,"enemies":"2 Thieves","floor":19,"turns":2},{"damage":0,"enemies":"3 Cultists","floor":22,"turns":3},{"damage":17,"enemies":"Gremlin Leader","floor":23,"turns":5},{"damage":2,"enemies":"Slavers","floor":28,"turns":2},{"damage":0,"enemies":"Snake Plant","floor":30,"turns":2},{"damage":2,"enemies":"Gremlin Leader","floor":31,"turns":3},{"damage":13,"enemies":"hubris:MusketHawk","floor":33,"turns":6},{"damage":0,"enemies":"Orb Walker","floor":35,"turns":2},{"damage":3,"enemies":"Mind Bloom Boss Battle","floor":37,"turns":6},{"damage":0,"enemies":"3 Darklings","floor":39,"turns":2},{"damage":0,"enemies":"Nemesis","floor":40,"turns":6},{"damage":1,"enemies":"2 Orb Walkers","floor":42,"turns":4},{"damage":0,"enemies":"R_Hoarder","floor":44,"turns":5},{"damage":4,"enemies":"Donu and Deca","floor":50,"turns":6},{"damage":60,"enemies":"hubris:Merchant","floor":53,"turns":8},{"damage":7,"enemies":"Shield and Spear","floor":54,"turns":6},{"damage":0,"enemies":"The Heart","floor":55,"turns":6}],"seed_played":"-6358585774602007488","potions_obtained":[{"floor":1,"key":"SkillPotion"},{"floor":3,"key":"SteroidPotion"},{"floor":3,"key":"AttackPotion"},{"floor":4,"key":"Fire Potion"},{"floor":16,"key":"GamblersBrew"},{"floor":28,"key":"EntropicBrew"},{"floor":31,"key":"SpeedPotion"},{"floor":39,"key":"SpeedPotion"}],"is_trial":false,"path_per_floor":["M","M","?","?","M","R","E","M","T","?","R","E","$","E","R","B",null,"M","M","?","$","M","E","R","T","T","R","E","?","M","E","R","B",null,"M","?","?","?","M","E","$","?","T","E","R","?","R","?","R","B",null,"R","$","E","B",null],"character_chosen":"THE_CURSED","items_purchased":["hubris:SlimyHat","TheCursedMod:SpitefulPlan","TheCursedMod:RapidMovement","TheCursedMod:Obscuration","TheCursedMod:LuckyCharm","Meat on the Bone","Lantern","TheCursedMod:CursedMace","Molten Egg 2","Blood Vial","Orrery","TheCursedMod:LuckyCharm","Lee\u0027s Waffle","Anchor","TheCursedMod:CursedBoomerang+1","TheCursedMod:SurpriseAttack+1","Frozen Eye","hubris:Potato","TheCursedMod:SpitefulPray","Toy Ornithopter"],"campfire_rested":0,"item_purchase_floors":[0,0,0,0,0,0,0,0,0,0,0,0,0,0,0,21,21,41,41,53],"current_hp_per_floor":[96,96,96,96,96,96,94,94,94,94,92,92,92,92,92,92,92,92,92,92,92,92,75,92,92,90,90,88,88,90,88,90,77,90,90,90,85,85,87,86,86,85,85,84,84,84,82,78,78,72,76,76,43,43,76],"gold":479,"neow_bonus":"","is_daily":false,"chose_seed":false,"campfire_upgraded":5,"win_rate":0.0,"timestamp":1611548932,"path_taken":["M","M","?","?","M","R","E","?","T","?","R","E","?","E","R","BOSS","M","M","?","$","M","E","R","?","T","R","E","?","M","E","R","BOSS","M","?","?","?","M","E","$","?","T","E","R","?","R","?","R","BOSS","R","$","E","BOSS"],"items_purchased_type":["Relic","Card","Card","Card","Card","Relic","Relic","Card","Relic","Relic","Relic","Card","Relic","Relic","Card","Card","Relic","Relic","Card","Relic"],"build_version":"2020-12-22","purchased_purges":2,"victory":true,"max_hp_per_floor":[96,96,96,96,96,96,94,94,94,94,92,92,92,92,92,92,92,92,92,92,92,92,92,92,92,90,90,90,90,90,90,90,90,90,90,90,88,88,88,86,86,86,86,84,84,84,82,78,78,76,76,76,76,76,76],"relic_stats":{"Lee\u0027s Waffle":233,"counters":[533,2712],"StoneCalendar":[130],"Eternal Feather":19,"Juzu Bracelet":1,"Whetstone":["TheCursedMod:Strike_TheCursed","TheCursedMod:Wield","TheCursedMod:Strike_TheCursed","TheCursedMod:Strike_TheCursed"],"War Paint":["TheCursedMod:RapidMovement","TheCursedMod:Defend_TheCursed","TheCursedMod:FleshFromBone","TheCursedMod:Grudge","TheCursedMod:AshesToAshes","TheCursedMod:ReleasedStrength"],"Boot":[0],"Blood Vial":8,"Centennial Puzzle":[14],"MealTicket":0,"Chemical X":[0],"obtain_stats":[{"Replay:Accelerometer":42,"hubris:MysteriousPyramids":42,"Sling":53,"Ring of Searing":46,"Blood Vial":25,"Replay:Wanted Poster":38,"hubris:HerbalPaste":53,"hubris:AstralHammer":44,"Fusion Hammer":17,"HandDrill":57,"Replay:Bottled Steam":36,"TheCursedMod:BlackMagic101":0,"MerchantsRug":19,"Eternal Feather":23,"Pen Nib":31,"Bird Faced Urn":14,"ReplayTheSpireMod:Ring of Collecting":2,"Unceasing Top":0,"hubris:Reverence":54,"Regal Pillow":6,"Torii":0,"GremlinMask":29,"hubris:EmptyBottle":0,"Ancient Tea Set":44,"Pet Ghost":10,"hubris:Backtick":17,"Toolbox":3,"hubris:CuriousFeather":0,"Chemical X":0,"Replay:Bottled Eggs":28,"InkBottle":40,"Potion Belt":45,"Lee\u0027s Waffle":0,"Golden Idol":3,"hubris:64BitClover":28,"PreservedInsect":26,"Ring of Greed":5,"hubris:Towel":37,"Replay:Arrowhead":0,"hubris:Spice":0,"Ornamental Fan":0,"Ring of Misfortune":20,"Garlic":26,"Durian":9,"hubris:BottledRain":9,"Ice Cream":39,"Calipers":0,"Gremlin Horn":20,"Nilry\u0027s Codex":19,"hubris:VirtuousBlindfold":34,"hubris:TerracottaHorce":19,"Centennial Puzzle":8,"Honey Jar":0,"Philosopher\u0027s Stone":17,"Iron Hammer":0,"Girya":26,"hubris:Teleporter":13,"hubris:DuctTape":57,"ReplayTheSpireMod:CursedCoin":0,"Ring of Chaos":34,"WarpedTongs":2,"hubris:Zylophone":0,"Du-Vu Doll":0,"OrangePellets":0,"hubris:PeanutButter":9,"Onion Ring":54,"Mirror":38,"Pocketwatch":0,"Juzu Bracelet":42,"Empty Cage":34,"Dream Catcher":6,"Nunchaku":53,"hubris:Icosahedron":9,"Chameleon Ring":11,"hubris:Stopwatch":34,"Red Mask":21,"Replay:Bottled Snecko":28,"hubris:MedicalManual":42,"Replay:WaspNest":53,"Odd Mushroom":10,"Medical Kit":0,"Mercury Hourglass":0,"Strange Spoon":0,"Cauldron":53,"Pondfish Scales":14,"hubris:BundleOfHerbs":0,"Bag of Marbles":31,"Membership Card":0,"FossilizedHelix":6,"hubris:OldNail":0,"ReplayTheSpireMod:ShopPack":45,"Golden Egg":20,"Whetstone":44,"Ginger":0,"Boot":40,"Old Coin":5,"Replay:Ringing Soul":53,"TheCursedMod:CrystalBall":7,"hubris:DeckOfHolding":40,"MealTicket":28,"Kunai":29,"Replay:Wax Seal":0,"hubris:TinFlute":28,"Pear":58,"Counterbalance":0,"ReplayTheSpireMod:Ring of Addiction":26,"hubris:SphereOfDissonance":40,"Replay:Ancient Bell":17,"SlaversCollar":34,"Runic Dome":34,"hubris:TenFootPole":0,"Kintsugi":17,"Abe\u0027s Treasure":17,"TheCursedMod:SoulVessel":46,"TheCursedMod:FourLeafCloverCharm":17,"Lantern":53,"Blue Doll":27,"StoneCalendar":53,"Bag of Preparation":46,"Replay:Multitool":40,"Cursed Key":17,"hubris:EvacipatedBox":41,"Replay:Rubber Ducky":0,"Matryoshka":6,"Ring of Peace":11,"WingedGreaves":0,"hubris:FunFungus":43,"Ring of Panic":5,"hubris:GlazedTorus":0,"TheCursedMod:BlackMagicAdvanced":34,"Thread and Needle":0,"Frozen Egg 2":0,"MawBank":13,"Bloody Idol":27,"Orrery":0,"Bottled Lightning":54,"ReplayTheSpireMod:Ring of Challenge":20,"ReplayTheSpireMod:Lightbulb":54,"Toy Ornithopter":9,"Mark of the Bloom":49,"hubris:CrystalStatue":34,"TheCursedMod:Tack":54,"Vajra":0,"Lizard Tail":25,"HornCleat":0,"DollysMirror":28,"Strawberry":46,"Toxic Egg 2":0,"Happy Flower":53,"Ring of Hypnosis":5,"Oddly Smooth Stone":0,"Replay:Kaleidoscope":47,"Letter Opener":53,"War Paint":0,"Replay:Baseball":21,"Bottled Flame":9,"ReplayTheSpireMod:Shallot":9,"Shuriken":9,"Bronze Scales":27,"Simple Rune":23,"Molten Egg 2":21,"Black Star":34,"ReplayTheSpireMod:TigerMarble":39,"hubris:ToyBattleship":26,"Nloth\u0027s Gift":30,"Grinning Jar":11,"Meat on the Bone":15,"ReplayFunnel":21,"Darkstone Periapt":30,"TheCursedMod:BloodyHarpoon":54,"ReplayTheSpireMod:Ring of Exchange":5,"Replay:PocketPolymizer":0,"Snecko Heart":24,"SacredBark":3,"Mango":0,"Incense Burner":0,"hubris:SlimyHat":28,"ClockworkSouvenir":22,"Frozen Eye":38,"SsserpentHead":5,"Replay:Bandana":7,"Mummified Hand":53,"Pantograph":22,"Gambling Chip":0,"Gremlin Food":28,"hubris:DisguiseKit":14,"BargainBundle":0,"Replay:Towering Pillar of Hats":0,"Quantum Egg":0,"TheCursedMod:MagicCandle":0,"Orichalcum":0,"White Beast Statue":0,"Peace Pipe":12,"CaptainsWheel":19,"Anchor":10,"TheCursedMod:OminousMark":34,"ChewingGum":53,"Ring of Fury":2,"Snack Pack":54,"Coffee Dripper":17,"hubris:GrandSneckoEye":17,"TungstenRod":44,"hubris:Potato":41,"hubris:NiceRug":53},{"Replay:Accelerometer":327,"hubris:MysteriousPyramids":107,"Sling":221,"Ring of Searing":385,"Blood Vial":12,"Replay:Wanted Poster":75,"hubris:HerbalPaste":144,"hubris:AstralHammer":50,"Fusion Hammer":397,"HandDrill":84,"Replay:Bottled Steam":324,"TheCursedMod:BlackMagic101":0,"MerchantsRug":398,"Eternal Feather":11,"Pen Nib":13,"Bird Faced Urn":342,"ReplayTheSpireMod:Ring of Collecting":445,"Unceasing Top":146,"hubris:Reverence":197,"Regal Pillow":309,"Torii":198,"GremlinMask":292,"hubris:EmptyBottle":25,"Ancient Tea Set":79,"Pet Ghost":61,"hubris:Backtick":370,"Toolbox":1,"hubris:CuriousFeather":171,"Chemical X":25,"Replay:Bottled Eggs":348,"InkBottle":326,"Potion Belt":20,"Lee\u0027s Waffle":115,"Golden Idol":59,"hubris:64BitClover":129,"PreservedInsect":41,"Ring of Greed":279,"hubris:Towel":47,"Replay:Arrowhead":25,"hubris:Spice":25,"Ornamental Fan":171,"Ring of Misfortune":424,"Garlic":12,"Durian":175,"hubris:BottledRain":200,"Ice Cream":105,"Calipers":57,"Gremlin Horn":37,"Nilry\u0027s Codex":180,"hubris:VirtuousBlindfold":351,"hubris:TerracottaHorce":65,"Centennial Puzzle":30,"Honey Jar":0,"Philosopher\u0027s Stone":7,"Iron Hammer":57,"Girya":69,"hubris:Teleporter":33,"hubris:DuctTape":83,"ReplayTheSpireMod:CursedCoin":246,"Ring of Chaos":493,"WarpedTongs":87,"hubris:Zylophone":25,"Du-Vu Doll":507,"OrangePellets":25,"hubris:PeanutButter":4,"Onion Ring":114,"Mirror":47,"Pocketwatch":416,"Juzu Bracelet":270,"Empty Cage":213,"Dream Catcher":3,"Nunchaku":169,"hubris:Icosahedron":60,"Chameleon Ring":366,"hubris:Stopwatch":523,"Red Mask":97,"Replay:Bottled Snecko":129,"hubris:MedicalManual":138,"Replay:WaspNest":415,"Odd Mushroom":448,"Medical Kit":277,"Mercury Hourglass":25,"Strange Spoon":86,"Cauldron":196,"Pondfish Scales":63,"hubris:BundleOfHerbs":86,"Bag of Marbles":45,"Membership Card":25,"FossilizedHelix":29,"hubris:OldNail":57,"ReplayTheSpireMod:ShopPack":243,"Golden Egg":207,"Whetstone":20,"Ginger":86,"Boot":269,"Old Coin":279,"Replay:Ringing Soul":144,"TheCursedMod:CrystalBall":90,"hubris:DeckOfHolding":106,"MealTicket":233,"Kunai":70,"Replay:Wax Seal":25,"hubris:TinFlute":183,"Pear":85,"Counterbalance":25,"ReplayTheSpireMod:Ring of Addiction":457,"hubris:SphereOfDissonance":19,"Replay:Ancient Bell":343,"SlaversCollar":14,"Runic Dome":236,"hubris:TenFootPole":334,"Kintsugi":229,"Abe\u0027s Treasure":154,"TheCursedMod:SoulVessel":52,"TheCursedMod:FourLeafCloverCharm":122,"Lantern":196,"Blue Doll":127,"StoneCalendar":169,"Bag of Preparation":21,"Replay:Multitool":48,"Cursed Key":35,"hubris:EvacipatedBox":465,"Replay:Rubber Ducky":25,"Matryoshka":419,"Ring of Peace":152,"WingedGreaves":115,"hubris:FunFungus":242,"Ring of Panic":279,"hubris:GlazedTorus":86,"TheCursedMod:BlackMagicAdvanced":431,"Thread and Needle":198,"Frozen Egg 2":198,"MawBank":94,"Bloody Idol":182,"Orrery":25,"Bottled Lightning":389,"ReplayTheSpireMod:Ring of Challenge":424,"ReplayTheSpireMod:Lightbulb":222,"Toy Ornithopter":251,"Mark of the Bloom":80,"hubris:CrystalStatue":73,"TheCursedMod:Tack":170,"Vajra":361,"Lizard Tail":126,"HornCleat":115,"DollysMirror":12,"Strawberry":166,"Toxic Egg 2":86,"Happy Flower":196,"Ring of Hypnosis":392,"Oddly Smooth Stone":25,"Replay:Kaleidoscope":141,"Letter Opener":275,"War Paint":25,"Replay:Baseball":9,"Bottled Flame":151,"ReplayTheSpireMod:Shallot":119,"Shuriken":30,"Bronze Scales":291,"Simple Rune":98,"Molten Egg 2":124,"Black Star":46,"ReplayTheSpireMod:TigerMarble":105,"hubris:ToyBattleship":232,"Nloth\u0027s Gift":491,"Grinning Jar":5,"Meat on the Bone":63,"ReplayFunnel":258,"Darkstone Periapt":264,"TheCursedMod:BloodyHarpoon":276,"ReplayTheSpireMod:Ring of Exchange":392,"Replay:PocketPolymizer":223,"Snecko Heart":401,"SacredBark":509,"Mango":25,"Incense Burner":25,"hubris:SlimyHat":69,"ClockworkSouvenir":180,"Frozen Eye":134,"SsserpentHead":476,"Replay:Bandana":119,"Mummified Hand":220,"Pantograph":97,"Gambling Chip":146,"Gremlin Food":43,"hubris:DisguiseKit":94,"BargainBundle":361,"Replay:Towering Pillar of Hats":115,"Quantum Egg":223,"TheCursedMod:MagicCandle":25,"Orichalcum":334,"White Beast Statue":25,"Peace Pipe":62,"CaptainsWheel":123,"Anchor":176,"TheCursedMod:OminousMark":161,"ChewingGum":415,"Ring of Fury":445,"Snack Pack":24,"Coffee Dripper":95,"hubris:GrandSneckoEye":315,"TungstenRod":243,"hubris:Potato":527,"hubris:NiceRug":55},{"Replay:Accelerometer":1603,"hubris:MysteriousPyramids":566,"Sling":1169,"Ring of Searing":1948,"Blood Vial":62,"Replay:Wanted Poster":406,"hubris:HerbalPaste":727,"hubris:AstralHammer":280,"Fusion Hammer":2023,"HandDrill":443,"Replay:Bottled Steam":1591,"TheCursedMod:BlackMagic101":0,"MerchantsRug":2026,"Eternal Feather":58,"Pen Nib":66,"Bird Faced Urn":1675,"ReplayTheSpireMod:Ring of Collecting":2215,"Unceasing Top":738,"hubris:Reverence":1023,"Regal Pillow":1511,"Torii":1030,"GremlinMask":1440,"hubris:EmptyBottle":130,"Ancient Tea Set":424,"Pet Ghost":338,"hubris:Backtick":1866,"Toolbox":3,"hubris:CuriousFeather":879,"Chemical X":130,"Replay:Bottled Eggs":1710,"InkBottle":1600,"Potion Belt":102,"Lee\u0027s Waffle":616,"Golden Idol":330,"hubris:64BitClover":664,"PreservedInsect":213,"Ring of Greed":1396,"hubris:Towel":252,"Replay:Arrowhead":130,"hubris:Spice":130,"Ornamental Fan":879,"Ring of Misfortune":2139,"Garlic":62,"Durian":896,"hubris:BottledRain":1037,"Ice Cream":557,"Calipers":327,"Gremlin Horn":188,"Nilry\u0027s Codex":930,"hubris:VirtuousBlindfold":1732,"hubris:TerracottaHorce":357,"Centennial Puzzle":151,"Honey Jar":0,"Philosopher\u0027s Stone":32,"Iron Hammer":327,"Girya":378,"hubris:Teleporter":163,"hubris:DuctTape":439,"ReplayTheSpireMod:CursedCoin":1253,"Ring of Chaos":2483,"WarpedTongs":459,"hubris:Zylophone":130,"Du-Vu Doll":2605,"OrangePellets":130,"hubris:PeanutButter":14,"Onion Ring":607,"Mirror":252,"Pocketwatch":2099,"Juzu Bracelet":1356,"Empty Cage":1127,"Dream Catcher":13,"Nunchaku":853,"hubris:Icosahedron":331,"Chameleon Ring":1834,"hubris:Stopwatch":2661,"Red Mask":507,"Replay:Bottled Snecko":664,"hubris:MedicalManual":700,"Replay:WaspNest":2096,"Odd Mushroom":2235,"Medical Kit":1392,"Mercury Hourglass":130,"Strange Spoon":455,"Cauldron":1017,"Pondfish Scales":347,"hubris:BundleOfHerbs":455,"Bag of Marbles":237,"Membership Card":130,"FossilizedHelix":143,"hubris:OldNail":327,"ReplayTheSpireMod:ShopPack":1239,"Golden Egg":1076,"Whetstone":102,"Ginger":455,"Boot":1351,"Old Coin":1396,"Replay:Ringing Soul":727,"TheCursedMod:CrystalBall":470,"hubris:DeckOfHolding":562,"MealTicket":1209,"Kunai":384,"Replay:Wax Seal":130,"hubris:TinFlute":946,"Pear":448,"Counterbalance":130,"ReplayTheSpireMod:Ring of Addiction":2275,"hubris:SphereOfDissonance":95,"Replay:Ancient Bell":1685,"SlaversCollar":79,"Runic Dome":1218,"hubris:TenFootPole":1640,"Kintsugi":1197,"Abe\u0027s Treasure":773,"TheCursedMod:SoulVessel":289,"TheCursedMod:FourLeafCloverCharm":637,"Lantern":1017,"Blue Doll":659,"StoneCalendar":853,"Bag of Preparation":107,"Replay:Multitool":266,"Cursed Key":180,"hubris:EvacipatedBox":2310,"Replay:Rubber Ducky":130,"Matryoshka":2113,"Ring of Peace":758,"WingedGreaves":616,"hubris:FunFungus":1235,"Ring of Panic":1396,"hubris:GlazedTorus":455,"TheCursedMod:BlackMagicAdvanced":2162,"Thread and Needle":1030,"Frozen Egg 2":1030,"MawBank":487,"Bloody Idol":943,"Orrery":130,"Bottled Lightning":1968,"ReplayTheSpireMod:Ring of Challenge":2139,"ReplayTheSpireMod:Lightbulb":1173,"Toy Ornithopter":1275,"Mark of the Bloom":427,"hubris:CrystalStatue":397,"TheCursedMod:Tack":863,"Vajra":1798,"Lizard Tail":654,"HornCleat":616,"DollysMirror":62,"Strawberry":832,"Toxic Egg 2":455,"Happy Flower":1017,"Ring of Hypnosis":1982,"Oddly Smooth Stone":130,"Replay:Kaleidoscope":712,"Letter Opener":1379,"War Paint":130,"Replay:Baseball":45,"Bottled Flame":753,"ReplayTheSpireMod:Shallot":625,"Shuriken":151,"Bronze Scales":1437,"Simple Rune":510,"Molten Egg 2":644,"Black Star":245,"ReplayTheSpireMod:TigerMarble":557,"hubris:ToyBattleship":1206,"Nloth\u0027s Gift":2466,"Grinning Jar":21,"Meat on the Bone":347,"ReplayFunnel":1308,"Darkstone Periapt":1332,"TheCursedMod:BloodyHarpoon":1384,"ReplayTheSpireMod:Ring of Exchange":1982,"Replay:PocketPolymizer":1179,"Snecko Heart":2037,"SacredBark":2609,"Mango":130,"Incense Burner":130,"hubris:SlimyHat":378,"ClockworkSouvenir":930,"Frozen Eye":679,"SsserpentHead":2367,"Replay:Bandana":625,"Mummified Hand":1161,"Pantograph":507,"Gambling Chip":738,"Gremlin Food":227,"hubris:DisguiseKit":487,"BargainBundle":1798,"Replay:Towering Pillar of Hats":616,"Quantum Egg":1179,"TheCursedMod:MagicCandle":130,"Orichalcum":1640,"White Beast Statue":130,"Peace Pipe":342,"CaptainsWheel":643,"Anchor":902,"TheCursedMod:OminousMark":811,"ChewingGum":2096,"Ring of Fury":2215,"Snack Pack":121,"Coffee Dripper":498,"hubris:GrandSneckoEye":1546,"TungstenRod":1239,"hubris:Potato":2677,"hubris:NiceRug":311}],"Unceasing Top":[8],"Toy Ornithopter":56,"Meat on the Bone":12},"card_choices":[{"not_picked":["TheCursedMod:CircleOfWindfury","TheCursedMod:ReleasedKnowledge"],"picked":"TheCursedMod:CursedBlade+1","floor":0},{"not_picked":["TheCursedMod:AbyssShockwave+1","TheCursedMod:Wield+1"],"picked":"TheCursedMod:CursedStaff+1","floor":0},{"not_picked":["TheCursedMod:ReleasedKnowledge","TheCursedMod:VitalStrike+1"],"picked":"TheCursedMod:StunningStrike+1","floor":0},{"not_picked":["TheCursedMod:SaltUponWound","TheCursedMod:SpitefulPray"],"picked":"TheCursedMod:ReleasedStrength","floor":0},{"not_picked":["TheCursedMod:Obscuration","TheCursedMod:Evocation"],"picked":"TheCursedMod:CursedAmulet","floor":0},{"not_picked":["TheCursedMod:SpitefulPlan","TheCursedMod:WearCloak"],"picked":"TheCursedMod:HellsGateOpen","floor":1},{"not_picked":["TheCursedMod:VitalStrike+1","TheCursedMod:Stigma+1","TheCursedMod:Torture"],"picked":"SKIP","floor":2},{"not_picked":["TheCursedMod:Grudge","TheCursedMod:DemonicPact"],"picked":"TheCursedMod:SmokeScreen","floor":5},{"not_picked":["TheCursedMod:VitalStrike+1","TheCursedMod:HellfireBreathing","TheCursedMod:BloodBarrier"],"picked":"SKIP","floor":7},{"not_picked":["TheCursedMod:Stretching","TheCursedMod:AbyssShockwave+1"],"picked":"TheCursedMod:CursedBlade+1","floor":8},{"not_picked":["TheCursedMod:Mangle+1","TheCursedMod:CircleOfFocus"],"picked":"TheCursedMod:LuckyCharm","floor":12},{"not_picked":["TheCursedMod:RapidMovement","TheCursedMod:TroublousMinions"],"picked":"TheCursedMod:SoulCrush+1","floor":14},{"not_picked":["TheCursedMod:CollectTribute","TheCursedMod:Neurasthenia"],"picked":"TheCursedMod:VoidForm","floor":16},{"not_picked":["TheCursedMod:SmokeScreen","TheCursedMod:CircleOfFlame"],"picked":"TheCursedMod:ManaBullet+1","floor":18},{"not_picked":["TheCursedMod:SpitefulStrike+1","TheCursedMod:CircleOfAmplification","TheCursedMod:SoulReap+1"],"picked":"SKIP","floor":19},{"not_picked":["TheCursedMod:CursedAmulet+1","TheCursedMod:CircleOfFlame"],"picked":"TheCursedMod:SurpriseAttack+1","floor":22},{"not_picked":["TheCursedMod:EmpowerCircles","TheCursedMod:FleshFromBone","TheCursedMod:TroublousMinions"],"picked":"SKIP","floor":23},{"not_picked":["TheCursedMod:FleshFromBone","TheCursedMod:Mangle+1","TheCursedMod:ManaBullet+1"],"picked":"SKIP","floor":28},{"not_picked":["TheCursedMod:Mangle+1","TheCursedMod:HellsGateOpen","TheCursedMod:FleshFromBone"],"picked":"SKIP","floor":30},{"not_picked":["TheCursedMod:DemonSword+1","TheCursedMod:RapidMovement"],"picked":"TheCursedMod:CursedMace+1","floor":31},{"not_picked":["TheCursedMod:UltimatePain","TheCursedMod:ShockAndAwe+1"],"picked":"TheCursedMod:ForbiddenAlchemy","floor":33},{"not_picked":["TheCursedMod:ManaBullet+1","TheCursedMod:StingEye+1"],"picked":"TheCursedMod:Obscuration+1","floor":35},{"not_picked":["TheCursedMod:CursedBlade+1","TheCursedMod:ManaBullet+1"],"picked":"TheCursedMod:CursedShiv+1","floor":39},{"not_picked":["TheCursedMod:CircleOfFlame","TheCursedMod:Torture"],"picked":"TheCursedMod:AshesToAshes","floor":40},{"not_picked":["TheCursedMod:CursedStaff+1","TheCursedMod:Torture"],"picked":"TheCursedMod:Grudge+1","floor":42},{"not_picked":["TheCursedMod:VitalStrike+1","TheCursedMod:ManaBullet+1","TheCursedMod:Stretching"],"picked":"SKIP","floor":44},{"not_picked":[],"picked":"TheCursedMod:SpitefulPlan","floor":53},{"not_picked":["TheCursedMod:VitalStrike+1"],"picked":"SKIP","floor":53},{"not_picked":["TheCursedMod:AbyssShockwave+1"],"picked":"SKIP","floor":53},{"not_picked":["TheCursedMod:TroublousMinions"],"picked":"SKIP","floor":53},{"not_picked":["TheCursedMod:CursedAmulet"],"picked":"SKIP","floor":53},{"not_picked":["Replay:Sssssssssshield"],"picked":"SKIP","floor":53},{"not_picked":["Midas Touch"],"picked":"SKIP","floor":53},{"not_picked":["TheCursedMod:ReleasedStrength","TheCursedMod:WearCloak","TheCursedMod:Stigma+1"],"picked":"SKIP","floor":54}],"player_experience":290842,"relics_obtained":[{"floor":3,"key":"ReplayTheSpireMod:Ring of Challenge"},{"floor":3,"key":"ReplayTheSpireMod:Ring of Addiction"},{"floor":3,"key":"SacredBark"},{"floor":3,"key":"hubris:EmptyBottle"},{"floor":7,"key":"Chameleon Ring"},{"floor":9,"key":"Whetstone"},{"floor":10,"key":"StoneCalendar"},{"floor":12,"key":"HornCleat"},{"floor":14,"key":"TheCursedMod:CrystalBall"},{"floor":15,"key":"Eternal Feather"},{"floor":23,"key":"Replay:Baseball"},{"floor":25,"key":"CaptainsWheel"},{"floor":28,"key":"MealTicket"},{"floor":37,"key":"Unceasing Top"},{"floor":40,"key":"Centennial Puzzle"},{"floor":42,"key":"hubris:CuriousFeather"},{"floor":43,"key":"TheCursedMod:Tack"},{"floor":44,"key":"Juzu Bracelet"},{"floor":49,"key":"War Paint"},{"floor":53,"key":"Chemical X"},{"floor":53,"key":"Replay:Bottled Steam"},{"floor":54,"key":"Boot"}],"event_choices":[{"damage_healed":0,"gold_gain":0,"player_choice":"Got Potions","damage_taken":0,"max_hp_gain":0,"max_hp_loss":0,"event_name":"Lab","floor":4,"gold_loss":0},{"damage_healed":0,"gold_gain":0,"player_choice":"Simplicity","damage_taken":0,"max_hp_gain":0,"max_hp_loss":0,"event_name":"Back to Basics","floor":20,"gold_loss":0,"cards_upgraded":["TheCursedMod:Defend_TheCursed","TheCursedMod:Defend_TheCursed","TheCursedMod:Defend_TheCursed","TheCursedMod:Defend_TheCursed"]},{"damage_healed":0,"gold_gain":0,"player_choice":"Ignored","damage_taken":0,"max_hp_gain":0,"max_hp_loss":0,"event_name":"Fountain of Cleansing","floor":29,"gold_loss":0},{"damage_healed":0,"gold_gain":0,"player_choice":"Upgraded Two","damage_taken":0,"max_hp_gain":0,"max_hp_loss":0,"event_name":"Designer","floor":32,"gold_loss":40,"cards_upgraded":["TheCursedMod:CleanUpWorkshop","TheCursedMod:SpitefulPlan"]},{"damage_healed":0,"gold_gain":0,"player_choice":"Fight","damage_taken":0,"max_hp_gain":0,"max_hp_loss":0,"event_name":"MindBloom","floor":37,"gold_loss":0},{"damage_healed":0,"gold_gain":0,"player_choice":"Fight","damage_taken":0,"max_hp_gain":0,"max_hp_loss":0,"event_name":"Mysterious Sphere","floor":42,"gold_loss":0},{"damage_healed":0,"gold_gain":0,"player_choice":"Ignored","damage_taken":0,"max_hp_gain":0,"max_hp_loss":0,"event_name":"Tomb of Lord Red Mask","floor":45,"gold_loss":0},{"damage_healed":0,"gold_gain":0,"player_choice":"Max HP","damage_taken":0,"max_hp_gain":0,"max_hp_loss":4,"event_name":"Winding Halls","floor":48,"gold_loss":0}],"is_beta":false,"boss_relics":[{"not_picked":["Sozu","Replay:Wanted Poster"],"picked":"Runic Dome"},{"not_picked":["Replay:Drink Me","Replay:Bronze Core"],"picked":"hubris:Stopwatch"}],"items_purged_floors":[0,13],"is_endless":false,"potions_floor_spawned":[1,8,16,18,28,31,39,42,44,54],"ascension_level":1}}