{"host":"iml8x8es9od4zowg","time":1611556657,"event":{"mods":["2.2 Compatiblity","BaseMod","Marisa£¨Ùöéë¡¡Øª×âÞÞ£©","Minty Spire (QoL Compilation)","StSLib","Td1madao Mod","The Jungle","¡¼?Úª?ø«¡½REMEMod"],"gold_per_floor":[117,130,130,130,150,176,176,176,176,207,207,235,258,177,177,273,273,285,298,113,113,38,67,78,151,178,212,36,69,80,114,114,217,267,279,279,294,45,64,97,97,125,199,229,263,298,298,298,298,415,415,415,40,90,132],"floor_reached":56,"language":"KOR","playtime":4082,"items_purged":["Format All Data","Acrobatics","Deadly Poison"],"score":1825,"play_id":"881cd870-d7c7-4796-9d45-d32782ec0c07","local_time":"20210125153737","daily_mods":["Draft","Allstar","Colorless Cards","DeadlyEvents","Elite Swarm"],"is_ascension_mode":true,"campfire_choices":[{"data":"Accuracy","floor":8,"key":"SMITH"},{"data":"Cloak And Dagger","floor":11,"key":"SMITH"},{"data":"Footwork","floor":15,"key":"SMITH"},{"data":"Apotheosis","floor":32,"key":"SMITH"},{"floor":47,"key":"RECALL"},{"data":"REME_MawOfCthun","floor":49,"key":"SMITH"},{"data":"Discovery","floor":52,"key":"SMITH"}],"circlet_count":0,"master_deck":["Accuracy+1","Discovery+1","Deadly Poison","Backflip","Deflect","Bandage Up+1","Blade Dance+1","Flying Knee+1","Good Instincts+1","Flying Knee+1","Cloak And Dagger+1","Discovery","Acrobatics","Storm of Steel","REME_BodyOfCthun","Footwork+1","REME_MawOfCthun+1","Dodge and Roll","Cloak And Dagger","Backstab+1","Discovery+1","After Image+1","Blade Dance","Adrenaline+1","REME_HeartOfCthun+1","Apotheosis+1","Secret Technique+1","Slice+1","Acrobatics","After Image+1","Panache+1","Panacea+1","REME_FirmDetermination+1","Master of Strategy+1","REME_EyeOfCthun+1","REME_BodyOfCthun+1","REME_HeartOfCthun+1","Secret Technique+1","REME_HeartOfCthun","Infinite Blades","REME_WheelOfFate+1"],"relics":["Ring of the Snake","REME_ComplimentaryCards","REME_LimitBreaker","Prayer Wheel","Omamori","Eternal Feather","Snake Skull","Dream Catcher","WristBlade","theJungle:Creamberry","Happy Flower","Bottled Tornado","Whetstone","Nunchaku","Torii","War Paint","Mercury Hourglass","Tiny House","Art of War","White Beast Statue","Strawberry","Anchor","Centennial Puzzle","REME_ArchaeologicalTools","InkBottle","Ornamental Fan"],"acts_visited":["Exordium","Exordium","TheBeyond","TheEnding"],"potions_floor_usage":[6,16,16,23,42,55,55],"damage_taken":[{"damage":0,"enemies":"Cultist","floor":1,"turns":3},{"damage":0,"enemies":"Small Slimes","floor":2,"turns":2},{"damage":0,"enemies":"Jaw Worm","floor":5,"turns":3},{"damage":3,"enemies":"3 Sentries","floor":6,"turns":4},{"damage":7,"enemies":"Lagavulin","floor":10,"turns":5},{"damage":12,"enemies":"Gremlin Nob","floor":12,"turns":3},{"damage":23,"enemies":"The Guardian","floor":16,"turns":7},{"damage":0,"enemies":"theJungle:Flameango_and_Byrd","floor":18,"turns":4},{"damage":0,"enemies":"theJungle:GiantWrat","floor":19,"turns":2},{"damage":0,"enemies":"theJungle:MamaSnecko","floor":23,"turns":4},{"damage":0,"enemies":"theJungle:2_Snecko_Cultists","floor":24,"turns":4},{"damage":0,"enemies":"theJungle:2_Phrogs","floor":25,"turns":5},{"damage":0,"enemies":"theJungle:MamaSnecko","floor":27,"turns":3},{"damage":0,"enemies":"theJungle:2_Phrogs","floor":29,"turns":5},{"damage":0,"enemies":"theJungle:Lyon","floor":30,"turns":3},{"damage":0,"enemies":"theJungle:MamaSnecko","floor":31,"turns":3},{"damage":0,"enemies":"theJungle:FunGuy","floor":33,"turns":7},{"damage":0,"enemies":"Orb Walker","floor":35,"turns":2},{"damage":1,"enemies":"3 Darklings","floor":37,"turns":4},{"damage":0,"enemies":"Transient","floor":39,"turns":5},{"damage":8,"enemies":"Giant Head","floor":40,"turns":6},{"damage":0,"enemies":"Reptomancer","floor":42,"turns":3},{"damage":0,"enemies":"Nemesis","floor":44,"turns":7},{"damage":0,"enemies":"Giant Head","floor":45,"turns":5},{"damage":9,"enemies":"Reptomancer","floor":46,"turns":3},{"damage":0,"enemies":"Awakened One","floor":50,"turns":4},{"damage":3,"enemies":"Shield and Spear","floor":54,"turns":5},{"damage":16,"enemies":"The Heart","floor":55,"turns":7}],"seed_played":"7623936424670526345","potions_obtained":[{"floor":2,"key":"DuplicationPotion"},{"floor":5,"key":"Swift Potion"},{"floor":12,"key":"EntropicBrew"},{"floor":23,"key":"Fire Potion"},{"floor":33,"key":"Strength Potion"},{"floor":34,"key":"FairyPotion"},{"floor":42,"key":"Swift Potion"},{"floor":46,"key":"CultistPotion"}],"is_trial":true,"path_per_floor":["M","M","?","$","M","E","?","R","T","E","R","E","T","$","R","B",null,"M","M","?","T","$","E","M","E","T","E","$","E","M","E","R","B",null,"M","?","M","$","M","E","?","E","T","E","E","E","R","T","R","B",null,"R","$","E","B",null],"character_chosen":"THE_SILENT","items_purchased":["Footwork","Apotheosis","Art of War","REME_HeartOfCthun","Infinite Blades"],"campfire_rested":0,"item_purchase_floors":[14,28,38,53,53],"current_hp_per_floor":[70,70,52,52,56,57,50,50,50,47,56,48,48,48,60,41,70,70,70,70,70,70,70,70,70,70,70,70,70,70,70,70,70,75,75,75,74,74,75,75,75,82,82,82,82,73,82,82,82,82,82,82,82,82,72],"gold":132,"neow_bonus":"","is_daily":false,"chose_seed":false,"campfire_upgraded":6,"win_rate":0.0,"timestamp":1611556657,"path_taken":["M","M","?","$","M","E","?","R","T","E","R","E","?","$","R","BOSS","M","M","?","?","?","E","?","E","T","E","$","E","M","?","R","BOSS","M","?","M","$","M","E","?","E","T","E","?","E","R","?","R","BOSS","R","$","E","BOSS"],"items_purchased_type":["Card","Card","Relic","Card","Card"],"build_version":"2020-12-22","purchased_purges":3,"victory":true,"max_hp_per_floor":[70,70,70,70,70,70,70,70,70,70,70,70,70,70,70,70,70,70,70,70,70,70,70,70,70,70,70,70,70,70,70,70,70,75,75,75,75,75,75,75,75,82,82,82,82,82,82,82,82,82,82,82,82,82,82],"card_choices":[{"not_picked":["Backflip","Reflex"],"picked":"Accuracy","floor":0},{"not_picked":["Flying Knee","Deadly Poison"],"picked":"Discovery","floor":0},{"not_picked":["Endless Agony","Deadly Poison"],"picked":"Catalyst","floor":0},{"not_picked":["Flying Knee","Setup"],"picked":"Deadly Poison","floor":0},{"not_picked":["Poisoned Stab","Underhanded Strike"],"picked":"Backflip","floor":0},{"not_picked":["Poisoned Stab","Prepared"],"picked":"Deflect","floor":0},{"not_picked":["Skewer","Prepared"],"picked":"Bandage Up","floor":0},{"not_picked":["Quick Slash","PiercingWail"],"picked":"Blade Dance","floor":0},{"not_picked":["Forethought","Underhanded Strike"],"picked":"Flying Knee","floor":0},{"not_picked":["REME_TheoryOfElimination","Deflect"],"picked":"Acrobatics","floor":0},{"not_picked":["Backflip","Blade Dance"],"picked":"Good Instincts","floor":0},{"not_picked":["Dagger Spray","Impatience"],"picked":"Flying Knee","floor":0},{"not_picked":["Slice","Poisoned Stab"],"picked":"Cloak And Dagger","floor":0},{"not_picked":["Blind","Flechettes"],"picked":"Discovery","floor":0},{"not_picked":["Tactician","Enlightenment"],"picked":"Acrobatics","floor":0},{"not_picked":["Flying Knee","Eviscerate","Poisoned Stab"],"picked":"SKIP","floor":1},{"not_picked":["Mind Blast","REME_ShadowStrike"],"picked":"Deadly Poison","floor":2},{"not_picked":["Quick Slash","Flying Knee","Dagger Throw"],"picked":"SKIP","floor":5},{"not_picked":["Violence","REME_BattleFury"],"picked":"Storm of Steel","floor":6},{"not_picked":["Malaise","A Thousand Cuts"],"picked":"REME_BodyOfCthun","floor":10},{"not_picked":["Transmutation","REME_BattleFury"],"picked":"Secret Weapon","floor":12},{"not_picked":["Violence","REME_WheelOfFate"],"picked":"REME_MawOfCthun","floor":16},{"not_picked":["Acrobatics","Poisoned Stab"],"picked":"Dodge and Roll","floor":18},{"not_picked":["Acrobatics+1","Skewer"],"picked":"Cloak And Dagger","floor":18},{"not_picked":["Deadly Poison","Deflect"],"picked":"Backstab+1","floor":19},{"not_picked":["Prepared","Backstab"],"picked":"Discovery+1","floor":19},{"not_picked":["Phantasmal Killer+1","Grand Finale+1"],"picked":"After Image+1","floor":23},{"not_picked":["Swift Strike+1","Deadly Poison"],"picked":"Blade Dance","floor":24},{"not_picked":["Predator+1","Dodge and Roll","Enlightenment+1"],"picked":"SKIP","floor":24},{"not_picked":["Panache+1","Sadistic Nature+1"],"picked":"Adrenaline+1","floor":25},{"not_picked":["REME_ShadowForm+1","Chrysalis+1"],"picked":"REME_HeartOfCthun+1","floor":27},{"not_picked":["Night Terror+1","REME_MawOfCthun+1"],"picked":"Secret Technique+1","floor":29},{"not_picked":["Deflect","Prepared+1"],"picked":"Slice+1","floor":30},{"not_picked":["Poisoned Stab","PiercingWail"],"picked":"Acrobatics","floor":30},{"not_picked":["Burst+1","REME_GrazeFinale+1"],"picked":"After Image+1","floor":31},{"not_picked":["Secret Weapon+1","Die Die Die+1"],"picked":"Panache+1","floor":33},{"not_picked":["Flechettes+1","Dagger Spray+1"],"picked":"Panacea+1","floor":35},{"not_picked":["Backstab+1","Blade Dance","Prepared+1"],"picked":"SKIP","floor":35},{"not_picked":["Dagger Spray","Slice"],"picked":"REME_FirmDetermination+1","floor":37},{"not_picked":["Chrysalis+1","Bane","Cloak And Dagger"],"picked":"SKIP","floor":37},{"not_picked":["Blade Dance","Swift Strike+1","Outmaneuver"],"picked":"SKIP","floor":39},{"not_picked":["Dagger Throw","Blade Dance","REME_BodyOfCthun+1"],"picked":"SKIP","floor":39},{"not_picked":["REME_ShadowForm+1","Metamorphosis+1"],"picked":"Master of Strategy+1","floor":40},{"not_picked":["Secret Weapon+1","REME_ProfessionalPlagiarism+1"],"picked":"REME_EyeOfCthun+1","floor":42},{"not_picked":["Storm of Steel+1","REME_HeartOfCthun+1"],"picked":"REME_BodyOfCthun+1","floor":44},{"not_picked":["Mayhem+1","Grand Finale+1"],"picked":"REME_HeartOfCthun+1","floor":45},{"not_picked":["Secret Weapon+1","Magnetism+1"],"picked":"Secret Technique+1","floor":46},{"not_picked":["REME_ShadowForm+1","REME_BodyOfCthun+1"],"picked":"REME_WheelOfFate+1","floor":54}],"player_experience":565555,"relics_obtained":[{"floor":6,"key":"Prayer Wheel"},{"floor":9,"key":"Omamori"},{"floor":10,"key":"Eternal Feather"},{"floor":12,"key":"Snake Skull"},{"floor":13,"key":"Dream Catcher"},{"floor":21,"key":"Happy Flower"},{"floor":23,"key":"Bottled Tornado"},{"floor":25,"key":"Whetstone"},{"floor":26,"key":"Nunchaku"},{"floor":27,"key":"Torii"},{"floor":29,"key":"War Paint"},{"floor":31,"key":"Mercury Hourglass"},{"floor":40,"key":"White Beast Statue"},{"floor":42,"key":"Strawberry"},{"floor":44,"key":"Anchor"},{"floor":45,"key":"Centennial Puzzle"},{"floor":46,"key":"REME_ArchaeologicalTools"},{"floor":48,"key":"InkBottle"},{"floor":54,"key":"Ornamental Fan"}],"event_choices":[{"damage_healed":0,"gold_gain":0,"player_choice":"Success","damage_taken":18,"relics_obtained":["REME_LimitBreaker"],"max_hp_gain":0,"max_hp_loss":0,"event_name":"Scrap Ooze","floor":3,"gold_loss":0},{"cards_removed":["Catalyst"],"damage_healed":0,"gold_gain":0,"player_choice":"Card Removal","damage_taken":7,"max_hp_gain":0,"max_hp_loss":0,"event_name":"Golden Wing","floor":7,"gold_loss":0},{"damage_healed":19,"gold_gain":0,"player_choice":"Writhe","damage_taken":0,"max_hp_gain":0,"max_hp_loss":0,"event_name":"Winding Halls","floor":36,"gold_loss":0,"cards_obtained":["Writhe"]},{"cards_removed":["Secret Weapon"],"damage_healed":0,"gold_gain":0,"player_choice":"Purged","damage_taken":0,"max_hp_gain":0,"max_hp_loss":0,"event_name":"Purifier","floor":41,"gold_loss":0}],"is_beta":false,"boss_relics":[{"not_picked":["Runic Dome","Calling Bell"],"picked":"WristBlade"},{"not_picked":["Coffee Dripper","Astrolabe"],"picked":"Tiny House"}],"items_purged_floors":[22,38,53],"is_endless":false,"potions_floor_spawned":[2,5,12,23,24,29,31,33,37,40,42,44,45,46,54],"ascension_level":1}}