{"host":"6rz02yiipefhcw4r","time":1611584604,"event":{"mods":["2.2 Compatiblity","BaseMod","Block Reminder","Colored Map","Curses Come First","DeckTracker","Googly Eyes","Minty Spire (QoL Compilation)","Quick Restart","Rare Cards Sparkle","StSLib"],"gold_per_floor":[110,110,110,110,32,32,57,71,97,108,27,27,40,74,74,146,146,86,86,86,86,86,86],"floor_reached":22,"language":"ENG","playtime":820,"items_purged":[],"score":430,"play_id":"a7f853fb-dfba-4552-918e-f92cae26cc79","local_time":"20210125122324","is_ascension_mode":true,"campfire_choices":[{"data":"Searing Blow","floor":6,"key":"SMITH"},{"data":"Searing Blow+1","floor":12,"key":"SMITH"},{"data":"Armaments","floor":15,"key":"SMITH"}],"circlet_count":0,"master_deck":["AscendersBane","Strike_R","Strike_R","Strike_R","Strike_R","Strike_R","Defend_R","Defend_R","Defend_R","Defend_R","Bash","Searing Blow+2","Battle Trance","Armaments+1","Thunderclap","Seeing Red","Corruption","Barricade","RitualDagger"],"relics":["Burning Blood","NeowsBlessing","Akabeko","Ice Cream","MealTicket","Dead Branch","Ectoplasm","Nilry\u0027s Codex","Bag of Marbles"],"acts_visited":["Exordium","TheCity"],"potions_floor_usage":[16],"damage_taken":[{"damage":0,"enemies":"2 Louse","floor":1,"turns":1},{"damage":0,"enemies":"Lagavulin","floor":7,"turns":1},{"damage":0,"enemies":"Small Slimes","floor":8,"turns":1},{"damage":1,"enemies":"Cultist","floor":10,"turns":3},{"damage":11,"enemies":"Looter","floor":13,"turns":2},{"damage":30,"enemies":"3 Sentries","floor":14,"turns":8},{"damage":37,"enemies":"Hexaghost","floor":16,"turns":9},{"damage":18,"enemies":"2 Thieves","floor":18,"turns":3},{"damage":21,"enemies":"Shell Parasite","floor":22,"turns":1}],"seed_played":"3486241141125915811","potions_obtained":[{"floor":1,"key":"Dexterity Potion"},{"floor":10,"key":"Ancient Potion"},{"floor":14,"key":"PowerPotion"}],"is_trial":false,"path_per_floor":["M","?","?","?","$","R","E","M","T","M","$","R","M","E","R","B",null,"M","?","?","T","M"],"character_chosen":"IRONCLAD","items_purchased":["Battle Trance","Seeing Red"],"campfire_rested":0,"item_purchase_floors":[5,11],"current_hp_per_floor":[74,74,69,58,58,58,64,70,70,75,75,75,70,46,46,15,60,48,42,21,21,0,0],"gold":86,"neow_bonus":"THREE_ENEMY_KILL","is_daily":false,"chose_seed":false,"campfire_upgraded":3,"win_rate":0.0,"timestamp":1611584604,"path_taken":["M","?","?","?","$","R","E","?","T","M","$","R","M","E","R","BOSS","M","?","?","?","M"],"items_purchased_type":["Card","Card"],"build_version":"2020-12-22","purchased_purges":0,"victory":false,"max_hp_per_floor":[75,75,75,75,75,75,75,75,75,75,75,75,75,75,75,75,75,75,75,75,75,75,75],"card_choices":[{"not_picked":["Warcry","Twin Strike"],"picked":"Searing Blow","floor":1},{"not_picked":["Entrench","Headbutt"],"picked":"Armaments","floor":7},{"not_picked":["Heavy Blade","Combust"],"picked":"Thunderclap","floor":8},{"not_picked":["Dual Wield","Clothesline","Infernal Blade"],"picked":"SKIP","floor":10},{"not_picked":["Clothesline","Warcry","Sentinel"],"picked":"SKIP","floor":13},{"not_picked":["Pommel Strike","Battle Trance"],"picked":"Corruption","floor":14},{"not_picked":["Demon Form","Brutality"],"picked":"Barricade","floor":16},{"not_picked":["Twin Strike","Bloodletting+1","Sword Boomerang"],"picked":"SKIP","floor":18}],"player_experience":737781,"relics_obtained":[{"floor":7,"key":"Ice Cream"},{"floor":9,"key":"MealTicket"},{"floor":14,"key":"Dead Branch"},{"floor":20,"key":"Nilry\u0027s Codex"},{"floor":21,"key":"Bag of Marbles"}],"event_choices":[{"damage_healed":0,"gold_gain":0,"player_choice":"Leave","damage_taken":0,"max_hp_gain":0,"max_hp_loss":0,"event_name":"The Cleric","floor":2,"gold_loss":0},{"damage_healed":0,"gold_gain":0,"player_choice":"Success","damage_taken":5,"relics_obtained":["Akabeko"],"max_hp_gain":0,"max_hp_loss":0,"event_name":"Scrap Ooze","floor":3,"gold_loss":0},{"damage_healed":0,"gold_gain":0,"player_choice":"Damaged","damage_taken":11,"max_hp_gain":0,"max_hp_loss":0,"event_name":"Wheel of Change","floor":4,"gold_loss":0},{"damage_healed":0,"gold_gain":0,"player_choice":"Joined the Cult","damage_taken":6,"max_hp_gain":0,"max_hp_loss":0,"event_name":"Nest","floor":19,"gold_loss":0,"cards_obtained":["RitualDagger"]},{"damage_healed":0,"gold_gain":0,"player_choice":"Obtained Book","damage_taken":21,"max_hp_gain":0,"max_hp_loss":0,"event_name":"Cursed Tome","floor":20,"gold_loss":0}],"is_beta":false,"boss_relics":[{"not_picked":["Runic Dome","Velvet Choker"],"picked":"Ectoplasm"}],"items_purged_floors":[],"is_endless":false,"potions_floor_spawned":[1,10,14],"killed_by":"Shell Parasite","ascension_level":20}}