{"host":"kmbz9ox1244sqnmw","time":1611558383,"event":{"mods":["BaseMod","Downfall","Minty Spire (QoL Compilation)","StSLib"],"gold_per_floor":[99,110,120,132,132,32,85,85,34,60,79,90,90,117,141,250,250,150,170,184,208,253,266,266,284,284,52,52,81,103,126,151,262,262,262,291,312,97,97,97,97],"floor_reached":39,"language":"ENG","playtime":2083,"items_purged":["bronze:Defend","bronze:Defend"],"score":490,"play_id":"d361b304-9acf-4afd-b360-3b4212df8f74","local_time":"20210124230623","is_ascension_mode":false,"campfire_choices":[{"floor":1,"key":"RECALL"},{"data":"bronze:Invalidate","floor":6,"key":"SMITH"},{"data":"bronze:CutThrough","floor":8,"key":"SMITH"},{"floor":18,"key":"REST"},{"floor":35,"key":"REST"}],"circlet_count":0,"master_deck":["bronze:Defend","bronze:Replicate","bronze:Goto","bronze:CleanCode","bronze:NullPointer","bronze:NullPointer","bronze:CutThrough+1","bronze:Spike","bronze:Invalidate+1","bronze:Optimize","bronze:Boost+1","bronze:WhirlingStrike+1","downfall:Malfunctioning","bronze:Frontload+1","bronze:Format+1","bronze:NullPointer+1","bronze:DelayedGuard+1","Bite","Bite","Bite","Bite","Bite","Slimebound:CheckThePlaybook+1","downfall:Icky","bronze:BitShift+1","bronze:DigitalCarnage","bronze:CleanCode","bronze:FollowUp","bronze:HardenedForm","bronze:FineTuning+1","bronze:Branch+1","bronze:SpaghettiCode+1","bronze:AlphaBuild"],"relics":["bronze:BronzeCore","downfall:HeartBlessingRed","MealTicket","Toxic Egg 2","CeramicFish","Fusion Hammer","downfall:HeartBlessingGreen","Bag of Preparation","bronze:BottledCode","HandDrill","Lantern","bronze:MakeshiftBattery","Du-Vu Doll"],"acts_visited":["Exordium","TheCity","TheBeyond"],"potions_floor_usage":[10],"damage_taken":[{"damage":8,"enemies":"2 Louse","floor":2,"turns":3},{"damage":0,"enemies":"Small Slimes","floor":3,"turns":3},{"damage":0,"enemies":"Cultist","floor":4,"turns":3},{"damage":8,"enemies":"Cultist","floor":5,"turns":2},{"damage":0,"enemies":"downfall:FleeingMerchant","floor":9,"turns":4},{"damage":19,"enemies":"Lagavulin","floor":10,"turns":6},{"damage":0,"enemies":"Exordium Wildlife","floor":11,"turns":2},{"damage":12,"enemies":"Blue Slaver","floor":12,"turns":3},{"damage":6,"enemies":"3 Sentries","floor":14,"turns":3},{"damage":6,"enemies":"3 Louse","floor":15,"turns":2},{"damage":23,"enemies":"SI_SHIV_ARCHETYPE","floor":16,"turns":8},{"damage":0,"enemies":"Chosen","floor":19,"turns":3},{"damage":8,"enemies":"Centurion and Healer","floor":20,"turns":5},{"damage":24,"enemies":"Snake Plant","floor":21,"turns":4},{"damage":13,"enemies":"Chosen and Byrds","floor":23,"turns":7},{"damage":0,"enemies":"downfall:FleeingMerchant","floor":27,"turns":4},{"damage":0,"enemies":"Gremlin Leader","floor":29,"turns":5},{"damage":0,"enemies":"Centurion and Healer","floor":30,"turns":3},{"damage":9,"enemies":"Snecko","floor":31,"turns":3},{"damage":0,"enemies":"Snake Plant","floor":32,"turns":1},{"damage":6,"enemies":"WA_ARCHETYPE_CALM","floor":33,"turns":5},{"damage":0,"enemies":"3 Darklings","floor":36,"turns":2},{"damage":0,"enemies":"Orb Walker","floor":37,"turns":2},{"damage":4,"enemies":"downfall:FleeingMerchant","floor":38,"turns":1},{"damage":40,"enemies":"Transient","floor":39,"turns":5}],"seed_played":"7632251964694713748","potions_obtained":[{"floor":2,"key":"LiquidMemories"},{"floor":4,"key":"EssenceOfSteel"},{"floor":5,"key":"sneckomod:MuddlingPotion"},{"floor":15,"key":"LiquidMemories"},{"floor":30,"key":"SpeedPotion"}],"is_trial":false,"path_per_floor":["R","M","M","M","?","R","T","R","$","E","M","M","?","E","M","B",null,"R","M","M","M","?","M","T","?","?","$","?","E","M","M","M","B",null,"R","M","M","$","M"],"character_chosen":"THE_AUTOMATON","items_purchased":["bronze:Optimize","HandDrill","Du-Vu Doll","bronze:AlphaBuild"],"campfire_rested":2,"item_purchase_floors":[9,27,38,38],"current_hp_per_floor":[70,62,62,62,54,54,54,54,69,50,50,38,38,32,26,3,70,70,70,62,38,38,35,35,35,35,39,39,39,39,30,30,28,39,39,39,39,37,0,0,0],"gold":97,"neow_bonus":"ONE_RANDOM_RARE_CARD","is_daily":false,"chose_seed":false,"campfire_upgraded":2,"win_rate":0.0,"timestamp":1611558383,"path_taken":["R","M","M","M","?","R","T","R","$","E","M","M","?","E","M","BOSS","R","M","M","M","?","M","T","?","?","$","?","E","M","M","M","BOSS","R","M","M","$","M"],"items_purchased_type":["Card","Relic","Relic","Card"],"build_version":"2020-12-22","purchased_purges":2,"victory":false,"max_hp_per_floor":[70,70,70,70,70,70,70,70,70,70,70,70,70,70,70,70,70,70,70,70,70,49,49,49,49,39,39,39,39,39,39,39,39,39,39,39,39,39,39,39,39],"card_choices":[{"not_picked":["bronze:WildBeam","bronze:Repair"],"picked":"bronze:NullPointer","floor":2},{"not_picked":["bronze:BitShift","bronze:DelayedSlice"],"picked":"bronze:NullPointer","floor":3},{"not_picked":["bronze:Frontload","bronze:Deprecate"],"picked":"bronze:CutThrough","floor":4},{"not_picked":[],"picked":"bronze:Spike","floor":5},{"not_picked":["bronze:Deprecate","bronze:OilSpill"],"picked":"bronze:Invalidate","floor":5},{"not_picked":["bronze:Fortify","bronze:Flail","bronze:Invalidate"],"picked":"SKIP","floor":9},{"not_picked":["bronze:DelayedGuard+1","bronze:WhirlingStrike"],"picked":"bronze:Boost+1","floor":10},{"not_picked":["bronze:BuggyMess+1","bronze:GetLatest+1","bronze:Break"],"picked":"SKIP","floor":11},{"not_picked":["bronze:WildBeam","bronze:Overheat"],"picked":"bronze:WhirlingStrike","floor":12},{"not_picked":["bronze:CutThrough","bronze:OilSpill","bronze:Flail"],"picked":"SKIP","floor":14},{"not_picked":["bronze:DigitalCarnage","bronze:Shield+1"],"picked":"bronze:Frontload+1","floor":15},{"not_picked":["bronze:HardenedForm","bronze:RecursiveStrike"],"picked":"bronze:Format+1","floor":16},{"not_picked":["bronze:Shield+1","bronze:Turbo+1"],"picked":"bronze:NullPointer+1","floor":19},{"not_picked":["bronze:CutThrough","bronze:BugBarrage+1","bronze:Invalidate+1"],"picked":"SKIP","floor":20},{"not_picked":["bronze:Overheat","bronze:Frontload+1"],"picked":"bronze:DelayedGuard+1","floor":21},{"not_picked":["bronze:Allocate+1","bronze:CloningBeam","bronze:Overheat"],"picked":"SKIP","floor":23},{"not_picked":["bronze:ClassDefault+1","bronze:BugBarrage"],"picked":"bronze:BitShift+1","floor":27},{"not_picked":["bronze:Frontload+1","bronze:ForLoop+1","bronze:Branch"],"picked":"SKIP","floor":29},{"not_picked":["bronze:ChosenStrike","bronze:ForLoop+1"],"picked":"bronze:DigitalCarnage","floor":30},{"not_picked":["bronze:OilSpill","bronze:Turbo+1"],"picked":"bronze:CleanCode","floor":31},{"not_picked":["bronze:Philosophize+1","bronze:Safeguard+1"],"picked":"bronze:FollowUp","floor":32},{"not_picked":["bronze:CleanCode","bronze:HyperBeam"],"picked":"bronze:HardenedForm","floor":33},{"not_picked":["bronze:BugBarrage+1","bronze:BuggyMess+1"],"picked":"bronze:FineTuning+1","floor":36},{"not_picked":["bronze:BronzeOrb","bronze:WhirlingStrike+1"],"picked":"bronze:Branch+1","floor":37},{"not_picked":["bronze:ItsAFeature+1","bronze:Turbo+1"],"picked":"bronze:SpaghettiCode+1","floor":38}],"player_experience":605688,"relics_obtained":[{"floor":7,"key":"MealTicket"},{"floor":10,"key":"Toxic Egg 2"},{"floor":14,"key":"CeramicFish"},{"floor":24,"key":"Bag of Preparation"},{"floor":29,"key":"Lantern"}],"event_choices":[{"damage_healed":0,"gold_gain":0,"player_choice":"Became a vampire","damage_taken":0,"max_hp_gain":0,"max_hp_loss":21,"event_name":"Vampires","floor":22,"gold_loss":0,"cards_obtained":["Bite","Bite","Bite","Bite","Bite"]},{"cards_removed":["bronze:Defend"],"damage_healed":0,"gold_gain":0,"player_choice":"Offered Basic","damage_taken":0,"max_hp_gain":0,"max_hp_loss":0,"event_name":"Bonfire Elementals","floor":28,"gold_loss":0}],"is_beta":false,"boss_relics":[{"not_picked":["SacredBark","Calling Bell"],"picked":"Fusion Hammer"},{"not_picked":["Velvet Choker","Tiny House"],"picked":"bronze:MakeshiftBattery"}],"items_purged_floors":[27,38],"is_endless":false,"potions_floor_spawned":[2,4,5,15,20,23,30,32,36,37],"killed_by":"Transient","ascension_level":0}}