{"host":"2brg86hfzr3u5cix","time":1611551370,"event":{"mods":["AchievementEnabler","Ascension Unlocker","BaseMod","CapriCore","DeckTracker","Highlight Path","Keyboard Shortcuts","Minty Spire (QoL Compilation)","Permanent Neow","Relic Stats","StSLib","Twitch Utils","Uncapped","UnlockEverythingMod"],"gold_per_floor":[116,132,142,160,173,173,98,98,125,125,138,138,171,195,195,274,274,292,302,302,27,27,27,27,27,53,53,88,88,121,121,121,194,194,207,220,245,262,274,274,304,304,304,339,81,31,64,64,64,64,64],"floor_reached":50,"language":"KOR","playtime":1919,"items_purged":["Strike_R"],"score":1178,"play_id":"a6d078bf-ca4d-4fc2-801c-daea1a19c0f7","local_time":"20210125140930","is_ascension_mode":true,"campfire_choices":[{"data":"Whirlwind","floor":6.0,"key":"SMITH"},{"data":"Limit Break","floor":8.0,"key":"SMITH"},{"data":"Bash","floor":10.0,"key":"SMITH"},{"floor":15.0,"key":"REST"},{"data":"Berserk","floor":23.0,"key":"SMITH"},{"data":"Metallicize","floor":27.0,"key":"SMITH"},{"data":"Shrug It Off","floor":29.0,"key":"SMITH"},{"floor":32.0,"key":"REST"},{"floor":40,"key":"REST"},{"floor":42,"key":"RECALL"},{"data":"Exhume","floor":49,"key":"SMITH"}],"circlet_count":0,"master_deck":["AscendersBane","Strike_R+1","Strike_R+1","Defend_R+1","Defend_R+1","Defend_R","Bash+1","Limit Break+1","Whirlwind+1","Metallicize+1","Pommel Strike","Shrug It Off+1","Spot Weakness+1","Reaper","Berserk+1","Spot Weakness+1","Disarm+1","Double Tap+1","Fire Breathing+1","Heavy Blade+1","Reaper","Reckless Charge","Exhume+1","Second Wind","Battle Trance"],"relics":["Burning Blood","Vajra","Juzu Bracelet","Odd Mushroom","Astrolabe","Singing Bowl","Whetstone","Toy Ornithopter","Bag of Marbles","MutagenicStrength","Busted Crown","Peace Pipe","Akabeko","Regal Pillow","Medical Kit","Bag of Preparation"],"acts_visited":["Exordium","TheCity","TheBeyond"],"potions_floor_usage":[35,36,40,41],"damage_taken":[{"damage":9.0,"enemies":"Small Slimes","floor":1.0,"turns":4.0},{"damage":1.0,"enemies":"Cultist","floor":2.0,"turns":3.0},{"damage":6.0,"enemies":"Jaw Worm","floor":3.0,"turns":5.0},{"damage":22.0,"enemies":"Lots of Slimes","floor":4.0,"turns":4.0},{"damage":21.0,"enemies":"Large Slime","floor":5.0,"turns":8.0},{"damage":1.0,"enemies":"2 Fungi Beasts","floor":11.0,"turns":3.0},{"damage":24.0,"enemies":"Lagavulin","floor":13.0,"turns":6.0},{"damage":18.0,"enemies":"The Mushroom Lair","floor":14.0,"turns":2.0},{"damage":57.0,"enemies":"The Guardian","floor":16.0,"turns":13.0},{"damage":65.0,"enemies":"Shell Parasite","floor":18.0,"turns":7.0},{"damage":3.0,"enemies":"Chosen","floor":19.0,"turns":5.0},{"damage":70.0,"enemies":"Book of Stabbing","floor":28.0,"turns":7.0},{"damage":31.0,"enemies":"Gremlin Leader","floor":30.0,"turns":6.0},{"damage":62,"enemies":"Collector","floor":33,"turns":8},{"damage":73,"enemies":"3 Shapes","floor":35,"turns":7},{"damage":19,"enemies":"Orb Walker","floor":36,"turns":3},{"damage":0,"enemies":"Mind Bloom Boss Battle","floor":37,"turns":6},{"damage":12,"enemies":"Jaw Worm Horde","floor":38,"turns":3},{"damage":60,"enemies":"Maw","floor":39,"turns":8},{"damage":89,"enemies":"Giant Head","floor":41,"turns":6},{"damage":16,"enemies":"Nemesis","floor":44,"turns":3},{"damage":60,"enemies":"Reptomancer","floor":47,"turns":6},{"damage":93,"enemies":"Time Eater","floor":50,"turns":6}],"seed_played":"1474920994455466883","potions_obtained":[{"floor":2.0,"key":"FairyPotion"},{"floor":3.0,"key":"BlessingOfTheForge"},{"floor":16.0,"key":"Regen Potion"},{"floor":18.0,"key":"Dexterity Potion"},{"floor":28.0,"key":"Block Potion"},{"floor":33,"key":"Explosive Potion"},{"floor":35,"key":"GamblersBrew"},{"floor":38,"key":"Energy Potion"},{"floor":39,"key":"BloodPotion"}],"is_trial":false,"path_per_floor":["M","M","M","M","M","R","$","R","T","R","M","?","E","?","R","B",null,"M","M","?","$","?","R","?","$","T","R","E","R","E","?","R","B",null,"M","M","?","M","M","R","E","R","T","E","$","?","E","?","R","B"],"character_chosen":"IRONCLAD","items_purchased":["Singing Bowl","Battle Trance","Medical Kit"],"campfire_rested":3,"item_purchase_floors":[21,45,45],"current_hp_per_floor":[65,68,68,52,37,37,37,37,37,37,42,42,24,14,34,39,61,42,45,45,45,45,45,59,59,59,59,50,50,32,32,53,39,62,49,43,76,72,29,74,43,43,43,58,58,58,70,70,70,0,0],"gold":64,"neow_bonus":"THREE_RARE_CARDS","is_daily":false,"chose_seed":false,"campfire_upgraded":7,"win_rate":0.0,"timestamp":1611551370,"path_taken":["M","M","M","M","M","R","$","R","T","R","M","?","E","?","R","BOSS","M","M","?","$","?","R","?","$","T","R","E","R","E","?","R","BOSS","M","M","?","M","M","R","E","R","T","E","$","?","E","?","R","BOSS"],"items_purchased_type":["Relic","Card","Relic"],"build_version":"2020-12-22","purchased_purges":1,"victory":false,"max_hp_per_floor":[68,68,68,68,68,68,68,68,68,68,68,68,68,68,68,68,68,68,68,68,68,68,68,68,68,68,68,68,68,70,70,70,70,70,72,74,76,78,80,80,82,82,82,82,82,82,84,80,80,80,80],"relic_stats":{"Regal Pillow":0,"Singing Bowl":16,"counters":[23,129],"Astrolabe":["Spot Weakness","Disarm","Double Tap"],"Juzu Bracelet":3,"Bag of Preparation":[2],"Whetstone":["Strike_R","Strike_R"],"Medical Kit":[0],"Burning Blood":124,"Peace Pipe":0,"Busted Crown":16,"obtain_stats":[{"Regal Pillow":44,"Singing Bowl":21,"Astrolabe":17,"Vajra":9,"Juzu Bracelet":13,"Bag of Preparation":47,"Whetstone":26,"Odd Mushroom":14,"Medical Kit":45,"Burning Blood":0,"Akabeko":41,"Peace Pipe":37,"Busted Crown":34,"MutagenicStrength":31,"Bag of Marbles":30,"Toy Ornithopter":28},{"Regal Pillow":21,"Singing Bowl":11,"Astrolabe":9,"Vajra":5,"Juzu Bracelet":7,"Bag of Preparation":22,"Whetstone":11,"Odd Mushroom":8,"Medical Kit":21,"Burning Blood":0,"Akabeko":20,"Peace Pipe":17,"Busted Crown":14,"MutagenicStrength":13,"Bag of Marbles":13,"Toy Ornithopter":12},{"Regal Pillow":117,"Singing Bowl":60,"Astrolabe":48,"Vajra":24,"Juzu Bracelet":33,"Bag of Preparation":123,"Whetstone":60,"Odd Mushroom":35,"Medical Kit":117,"Burning Blood":0,"Akabeko":114,"Peace Pipe":97,"Busted Crown":81,"MutagenicStrength":73,"Bag of Marbles":73,"Toy Ornithopter":67}],"Toy Ornithopter":25},"card_choices":[{"not_picked":["Reaper","Demon Form"],"picked":"Limit Break","floor":0.0},{"not_picked":["Twin Strike","Armaments"],"picked":"Whirlwind","floor":1.0},{"not_picked":["Hemokinesis","Shockwave"],"picked":"Metallicize","floor":2.0},{"not_picked":["Iron Wave","Headbutt"],"picked":"Pommel Strike","floor":3.0},{"not_picked":["Whirlwind","Iron Wave"],"picked":"Shrug It Off","floor":4.0},{"not_picked":["Cleave","Flame Barrier","Pommel Strike"],"picked":"SKIP","floor":5.0},{"not_picked":["Twin Strike","Anger"],"picked":"Spot Weakness","floor":11.0},{"not_picked":["Brutality","Feel No Pain"],"picked":"Reaper","floor":13.0},{"not_picked":["Demon Form","Bludgeon"],"picked":"Berserk","floor":16.0},{"not_picked":["Cleave","Pommel Strike"],"picked":"Fire Breathing+1","floor":18.0},{"not_picked":["Sword Boomerang","Spot Weakness"],"picked":"Heavy Blade+1","floor":19.0},{"not_picked":["Cleave","Clothesline"],"picked":"Reckless Charge","floor":28.0},{"not_picked":["Second Wind","Intimidate","Bludgeon"],"picked":"Singing Bowl","floor":30.0},{"not_picked":["Limit Break","Double Tap"],"picked":"Exhume","floor":33},{"not_picked":["Flex"],"picked":"Singing Bowl","floor":35},{"not_picked":["Havoc"],"picked":"Singing Bowl","floor":36},{"not_picked":["Metallicize"],"picked":"Singing Bowl","floor":37},{"not_picked":["Spot Weakness"],"picked":"Singing Bowl","floor":38},{"not_picked":["True Grit"],"picked":"Singing Bowl","floor":39},{"not_picked":["Perfected Strike"],"picked":"Singing Bowl","floor":41},{"not_picked":[],"picked":"Second Wind","floor":44},{"not_picked":["Clothesline"],"picked":"Singing Bowl","floor":47}],"player_experience":334798,"relics_obtained":[{"floor":9.0,"key":"Vajra"},{"floor":13.0,"key":"Juzu Bracelet"},{"floor":14.0,"key":"Odd Mushroom"},{"floor":26.0,"key":"Whetstone"},{"floor":28.0,"key":"Toy Ornithopter"},{"floor":30.0,"key":"Bag of Marbles"},{"floor":37,"key":"Peace Pipe"},{"floor":41,"key":"Akabeko"},{"floor":44,"key":"Regal Pillow"},{"floor":47,"key":"Bag of Preparation"}],"event_choices":[{"damage_healed":0.0,"max_hp_gain":0.0,"max_hp_loss":0.0,"gold_gain":0.0,"event_name":"Upgrade Shrine","player_choice":"Upgraded","floor":12.0,"gold_loss":0.0,"damage_taken":0.0,"cards_upgraded":["Spot Weakness"]},{"damage_healed":0.0,"max_hp_gain":0.0,"max_hp_loss":0.0,"gold_gain":0.0,"event_name":"Mushrooms","player_choice":"Fought Mushrooms","floor":14.0,"gold_loss":0.0,"damage_taken":0.0},{"damage_healed":0.0,"max_hp_gain":0.0,"max_hp_loss":0.0,"gold_gain":0.0,"event_name":"Ghosts","player_choice":"Ignored","floor":20.0,"gold_loss":0.0,"damage_taken":0.0},{"damage_healed":0.0,"max_hp_gain":0.0,"max_hp_loss":0.0,"gold_gain":0.0,"event_name":"Duplicator","player_choice":"Copied","floor":22.0,"gold_loss":0.0,"damage_taken":0.0,"cards_obtained":["Reaper"]},{"damage_healed":14.0,"max_hp_gain":0.0,"max_hp_loss":0.0,"gold_gain":0.0,"event_name":"The Library","player_choice":"Heal","floor":24.0,"gold_loss":0.0,"damage_taken":0.0},{"damage_healed":0.0,"max_hp_gain":0.0,"max_hp_loss":0.0,"gold_gain":0.0,"event_name":"Drug Dealer","player_choice":"Inject Mutagens","floor":31.0,"gold_loss":0.0,"damage_taken":0.0,"relics_obtained":["MutagenicStrength"]},{"damage_healed":0,"gold_gain":0,"player_choice":"Fight","damage_taken":0,"max_hp_gain":0,"max_hp_loss":0,"event_name":"MindBloom","floor":37,"gold_loss":0},{"damage_healed":0,"gold_gain":0,"player_choice":"Upgraded Two","damage_taken":0,"max_hp_gain":0,"max_hp_loss":0,"event_name":"Designer","floor":46,"gold_loss":50,"cards_upgraded":["Defend_R","Defend_R"]},{"damage_healed":0,"gold_gain":0,"player_choice":"Max HP","damage_taken":0,"max_hp_gain":0,"max_hp_loss":4,"event_name":"Winding Halls","floor":48,"gold_loss":0}],"is_beta":false,"boss_relics":[{"not_picked":["Ectoplasm","Runic Dome"],"picked":"Astrolabe"},{"not_picked":["Cursed Key","Pandora\u0027s Box"],"picked":"Busted Crown"}],"items_purged_floors":[7],"is_endless":false,"potions_floor_spawned":[2,3,16,18,28,33,35,38,39],"killed_by":"Time Eater","ascension_level":20}}