{"host":"l1sklxv2xf0eyui2","time":1611599250,"event":{"mods":["Act Like it!","BaseMod","Better Third Choice","BetterRewards","Marisa????????","Minty Spire (QoL Compilation)","Relic Sorter","Replay The Spire","Shade Mod","StSLib"],"gold_per_floor":[110,86,86,86,103,143,143,186,254,329,375,406,406,31,31,151,151,182,210,210,65,65,65,108,134,134,134,184,108,141,185,185,282,282,313,342,369,249,282,325,325,374,413,466,478,555,567,384,384,384],"floor_reached":51,"language":"ENG","playtime":2158,"items_purged":["Strike_MRS","Strike_MRS","Defend_MRS","Strike_MRS","Strike_MRS"],"score":1060,"play_id":"cb5684c9-bdfa-4740-b07c-e79ed8f0528d","local_time":"20210125182730","is_ascension_mode":true,"campfire_choices":[{"data":"MilkyWay","floor":7,"key":"SMITH"},{"data":"Defragment","floor":13,"key":"SMITH"},{"data":"OrrerysSun","floor":15,"key":"SMITH"},{"data":"MilkyWay","floor":23,"key":"SMITH"},{"data":"UltimateShortwave","floor":27,"key":"SMITH"},{"data":"PowerUp","floor":32,"key":"SMITH"},{"data":"EnergyFlow","floor":41,"key":"SMITH"},{"data":"MilkyWay","floor":47,"key":"SMITH"},{"floor":49,"key":"DIG"}],"circlet_count":0,"master_deck":["Defend_MRS","Defend_MRS+1","Defend_MRS+1","MasterSpark+1","UpSweep","MilkyWay+1","WitchOfGreed","Conserve Battery+1","AlicesGift","OrrerysSun+1","Defragment+1","MagicAbsorber","MilkyWay+1","UltimateShortwave+1","GalacticHalo+1","Singularity+1","MilkyWay+1","ChargeUpSpray","PowerUp+1","EnergyRecoil","TreasureHunter+1","AlicesGift+1","MilkyWay","EnergyFlow+1","DeepEcoloBomb","SprinkleStarSeal","MilkyWay+1","PowerUp"],"relics":["NeowsBlessing","m_SpellCore","Boot","Omamori","Replay:Ringing Soul","ReplayFunnel","DollysMirror","Replay:Rubber Ducky","Philosopher\u0027s Stone","Bottled Tornado","Smiling Mask","Meat on the Bone","Orichalcum","Bag of Marbles","Velvet Choker","War Paint","MawBank","Girya","Whetstone","ReplayTheSpireMod:TigerMarble","Lizard Tail","Replay:Multitool","HandDrill","TungstenRod"],"acts_visited":["Exordium","TheCity","TheBeyond"],"potions_floor_usage":[8,16,19,19,35],"damage_taken":[{"damage":0,"enemies":"Cultist","floor":1,"turns":1},{"damage":0,"enemies":"Jaw Worm","floor":5,"turns":1},{"damage":0,"enemies":"Gremlin Nob","floor":6,"turns":1},{"damage":11,"enemies":"Lagavulin","floor":8,"turns":7},{"damage":15,"enemies":"3 Sentries","floor":11,"turns":10},{"damage":0,"enemies":"Small Slimes","floor":12,"turns":3},{"damage":7,"enemies":"Hexaghost","floor":16,"turns":13},{"damage":2,"enemies":"Chosen","floor":18,"turns":6},{"damage":34,"enemies":"3 Byrds","floor":19,"turns":6},{"damage":24,"enemies":"Slavers","floor":24,"turns":6},{"damage":0,"enemies":"Snecko","floor":25,"turns":5},{"damage":0,"enemies":"Book of Stabbing","floor":28,"turns":5},{"damage":11,"enemies":"Centurion and Healer","floor":30,"turns":6},{"damage":4,"enemies":"Replay:Snechameleon","floor":31,"turns":6},{"damage":8,"enemies":"Collector","floor":33,"turns":5},{"damage":0,"enemies":"Orb Walker","floor":35,"turns":3},{"damage":27,"enemies":"3 Darklings","floor":36,"turns":6},{"damage":0,"enemies":"Writhing Mass","floor":37,"turns":4},{"damage":23,"enemies":"Jaw Worm Horde","floor":39,"turns":6},{"damage":4,"enemies":"Nemesis","floor":40,"turns":5},{"damage":0,"enemies":"Giant Head","floor":42,"turns":7},{"damage":12,"enemies":"Mind Bloom Boss Battle","floor":46,"turns":9},{"damage":4,"enemies":"Time Eater","floor":50,"turns":10}],"seed_played":"-1920850344140421696","potions_obtained":[{"floor":5,"key":"Flashbang"},{"floor":6,"key":"Dexterity Potion"},{"floor":8,"key":"Venom Potion"},{"floor":11,"key":"FearPotion"},{"floor":11,"key":"Block Potion"},{"floor":16,"key":"LiquidMemories"},{"floor":19,"key":"SteroidPotion"},{"floor":19,"key":"SpeedPotion"},{"floor":25,"key":"Flashbang"},{"floor":35,"key":"ShroomBrew"},{"floor":37,"key":"FairyPotion"}],"is_trial":false,"path_per_floor":["M","$","?","?","M","E","R","E","T","?","E","M","R","$","R","B",null,"M","M","?","$","T","R","E","M","T","R","E","$","M","E","R","B",null,"M","M","M","$","M","E","R","E","T","?","?","?","R","$","R","B",null],"character_chosen":"MARISA","items_purchased":["WitchOfGreed","DollysMirror","Replay:Rubber Ducky","MilkyWay","PowerUp","EnergyFlow","HandDrill"],"campfire_rested":0,"item_purchase_floors":[2,14,14,21,29,38,48],"current_hp_per_floor":[75,75,75,75,75,75,75,64,64,53,41,44,44,47,47,43,87,88,57,57,60,60,60,39,39,39,39,51,54,58,54,54,61,108,111,84,87,90,70,69,69,69,69,23,110,101,101,101,101,97],"gold":384,"neow_bonus":"THREE_ENEMY_KILL","is_daily":false,"chose_seed":false,"campfire_upgraded":8,"win_rate":0.0,"timestamp":1611599250,"path_taken":["M","?","?","?","M","E","R","E","T","?","E","M","R","$","R","BOSS","M","M","?","$","?","R","E","?","T","R","E","$","M","E","R","BOSS","M","M","?","$","M","E","R","E","T","?","?","?","R","?","R","BOSS"],"items_purchased_type":["Card","Relic","Relic","Card","Card","Card","Relic"],"build_version":"2020-12-22","purchased_purges":5,"victory":true,"max_hp_per_floor":[75,75,75,75,75,75,75,75,75,75,78,81,81,84,84,87,87,90,93,93,96,96,96,99,99,99,99,99,102,105,105,105,108,108,111,111,114,117,120,123,123,123,123,126,110,113,113,113,113,113],"card_choices":[{"not_picked":["ShootingEcho","DoubleSpark"],"picked":"MilkyWay","floor":1},{"not_picked":["Beam Cell","ChargeUpSpray"],"picked":"Conserve Battery","floor":5},{"not_picked":["Beam Cell","Stack"],"picked":"AlicesGift","floor":6},{"not_picked":["PropBag","SuperPerseids"],"picked":"OrrerysSun","floor":8},{"not_picked":["CasketOfStar","GrandCross"],"picked":"Defragment","floor":11},{"not_picked":["NonDirectionalLaser","Turbo"],"picked":"MagicAbsorber","floor":12},{"not_picked":["MaximisePower","Seek"],"picked":"UltimateShortwave","floor":16},{"not_picked":["LuminesStrike","Occultation+1"],"picked":"GalacticHalo+1","floor":18},{"not_picked":["PropBag","Acceleration"],"picked":"Singularity+1","floor":19},{"not_picked":["DC","MysteriousBeam"],"picked":"ChargeUpSpray","floor":24},{"not_picked":["DarkMatter+1","GalacticHalo","EnergyRecoil"],"picked":"SKIP","floor":25},{"not_picked":["SporeBomb","GasGiant+1","DarkSpark+1"],"picked":"SKIP","floor":28},{"not_picked":["PropBag+1","Acceleration+1"],"picked":"EnergyRecoil","floor":30},{"not_picked":["FinalSpark","Singularity+1","SuperNova"],"picked":"SKIP","floor":31},{"not_picked":["CasketOfStar","BinaryStars"],"picked":"TreasureHunter","floor":33},{"not_picked":["PulseMagic","GalacticHalo+1"],"picked":"AlicesGift+1","floor":35},{"not_picked":["MysteriousBeam+1","DoubleSpark+1","UnstableBomb+1"],"picked":"SKIP","floor":36},{"not_picked":["AsteroidBelt","DC+1"],"picked":"MilkyWay","floor":37},{"not_picked":["CasketOfStar","NonDirectionalLaser+1"],"picked":"DeepEcoloBomb","floor":39},{"not_picked":["AsteroidBelt+1","DragonMeteor+1"],"picked":"SprinkleStarSeal","floor":40},{"not_picked":["ShootTheMoon+1","ShootingEcho","EarthLightRay+1"],"picked":"SKIP","floor":42},{"not_picked":["DC+1","GrandCross+1"],"picked":"MilkyWay","floor":44},{"not_picked":["SporeBomb","PropBag"],"picked":"PowerUp","floor":46}],"player_experience":267102,"relics_obtained":[{"floor":6,"key":"Boot"},{"floor":8,"key":"Omamori"},{"floor":9,"key":"Replay:Ringing Soul"},{"floor":11,"key":"ReplayFunnel"},{"floor":22,"key":"Bottled Tornado"},{"floor":24,"key":"Smiling Mask"},{"floor":26,"key":"Meat on the Bone"},{"floor":28,"key":"Orichalcum"},{"floor":31,"key":"Bag of Marbles"},{"floor":40,"key":"War Paint"},{"floor":42,"key":"MawBank"},{"floor":42,"key":"Girya"},{"floor":43,"key":"Whetstone"},{"floor":44,"key":"ReplayTheSpireMod:TigerMarble"},{"floor":46,"key":"Lizard Tail"},{"floor":46,"key":"Replay:Multitool"},{"floor":49,"key":"TungstenRod"}],"event_choices":[{"damage_healed":0,"gold_gain":75,"player_choice":"Gold","damage_taken":11,"max_hp_gain":0,"max_hp_loss":0,"event_name":"betterThird:BetterGoop","floor":10,"gold_loss":0},{"damage_healed":0,"gold_gain":0,"player_choice":"Ignored","damage_taken":0,"max_hp_gain":0,"max_hp_loss":0,"event_name":"N\u0027loth","floor":20,"gold_loss":0},{"damage_healed":110,"gold_gain":0,"player_choice":"Heal","damage_taken":0,"max_hp_gain":0,"max_hp_loss":16,"event_name":"The Moai Head","floor":45,"gold_loss":0},{"damage_healed":0,"gold_gain":0,"player_choice":"Fight","damage_taken":0,"max_hp_gain":0,"max_hp_loss":0,"event_name":"MindBloom","floor":46,"gold_loss":0}],"is_beta":false,"boss_relics":[{"not_picked":["Runic Pyramid","Astrolabe"],"picked":"Philosopher\u0027s Stone"},{"not_picked":["Kintsugi","Snecko Eye"],"picked":"Velvet Choker"}],"items_purged_floors":[14,21,29,38,48],"is_endless":false,"potions_floor_spawned":[5,11,12,16,19,25,28,30,36,37,40],"ascension_level":2}}