{"host":"usru02jcpe2a942d","time":1611563792,"event":{"mods":["Act Like it!","BaseMod","Colored Powertips","Downfall","GifTheSpireLib","Highlight Path","HololiveMod","Hubris","Minty Spire (QoL Compilation)","MostiFishMod","Quick Restart","Relic Stats","RumiaBox-露米娅的神秘盒子","StSLib","Waifu the Spire","noobMod","【遗物卡牌】REMEMod","篝火指南"],"gold_per_floor":[99,138,138,186,186,246,300,405,52,52,6,90,180,270,306,600,600,289,325,358,400,484,187,187,247,328,718,778,1028,1106,1196,1250,1565,1565,1065,1116,1176,1227,1305,1305,1305,1389,1419,1494,617,30,135,210,252,252],"floor_reached":51,"language":"ZHS","playtime":2367,"items_purged":["Pain","champ:Circumvent","champ:AdrenalArmor","champ:DefensiveShout"],"score":1675,"play_id":"56ddfd68-65a9-476c-a490-3f4da585a2ee","local_time":"20210125163632","daily_mods":["SealedDeck","Vintage","Heirloom","Time Dilation","Flight","downfall:ChampStances","DeadlyEvents","Binary","Elite Swarm","Midas","Night Terrors","Binary"],"is_ascension_mode":false,"campfire_choices":[{"floor":1.0,"key":"RECALL"}],"circlet_count":0,"master_deck":["champ:SkillfulDodge","champ:FocusedDefense+1","champ:DefensiveShout","champ:ArenaPreparation","champ:StanceDance+1","Madness","champ:StanceDance+1","CurseOfTheBell","hubris:DuctTapeCard"],"relics":["champ:ChampionCrown","Busted Crown","DaveBox","ice","REME_ComplimentaryCards","champ:ChampStancesModRelic","OriginationStaff","FeatherPendant","Toxic Egg 2","Meat on the Bone","Shuriken","InkBottle","downfall:HeartBlessingRed","downfall:HeartBlessingBlue","Civilization","hexamod:BolsterEngine","Pear","Smiling Mask","REME_PuzzleBoxRelic","HaiYi:Twilight","hubris:PeanutButter","hubris:MedicalManual","Pen Nib","Bag of Marbles","hubris:Zylophone","Slimebound:PreparedRelic","bronze:DecasWashers","Oddly Smooth Stone","Lantern","Old Coin","hubris:DeckOfHolding","hubris:SlimyHat","Calipers","ImprovedEquipment","Calling Bell","Blood Vial","Letter Opener","MoreBug","hubris:Spice","SynthV","Dream Catcher","Nunchaku","REME_HandOfSuture","StrikeDummy","hubris:CuriousFeather","hubris:MysteriousPyramids","Anchor","hubris:DuctTape","BionicSphere","Strawberry"],"acts_visited":["Exordium","TheCity","TheBeyond"],"potions_floor_usage":[],"damage_taken":[{"damage":15.0,"enemies":"2 Louse","floor":2.0,"turns":1.0},{"damage":25.0,"enemies":"Cultist","floor":4.0,"turns":1.0},{"damage":70.0,"enemies":"Small Slimes","floor":6.0,"turns":1.0},{"damage":20.0,"enemies":"Lagavulin","floor":8.0,"turns":2.0},{"damage":11,"enemies":"Gremlin Nob","floor":12,"turns":2},{"damage":84,"enemies":"3 Sentries","floor":13,"turns":2},{"damage":34,"enemies":"Gremlin Nob","floor":14,"turns":2},{"damage":20,"enemies":"2 Fungi Beasts","floor":15,"turns":1},{"damage":26,"enemies":"DF_ARCHETYPE_STREAMLINE","floor":16,"turns":2},{"damage":62,"enemies":"3 Byrds","floor":19,"turns":2},{"damage":0,"enemies":"Snecko","floor":20,"turns":1},{"damage":57,"enemies":"Sentry and Sphere","floor":21,"turns":1},{"damage":0,"enemies":"Slavers","floor":22,"turns":1},{"damage":0,"enemies":"Shelled Parasite and Fungi","floor":25,"turns":1},{"damage":0,"enemies":"Book of Stabbing","floor":26,"turns":1},{"damage":12,"enemies":"Gremlin Leader","floor":27,"turns":1},{"damage":0,"enemies":"Centurion and Healer","floor":28,"turns":1},{"damage":10,"enemies":"downfall:FleeingMerchant","floor":29,"turns":1},{"damage":0,"enemies":"Book of Stabbing","floor":30,"turns":1},{"damage":0,"enemies":"Slavers","floor":31,"turns":1},{"damage":0,"enemies":"Snake Plant","floor":32,"turns":1},{"damage":0,"enemies":"IC_MUSHROOM_ARCHETYPE","floor":33,"turns":1},{"damage":7,"enemies":"3 Darklings","floor":36,"turns":1},{"damage":0,"enemies":"3 Shapes","floor":37,"turns":1},{"damage":0,"enemies":"Sphere and 2 Shapes","floor":38,"turns":1},{"damage":0,"enemies":"Nemesis","floor":39,"turns":1},{"damage":0,"enemies":"Reptomancer","floor":42,"turns":1},{"damage":0,"enemies":"Jaw Worm Horde","floor":43,"turns":1},{"damage":0,"enemies":"Nemesis","floor":44,"turns":1},{"damage":0,"enemies":"Giant Head","floor":47,"turns":1},{"damage":0,"enemies":"Reptomancer","floor":48,"turns":1},{"damage":0,"enemies":"Transient","floor":49,"turns":1},{"damage":0,"enemies":"WA_ARCHETYPE_DIVINITY","floor":50,"turns":3}],"seed_played":"-6823427504030585944","potions_obtained":[{"floor":2.0,"key":"Slimebound:ThreeZeroPotion"},{"floor":14,"key":"AttackPotion"},{"floor":15,"key":"champ:CounterPotion"},{"floor":21,"key":"champ:OpenerPotion"}],"is_trial":true,"path_per_floor":["R","M","?","M","?","M","T","E","R","?","R","E","E","E","M","B",null,"R","M","M","M","E","R","T","M","E","E","M","$","E","E","M","B",null,"R","M","M","M","E","?","T","E","M","E","$","$","E","E","M","B",null],"character_chosen":"THE_CHAMP","items_purchased":["Civilization","champ:StanceDance+1","hubris:PeanutButter","Slimebound:PreparedRelic","hubris:Spice","SynthV","hubris:Spice","Anchor","MostiFishMod:PerfectForm","hubris:DuctTape","hubris:Spice","hubris:Spice"],"campfire_rested":0,"item_purchase_floors":[9,11,18,23,35,35,45,45,45,45,46,46],"current_hp_per_floor":[90,90,90,90,100,100,100,100,110,110,110,105,112,103,108,112,140,140,145,150,155,160,160,160,165,170,175,180,185,190,195,200,205,205,213,218,223,228,241,241,241,246,251,248,240,224,229,241,238,243],"gold":252,"neow_bonus":"","is_daily":false,"chose_seed":false,"campfire_upgraded":0,"win_rate":0.0,"timestamp":1611563792,"path_taken":["R","M","?","?","?","?","T","?","R","?","R","E","E","?","M","BOSS","R","M","M","?","?","R","T","?","?","?","?","$","?","E","M","BOSS","R","M","M","?","?","?","T","?","?","E","?","$","E","?","M","BOSS"],"items_purchased_type":["Relic","Card","Relic","Relic","Relic","Relic","Relic","Relic","Card","Relic","Relic","Relic"],"build_version":"2020-12-22","purchased_purges":4,"victory":true,"max_hp_per_floor":[90,90,90,90,100,100,100,100,110,110,110,111,125,130,135,140,140,140,145,150,155,160,160,160,165,170,175,180,185,190,195,200,205,205,213,218,223,228,241,241,241,246,251,248,240,224,229,241,238,243],"relic_stats":{"Blood Vial":0,"Dream Catcher":0,"Nunchaku":[3],"Busted Crown":40,"counters":[33,41],"Shuriken":[33],"Pen Nib":[7],"Letter Opener":[399],"Smiling Mask":250,"obtain_stats":[{"champ:ChampStancesModRelic":0,"Calipers":31,"ice":0,"hubris:MysteriousPyramids":43,"Old Coin":27,"Blood Vial":34,"Strawberry":48,"hubris:DeckOfHolding":28,"Toxic Egg 2":2,"MoreBug":34,"Pear":13,"hubris:DuctTape":45,"Oddly Smooth Stone":25,"Pen Nib":20,"Letter Opener":34,"hubris:Zylophone":22,"Shuriken":6,"BionicSphere":47,"hubris:PeanutButter":18,"Slimebound:PreparedRelic":23,"OriginationStaff":0,"StrikeDummy":41,"Meat on the Bone":4,"Lantern":26,"DaveBox":0,"SynthV":35,"champ:ChampionCrown":0,"hubris:SlimyHat":30,"Smiling Mask":14,"Civilization":9,"Dream Catcher":36,"Nunchaku":37,"downfall:HeartBlessingBlue":9,"hubris:CuriousFeather":42,"InkBottle":8,"downfall:HeartBlessingRed":9,"bronze:DecasWashers":24,"ImprovedEquipment":32,"hubris:MedicalManual":19,"Calling Bell":34,"Anchor":45,"Busted Crown":0,"HaiYi:Twilight":17,"FeatherPendant":0,"hubris:Spice":35,"REME_HandOfSuture":38,"Bag of Marbles":21,"hexamod:BolsterEngine":12,"REME_PuzzleBoxRelic":15,"REME_ComplimentaryCards":0},{"champ:ChampStancesModRelic":0,"Calipers":20,"ice":0,"hubris:MysteriousPyramids":28,"Old Coin":16,"Blood Vial":22,"Strawberry":31,"hubris:DeckOfHolding":17,"Toxic Egg 2":1,"MoreBug":22,"Pear":6,"hubris:DuctTape":29,"Oddly Smooth Stone":14,"Pen Nib":11,"Letter Opener":22,"hubris:Zylophone":13,"Shuriken":3,"BionicSphere":30,"hubris:PeanutButter":9,"Slimebound:PreparedRelic":13,"OriginationStaff":0,"StrikeDummy":26,"Meat on the Bone":2,"Lantern":15,"DaveBox":0,"SynthV":22,"champ:ChampionCrown":0,"hubris:SlimyHat":19,"Smiling Mask":7,"Civilization":4,"Dream Catcher":23,"Nunchaku":24,"downfall:HeartBlessingBlue":4,"hubris:CuriousFeather":27,"InkBottle":4,"downfall:HeartBlessingRed":4,"bronze:DecasWashers":13,"ImprovedEquipment":21,"hubris:MedicalManual":10,"Calling Bell":22,"Anchor":29,"Busted Crown":0,"HaiYi:Twilight":9,"FeatherPendant":0,"hubris:Spice":22,"REME_HandOfSuture":25,"Bag of Marbles":12,"hexamod:BolsterEngine":5,"REME_PuzzleBoxRelic":8,"REME_ComplimentaryCards":0},{"champ:ChampStancesModRelic":0,"Calipers":26,"ice":0,"hubris:MysteriousPyramids":34,"Old Coin":22,"Blood Vial":28,"Strawberry":37,"hubris:DeckOfHolding":23,"Toxic Egg 2":1,"MoreBug":28,"Pear":9,"hubris:DuctTape":35,"Oddly Smooth Stone":20,"Pen Nib":17,"Letter Opener":28,"hubris:Zylophone":19,"Shuriken":3,"BionicSphere":36,"hubris:PeanutButter":14,"Slimebound:PreparedRelic":19,"OriginationStaff":0,"StrikeDummy":32,"Meat on the Bone":2,"Lantern":21,"DaveBox":0,"SynthV":28,"champ:ChampionCrown":0,"hubris:SlimyHat":25,"Smiling Mask":11,"Civilization":5,"Dream Catcher":29,"Nunchaku":30,"downfall:HeartBlessingBlue":5,"hubris:CuriousFeather":33,"InkBottle":5,"downfall:HeartBlessingRed":5,"bronze:DecasWashers":19,"ImprovedEquipment":27,"hubris:MedicalManual":16,"Calling Bell":28,"Anchor":35,"Busted Crown":0,"HaiYi:Twilight":14,"FeatherPendant":0,"hubris:Spice":28,"REME_HandOfSuture":31,"Bag of Marbles":18,"hexamod:BolsterEngine":7,"REME_PuzzleBoxRelic":12,"REME_ComplimentaryCards":0}],"InkBottle":[45],"Meat on the Bone":24},"card_choices":[],"player_experience":406704,"relics_obtained":[{"floor":2.0,"key":"Toxic Egg 2"},{"floor":4.0,"key":"Meat on the Bone"},{"floor":6.0,"key":"Shuriken"},{"floor":8.0,"key":"InkBottle"},{"floor":12,"key":"hexamod:BolsterEngine"},{"floor":13,"key":"Pear"},{"floor":14,"key":"Smiling Mask"},{"floor":15,"key":"REME_PuzzleBoxRelic"},{"floor":19,"key":"hubris:MedicalManual"},{"floor":20,"key":"Pen Nib"},{"floor":21,"key":"Bag of Marbles"},{"floor":22,"key":"hubris:Zylophone"},{"floor":24,"key":"bronze:DecasWashers"},{"floor":25,"key":"Oddly Smooth Stone"},{"floor":26,"key":"Lantern"},{"floor":27,"key":"Old Coin"},{"floor":28,"key":"hubris:DeckOfHolding"},{"floor":30,"key":"hubris:SlimyHat"},{"floor":31,"key":"Calipers"},{"floor":32,"key":"ImprovedEquipment"},{"floor":34,"key":"Blood Vial"},{"floor":34,"key":"Letter Opener"},{"floor":34,"key":"MoreBug"},{"floor":36,"key":"Dream Catcher"},{"floor":37,"key":"Nunchaku"},{"floor":38,"key":"REME_HandOfSuture"},{"floor":39,"key":"hubris:Spice"},{"floor":41,"key":"StrikeDummy"},{"floor":42,"key":"hubris:CuriousFeather"},{"floor":43,"key":"hubris:MysteriousPyramids"},{"floor":44,"key":"hubris:Spice"},{"floor":47,"key":"BionicSphere"},{"floor":48,"key":"Strawberry"},{"floor":49,"key":"hubris:Spice"}],"event_choices":[{"cards_removed":["champ:FlashCut"],"damage_healed":0,"gold_gain":0,"player_choice":"Removed Attack","damage_taken":0,"max_hp_gain":0,"max_hp_loss":0,"event_name":"Falling","floor":40,"gold_loss":0}],"is_beta":false,"boss_relics":[{"not_picked":["bronze:MakeshiftBattery","OneHitWonderSystem"],"picked":"HaiYi:Twilight"},{"not_picked":["FrostBlade","JellyFishMachine"],"picked":"Calling Bell"}],"items_purged_floors":[18,23,29,35],"is_endless":false,"potions_floor_spawned":[2,14,15,16,20,21,22,25,27,31,33,37,42,44,47,48],"ascension_level":0}}