{"host":"q0qnzbgdx8oqogg9","time":1611547537,"event":{"mods":["BaseMod","Minty Spire (QoL Compilation)","StSLib"],"gold_per_floor":[111,111,111,111,131,131,145,188,236,71,90,111,129,154,154,282,345,359,359,359,114,114,114,134,134,160,198,198,211,250,266,266,394,394,417,476,539,145,161,194,194,209,209,209,223,52,0,25,25,25],"floor_reached":51,"language":"ENG","playtime":1939,"items_purged":["Strike_G","Strike_G","Strike_G"],"score":1109,"play_id":"5e1fcf02-e658-4a4e-8d5c-18a1d724b5d2","local_time":"20210124230537","is_ascension_mode":true,"campfire_choices":[{"floor":6.0,"key":"REST"},{"floor":15.0,"key":"REST"},{"data":"Predator","floor":23.0,"key":"SMITH"},{"data":"Storm of Steel","floor":25.0,"key":"SMITH"},{"floor":32.0,"key":"REST"},{"floor":41.0,"key":"REST"},{"floor":44.0,"key":"DIG"},{"floor":49.0,"key":"REST"}],"circlet_count":0,"master_deck":["AscendersBane","Strike_G+1","Defend_G","Defend_G+1","Defend_G","Defend_G","Defend_G","Survivor+1","Neutralize","Blade Dance","Predator+1","Backflip","Cloak And Dagger","Swift Strike","Cloak And Dagger","Infinite Blades","Storm of Steel+1","Blade Dance","Deflect+1","Necronomicurse","After Image","Terror","Finisher","Malaise","Footwork","Cloak And Dagger","Mayhem+1"],"relics":["WristBlade","Golden Idol","Shuriken","Ginger","Bag of Marbles","Tiny House","MutagenicStrength","ClockworkSouvenir","Necronomicon","Akabeko","HornCleat","Oddly Smooth Stone","Busted Crown","Calipers","Shovel","War Paint","MealTicket","Eternal Feather","Frozen Egg 2","Red Mask"],"acts_visited":["Exordium","TheCity","TheBeyond"],"potions_floor_usage":[],"damage_taken":[{"damage":12.0,"enemies":"2 Louse","floor":1.0,"turns":3.0},{"damage":0.0,"enemies":"Jaw Worm","floor":5.0,"turns":2.0},{"damage":0.0,"enemies":"Small Slimes","floor":7.0,"turns":2.0},{"damage":34.0,"enemies":"3 Sentries","floor":8.0,"turns":7.0},{"damage":0.0,"enemies":"Looter","floor":11.0,"turns":1.0},{"damage":0.0,"enemies":"3 Louse","floor":12.0,"turns":2.0},{"damage":0.0,"enemies":"Exordium Wildlife","floor":13.0,"turns":2.0},{"damage":3.0,"enemies":"Large Slime","floor":14.0,"turns":5.0},{"damage":10.0,"enemies":"The Guardian","floor":16.0,"turns":11.0},{"damage":12.0,"enemies":"2 Thieves","floor":18.0,"turns":4.0},{"damage":0.0,"enemies":"Spheric Guardian","floor":24.0,"turns":2.0},{"damage":5.0,"enemies":"Gremlin Leader","floor":27.0,"turns":4.0},{"damage":3.0,"enemies":"Centurion and Healer","floor":29.0,"turns":3.0},{"damage":12.0,"enemies":"Slavers","floor":30.0,"turns":4.0},{"damage":13.0,"enemies":"Snake Plant","floor":31.0,"turns":2.0},{"damage":14.0,"enemies":"Automaton","floor":33.0,"turns":6.0},{"damage":0.0,"enemies":"3 Shapes","floor":35.0,"turns":1.0},{"damage":0.0,"enemies":"2 Orb Walkers","floor":36.0,"turns":3.0},{"damage":0.0,"enemies":"Mind Bloom Boss Battle","floor":37.0,"turns":4.0},{"damage":0.0,"enemies":"Orb Walker","floor":39.0,"turns":2.0},{"damage":51.0,"enemies":"Reptomancer","floor":40.0,"turns":4.0},{"damage":3.0,"enemies":"Jaw Worm Horde","floor":42.0,"turns":2.0},{"damage":18.0,"enemies":"Spire Growth","floor":45.0,"turns":5.0},{"damage":21.0,"enemies":"Sphere and 2 Shapes","floor":48.0,"turns":5.0},{"damage":50,"enemies":"Awakened One","floor":50,"turns":13}],"seed_played":"5178370593185031410","potions_obtained":[{"floor":8.0,"key":"SmokeBomb"},{"floor":11.0,"key":"SpeedPotion"},{"floor":17.0,"key":"Dexterity Potion"},{"floor":18.0,"key":"PowerPotion"},{"floor":30.0,"key":"Poison Potion"},{"floor":36.0,"key":"Block Potion"},{"floor":37.0,"key":"FearPotion"},{"floor":45.0,"key":"LiquidBronze"}],"is_trial":false,"path_per_floor":["M","?","T","?","M","R","M","E","T","$","M","M","M","M","R","B",null,"M","?","?","$","?","R","M","R","T","E","?","M","E","M","R","B",null,"M","?","?","$","M","E","R","M","T","R","M","$","?","M","R","B",null],"character_chosen":"THE_SILENT","items_purchased":["Swift Strike","ClockworkSouvenir","Footwork","War Paint","Cloak And Dagger","Mayhem+1"],"campfire_rested":5,"item_purchase_floors":[10,21,38,38,38,46],"current_hp_per_floor":[51,34,34,27,27,48,48,14,14,14,14,14,14,11,32,22,63,51,51,51,51,35,35,35,35,35,30,30,27,15,2,24,10,59,59,59,59,59,59,8,30,27,27,42,24,39,39,18,55,5],"gold":25,"neow_bonus":"BOSS_RELIC","is_daily":false,"chose_seed":false,"campfire_upgraded":2,"win_rate":0.0,"timestamp":1611547537,"path_taken":["M","?","?","?","M","R","M","E","T","$","?","M","M","M","R","BOSS","M","?","?","$","?","R","M","R","T","E","?","M","E","M","R","BOSS","M","?","?","$","M","E","R","M","T","R","M","$","?","M","R","BOSS"],"items_purchased_type":["Card","Relic","Card","Relic","Card","Card"],"build_version":"2020-12-22","purchased_purges":3,"victory":true,"max_hp_per_floor":[70,70,70,70,70,70,70,70,70,70,70,70,70,70,70,70,75,75,75,75,75,75,75,75,75,75,75,75,75,75,75,75,75,75,75,75,75,75,75,75,75,75,75,75,75,75,75,75,75,75],"card_choices":[{"not_picked":["PiercingWail","Flying Knee"],"picked":"Blade Dance","floor":1.0},{"not_picked":["Flying Knee","Bane"],"picked":"Predator","floor":5.0},{"not_picked":["Flying Knee","Deadly Poison"],"picked":"Backflip","floor":7.0},{"not_picked":["Backflip","All Out Attack"],"picked":"Cloak And Dagger","floor":8.0},{"not_picked":["Prepared","Bouncing Flask","Burst"],"picked":"SKIP","floor":11.0},{"not_picked":["Bane","Flying Knee","PiercingWail"],"picked":"SKIP","floor":12.0},{"not_picked":["Well Laid Plans","Dash"],"picked":"Cloak And Dagger","floor":13.0},{"not_picked":["Poisoned Stab","Dagger Throw"],"picked":"Infinite Blades","floor":14.0},{"not_picked":["A Thousand Cuts","Night Terror"],"picked":"Storm of Steel","floor":16.0},{"not_picked":["Slice","Deadly Poison"],"picked":"Blade Dance","floor":17.0},{"not_picked":["Accuracy","All Out Attack+1"],"picked":"Deflect+1","floor":18.0},{"not_picked":["Poisoned Stab","Backflip+1","Blade Dance"],"picked":"SKIP","floor":24.0},{"not_picked":["Leg Sweep","Underhanded Strike+1"],"picked":"After Image","floor":27.0},{"not_picked":["PiercingWail","Deadly Poison"],"picked":"Terror","floor":29.0},{"not_picked":["Catalyst","Setup","Outmaneuver"],"picked":"SKIP","floor":30.0},{"not_picked":["Poisoned Stab","Blur"],"picked":"Finisher","floor":31.0},{"not_picked":["Bullet Time","Burst"],"picked":"Malaise","floor":33.0},{"not_picked":["Tactician+1"],"picked":"SKIP","floor":35.0},{"not_picked":["Poisoned Stab+1"],"picked":"SKIP","floor":39.0},{"not_picked":["Well Laid Plans+1"],"picked":"SKIP","floor":40.0},{"not_picked":["Distraction+1"],"picked":"SKIP","floor":42.0},{"not_picked":["Quick Slash"],"picked":"SKIP","floor":45.0},{"not_picked":["Concentrate+1"],"picked":"SKIP","floor":48.0}],"player_experience":299113,"relics_obtained":[{"floor":3.0,"key":"Shuriken"},{"floor":8.0,"key":"Ginger"},{"floor":9.0,"key":"Bag of Marbles"},{"floor":22.0,"key":"Necronomicon"},{"floor":26.0,"key":"Akabeko"},{"floor":27.0,"key":"HornCleat"},{"floor":30.0,"key":"Oddly Smooth Stone"},{"floor":36.0,"key":"Calipers"},{"floor":37.0,"key":"Shovel"},{"floor":40.0,"key":"MealTicket"},{"floor":43.0,"key":"Eternal Feather"},{"floor":44.0,"key":"Frozen Egg 2"}],"event_choices":[{"damage_healed":0.0,"max_hp_gain":0.0,"max_hp_loss":0.0,"gold_gain":0.0,"event_name":"Golden Idol","player_choice":"Take Damage","floor":2.0,"gold_loss":0.0,"damage_taken":17.0,"relics_obtained":["Golden Idol"]},{"cards_removed":["Strike_G"],"damage_healed":0.0,"max_hp_gain":0.0,"max_hp_loss":0.0,"gold_gain":0.0,"event_name":"Golden Wing","player_choice":"Card Removal","floor":4.0,"gold_loss":0.0,"damage_taken":7.0},{"damage_healed":0.0,"max_hp_gain":0.0,"max_hp_loss":0.0,"gold_gain":0.0,"event_name":"Drug Dealer","player_choice":"Inject Mutagens","floor":19.0,"gold_loss":0.0,"damage_taken":0.0,"relics_obtained":["MutagenicStrength"]},{"damage_healed":0.0,"max_hp_gain":0.0,"max_hp_loss":0.0,"gold_gain":0.0,"event_name":"Ghosts","player_choice":"Ignored","floor":20.0,"gold_loss":0.0,"damage_taken":0.0},{"damage_healed":0.0,"max_hp_gain":0.0,"max_hp_loss":0.0,"gold_gain":0.0,"event_name":"Cursed Tome","player_choice":"Obtained Book","floor":22.0,"gold_loss":0.0,"damage_taken":16.0},{"damage_healed":0.0,"max_hp_gain":0.0,"max_hp_loss":0.0,"gold_gain":0.0,"event_name":"The Mausoleum","player_choice":"Ignored","floor":28.0,"gold_loss":0.0,"damage_taken":0.0},{"damage_healed":0.0,"max_hp_gain":0.0,"max_hp_loss":0.0,"gold_gain":0.0,"event_name":"Mysterious Sphere","player_choice":"Fight","floor":36.0,"gold_loss":0.0,"damage_taken":0.0},{"damage_healed":0.0,"max_hp_gain":0.0,"max_hp_loss":0.0,"gold_gain":0.0,"event_name":"MindBloom","player_choice":"Fight","floor":37.0,"gold_loss":0.0,"damage_taken":0.0},{"damage_healed":0.0,"max_hp_gain":0.0,"max_hp_loss":0.0,"gold_gain":0.0,"event_name":"Tomb of Lord Red Mask","player_choice":"Paid","floor":47.0,"gold_loss":52.0,"damage_taken":0.0,"relics_obtained":["Red Mask"]}],"is_beta":false,"boss_relics":[{"not_picked":["Astrolabe","Snecko Eye"],"picked":"Tiny House"},{"not_picked":["SacredBark","Runic Dome"],"picked":"Busted Crown"}],"items_purged_floors":[10,21,38],"is_endless":false,"potions_floor_spawned":[8,11,12,18,24,30,36,37,45],"ascension_level":11}}