{"host":"wj6vwlg8bkoql3lv","time":1611614704,"event":{"mods":["AchievementEnabler","Bard","Bartender","BaseMod","Better Altar","Better Match","Better Sensory Stone","Better Skull","Better Third Choice","Better Vampires","Card Forge","Colored Map","Custom Start","Decade(???)","Downfall","Energized Spire","Friendly Minions","Hermit","Hubris","Infinite Spire","JesterMod","Jorbs\u0027s Wanderer Trilogy","Marisa????????","Minty Spire (QoL Compilation)","Permanent Neow","Potionbrewer","Quick Restart","Random Character Button","Replay The Spire","Robot Space Explorer","Shade Mod","StSLib","The Blue Laboratory","The Bug Knight","The Construct","The Cursed","The Death Knight","The Disciple","The Gatherer","The Hayseed","The Hierophant","The Jungle","The Marked","The Mystic","The Runesmith","The Senshi","The Servant 0.9.4","TheFirefly","Transform Curses"],"gold_per_floor":[11,25,44,57,57,92,92,55,55,66,78,0,0,0,0,97,97,109,35,53,67,87,87,102,116,169,169,169],"floor_reached":27,"language":"ENG","playtime":2100,"items_purged":[],"score":244,"play_id":"4f6260c0-170f-4a4b-9c7c-8e2f91bf20e2","local_time":"20210125224504","is_ascension_mode":false,"campfire_choices":[{"data":"jesterMod:SwiftDodge","floor":7,"key":"SMITH"},{"floor":13,"key":"REST"},{"floor":15,"key":"REST"},{"floor":23,"key":"RECALL"}],"circlet_count":0,"master_deck":["jesterMod:Strike","jesterMod:Strike","jesterMod:Strike","jesterMod:Strike","jesterMod:Sickle","jesterMod:Defend","jesterMod:Defend","jesterMod:Defend","jesterMod:Defend","jesterMod:Dodge","jesterMod:Tinker","jesterMod:Disposophobia","jesterMod:Exasperation","jesterMod:BouncingKnife","Apotheosis+1","jesterMod:SwiftDodge+1","jesterMod:Unleash","jesterMod:SmokeScreen","Enlightenment","jesterMod:Frustration","jesterMod:Pause","jesterMod:Discretion","jesterMod:Rebuff","jesterMod:Flee+1","jesterMod:Frenzy","jesterMod:BouncingKnife+1","jesterMod:DaggerRain+1"],"relics":["jesterMod:JesterCap","Hammer of Thor","Seething Fire","Anvil of the Gods","Power_Wrist","betterThird:SlimedRelic","Replay:Arrowhead","Painkiller Herb"],"acts_visited":["Exordium","TheCity"],"potions_floor_usage":[6,16],"damage_taken":[{"damage":4,"enemies":"Cultist","floor":1,"turns":5},{"damage":6,"enemies":"Jaw Worm","floor":2,"turns":3},{"damage":0,"enemies":"2 Louse","floor":3,"turns":3},{"damage":4,"enemies":"Blue Slaver","floor":4,"turns":5},{"damage":17,"enemies":"Gremlin Nob","floor":6,"turns":4},{"damage":17,"enemies":"Gremlin Gang","floor":10,"turns":3},{"damage":3,"enemies":"Red Slaver","floor":11,"turns":5},{"damage":31,"enemies":"Slime Boss","floor":16,"turns":12},{"damage":15,"enemies":"Shell Parasite","floor":18,"turns":6},{"damage":15,"enemies":"Chosen","floor":20,"turns":9},{"damage":6,"enemies":"Centurion and Healer","floor":21,"turns":6},{"damage":14,"enemies":"Snecko","floor":22,"turns":7},{"damage":15,"enemies":"Snake Plant","floor":24,"turns":5},{"damage":19,"enemies":"Shelled Parasite and Fungi","floor":25,"turns":6},{"damage":7,"enemies":"Centurion and Healer","floor":27,"turns":1}],"seed_played":"1135929833037263250","potions_obtained":[{"floor":3,"key":"blueLaboratory:RememoryPotion"},{"floor":4,"key":"blueLaboratory:RecallPotion"},{"floor":6,"key":"potionbrewer:BoundlessPotion"},{"floor":10,"key":"blueLaboratory:EmptyBottle"},{"floor":18,"key":"blueLaboratory:PhilterOfMotion"},{"floor":20,"key":"champ:CounterPotion"}],"is_trial":false,"path_per_floor":["M","M","M","M","?","E","R","?","T","M","M","?","R","$","R","B",null,"?","T","?","?","?","T","?","?","T","?"],"character_chosen":"THE_JESTER","items_purchased":["jesterMod:Discretion"],"campfire_rested":2,"item_purchase_floors":[19],"current_hp_per_floor":[80,74,74,70,70,53,53,42,42,25,22,28,55,55,82,51,90,75,75,60,54,40,40,25,6,6,0,0],"gold":169,"neow_bonus":"TWENTY_PERCENT_HP_BONUS","is_daily":false,"chose_seed":false,"campfire_upgraded":1,"win_rate":0.0,"timestamp":1611614704,"path_taken":["M","M","M","M","?","E","R","?","T","M","M","?","R","?","R","BOSS","?","T","?","?","?","T","?","?","T","?"],"items_purchased_type":["Card"],"build_version":"2020-12-22","purchased_purges":0,"victory":false,"max_hp_per_floor":[84,84,84,84,84,84,84,84,84,84,84,90,90,90,90,90,90,90,90,90,90,90,90,90,90,90,90,90],"card_choices":[{"not_picked":["jesterMod:Patience","jesterMod:Twirl"],"picked":"jesterMod:Tinker","floor":1},{"not_picked":["jesterMod:Tinker","jesterMod:DancingMad"],"picked":"jesterMod:Disposophobia","floor":2},{"not_picked":["jesterMod:QuickStrike","jesterMod:Discretion"],"picked":"jesterMod:Exasperation","floor":3},{"not_picked":["jesterMod:SmokeScreen","jesterMod:MudBall"],"picked":"jesterMod:BouncingKnife","floor":4},{"not_picked":["jesterMod:Mending","jesterMod:Arrythmia"],"picked":"jesterMod:SwiftDodge","floor":6},{"not_picked":["jesterMod:TrickyDodge","jesterMod:ExperimentalTreatment"],"picked":"jesterMod:Unleash","floor":10},{"not_picked":["jesterMod:Tinker","jesterMod:JackInTheBox"],"picked":"jesterMod:SmokeScreen","floor":11},{"not_picked":["jesterMod:Juggler","jesterMod:Placebo"],"picked":"jesterMod:Frustration","floor":16},{"not_picked":["jesterMod:QuickStrike","jesterMod:Disposophobia"],"picked":"jesterMod:Pause","floor":18},{"not_picked":["jesterMod:Loot","jesterMod:Inspiration"],"picked":"jesterMod:Rebuff","floor":20},{"not_picked":["jesterMod:Hide","jesterMod:Rebuff"],"picked":"jesterMod:Flee+1","floor":21},{"not_picked":["jesterMod:DancingMad","jesterMod:SelfMockery+1"],"picked":"jesterMod:Frenzy","floor":22},{"not_picked":["jesterMod:DancingMad","jesterMod:Discretion"],"picked":"jesterMod:BouncingKnife+1","floor":24},{"not_picked":["jesterMod:DancingMad","jesterMod:Encore"],"picked":"jesterMod:DaggerRain+1","floor":25}],"player_experience":181223,"relics_obtained":[{"floor":6,"key":"Power_Wrist"},{"floor":9,"key":"Replay:Arrowhead"}],"event_choices":[{"damage_healed":70,"gold_gain":0,"player_choice":"Embrace","damage_taken":0,"max_hp_gain":0,"max_hp_loss":84,"event_name":"betterThird:BetterShining","floor":5,"gold_loss":0},{"damage_healed":0,"gold_gain":0,"player_choice":"Slimed","damage_taken":11,"max_hp_gain":0,"max_hp_loss":0,"event_name":"betterThird:BetterGoop","floor":8,"gold_loss":37},{"damage_healed":0,"gold_gain":0,"player_choice":"RENOUNCE","damage_taken":78,"max_hp_gain":0,"max_hp_loss":0,"event_name":"betterThird:BetterSerpent","floor":12,"gold_loss":78,"cards_obtained":["Enlightenment"]}],"is_beta":false,"boss_relics":[{"not_picked":["Replay:Bronze Core","Runesmith:UraniumAnvil"],"picked":"Painkiller Herb"}],"items_purged_floors":[],"is_endless":false,"potions_floor_spawned":[3,4,6,10,18,20],"killed_by":"Centurion and Healer","ascension_level":0}}