{"host":"biwm9xxhmg58tdpv","time":1611566559,"event":{"mods":["BaseMod","Minty Spire (QoL Compilation)","Relic Stats"],"gold_per_floor":[117,130,130,130,142,172,172,192,216,262,290,290,274,294,294,294,294],"floor_reached":16,"language":"ENG","playtime":865,"items_purged":[],"score":168,"play_id":"683a1468-d885-4e11-b836-24943164b50a","local_time":"20210125172239","is_ascension_mode":true,"campfire_choices":[{"floor":7.0,"key":"REST"},{"floor":12.0,"key":"REST"},{"floor":15.0,"key":"REST"}],"circlet_count":0,"master_deck":["AscendersBane","Strike_P","Strike_P","Strike_P","Strike_P","Defend_P+1","Defend_P","Defend_P","Defend_P","Eruption","Vigilance","WheelKick","ThirdEye+1","Halt","FearNoEvil","Meditate","EmptyBody","FlurryOfBlows","EmptyFist"],"relics":["PureWater","NeowsBlessing","MealTicket","War Paint","Lantern","Anchor","Singing Bowl"],"acts_visited":["Exordium"],"potions_floor_usage":[16],"damage_taken":[{"damage":0.0,"enemies":"Small Slimes","floor":1.0,"turns":2.0},{"damage":0.0,"enemies":"Cultist","floor":2.0,"turns":1.0},{"damage":0.0,"enemies":"Jaw Worm","floor":5.0,"turns":1.0},{"damage":20.0,"enemies":"3 Sentries","floor":6.0,"turns":8.0},{"damage":9.0,"enemies":"Looter","floor":8.0,"turns":3.0},{"damage":35.0,"enemies":"Gremlin Nob","floor":11.0,"turns":4.0},{"damage":11.0,"enemies":"Exordium Thugs","floor":13.0,"turns":4.0},{"damage":10.0,"enemies":"Exordium Wildlife","floor":14.0,"turns":4.0},{"damage":20,"enemies":"The Guardian","floor":16,"turns":8}],"seed_played":"2656303426330111620","potions_obtained":[{"floor":1.0,"key":"SneckoOil"},{"floor":6.0,"key":"ColorlessPotion"},{"floor":11.0,"key":"PowerPotion"},{"floor":14.0,"key":"BlessingOfTheForge"}],"is_trial":false,"path_per_floor":["M","M","?","?","M","E","R","M","T","T","E","R","M","M","R","B"],"character_chosen":"WATCHER","items_purchased":[],"campfire_rested":3,"item_purchase_floors":[],"current_hp_per_floor":[65,65,47,47,47,27,48,39,39,39,4,25,14,4,25,5,5],"gold":294,"neow_bonus":"THREE_ENEMY_KILL","is_daily":false,"chose_seed":false,"campfire_upgraded":0,"win_rate":0.0,"timestamp":1611566559,"path_taken":["M","M","?","?","?","E","R","M","T","?","E","R","M","M","R","BOSS"],"items_purchased_type":[],"build_version":"2020-12-22","purchased_purges":0,"victory":false,"max_hp_per_floor":[72,72,72,72,72,72,72,72,72,72,72,72,72,72,72,72,72],"relic_stats":{"Singing Bowl":0,"counters":[9,35],"MealTicket":0,"War Paint":["Defend_P","ThirdEye"],"obtain_stats":[{"Lantern":6,"Anchor":9,"NeowsBlessing":0,"Singing Bowl":11,"MealTicket":3,"PureWater":0,"War Paint":4},{"Lantern":4,"Anchor":5,"NeowsBlessing":0,"Singing Bowl":6,"MealTicket":2,"PureWater":0,"War Paint":2},{"Lantern":12,"Anchor":15,"NeowsBlessing":0,"Singing Bowl":19,"MealTicket":3,"PureWater":0,"War Paint":3}]},"card_choices":[{"not_picked":["ReachHeaven","Consecrate"],"picked":"WheelKick","floor":1.0},{"not_picked":["CarveReality","Protect"],"picked":"ThirdEye","floor":2.0},{"not_picked":["InnerPeace","SashWhip"],"picked":"Halt","floor":5.0},{"not_picked":["FollowUp","ClearTheMind"],"picked":"FearNoEvil","floor":6.0},{"not_picked":["JustLucky","WindmillStrike"],"picked":"Meditate","floor":8.0},{"not_picked":["Consecrate","Wish"],"picked":"EmptyBody","floor":11.0},{"not_picked":["SandsOfTime","LikeWater"],"picked":"FlurryOfBlows","floor":13.0},{"not_picked":["WaveOfTheHand","SandsOfTime"],"picked":"EmptyFist","floor":14.0}],"player_experience":410225,"relics_obtained":[{"floor":6.0,"key":"Lantern"},{"floor":9.0,"key":"Anchor"},{"floor":11.0,"key":"Singing Bowl"}],"event_choices":[{"damage_healed":0.0,"max_hp_gain":0.0,"max_hp_loss":0.0,"gold_gain":0.0,"event_name":"Scrap Ooze","player_choice":"Success","floor":3.0,"gold_loss":0.0,"damage_taken":18.0,"relics_obtained":["MealTicket"]},{"damage_healed":0.0,"max_hp_gain":0.0,"max_hp_loss":0.0,"gold_gain":0.0,"event_name":"WeMeetAgain","player_choice":"Gave Potion","floor":4.0,"gold_loss":0.0,"damage_taken":0.0,"relics_obtained":["War Paint"]}],"is_beta":false,"boss_relics":[],"items_purged_floors":[],"is_endless":false,"potions_floor_spawned":[1,6,11,14],"killed_by":"The Guardian","ascension_level":10}}