{"host":"7eytxr1oawi6r5nr","time":1611579804,"event":{"mods":["BaseMod","Better Third Choice","Curses Come First","Dark Map","Hermit","Hubris","Ironclad Rager","Jorbs\u0027s Wanderer Trilogy","Minty Spire (QoL Compilation)","Permanent Neow","Quick Restart","Rare Cards Sparkle","Replay The Spire","Robot Space Explorer","StSLib","The Cursed","The Disciple","The Forsaken","The Marked","The Mystic","The Runesmith","UnlockEverythingMod","Wide Potions"],"gold_per_floor":[112,125,141,66,80,80,112,112,112,128,146,170,183,183,183,288,288,300,319,265,277,277,305,305,339,339,365,383,408,301,312,312,312,312],"floor_reached":33,"language":"ENG","playtime":1632,"items_purged":["ReplayTheSpireMod:Restless Dread","ReplayTheSpireMod:Restless Dread"],"score":425,"play_id":"45078388-fb9b-4e28-9777-be254756f2c6","local_time":"20210125130324","is_ascension_mode":true,"campfire_choices":[{"data":"True Grit","floor":6.0,"key":"SMITH"},{"data":"Immolate","floor":15,"key":"SMITH"},{"data":"Whirlwind","floor":24,"key":"SMITH"},{"data":"Feel No Pain","floor":32,"key":"SMITH"}],"circlet_count":0,"master_deck":["Strike_R","Strike_R","Strike_R","Defend_R+1","Defend_R+1","Defend_R+1","Defend_R+1","Bash","Immolate+1","True Grit+1","Shockwave","Flame Barrier","Havoc+1","Anger","Rampage","Intimidate+1","Reaper","Blood for Blood","Whirlwind+1","Shrug It Off+1","Clothesline","Uppercut","Second Wind+1","Pummel","hubris:DuctTapeCard","Rage+1","Battle Trance+1","Pommel Strike","Feel No Pain+1","Ghostly Armor+1","Dual Wield+1"],"relics":["Burning Blood","Toxic Egg 2","Replay:Bottled Flurry","Odd Mushroom","Runesmith:Nanobots","hubris:BlackHole","Boot","Replay:Accelerometer","hubris:DuctTape","Replay:Bottled Eggs","ReplayTheSpireMod:CursedCoin"],"acts_visited":["Exordium","TheCity"],"potions_floor_usage":[13,33,33],"damage_taken":[{"damage":0.0,"enemies":"2 Louse","floor":1.0,"turns":1.0},{"damage":1.0,"enemies":"Cultist","floor":2.0,"turns":3.0},{"damage":4.0,"enemies":"Jaw Worm","floor":3.0,"turns":4.0},{"damage":17.0,"enemies":"Lots of Slimes","floor":5.0,"turns":3.0},{"damage":42.0,"enemies":"Lagavulin","floor":7.0,"turns":9.0},{"damage":0.0,"enemies":"Looter","floor":10.0,"turns":3.0},{"damage":0.0,"enemies":"3 Louse","floor":11.0,"turns":2.0},{"damage":10,"enemies":"The Mushroom Lair","floor":12,"turns":3},{"damage":9,"enemies":"Red Slaver","floor":13,"turns":2},{"damage":24,"enemies":"The Guardian","floor":16,"turns":7},{"damage":5,"enemies":"3 Byrds","floor":18,"turns":3},{"damage":0,"enemies":"Chosen","floor":19,"turns":2},{"damage":0,"enemies":"Snecko","floor":21,"turns":4},{"damage":10,"enemies":"Replay:Snechameleon","floor":23,"turns":5},{"damage":0,"enemies":"Gremlin Leader","floor":25,"turns":3},{"damage":22,"enemies":"Book of Stabbing","floor":27,"turns":4},{"damage":1,"enemies":"Chosen and Byrds","floor":28,"turns":2},{"damage":11,"enemies":"Gremlin Leader","floor":29,"turns":3},{"damage":0,"enemies":"Shelled Parasite and Fungi","floor":31,"turns":2},{"damage":87,"enemies":"Automaton","floor":33,"turns":10}],"seed_played":"1747751493365106582","potions_obtained":[{"floor":1.0,"key":"Ancient Potion"},{"floor":5.0,"key":"Ancient Potion"},{"floor":7.0,"key":"Adrenaline Potion"},{"floor":10.0,"key":"BloodPotion"},{"floor":16,"key":"Languid Potion"},{"floor":21,"key":"Strength Potion"}],"is_trial":false,"path_per_floor":["M","M","M","$","M","R","E","?","T","M","M","?","M","T","R","B",null,"M","M","$","M","?","E","R","E","T","E","M","E","$","M","R","B"],"character_chosen":"IRONCLAD","items_purchased":["Shrug It Off+1","ReplayTheSpireMod:CursedCoin","Feel No Pain","Ghostly Armor+1"],"campfire_rested":0,"item_purchase_floors":[20,30,30,30],"current_hp_per_floor":[80,80,80,80,69,69,33,33,33,39,45,41,54,54,54,36,80,80,80,80,80,80,76,76,80,80,72,80,75,75,80,80,0,0],"gold":312,"neow_bonus":"THREE_RARE_CARDS","is_daily":false,"chose_seed":false,"campfire_upgraded":4,"win_rate":0.0,"timestamp":1611579804,"path_taken":["M","M","M","$","M","R","E","?","T","M","?","?","M","?","R","BOSS","M","?","?","M","?","E","R","E","T","E","M","E","$","?","R","BOSS"],"items_purchased_type":["Card","Relic","Card","Card"],"build_version":"2020-12-22","purchased_purges":2,"victory":false,"max_hp_per_floor":[80,80,80,80,80,80,80,80,80,80,80,80,80,80,80,80,80,80,80,80,80,80,80,80,80,80,80,80,80,80,80,80,80,80],"card_choices":[{"not_picked":["hubris:StunningStrike","Impervious"],"picked":"Immolate","floor":0.0},{"not_picked":["Cleave","Run Through","Heavy Blade"],"picked":"SKIP","floor":1.0},{"not_picked":["Shockwave","Perfected Strike"],"picked":"True Grit","floor":2.0},{"not_picked":["Headbutt","Armaments"],"picked":"Shockwave","floor":3.0},{"not_picked":["Headbutt","Clash"],"picked":"Flame Barrier","floor":5.0},{"not_picked":["Pommel Strike","Sword Boomerang"],"picked":"Flex+1","floor":7.0},{"not_picked":["Searing Blow","Reckless Charge"],"picked":"Spot Weakness+1","floor":10.0},{"not_picked":["Carnage","Replay:Undeath\u0027s Touch"],"picked":"Anger","floor":11},{"not_picked":["Reckless Charge","Pummel"],"picked":"Rampage","floor":12},{"not_picked":["Clothesline","Pummel"],"picked":"Intimidate+1","floor":13},{"not_picked":["Hemogenesis","Demonic Infusion+1"],"picked":"Reaper","floor":16},{"not_picked":["True Grit+1","Sword Boomerang"],"picked":"Blood for Blood","floor":18},{"not_picked":["Heavy Blade","Thunderclap"],"picked":"Whirlwind","floor":19},{"not_picked":["Shrug It Off+1","True Grit+1"],"picked":"Clothesline","floor":21},{"not_picked":["hubris:SharpeningStone+1","Anger+1"],"picked":"Second Wind+1","floor":23},{"not_picked":["hubris:SharpeningStone+1","Shrug It Off+1"],"picked":"Pummel","floor":25},{"not_picked":["Headbutt","ReplayTheSpireMod:Corrosion Curse+1"],"picked":"Rage+1","floor":27},{"not_picked":["Berserk","Uppercut+1"],"picked":"Battle Trance+1","floor":28},{"not_picked":["Iron Wave","Corruption"],"picked":"Pommel Strike","floor":29},{"not_picked":["Iron Wave","True Grit+1"],"picked":"Dual Wield+1","floor":31}],"player_experience":190451,"relics_obtained":[{"floor":7.0,"key":"Toxic Egg 2"},{"floor":9.0,"key":"Replay:Bottled Flurry"},{"floor":12,"key":"Odd Mushroom"},{"floor":14,"key":"Runesmith:Nanobots"},{"floor":23,"key":"Boot"},{"floor":25,"key":"Replay:Accelerometer"},{"floor":27,"key":"hubris:DuctTape"},{"floor":29,"key":"Replay:Bottled Eggs"}],"event_choices":[{"damage_healed":0.0,"max_hp_gain":0.0,"max_hp_loss":0.0,"gold_gain":0.0,"cards_transformed":["Strike_R"],"event_name":"Transmorgrifier","player_choice":"Transformed","floor":8.0,"gold_loss":0.0,"damage_taken":0.0,"cards_obtained":["Havoc"]},{"damage_healed":0,"gold_gain":0,"player_choice":"Fought Mushrooms","damage_taken":0,"max_hp_gain":0,"max_hp_loss":0,"event_name":"Mushrooms","floor":12,"gold_loss":0},{"damage_healed":0,"gold_gain":0,"cards_transformed":["Strike_R"],"player_choice":"Transformed","damage_taken":0,"max_hp_gain":0,"max_hp_loss":0,"event_name":"Transmorgrifier","floor":22,"gold_loss":0,"cards_obtained":["Uppercut"]}],"is_beta":false,"boss_relics":[{"not_picked":["Snecko Eye","ChewingGum"],"picked":"hubris:BlackHole"}],"items_purged_floors":[4,30],"is_endless":false,"potions_floor_spawned":[1,5,7,10,16,21,23,25],"killed_by":"Automaton","ascension_level":4}}