{"host":"ordk2y2ebcetabk6","time":1611540176,"event":{"mods":["AlwaysNeverKeys","Bard","BaseMod","Better Debug","Colored Map","Colored Powertips","Dark Map","Hermit","Highlight Path","Minty Spire (QoL Compilation)","Permanent Neow","Rare Cards Sparkle","Spire Arcade","StSLib","Wide Potions"],"gold_per_floor":[215,140,155,55,55,82,97,132,185,185,199,274,274,274,274,372,422,440,449,0,29,29,45,79,79,79,105,121,121,132,155,155,268,268,279,429,449,468,10,46,56,79,79,93,93,93,102,121,121,121],"floor_reached":51,"language":"ENG","playtime":1933,"items_purged":["Strike_P","Strike_P","Strike_P","Strike_P"],"score":882,"play_id":"72d26b7e-8030-4658-bd93-1d7e2d2fbf6d","local_time":"20210124190256","is_ascension_mode":false,"campfire_choices":[{"data":"Fasting2","floor":10.0,"key":"SMITH"},{"data":"Wallop","floor":13.0,"key":"SMITH"},{"data":"ForeignInfluence","floor":15.0,"key":"SMITH"},{"data":"Mayhem","floor":25.0,"key":"SMITH"},{"data":"CarveReality","floor":29.0,"key":"SMITH"},{"data":"DeceiveReality","floor":32.0,"key":"SMITH"},{"data":"Ragnarok","floor":46,"key":"SMITH"},{"floor":49,"key":"REST"}],"circlet_count":0,"master_deck":["Defend_P","Defend_P","Defend_P","Defend_P","Eruption","Vigilance","CarveReality+1","Fasting2+1","Wallop+1","ForeignInfluence+1","DeceiveReality+1","Mayhem+1","CrushJoints+1","Collect+1","Ragnarok+1","Devotion","Mayhem","Collect+1","Parasite"],"relics":["PureWater","InkBottle","Toy Ornithopter","MealTicket","Pear","Tiny House","CeramicFish","Nunchaku","Bottled Lightning","Letter Opener","Tiny Chest","Philosopher\u0027s Stone","Chemical X","Yang","Vajra","Happy Flower","Pantograph"],"acts_visited":["Exordium","TheCity","TheBeyond"],"potions_floor_usage":[33,37,50,50],"damage_taken":[{"damage":3.0,"enemies":"Cultist","floor":1.0,"turns":4.0},{"damage":1.0,"enemies":"Jaw Worm","floor":3.0,"turns":3.0},{"damage":34.0,"enemies":"3 Sentries","floor":6.0,"turns":7.0},{"damage":6.0,"enemies":"Small Slimes","floor":7.0,"turns":4.0},{"damage":4.0,"enemies":"Lagavulin","floor":8.0,"turns":5.0},{"damage":1.0,"enemies":"Exordium Thugs","floor":11.0,"turns":5.0},{"damage":0.0,"enemies":"Slime Boss","floor":16.0,"turns":3.0},{"damage":0.0,"enemies":"Spheric Guardian","floor":18.0,"turns":2.0},{"damage":12.0,"enemies":"3 Byrds","floor":21.0,"turns":6.0},{"damage":28.0,"enemies":"Sentry and Sphere","floor":23.0,"turns":6.0},{"damage":0.0,"enemies":"Gremlin Leader","floor":24.0,"turns":3.0},{"damage":3.0,"enemies":"Chosen and Byrds","floor":28.0,"turns":3.0},{"damage":12.0,"enemies":"Centurion and Healer","floor":30.0,"turns":7.0},{"damage":6.0,"enemies":"Snake Plant","floor":31.0,"turns":4.0},{"damage":32,"enemies":"Collector","floor":33,"turns":6},{"damage":11,"enemies":"3 Darklings","floor":35,"turns":5},{"damage":14,"enemies":"3 Shapes","floor":37,"turns":5},{"damage":15,"enemies":"Spire Growth","floor":38,"turns":5},{"damage":0,"enemies":"Giant Head","floor":40,"turns":5},{"damage":34,"enemies":"Jaw Worm Horde","floor":41,"turns":4},{"damage":20,"enemies":"Maw","floor":44,"turns":5},{"damage":4,"enemies":"Writhing Mass","floor":48,"turns":4},{"damage":20,"enemies":"Donu and Deca","floor":50,"turns":7}],"seed_played":"850855836738481880","potions_obtained":[{"floor":3.0,"key":"BottledMiracle"},{"floor":7.0,"key":"Weak Potion"},{"floor":8.0,"key":"Fire Potion"},{"floor":17.0,"key":"Strength Potion"},{"floor":21.0,"key":"Explosive Potion"},{"floor":28.0,"key":"Strength Potion"},{"floor":33,"key":"AttackPotion"},{"floor":37,"key":"FearPotion"},{"floor":44,"key":"Regen Potion"}],"is_trial":false,"path_per_floor":["M","$","M","$","$","E","M","E","T","R","M","?","R","?","R","B",null,"M","?","$","M","?","M","E","R","T","T","M","R","M","M","R","B",null,"M","?","M","M","$","E","M","T","T","M","T","R","?","M","R","B",null],"character_chosen":"WATCHER","items_purchased":["Mayhem","Nunchaku","Mayhem","Chemical X"],"campfire_rested":1,"item_purchase_floors":[20,20,39,39],"current_hp_per_floor":[69,69,68,68,68,34,28,24,24,24,23,12,12,22,22,32,87,87,87,87,75,75,52,52,52,52,52,49,49,37,31,31,9,87,76,76,72,57,72,72,38,38,38,18,18,18,18,14,40,70],"gold":121,"neow_bonus":"HUNDRED_GOLD","is_daily":false,"chose_seed":false,"campfire_upgraded":7,"win_rate":0.0,"timestamp":1611540176,"path_taken":["M","$","M","?","$","E","M","E","T","R","M","?","R","?","R","BOSS","M","?","$","M","?","M","E","R","T","?","?","R","M","M","R","BOSS","M","?","M","?","$","E","M","?","T","M","?","R","?","?","R","BOSS"],"items_purchased_type":["Card","Relic","Card","Relic"],"build_version":"2020-12-22","purchased_purges":4,"victory":true,"max_hp_per_floor":[72,72,72,72,72,72,72,72,72,72,72,72,72,82,82,82,87,87,87,87,87,87,87,87,87,87,87,87,87,87,87,87,87,87,87,87,87,87,87,87,87,87,87,87,87,87,87,87,87,87],"card_choices":[{"not_picked":["Crescendo","EmptyBody"],"picked":"CarveReality","floor":1.0},{"not_picked":["Evaluate","FearNoEvil"],"picked":"Fasting2","floor":3.0},{"not_picked":["ThirdEye","ClearTheMind","Sanctity"],"picked":"SKIP","floor":6.0},{"not_picked":["Halt","FlyingSleeves"],"picked":"Wallop","floor":7.0},{"not_picked":["Halt","LessonLearned"],"picked":"SandsOfTime","floor":8.0},{"not_picked":["Study","Prostrate"],"picked":"ForeignInfluence","floor":11.0},{"not_picked":["WindmillStrike","FollowUp"],"picked":"DeceiveReality","floor":17.0},{"not_picked":["CutThroughFate+1","Wireheading","ThirdEye"],"picked":"SKIP","floor":18.0},{"not_picked":["CutThroughFate+1","Vault"],"picked":"CrushJoints+1","floor":21.0},{"not_picked":["SashWhip+1","Study+1","CutThroughFate"],"picked":"SKIP","floor":23.0},{"not_picked":["ClearTheMind+1","CarveReality","CrushJoints"],"picked":"SKIP","floor":24.0},{"not_picked":["Protect+1","Halt","DeceiveReality"],"picked":"SKIP","floor":28.0},{"not_picked":["Prostrate","Halt","CrushJoints+1"],"picked":"SKIP","floor":30.0},{"not_picked":["SignatureMove+1","ReachHeaven"],"picked":"Collect+1","floor":31.0},{"not_picked":["SpiritShield","Brilliance"],"picked":"Ragnarok","floor":33},{"not_picked":["CutThroughFate","CrushJoints+1","Prostrate+1"],"picked":"SKIP","floor":35},{"not_picked":["FlyingSleeves","SashWhip+1","ThirdEye"],"picked":"SKIP","floor":37},{"not_picked":["EmptyMind","Prostrate"],"picked":"Devotion","floor":38},{"not_picked":["EmptyFist+1","MentalFortress+1"],"picked":"Collect+1","floor":40},{"not_picked":["EmptyBody","FlurryOfBlows","EmptyMind"],"picked":"SKIP","floor":41},{"not_picked":["DeceiveReality","EmptyFist","Meditate"],"picked":"SKIP","floor":44},{"not_picked":["Alpha","Halt","WheelKick+1"],"picked":"SKIP","floor":48}],"player_experience":1008180,"relics_obtained":[{"floor":6.0,"key":"InkBottle"},{"floor":8.0,"key":"Toy Ornithopter"},{"floor":9.0,"key":"MealTicket"},{"floor":14.0,"key":"Pear"},{"floor":24.0,"key":"Bottled Lightning"},{"floor":26.0,"key":"Letter Opener"},{"floor":27.0,"key":"Tiny Chest"},{"floor":40,"key":"Yang"},{"floor":42,"key":"Vajra"},{"floor":43,"key":"Happy Flower"},{"floor":45,"key":"Pantograph"}],"event_choices":[{"damage_healed":0.0,"max_hp_gain":0.0,"max_hp_loss":0.0,"gold_gain":75.0,"event_name":"World of Goop","player_choice":"Gather Gold","floor":12.0,"gold_loss":0.0,"damage_taken":11.0},{"damage_healed":0.0,"max_hp_gain":0.0,"max_hp_loss":0.0,"gold_gain":0.0,"event_name":"Wheel of Change","player_choice":"Relic","floor":14.0,"gold_loss":0.0,"damage_taken":0.0},{"damage_healed":0.0,"max_hp_gain":0.0,"max_hp_loss":0.0,"gold_gain":0.0,"event_name":"The Mausoleum","player_choice":"Opened","floor":19.0,"gold_loss":0.0,"damage_taken":0.0,"relics_obtained":["CeramicFish"],"cards_obtained":["Writhe"]},{"damage_healed":0,"gold_gain":0,"cards_transformed":["SandsOfTime"],"player_choice":"Transformed","damage_taken":0,"max_hp_gain":0,"max_hp_loss":0,"event_name":"Transmorgrifier","floor":47,"gold_loss":0,"cards_obtained":["Worship"]}],"is_beta":false,"boss_relics":[{"not_picked":["Snecko Eye","Runic Pyramid"],"picked":"Tiny House"},{"not_picked":["Astrolabe","Empty Cage"],"picked":"Philosopher\u0027s Stone"}],"items_purged_floors":[2,4,20,39],"is_endless":false,"potions_floor_spawned":[3,7,8,21,28,31,33,37,38,40,44],"ascension_level":0}}