{"host":"2t0ddmgeopc3yqug","time":1611569441,"event":{"mods":["AchievementEnabler","BaseMod","BetterRewards","Colored Map","Colored Powertips","Hermit","Marisa£¨Ùöéë¡¡Øª×âÞÞ£©","Minty Spire (QoL Compilation)","Rare Cards Sparkle","Shop Mod","StSLib","SuperFastMode","The Cursed","The Poker Player","everything is the same but u backflip on backflip"],"gold_per_floor":[109,109,109,128,52,52,52,52],"floor_reached":7,"language":"KOR","playtime":227,"items_purged":["Defend_R","Strike_R","Strike_R"],"score":43,"play_id":"5d2d43b5-04a1-4e3f-9aea-ccba0de2a2cd","local_time":"20210125191041","is_ascension_mode":true,"campfire_choices":[{"floor":6,"key":"REST"}],"circlet_count":0,"master_deck":["Strike_R","Strike_R","Strike_R","Defend_R","Defend_R","Defend_R","Bash","Feed","Regret","Inflame"],"relics":["Burning Blood","White Beast Statue","Thread and Needle","Golden Idol"],"acts_visited":["Exordium"],"potions_floor_usage":[7],"damage_taken":[{"damage":16,"enemies":"Jaw Worm","floor":1,"turns":4},{"damage":9,"enemies":"Small Slimes","floor":4,"turns":3},{"damage":42,"enemies":"3 Sentries","floor":7,"turns":6}],"seed_played":"-8588276241068833563","potions_obtained":[{"floor":1,"key":"DistilledChaos"},{"floor":4,"key":"SpeedPotion"}],"is_trial":false,"path_per_floor":["M","?","?","M","$","R","E"],"character_chosen":"IRONCLAD","items_purchased":["White Beast Statue","Feed","Inflame"],"campfire_rested":1,"item_purchase_floors":[0,0,5],"current_hp_per_floor":[40,40,40,40,40,64,22,22],"gold":52,"neow_bonus":"","is_daily":false,"chose_seed":false,"campfire_upgraded":0,"win_rate":0.0,"timestamp":1611569441,"path_taken":["M","?","?","M","$","R","E"],"items_purchased_type":["Relic","Card","Card"],"build_version":"2020-12-22","purchased_purges":3,"victory":false,"max_hp_per_floor":[83,83,77,80,80,80,80,80],"card_choices":[{"not_picked":["Sever Soul","Evolve","Hemokinesis"],"picked":"SKIP","floor":1},{"not_picked":["Thunderclap","Sword Boomerang","Armaments"],"picked":"SKIP","floor":4}],"player_experience":112373,"relics_obtained":[],"event_choices":[{"damage_healed":0,"gold_gain":0,"player_choice":"Box","damage_taken":0,"relics_obtained":["Thread and Needle"],"max_hp_gain":0,"max_hp_loss":0,"event_name":"Big Fish","floor":2,"gold_loss":0,"cards_obtained":["Regret"]},{"damage_healed":0,"gold_gain":0,"player_choice":"Lose Max HP","damage_taken":0,"relics_obtained":["Golden Idol"],"max_hp_gain":0,"max_hp_loss":6,"event_name":"Golden Idol","floor":3,"gold_loss":0}],"is_beta":false,"boss_relics":[],"items_purged_floors":[0,0,0],"is_endless":false,"potions_floor_spawned":[1,4],"killed_by":"3 Sentries","ascension_level":2}}