{"host":"pgm1p3lvdjflie30","time":1611582740,"event":{"mods":["100% Spire Juice","AchievementEnabler","Act Like it!","Aspiration","Bard","BaseMod","Block Reminder","Colored Map","Colored Powertips","Conspire","Downfall","Energized Spire","Gremlin Mod","GungeonMod","Hermit","HornydragonMod","Minty Spire (QoL Compilation)","Nova Terra(?娃·泰拉)","Quarter Circle Forward PUNCH!","Reimu（博???）","Robot Space Explorer","SOS（斯巴?之子）","StSLib","The Alterego","The Bug Knight","The Cursed","The Dragon Tamer","The Gatherer","The Hierophant","The IronCluck","The Jungle","The Mystic","The Runesmith","The Saiyan","The Senshi","The Servant 0.9.4","TheHeartMod","Waifu the Spire","【功能Mod】混沌之?修复?丁","【?物卡牌】REMEMod"],"gold_per_floor":[116,136,136,171,182,182,182],"floor_reached":6,"language":"ZHS","playtime":646,"items_purged":[],"score":61,"play_id":"9ec32998-bd53-47a6-a80c-dabf2cd71767","local_time":"20210125215220","is_ascension_mode":false,"campfire_choices":[],"circlet_count":0,"master_deck":["alterego_mod:Strike","alterego_mod:Strike","alterego_mod:Strike","alterego_mod:Strike","alterego_mod:Defend","alterego_mod:Defend","alterego_mod:Defend","alterego_mod:Defend","alterego_mod:Impale","alterego_mod:BigMeatyClaws","alterego_mod:BrynhildrsRune","alterego_mod:VirginLaserPalladion","alterego_mod:Rip+1","alterego_mod:Swimsuit","alterego_mod:Bounce","alterego_mod:Rip"],"relics":["alterego_mod:MasochisticConstitution","REME_ComplimentaryCards","Runesmith:AutoHammer"],"acts_visited":["Exordium"],"potions_floor_usage":[],"damage_taken":[{"damage":10,"enemies":"Cultist","floor":1,"turns":3},{"damage":10,"enemies":"conspire:RoseBush","floor":2,"turns":3},{"damage":33,"enemies":"conspire:MimicChest","floor":4,"turns":5},{"damage":6,"enemies":"Jaw Worm","floor":5,"turns":3},{"damage":32,"enemies":"Gremlin Nob","floor":6,"turns":3}],"seed_played":"-999300419719808005","potions_obtained":[],"is_trial":false,"path_per_floor":["M","M","?","?","M","E"],"character_chosen":"The_Alterego","items_purchased":[],"campfire_rested":0,"item_purchase_floors":[],"current_hp_per_floor":[54,52,52,20,22,0,0],"gold":182,"neow_bonus":"TWENTY_PERCENT_HP_BONUS","is_daily":false,"chose_seed":false,"campfire_upgraded":0,"win_rate":0.0,"timestamp":1611582740,"path_taken":["M","?","?","?","M","E"],"items_purchased_type":[],"build_version":"2020-12-22","purchased_purges":0,"victory":false,"max_hp_per_floor":[85,86,86,87,88,88,88],"card_choices":[{"not_picked":["alterego_mod:Cooking","alterego_mod:Jiggle"],"picked":"alterego_mod:Rip","floor":1},{"not_picked":["alterego_mod:MagicResistance","alterego_mod:Mirror"],"picked":"alterego_mod:Swimsuit","floor":2},{"not_picked":["alterego_mod:Punishment","alterego_mod:IndependentAction"],"picked":"alterego_mod:Bounce","floor":4},{"not_picked":["alterego_mod:DustData","alterego_mod:1TonWallop"],"picked":"alterego_mod:Rip","floor":5}],"player_experience":326537,"relics_obtained":[{"floor":4,"key":"Runesmith:AutoHammer"}],"event_choices":[{"damage_healed":0,"gold_gain":0,"player_choice":"Grow","damage_taken":0,"max_hp_gain":0,"max_hp_loss":0,"event_name":"Living Wall","floor":3,"gold_loss":0,"cards_upgraded":["alterego_mod:Rip"]}],"is_beta":false,"boss_relics":[],"items_purged_floors":[],"is_endless":false,"potions_floor_spawned":[],"killed_by":"Gremlin Nob","ascension_level":0}}