{"host":"1qhzi8r9ejho5yph","time":1611570568,"event":{"mods":["AchievementEnabler","BaseMod","Colored Map","Colored Powertips","Highlight Path","Minty Spire (QoL Compilation)","Permanent Neow","Quick Restart","Random Character Button","StSLib","SuperFastMode"],"gold_per_floor":[115,115,3,14,30,30,46,73,73,73,173,188,203,215,215,312,312,322,322,342,52,72,72,72,72,122,122,22,22,32,44,44,44,44],"floor_reached":33,"language":"ENG","playtime":809,"items_purged":["Strike_R","Strike_R"],"score":249,"play_id":"a68b7c7b-fe0b-49ea-9857-4a554ed89e94","local_time":"20210125182928","is_ascension_mode":false,"campfire_choices":[{"data":"Uppercut","floor":6,"key":"SMITH"},{"data":"True Grit","floor":10,"key":"SMITH"},{"data":"Evolve","floor":15,"key":"SMITH"},{"data":"Apotheosis","floor":23,"key":"SMITH"},{"data":"Fire Breathing","floor":25,"key":"SMITH"},{"floor":27,"key":"REST"},{"data":"Double Tap","floor":29,"key":"SMITH"},{"floor":32,"key":"REST"}],"circlet_count":0,"master_deck":["Strike_R","Strike_R","Defend_R","Defend_R","Defend_R","Defend_R","Bash","Flash of Steel","True Grit+1","Uppercut+1","Reckless Charge","True Grit","Pommel Strike","Shrug It Off","Evolve+1","Double Tap+1","Feel No Pain","Infernal Blade","Fire Breathing+1","Apotheosis+1","Wild Strike","Pommel Strike","Juggernaut","Dark Shackles","Juggernaut","Havoc"],"relics":["Burning Blood"],"acts_visited":["Exordium","TheCity"],"potions_floor_usage":[16,31,31,33],"damage_taken":[{"damage":3,"enemies":"2 Louse","floor":1,"turns":4},{"damage":1,"enemies":"Jaw Worm","floor":4,"turns":3},{"damage":0,"enemies":"Cultist","floor":5,"turns":3},{"damage":0,"enemies":"Large Slime","floor":7,"turns":5},{"damage":16,"enemies":"Gremlin Nob","floor":8,"turns":4},{"damage":0,"enemies":"Red Slaver","floor":12,"turns":3},{"damage":3,"enemies":"Exordium Wildlife","floor":13,"turns":3},{"damage":9,"enemies":"2 Fungi Beasts","floor":14,"turns":4},{"damage":8,"enemies":"Slime Boss","floor":16,"turns":8},{"damage":29,"enemies":"Spheric Guardian","floor":18,"turns":6},{"damage":2,"enemies":"Chosen","floor":20,"turns":5},{"damage":28,"enemies":"Centurion and Healer","floor":22,"turns":7},{"damage":26,"enemies":"Shelled Parasite and Fungi","floor":30,"turns":6},{"damage":43,"enemies":"Snake Plant","floor":31,"turns":5},{"damage":78,"enemies":"Champ","floor":33,"turns":10}],"seed_played":"-9119306046043924762","potions_obtained":[{"floor":1,"key":"LiquidBronze"},{"floor":4,"key":"FearPotion"},{"floor":5,"key":"Strength Potion"},{"floor":12,"key":"PowerPotion"},{"floor":18,"key":"ColorlessPotion"},{"floor":31,"key":"BloodPotion"}],"is_trial":false,"path_per_floor":["M","?","$","M","M","R","M","E","T","R","?","M","M","M","R","B",null,"M","?","M","$","M","R","?","R","T","R","$","R","M","M","R","B"],"character_chosen":"IRONCLAD","items_purchased":["Uppercut","Fire Breathing","Apotheosis","Wild Strike"],"campfire_rested":2,"item_purchase_floors":[3,21,21,21],"current_hp_per_floor":[80,85,85,85,85,85,85,75,75,75,75,81,84,81,81,79,85,62,62,66,66,44,44,44,44,44,69,69,69,49,29,54,0,0],"gold":44,"neow_bonus":"RANDOM_COLORLESS","is_daily":false,"chose_seed":false,"campfire_upgraded":6,"win_rate":0.0,"timestamp":1611570568,"path_taken":["M","?","$","M","M","R","M","E","T","R","?","M","M","M","R","BOSS","M","?","M","$","M","R","?","R","T","R","$","R","?","M","R","BOSS"],"items_purchased_type":["Card","Card","Card","Card"],"build_version":"2020-12-22","purchased_purges":2,"victory":false,"max_hp_per_floor":[80,85,85,85,85,85,85,85,85,85,85,85,85,85,85,85,85,85,85,85,85,85,85,85,85,85,85,85,85,85,85,85,85,85],"card_choices":[{"not_picked":["Finesse","Dramatic Entrance"],"picked":"Flash of Steel","floor":0},{"not_picked":["Heavy Blade","Iron Wave"],"picked":"True Grit","floor":1},{"not_picked":["Fiend Fire","Flex"],"picked":"Reckless Charge","floor":4},{"not_picked":["Dropkick","Uppercut"],"picked":"True Grit","floor":5},{"not_picked":["Carnage","Blood for Blood"],"picked":"Pommel Strike","floor":7},{"not_picked":["Searing Blow","Bloodletting"],"picked":"Shrug It Off","floor":8},{"not_picked":["Clothesline","Thunderclap","Heavy Blade"],"picked":"SKIP","floor":12},{"not_picked":["Sever Soul","Infernal Blade","Armaments"],"picked":"SKIP","floor":13},{"not_picked":["Twin Strike","Second Wind"],"picked":"Evolve","floor":14},{"not_picked":["Brutality","Limit Break"],"picked":"Double Tap","floor":16},{"not_picked":["Anger","Sentinel"],"picked":"Feel No Pain","floor":18},{"not_picked":["Sever Soul","Inflame"],"picked":"Infernal Blade","floor":20},{"not_picked":["Iron Wave+1","Armaments"],"picked":"Pommel Strike","floor":22},{"not_picked":["Sword Boomerang+1","Warcry"],"picked":"Juggernaut","floor":30},{"not_picked":["Pommel Strike","Clash"],"picked":"Havoc","floor":31}],"player_experience":329653,"relics_obtained":[],"event_choices":[{"damage_healed":0,"gold_gain":0,"player_choice":"Donut","damage_taken":0,"max_hp_gain":5,"max_hp_loss":0,"event_name":"Big Fish","floor":2,"gold_loss":0},{"damage_healed":0,"gold_gain":100,"player_choice":"Pray","damage_taken":0,"max_hp_gain":0,"max_hp_loss":0,"event_name":"Golden Shrine","floor":11,"gold_loss":0},{"cards_removed":["Strike_R"],"damage_healed":0,"gold_gain":0,"player_choice":"Elegance","damage_taken":0,"max_hp_gain":0,"max_hp_loss":0,"event_name":"Back to Basics","floor":19,"gold_loss":0},{"damage_healed":0,"gold_gain":0,"player_choice":"2 cards matched","damage_taken":0,"max_hp_gain":0,"max_hp_loss":0,"event_name":"Match and Keep!","floor":24,"gold_loss":0,"cards_obtained":["Juggernaut","Dark Shackles"]}],"is_beta":false,"boss_relics":[{"not_picked":["Philosopher\u0027s Stone","Runic Cube","Astrolabe"]}],"items_purged_floors":[3,28],"is_endless":false,"potions_floor_spawned":[1,4,5,12,14,18,31],"killed_by":"Champ","ascension_level":0}}