{"host":"yp2ga117svxnbcen","time":1611556711,"event":{"mods":["Act Like it!","Aspiration","BaseMod","BetterRewards","ChefMod","Colored Map","Conspire","Custom Start","Downfall","Elementarium","Gensokyo","GifTheSpireLib","Gold Saver","GungeonMod","Halation","Hallownest","Hermit","HornydragonMod","Hubris","Menagerie","Minty Spire (QoL Compilation)","Quick Restart","Remove Card Discount Mod","Replay The Spire","Shop Mod","Spicy Shops","StSLib","Stuff the Spire","The Blue Laboratory","The IronCluck","egg","slay the spire mod where everything is the same but ironclad has a cowboy hat","??????REMEMod"],"gold_per_floor":[1058,1103,1166,1166,1202,1221,1221,1301,1356,816,816,846,908,946,982,982,982,982],"floor_reached":16,"language":"ENG","playtime":636,"items_purged":["champ:RecklessLeap","champ:Defend","champ:Execute"],"score":114,"play_id":"cf75fa80-ad14-477f-9903-d30efbc48762","local_time":"20210124223831","is_ascension_mode":false,"campfire_choices":[{"data":"HandOfGreed","floor":1.0,"key":"SMITH"}],"circlet_count":0,"master_deck":["champ:Strike","champ:Strike","champ:Strike","champ:Strike","champ:Defend","champ:Defend","champ:Defend","champ:Taunt","HandOfGreed+1","champ:SteelEdge","champ:EnGarde","StuffTheSpire:Innocence","champ:FlashCut","champ:BringItOn","champ:VampiricStrike","Sword Boomerang","champ:GladiatorStyle","champ:Haymaker"],"relics":["champ:ChampionCrown","REME_ComplimentaryCards","hubris:DisguiseKit","Replay:Baseball","Sling","Bag of Marbles","Replay:Bottled Steam","ReplayTheSpireMod:TigerMarble"],"acts_visited":["Exordium"],"potions_floor_usage":[16],"damage_taken":[{"damage":0.0,"enemies":"Cultist","floor":2.0,"turns":4.0},{"damage":5.0,"enemies":"2 Louse","floor":3.0,"turns":7.0},{"damage":1.0,"enemies":"Jaw Worm","floor":5.0,"turns":2.0},{"damage":5.0,"enemies":"Blue Slaver","floor":6.0,"turns":4.0},{"damage":15.0,"enemies":"3 Sentries","floor":8.0,"turns":5.0},{"damage":14.0,"enemies":"conspire:MimicChest","floor":9.0,"turns":7.0},{"damage":0.0,"enemies":"downfall:FleeingMerchant","floor":10.0,"turns":4.0},{"damage":13.0,"enemies":"Lagavulin","floor":12.0,"turns":4.0},{"damage":10.0,"enemies":"Exordium Thugs","floor":13.0,"turns":4.0},{"damage":0.0,"enemies":"2 Fungi Beasts","floor":14.0,"turns":1.0},{"damage":1.0,"enemies":"Red Slaver","floor":15.0,"turns":3.0},{"damage":75,"enemies":"WA_ARCHETYPE_RETAIN","floor":16,"turns":12}],"seed_played":"268873553228685876","potions_obtained":[{"floor":5.0,"key":"hexamod:SoulburnPotion"},{"floor":9.0,"key":"Fire Potion"},{"floor":13.0,"key":"Adrenaline Potion"}],"is_trial":false,"path_per_floor":["R","M","M","?","M","M","T","E","?","$","?","E","M","M","M","B"],"character_chosen":"THE_CHAMP","items_purchased":["Sling","Bag of Marbles","Replay:Bottled Steam","Dexterity Potion"],"campfire_rested":0,"item_purchase_floors":[10,10,10,10],"current_hp_per_floor":[90,90,85,78,87,87,87,82,78,78,87,79,69,69,68,0,0,0],"gold":982,"neow_bonus":"ONE_RANDOM_RARE_CARD","is_daily":false,"chose_seed":false,"campfire_upgraded":1,"win_rate":0.0,"timestamp":1611556711,"path_taken":["R","M","?","?","M","M","T","E","?","$","?","E","?","M","M","BOSS"],"items_purchased_type":["Relic","Relic","Relic","Potion"],"build_version":"2020-12-22","purchased_purges":3,"victory":false,"max_hp_per_floor":[90,90,90,90,90,90,90,90,90,90,90,90,90,90,90,90,90,90],"card_choices":[{"not_picked":["champ:HeartStrike","champ:FocusedBerserking"],"picked":"champ:EnGarde","floor":2.0},{"not_picked":["champ:BladeFlurry","champ:HeartStrike"],"picked":"champ:RecklessLeap","floor":3.0},{"not_picked":["champ:BerserkersShout","champ:BladeFlurry"],"picked":"champ:FlashCut","floor":5.0},{"not_picked":["champ:Backstep","champ:BerserkerStyle"],"picked":"champ:BringItOn","floor":6.0},{"not_picked":["champ:DefensiveStyle","champ:BerserkersShout","champ:ShieldSigil","ReplayTheSpireMod:Limb From Limb"],"picked":"SKIP","floor":8.0},{"not_picked":["champ:ShieldSigil","champ:FalseCounter","champ:PerfectedStrike","Dual Wield"],"picked":"SKIP","floor":10.0},{"not_picked":["champ:TornadoPunch","champ:BerserkersShout","Warcry"],"picked":"champ:VampiricStrike","floor":12.0},{"not_picked":["champ:CrookedStrike","champ:BerserkerStyle","champ:TornadoPunch"],"picked":"Sword Boomerang","floor":13.0},{"not_picked":["champ:RecklessLeap","champ:TornadoPunch","Wild Strike"],"picked":"champ:GladiatorStyle","floor":14.0},{"not_picked":["champ:BladeFlurry","champ:DeathBlow","Dark Embrace"],"picked":"champ:Haymaker","floor":15.0}],"player_experience":1161996,"relics_obtained":[{"floor":7.0,"key":"hubris:DisguiseKit"},{"floor":9.0,"key":"Replay:Baseball"},{"floor":12.0,"key":"ReplayTheSpireMod:TigerMarble"}],"event_choices":[],"is_beta":false,"boss_relics":[],"items_purged_floors":[10,10,10],"is_endless":false,"potions_floor_spawned":[2,5,9,13],"killed_by":"WA_ARCHETYPE_RETAIN","ascension_level":0}}