{"host":"c52z9ixzgdjttcmx","time":1611543416,"event":{"mods":["BaseMod","Colored Powertips","Downfall","Filter the Spire","Minty Spire (QoL Compilation)","Rare Cards Sparkle","Relic Stats","StSLib"],"gold_per_floor":[99,99,99,99,549,582,582,602,602,702,722,733,748,767,779,874,924,924,934,784,796,815,815,842,842,992,1007,1033,1047,1047,1047,1047],"floor_reached":30,"language":"ENG","playtime":1983,"items_purged":[],"score":327,"play_id":"faf862a0-a38e-426b-bb62-95de0eea50b3","local_time":"20210124205656","is_ascension_mode":false,"campfire_choices":[{"data":"champ:Taunt","floor":1,"key":"SMITH"},{"data":"champ:TornadoPunch","floor":9,"key":"SMITH"},{"data":"champ:Parry","floor":18,"key":"SMITH"},{"data":"Ghostly","floor":23,"key":"SMITH"},{"data":"champ:Circumvent","floor":25,"key":"SMITH"}],"circlet_count":0,"master_deck":["champ:Strike+1","champ:Strike+1","champ:Strike","champ:Strike","champ:Defend","champ:Defend","champ:Defend","champ:Defend","champ:Execute+1","champ:Taunt+1","champ:TornadoPunch+1","champ:Taunt+1","champ:CrownThrow","downfall:Icky","downfall:Icky","downfall:Icky","champ:FanOfKnives+1","champ:PreciseThrust+1","champ:Taunt","champ:FlashCut+1","champ:Endure","champ:VampiricStrike+1","Forethought","Parasite","champ:AdrenalArmor","champ:FlashCut+1","champ:Parry+1","champ:TripleStrike+1","champ:FocusedBerserking","champ:Encircle+1","champ:MurderStrike+1","champ:PreciseThrust+1","champ:FaceSlap+1","Ghostly+1","champ:RisingSlash+1","champ:Circumvent+1","champ:CrookedStrike+1","champ:LastStand","champ:DeathBlow+1"],"relics":["champ:ChampionCrown","downfall:HeartsMalice","Molten Egg 2","downfall:GremlinSack","Tiny House","champ:FightingForDummies","Ornamental Fan"],"acts_visited":["Exordium","TheCity"],"potions_floor_usage":[28,30],"damage_taken":[{"damage":0,"enemies":"Cultist","floor":2,"turns":1},{"damage":0,"enemies":"Small Slimes","floor":4,"turns":1},{"damage":0,"enemies":"Gremlin Nob","floor":6,"turns":1},{"damage":2,"enemies":"Jaw Worm","floor":8,"turns":3},{"damage":30,"enemies":"Jaw Worm","floor":10,"turns":5},{"damage":16,"enemies":"Gremlin Gang","floor":11,"turns":4},{"damage":20,"enemies":"Large Slime","floor":12,"turns":5},{"damage":17,"enemies":"Blue Slaver","floor":13,"turns":3},{"damage":0,"enemies":"Red Slaver","floor":14,"turns":3},{"damage":33,"enemies":"Large Slime","floor":15,"turns":5},{"damage":39,"enemies":"IC_STATUS_ARCHETYPE","floor":16,"turns":8},{"damage":10,"enemies":"Spheric Guardian","floor":19,"turns":2},{"damage":44,"enemies":"Centurion and Healer","floor":21,"turns":9},{"damage":34,"enemies":"3 Cultists","floor":22,"turns":6},{"damage":18,"enemies":"Snake Plant","floor":27,"turns":4},{"damage":33,"enemies":"Slavers","floor":28,"turns":4},{"damage":15,"enemies":"Cultist and Chosen","floor":29,"turns":5},{"damage":30,"enemies":"Book of Stabbing","floor":30,"turns":5}],"seed_played":"3799398390311452446","potions_obtained":[{"floor":6,"key":"DuplicationPotion"},{"floor":10,"key":"hexamod:SoulburnPotion"},{"floor":12,"key":"sneckomod:MuddlingPotion"},{"floor":29,"key":"LiquidBronze"}],"is_trial":false,"path_per_floor":["R","M","?","M","?","E","T","M","R","?","M","M","M","M","M","B",null,"R","M","?","M","M","R","T","R","?","M","E","M","E"],"character_chosen":"THE_CHAMP","items_purchased":[],"campfire_rested":0,"item_purchase_floors":[],"current_hp_per_floor":[90,90,90,90,90,90,90,88,88,68,62,57,50,50,47,33,95,95,95,95,76,52,52,52,52,52,34,19,14,0,0,0],"gold":1047,"neow_bonus":"THREE_ENEMY_KILL","is_daily":false,"chose_seed":false,"campfire_upgraded":5,"win_rate":0.0,"timestamp":1611543416,"path_taken":["R","M","?","?","?","E","T","M","R","?","M","M","M","?","M","BOSS","R","M","?","M","M","R","T","R","?","M","E","?","E"],"items_purchased_type":[],"build_version":"2020-12-22","purchased_purges":0,"victory":false,"max_hp_per_floor":[90,90,90,90,90,90,90,90,90,90,90,90,90,90,90,90,95,95,95,95,95,95,95,95,95,95,95,95,95,95,95,95],"relic_stats":{"counters":[18,71],"Ornamental Fan":[12],"obtain_stats":[{"Tiny House":17,"downfall:GremlinSack":10,"Ornamental Fan":28,"champ:ChampionCrown":0,"downfall:HeartsMalice":0,"Molten Egg 2":6,"Whetstone":7,"champ:FightingForDummies":24},{"Tiny House":11,"downfall:GremlinSack":5,"Ornamental Fan":16,"champ:ChampionCrown":0,"downfall:HeartsMalice":0,"Molten Egg 2":3,"Whetstone":3,"champ:FightingForDummies":14},{"Tiny House":36,"downfall:GremlinSack":8,"Ornamental Fan":61,"champ:ChampionCrown":0,"downfall:HeartsMalice":0,"Molten Egg 2":0,"Whetstone":0,"champ:FightingForDummies":53}]},"card_choices":[{"not_picked":["champ:ShieldWall","champ:BladeFlurry"],"picked":"champ:TornadoPunch","floor":2},{"not_picked":["champ:Duel","champ:PreemptiveStrike"],"picked":"champ:CrownThrow","floor":4},{"not_picked":["champ:CalledShot","champ:CrownThrow+1"],"picked":"champ:FanOfKnives+1","floor":6},{"not_picked":["champ:TornadoPunch+1","champ:AdrenalArmor"],"picked":"champ:PreciseThrust+1","floor":8},{"not_picked":["champ:Circumvent","champ:CrownThrow+1"],"picked":"champ:AdrenalArmor","floor":10},{"not_picked":["champ:Encircle+1","champ:Shatter+1"],"picked":"champ:FlashCut+1","floor":11},{"not_picked":["champ:SkillfulDodge","champ:Shatter+1"],"picked":"champ:Parry","floor":12},{"not_picked":["champ:FlashCut+1","champ:BladeFlurry+1"],"picked":"champ:TripleStrike+1","floor":13},{"not_picked":["champ:CrownThrow+1","champ:FanOfKnives+1"],"picked":"champ:FocusedBerserking","floor":14},{"not_picked":["champ:EnGarde","champ:CrownThrow+1"],"picked":"champ:Encircle+1","floor":15},{"not_picked":["champ:SteelEdge+1","champ:IgnorePain"],"picked":"champ:MurderStrike+1","floor":16},{"not_picked":["champ:BerserkersShout","champ:EnGarde"],"picked":"champ:PreciseThrust+1","floor":17},{"not_picked":["champ:EnGarde","champ:SkillfulDodge"],"picked":"champ:FaceSlap+1","floor":19},{"not_picked":["champ:ShieldSlam+1","champ:SkillfulDodge+1"],"picked":"champ:RisingSlash+1","floor":21},{"not_picked":["champ:AdrenalArmor+1","champ:FaceSlap+1"],"picked":"champ:Circumvent","floor":22},{"not_picked":["champ:GutPunch+1","champ:FlashCut+1"],"picked":"champ:CrookedStrike+1","floor":27},{"not_picked":["champ:FocusedBerserking+1","champ:CrownThrow+1"],"picked":"champ:LastStand","floor":28},{"not_picked":["champ:StanceDance","champ:GutPunch+1"],"picked":"champ:DeathBlow+1","floor":29}],"player_experience":3350806,"relics_obtained":[{"floor":6,"key":"Molten Egg 2"},{"floor":7,"key":"Whetstone"},{"floor":10,"key":"downfall:GremlinSack"},{"floor":24,"key":"champ:FightingForDummies"},{"floor":28,"key":"Ornamental Fan"}],"event_choices":[],"is_beta":false,"boss_relics":[{"not_picked":["SlaversCollar","Velvet Choker"],"picked":"Tiny House"}],"items_purged_floors":[],"is_endless":false,"potions_floor_spawned":[6,10,12,13,22,29],"killed_by":"Book of Stabbing","ascension_level":0}}