{"host":"lte3xujvwediduij","time":1611598719,"event":{"mods":["Aspiration","BaseMod","Better-Laid Plans","Challenge The Spire","Energized Spire","Minty Spire (QoL Compilation)","Permanent Neow","Replay The Spire","Spicy Shops","StSLib","¡¾ÒÅÎï¿¨ÅÆ¡¿REMEMod","óô»ðÖ¸ÄÏ"],"gold_per_floor":[18,18,47,74,107,107,107,107,139,174,199,199,199,199,230,230,230],"floor_reached":16,"language":"ZHS","playtime":1288,"items_purged":["Rainbow"],"score":250,"play_id":"cec20848-a421-4a9e-aa88-8689de956231","local_time":"20210126021839","daily_mods":["challengethespire:Bronze Difficulty","challengethespire:Elite Rush","Uncertain Future"],"is_ascension_mode":false,"campfire_choices":[{"floor":8,"key":"REST"},{"floor":13,"key":"REST"},{"floor":14,"key":"REST"}],"circlet_count":0,"master_deck":["Strike_B","Strike_B","Strike_B","Strike_B","Defend_B+1","Defend_B","Defend_B","Defend_B","Zap","Dualcast","Conserve Battery+1","Lockon+1","Genetic Algorithm","Blizzard","Blizzard","Loop","Redo","Defragment","Darkness","Streamline+1","Storm","White Noise"],"relics":["Cracked Core","Black Star","Sling","PreservedInsect","REME_ComplimentaryCards","BargainBundle","aspiration:MysteriousAuxiliaryCore","aspiration:ArtOfWarUpgrade","Chemical X","aspiration:FrozenJewel","Replay:Accelerometer","Smiling Mask","Boot","Gremlin Food","Molten Egg 2","aspiration:BursterCore","Replay:Baseball","Chameleon Ring","StoneCalendar","Letter Opener","CaptainsWheel","Toy Ornithopter","aspiration:Stellarator","Incense Burner","Solar Panel"],"acts_visited":["Exordium"],"potions_floor_usage":[9,15],"damage_taken":[{"damage":8,"enemies":"Lagavulin","floor":3,"turns":4},{"damage":16,"enemies":"Gremlin Nob","floor":4,"turns":4},{"damage":9,"enemies":"3 Sentries","floor":5,"turns":5},{"damage":26,"enemies":"Slavers","floor":9,"turns":4},{"damage":25,"enemies":"Book of Stabbing","floor":10,"turns":4},{"damage":0,"enemies":"Gremlin Leader","floor":11,"turns":4},{"damage":55,"enemies":"Giant Head","floor":15,"turns":7},{"damage":14,"enemies":"Reptomancer","floor":16,"turns":1}],"seed_played":"5705440733248258163","potions_obtained":[{"floor":5,"key":"AttackPotion"},{"floor":11,"key":"BlessingOfTheForge"},{"floor":15,"key":"Elixir"}],"is_trial":true,"path_per_floor":["$","R","E","E","E","T","R","R","E","E","E","T","R","R","E","E"],"character_chosen":"DEFECT","items_purchased":["BargainBundle","Conserve Battery","Lockon","Genetic Algorithm","Blizzard","aspiration:MysteriousAuxiliaryCore","Art of War","Chemical X"],"campfire_rested":3,"item_purchase_floors":[1,1,1,1,1,1,1,1],"current_hp_per_floor":[75,75,67,51,42,42,42,64,38,13,13,13,35,57,7,0,0],"gold":230,"neow_bonus":"","is_daily":false,"chose_seed":false,"campfire_upgraded":0,"win_rate":0.0,"timestamp":1611598719,"path_taken":["$","R","E","E","E","T","R","R","E","E","E","T","R","R","E","E"],"items_purchased_type":["Relic","Card","Card","Card","Card","Relic","Relic","Relic"],"build_version":"2020-12-22","purchased_purges":1,"victory":false,"max_hp_per_floor":[75,75,75,75,75,75,75,75,75,75,75,75,75,75,75,75,75],"card_choices":[],"player_experience":39254,"relics_obtained":[{"floor":3,"key":"aspiration:FrozenJewel"},{"floor":3,"key":"Replay:Accelerometer"},{"floor":4,"key":"Smiling Mask"},{"floor":4,"key":"Boot"},{"floor":5,"key":"Gremlin Food"},{"floor":5,"key":"Molten Egg 2"},{"floor":9,"key":"Replay:Baseball"},{"floor":9,"key":"Chameleon Ring"},{"floor":10,"key":"StoneCalendar"},{"floor":10,"key":"Letter Opener"},{"floor":11,"key":"CaptainsWheel"},{"floor":11,"key":"Toy Ornithopter"},{"floor":15,"key":"Incense Burner"},{"floor":15,"key":"Solar Panel"}],"event_choices":[],"is_beta":false,"boss_relics":[{"not_picked":["Inserter","SlaversCollar"],"picked":"aspiration:BursterCore"},{"not_picked":["Replay:Wanted Poster","energizedSpire:RedRose"],"picked":"aspiration:Stellarator"}],"items_purged_floors":[1],"is_endless":false,"potions_floor_spawned":[5,11,15],"killed_by":"Reptomancer","ascension_level":0}}