{"host":"2pluridizrp50jef","time":1611544978,"event":{"mods":["100% Spire Juice","ATMod(°¢èªMod)","AchievementEnabler","Act Like it!","Arknights The Spire","BaseMod","Bestiary","Better Altar","Better Match","Better Note","Better Sensory Stone","Better Skull","Better Third Choice","BetterRewards","Colored Powertips","Conspire","Curses Come First","Custom Start","Energized Spire","Gensokyo","Hubris","Infinite Spire","Lobotomy","LobotomyExtend","Minty Spire (QoL Compilation)","Rare Cards Sparkle","Relic Stats","Replay The Spire","StSLib","Waifu the Spire","noobMod","¡¾ÒÅÎï¿¨ÅÆ¡¿REMEMod"],"gold_per_floor":[111,111,129,144,35,64,82,97,97,115,126,21,35,54,54,149,29,39,39,49,62,77,108,108,108,135,152,179,59,79,90,90,187,67,84,9,25,25,40,40,53,88,88,88,106,126,137,163,163,163,163,163,163,88,122,122],"floor_reached":57,"language":"ZHS","playtime":4419,"items_purged":["Moonworks:Defend","Moonworks:EvilMastermind"],"score":1520,"play_id":"7b8531c4-e5c1-4009-aa77-3f92f04f7a5d","local_time":"20210124192258","is_ascension_mode":false,"campfire_choices":[{"data":"AT_FamilyPortrait","floor":15,"key":"SMITH"},{"floor":24,"key":"RECALL"},{"data":"Moonworks:Strike","floor":29,"key":"PURGE"},{"data":"Moonworks:Strike","floor":32,"key":"PURGE"},{"data":"Moonworks:Strike","floor":40,"key":"PURGE"},{"data":"Moonworks:Defend","floor":49,"key":"PURGE"},{"data":"Moonworks:Defend","floor":53,"key":"PURGE"}],"circlet_count":0,"master_deck":["Moonworks:Defend","Moonworks:Ambush","Moonworks:LongDistanceShot","Moonworks:Flamethrower","AT_FamilyPortrait+1","Moonworks:LulusLuckyEgg","Moonworks:MiracleRedBeanIceCream","Moonworks:NicePresent","Moonworks:RagingMadness","Moonworks:NicePresent","Moonworks:ReproductionOfRecords","Moonworks:x16BigRocket","Moonworks:Wanted","Moonworks:JonathanRush","Moonworks:Encore","Moonworks:UnpaidWork+1","Moonworks:CloudOfSeagulls","Moonworks:MiracleWalker+1","Moonworks:CloudOfSeagulls","Moonworks:JonathanRush+1","Moonworks:HolyNight","Moonworks:JonathanRush","Moonworks:AnotherUltimateWeapon","Moonworks:NicePresent+1","Moonworks:JonathanRush+1","Moonworks:NicePresent+1","Moonworks:NicePresent+1"],"relics":["Moonworks:SBBomb","Moonworks:Homemark","AT_ATBox","REME_ComplimentaryCards","ice","LetterFromLob","Peace Pipe","hubris:MysteriousPyramids","Replay:Grab Bag","Philosopher\u0027s Stone","infinitespire:Cupcake","hubris:SlimyHat","Happy Flower","Dream Catcher","Oddly Smooth Stone","infinitespire:PuzzleCube","Quantum Egg","conspire:SlowCooker","Medical Kit","AT_GoldPhoenixTree","conspire:Boomerang","Potion Belt","AT_ArchangelStaff","infinitespire:Beetle Shell","Bottled Tornado"],"acts_visited":["Exordium","Gensokyo:Gensokyo","Gensokyo:Gensokyoer","TheEnding"],"potions_floor_usage":[6,16,16,33,42,56,56,56,56,56,56,56,56,56,56],"damage_taken":[{"damage":0,"enemies":"Gensokyo:3_Fairies","floor":1,"turns":3},{"damage":6,"enemies":"Gensokyo:Python","floor":3,"turns":4},{"damage":1,"enemies":"Gensokyo:2_Kodama","floor":4,"turns":2},{"damage":0,"enemies":"Gensokyo:Kitsune","floor":5,"turns":1},{"damage":43,"enemies":"Gensokyo:Cirno","floor":6,"turns":6},{"damage":17,"enemies":"Gensokyo:3_Kodama","floor":7,"turns":4},{"damage":9,"enemies":"Gensokyo:Gryphon_and_Rabbit","floor":8,"turns":3},{"damage":0,"enemies":"Gensokyo:LivingMonolith","floor":10,"turns":1},{"damage":13,"enemies":"Gensokyo:2_Rabbits","floor":11,"turns":3},{"damage":0,"enemies":"Gensokyo:5_Fairies","floor":12,"turns":4},{"damage":14,"enemies":"Gensokyo:Python_and_Kodama","floor":13,"turns":3},{"damage":0,"enemies":"Gensokyo:LivingMonolith","floor":14,"turns":2},{"damage":33,"enemies":"Gensokyo:Reimu","floor":16,"turns":8},{"damage":20,"enemies":"Gensokyo:3_Dogs","floor":18,"turns":4},{"damage":0,"enemies":"Gensokyo:2_Gloops","floor":20,"turns":2},{"damage":7,"enemies":"Gensokyo:Monolith_and_Dog","floor":21,"turns":2},{"damage":7,"enemies":"Gensokyo:Swordslinger","floor":22,"turns":4},{"damage":0,"enemies":"Gensokyo:Reisen","floor":23,"turns":4},{"damage":2,"enemies":"Gensokyo:Slime_Group","floor":27,"turns":4},{"damage":92,"enemies":"Nightmare","floor":28,"turns":5},{"damage":0,"enemies":"Gensokyo:3_Gloops","floor":30,"turns":2},{"damage":3,"enemies":"Gensokyo:Monolith_and_Dog","floor":31,"turns":3},{"damage":72,"enemies":"Gensokyo:Eternal_Rivals","floor":33,"turns":4},{"damage":0,"enemies":"Gensokyo:3_Bats","floor":35,"turns":3},{"damage":0,"enemies":"Gensokyo:AncientGuardian","floor":37,"turns":2},{"damage":15,"enemies":"Gensokyo:Rafflesia","floor":39,"turns":3},{"damage":0,"enemies":"Gensokyo:4_Bats","floor":41,"turns":2},{"damage":0,"enemies":"Gensokyo:Kasen","floor":42,"turns":3},{"damage":16,"enemies":"Gensokyo:3_Boulders","floor":45,"turns":3},{"damage":0,"enemies":"Gensokyo:AtlasGolem","floor":46,"turns":2},{"damage":10,"enemies":"Gensokyo:Sharpion","floor":47,"turns":2},{"damage":0,"enemies":"Gensokyo:Marisa","floor":48,"turns":3},{"damage":0,"enemies":"Gensokyo:Scarlet_Devils","floor":50,"turns":2},{"damage":4,"enemies":"Shield and Spear","floor":55,"turns":2},{"damage":6,"enemies":"The Heart","floor":56,"turns":3}],"seed_played":"8659472050177964345","potions_obtained":[{"floor":4,"key":"PowerPotion"},{"floor":5,"key":"Block Potion"},{"floor":6,"key":"SteroidPotion"},{"floor":13,"key":"LiquidMemories"},{"floor":14,"key":"Moonworks:OneHundredPercentOrangeJuicePotion"},{"floor":16,"key":"REME_GoldPotion"},{"floor":20,"key":"EntropicBrew"},{"floor":22,"key":"Adrenaline Potion"},{"floor":33,"key":"Languid Potion"},{"floor":46,"key":"Reflective Coating"},{"floor":47,"key":"Energy Potion"},{"floor":55,"key":"Strength Potion"}],"is_trial":false,"path_per_floor":["M","$","M","M","M","E","M","M","T","M","M","M","M","M","R","B",null,"M","?","M","M","M","E","R","COS","T","M","NM","R","M","M","R","B",null,"M","?","M","AVR","M","R","M","E","T","?","M","M","M","E","R","B",null,null,"R","$","E","B",null],"character_chosen":"THE_STARBREAKER","items_purchased":[],"campfire_rested":0,"item_purchase_floors":[],"current_hp_per_floor":[60,60,54,56,56,20,61,57,57,57,49,54,40,40,40,17,83,68,10,10,8,1,6,6,6,6,93,107,107,107,107,107,93,107,107,107,107,107,109,109,109,112,112,57,63,84,86,112,112,129,129,129,129,129,129,225],"gold":122,"neow_bonus":"TRANSFORM_CARD","is_daily":false,"chose_seed":false,"campfire_upgraded":1,"win_rate":0.0,"timestamp":1611544978,"path_taken":["M","$","M","M","M","E","M","M","T","M","M","M","M","M","R","BOSS","M","?","M","M","M","E","R","COS","T","M","NM","R","?","M","R","BOSS","M","?","M","AVR","M","R","M","E","T","?","M","M","M","E","R","BOSS","R","$","E","BOSS"],"items_purchased_type":[],"build_version":"2020-12-22","purchased_purges":2,"victory":true,"max_hp_per_floor":[60,60,60,63,63,63,65,72,72,72,77,78,81,81,81,83,83,89,89,89,90,93,94,94,94,94,96,107,107,107,107,107,107,107,107,107,107,107,109,109,109,112,112,112,112,112,113,129,129,129,129,129,129,129,129,232],"relic_stats":{"Peace Pipe":5,"Dream Catcher":0,"Happy Flower":[20],"counters":[35,108],"Medical Kit":[0],"obtain_stats":[{"AT_ATBox":0,"ice":0,"hubris:SlimyHat":19,"hubris:MysteriousPyramids":9,"Bottled Tornado":55,"AT_ArchangelStaff":44,"Moonworks:SBBomb":17,"Dream Catcher":19,"Philosopher\u0027s Stone":17,"Potion Belt":44,"Happy Flower":19,"Replay:Grab Bag":17,"Quantum Egg":28,"Oddly Smooth Stone":23,"AT_GoldPhoenixTree":42,"conspire:SlowCooker":34,"infinitespire:Beetle Shell":48,"conspire:Boomerang":43,"Medical Kit":38,"Peace Pipe":6,"Moonworks:Homemark":0,"LetterFromLob":1,"infinitespire:PuzzleCube":28,"Moonworks:BrokenBomb":0,"REME_ComplimentaryCards":0,"infinitespire:Cupcake":17},{"AT_ATBox":0,"ice":0,"hubris:SlimyHat":14,"hubris:MysteriousPyramids":7,"Bottled Tornado":34,"AT_ArchangelStaff":28,"Moonworks:SBBomb":13,"Dream Catcher":14,"Philosopher\u0027s Stone":13,"Potion Belt":28,"Happy Flower":14,"Replay:Grab Bag":13,"Quantum Egg":20,"Oddly Smooth Stone":18,"AT_GoldPhoenixTree":28,"conspire:SlowCooker":23,"infinitespire:Beetle Shell":32,"conspire:Boomerang":28,"Medical Kit":25,"Peace Pipe":5,"Moonworks:Homemark":0,"LetterFromLob":1,"infinitespire:PuzzleCube":20,"Moonworks:BrokenBomb":0,"REME_ComplimentaryCards":0,"infinitespire:Cupcake":13},{"AT_ATBox":0,"ice":0,"hubris:SlimyHat":48,"hubris:MysteriousPyramids":23,"Bottled Tornado":105,"AT_ArchangelStaff":91,"Moonworks:SBBomb":44,"Dream Catcher":48,"Philosopher\u0027s Stone":44,"Potion Belt":91,"Happy Flower":48,"Replay:Grab Bag":44,"Quantum Egg":69,"Oddly Smooth Stone":60,"AT_GoldPhoenixTree":91,"conspire:SlowCooker":78,"infinitespire:Beetle Shell":101,"conspire:Boomerang":91,"Medical Kit":83,"Peace Pipe":16,"Moonworks:Homemark":0,"LetterFromLob":3,"infinitespire:PuzzleCube":66,"Moonworks:BrokenBomb":0,"REME_ComplimentaryCards":0,"infinitespire:Cupcake":44}]},"card_choices":[{"not_picked":["Moonworks:CloudOfSeagulls","Moonworks:CastOff"],"picked":"Moonworks:LulusLuckyEgg","floor":1},{"not_picked":["Moonworks:LulusLuckyEgg","Moonworks:IndiscriminateFireSupport"],"picked":"Moonworks:MiracleRedBeanIceCream","floor":3},{"not_picked":["Moonworks:Poppoformation","Moonworks:CloudOfSeagulls","Moonworks:Assault"],"picked":"SKIP","floor":4},{"not_picked":["Moonworks:LulusLuckyEgg","Moonworks:CloudOfSeagulls"],"picked":"Moonworks:NicePresent","floor":5},{"not_picked":["Moonworks:Wanted","Moonworks:EvilSpyWorkPreparation"],"picked":"Moonworks:RagingMadness","floor":6},{"not_picked":["Moonworks:CastOff","Moonworks:CloudOfSeagulls"],"picked":"Moonworks:NicePresent","floor":7},{"not_picked":["Moonworks:BigMagnum","Moonworks:JonathanRush","Moonworks:ScrambledEve"],"picked":"SKIP","floor":8},{"not_picked":["Moonworks:SakisCookie","Moonworks:Dinner"],"picked":"Moonworks:ReproductionOfRecords","floor":10},{"not_picked":["Moonworks:BigMagnum","Moonworks:BeyondHell"],"picked":"Moonworks:x16BigRocket","floor":11},{"not_picked":["Moonworks:NicePresent","Moonworks:JonathanRush","Moonworks:BigMagnum"],"picked":"SKIP","floor":12},{"not_picked":["Moonworks:MiracleWalker","Moonworks:CloudOfSeagulls"],"picked":"Moonworks:Wanted","floor":13},{"not_picked":["Moonworks:EvilSpyWorkPreparation","Moonworks:LulusLuckyEgg"],"picked":"Moonworks:JonathanRush","floor":14},{"not_picked":["Moonworks:MeltingMemories","Moonworks:Wanted"],"picked":"Moonworks:Encore","floor":16},{"not_picked":["Moonworks:IndiscriminateFireSupport","Moonworks:ImOnFire"],"picked":"Moonworks:UnpaidWork+1","floor":18},{"not_picked":["Moonworks:StiffCrystal","Moonworks:CookingTime"],"picked":"Moonworks:CloudOfSeagulls","floor":20},{"not_picked":["Moonworks:BeyondHell","Moonworks:DeployBits"],"picked":"Moonworks:MiracleWalker+1","floor":21},{"not_picked":["Moonworks:Assault+1","Moonworks:ImOnFire"],"picked":"Moonworks:CloudOfSeagulls","floor":22},{"not_picked":["Moonworks:BigMagnum","Moonworks:CloudOfSeagulls"],"picked":"Moonworks:JonathanRush+1","floor":23},{"not_picked":["Moonworks:SakisCookie","Moonworks:BigMagnum","Moonworks:LulusLuckyEgg"],"picked":"SKIP","floor":27},{"not_picked":["Moonworks:SweetBattle","Moonworks:Assault","Moonworks:EvilSpyWorkPreparation"],"picked":"SKIP","floor":28},{"not_picked":["Moonworks:Assault","Moonworks:AngelHand"],"picked":"Moonworks:HolyNight","floor":30},{"not_picked":["Moonworks:RedAndBlue+1","Moonworks:ImOnFire"],"picked":"Moonworks:JonathanRush","floor":31},{"not_picked":["Moonworks:FinalBattle","Moonworks:SubspaceTunnel"],"picked":"Moonworks:AnotherUltimateWeapon","floor":33},{"not_picked":["Moonworks:RagingMadness","Moonworks:SelfDestruct"],"picked":"Moonworks:NicePresent+1","floor":35},{"not_picked":["Moonworks:ImOnFire+1","Moonworks:Heat300Percent","Moonworks:Assault+1"],"picked":"SKIP","floor":37},{"not_picked":["Moonworks:ExtendedPhotonRifle","Moonworks:Assault"],"picked":"Moonworks:JonathanRush+1","floor":39},{"not_picked":["Moonworks:BigMagnum","Moonworks:LulusLuckyEgg","Moonworks:Poppoformation+1"],"picked":"SKIP","floor":41},{"not_picked":["Moonworks:PlushieMaster","Moonworks:TreasureThief+1","Moonworks:CookingTime"],"picked":"SKIP","floor":42},{"not_picked":["Moonworks:UnpaidWork+1","Moonworks:DeployBits+1","Moonworks:Dinner+1"],"picked":"SKIP","floor":45},{"not_picked":["Moonworks:DeployBits","Moonworks:TacticalRetreat"],"picked":"Moonworks:NicePresent+1","floor":46},{"not_picked":["Moonworks:BackdoorTrade+1","Moonworks:Assault","Moonworks:LulusLuckyEgg"],"picked":"SKIP","floor":47},{"not_picked":["Moonworks:IndiscriminateFireSupport+1","Moonworks:AccelHyper"],"picked":"Moonworks:NicePresent+1","floor":48},{"not_picked":["Moonworks:BigMagnum","Moonworks:EvilSpyWorkPreparation","Moonworks:BackdoorTrade+1"],"picked":"SKIP","floor":55}],"player_experience":110178,"relics_obtained":[{"floor":1,"key":"LetterFromLob"},{"floor":6,"key":"Peace Pipe"},{"floor":9,"key":"hubris:MysteriousPyramids"},{"floor":23,"key":"Oddly Smooth Stone"},{"floor":28,"key":"Quantum Egg"},{"floor":42,"key":"AT_GoldPhoenixTree"},{"floor":43,"key":"conspire:Boomerang"},{"floor":48,"key":"infinitespire:Beetle Shell"},{"floor":55,"key":"Bottled Tornado"}],"event_choices":[{"damage_healed":0,"gold_gain":0,"player_choice":"RE RE RE ","damage_taken":64,"relics_obtained":["hubris:SlimyHat","Happy Flower","Dream Catcher"],"max_hp_gain":0,"max_hp_loss":0,"event_name":"betterSkull:BetterSkull","floor":19,"gold_loss":0,"cards_upgraded":[]},{"damage_healed":0,"gold_gain":0,"player_choice":"3","damage_taken":0,"max_hp_gain":0,"max_hp_loss":0,"event_name":"betterMatch:BetterMatch","floor":36,"gold_loss":0,"cards_obtained":[]},{"damage_healed":0,"gold_gain":0,"player_choice":"RE RE ","damage_taken":53,"relics_obtained":["Potion Belt","AT_ArchangelStaff"],"max_hp_gain":0,"max_hp_loss":0,"event_name":"betterSkull:BetterSkull","floor":44,"gold_loss":0,"cards_upgraded":[]}],"is_beta":false,"boss_relics":[{"not_picked":["Ring of Chaos","energizedSpire:RedRose"],"picked":"Replay:Grab Bag"},{"not_picked":["Fusion Hammer","Runic Dome"],"picked":"Philosopher\u0027s Stone"},{"not_picked":["energizedSpire:HugeHouse","energizedSpire:CursedPentagram"],"picked":"infinitespire:Cupcake"},{"not_picked":["hubris:Backtick","SacredBark"],"picked":"Moonworks:SBBomb"},{"not_picked":["hubris:VirtuousBlindfold","hubris:GrandSneckoEye"],"picked":"conspire:SlowCooker"}],"items_purged_floors":[38,54],"is_endless":false,"potions_floor_spawned":[4,5,6,13,14,16,20,22,27,33,41,45,46,47,55],"ascension_level":0}}