{"host":"9ndbo4kgsfoemf7y","time":1611576830,"event":{"mods":["AchievementEnabler","BaseMod","Colored Map","DeckTracker","Keyboard Shortcuts","Minty Spire (QoL Compilation)","Permanent Neow","Quick Restart","Relic Stats","StSLib","SuperFastMode"],"gold_per_floor":[113,132,144,94,109,109,143,143,143,172,187,187,213,223,223,322,322,262,172,192,192,206,237,237,237,237],"floor_reached":25,"language":"KOR","playtime":1207,"items_purged":[],"score":337,"play_id":"8e5f615e-f612-49fd-ab47-5ea88fa209da","local_time":"20210125211350","is_ascension_mode":true,"campfire_choices":[{"data":"White Noise","floor":6.0,"key":"SMITH"},{"data":"Hologram","floor":8.0,"key":"SMITH"},{"floor":12.0,"key":"REST"},{"data":"White Noise","floor":15.0,"key":"SMITH"},{"data":"Echo Form","floor":24,"key":"SMITH"}],"circlet_count":0,"master_deck":["Strike_B","Defend_B","Defend_B","Defend_B","Defend_B","Zap","Dualcast","BootSequence","Hologram+1","White Noise+1","Cold Snap","White Noise+1","Conserve Battery","Coolheaded+1","Chill","Defragment","Echo Form+1","Seek","Defragment","Biased Cognition"],"relics":["Cracked Core","Juzu Bracelet","Sundial","Pear","Blue Candle","Coffee Dripper","Bottled Lightning"],"acts_visited":["Exordium","TheCity"],"potions_floor_usage":[],"damage_taken":[{"damage":1.0,"enemies":"Cultist","floor":1.0,"turns":3.0},{"damage":0.0,"enemies":"Jaw Worm","floor":2.0,"turns":3.0},{"damage":1.0,"enemies":"2 Louse","floor":3.0,"turns":2.0},{"damage":2.0,"enemies":"Lots of Slimes","floor":5.0,"turns":2.0},{"damage":19.0,"enemies":"3 Sentries","floor":7.0,"turns":10.0},{"damage":28.0,"enemies":"Lagavulin","floor":10.0,"turns":10.0},{"damage":2.0,"enemies":"Red Slaver","floor":11.0,"turns":4.0},{"damage":13.0,"enemies":"3 Sentries","floor":13.0,"turns":8.0},{"damage":0.0,"enemies":"3 Louse","floor":14.0,"turns":4.0},{"damage":30.0,"enemies":"The Guardian","floor":16.0,"turns":17.0},{"damage":2.0,"enemies":"2 Thieves","floor":18.0,"turns":4.0},{"damage":6.0,"enemies":"Chosen","floor":20.0,"turns":6.0},{"damage":9.0,"enemies":"Centurion and Healer","floor":22.0,"turns":6.0},{"damage":11.0,"enemies":"Book of Stabbing","floor":23.0,"turns":7.0},{"damage":43,"enemies":"Gremlin Leader","floor":25,"turns":7}],"seed_played":"-5645759313395868817","potions_obtained":[{"floor":1.0,"key":"SteroidPotion"},{"floor":2.0,"key":"Energy Potion"},{"floor":11.0,"key":"Explosive Potion"},{"floor":16.0,"key":"FearPotion"},{"floor":20.0,"key":"Fire Potion"},{"floor":23,"key":"Fire Potion"}],"is_trial":false,"path_per_floor":["M","M","M","?","M","R","E","R","T","E","M","R","E","M","R","B",null,"M","?","M","?","M","E","R","E"],"character_chosen":"DEFECT","items_purchased":[],"campfire_rested":1,"item_purchase_floors":[],"current_hp_per_floor":[67,67,66,66,64,64,45,45,45,27,25,50,37,37,37,7,66,64,64,58,58,49,38,38,0,0],"gold":237,"neow_bonus":"THREE_CARDS","is_daily":false,"chose_seed":false,"campfire_upgraded":4,"win_rate":0.0,"timestamp":1611576830,"path_taken":["M","M","?","?","M","R","E","R","T","E","M","R","E","M","R","BOSS","M","?","M","?","M","E","R","E"],"items_purchased_type":[],"build_version":"2020-12-22","purchased_purges":0,"victory":false,"max_hp_per_floor":[75,75,75,75,75,75,75,75,75,85,85,85,85,85,85,85,85,85,85,85,85,85,85,85,85,85],"relic_stats":{"counters":[15,93],"Sundial":[18],"Blue Candle":[0],"Juzu Bracelet":1,"obtain_stats":[{"Pear":10,"Sundial":9,"Blue Candle":13,"Juzu Bracelet":7,"Coffee Dripper":17,"Bottled Lightning":23,"Cracked Core":0},{"Pear":6,"Sundial":5,"Blue Candle":8,"Juzu Bracelet":5,"Coffee Dripper":10,"Bottled Lightning":14,"Cracked Core":0},{"Pear":30,"Sundial":20,"Blue Candle":42,"Juzu Bracelet":20,"Coffee Dripper":63,"Bottled Lightning":86,"Cracked Core":0}]},"card_choices":[{"not_picked":["Steam","Rebound"],"picked":"BootSequence","floor":0.0},{"not_picked":["Ball Lightning","Reprogram"],"picked":"Hologram","floor":1.0},{"not_picked":["Rebound","Streamline"],"picked":"White Noise","floor":2.0},{"not_picked":["Ball Lightning","Lockon"],"picked":"Cold Snap","floor":3.0},{"not_picked":["Skim","Beam Cell"],"picked":"White Noise","floor":5.0},{"not_picked":["White Noise","Ball Lightning"],"picked":"Conserve Battery","floor":7.0},{"not_picked":["Beam Cell","Hello World","Reinforced Body"],"picked":"SKIP","floor":10.0},{"not_picked":["Redo","Cold Snap"],"picked":"Coolheaded","floor":11.0},{"not_picked":["Turbo","Rebound"],"picked":"Chill","floor":13.0},{"not_picked":["Loop","Compile Driver"],"picked":"Defragment","floor":14.0},{"not_picked":["Electrodynamics","Seek"],"picked":"Echo Form","floor":16.0},{"not_picked":["Conserve Battery+1","Streamline","Static Discharge"],"picked":"SKIP","floor":18.0},{"not_picked":["Redo","Go for the Eyes"],"picked":"Seek","floor":20.0},{"not_picked":["Sweeping Beam","Compile Driver"],"picked":"Defragment","floor":22.0},{"not_picked":["Cold Snap","Beam Cell"],"picked":"Biased Cognition","floor":23}],"player_experience":845414,"relics_obtained":[{"floor":7.0,"key":"Juzu Bracelet"},{"floor":9.0,"key":"Sundial"},{"floor":10.0,"key":"Pear"},{"floor":13.0,"key":"Blue Candle"},{"floor":23,"key":"Bottled Lightning"}],"event_choices":[{"cards_removed":["Strike_B"],"damage_healed":0.0,"max_hp_gain":0.0,"max_hp_loss":0.0,"gold_gain":0.0,"event_name":"The Cleric","player_choice":"Card Removal","floor":4.0,"gold_loss":50.0,"damage_taken":0.0},{"cards_removed":["Strike_B"],"damage_healed":0.0,"max_hp_gain":0.0,"max_hp_loss":0.0,"gold_gain":0.0,"event_name":"Designer","player_choice":"Upgrade and Remove","floor":19.0,"gold_loss":90.0,"damage_taken":0.0,"cards_upgraded":["Coolheaded"]},{"cards_removed":["Strike_B"],"damage_healed":0.0,"max_hp_gain":0.0,"max_hp_loss":0.0,"gold_gain":0.0,"event_name":"Bonfire Elementals","player_choice":"Offered Basic","floor":21.0,"gold_loss":0.0,"damage_taken":0.0}],"is_beta":false,"boss_relics":[{"not_picked":["FrozenCore","Fusion Hammer"],"picked":"Coffee Dripper"}],"items_purged_floors":[],"is_endless":false,"potions_floor_spawned":[1,2,11,16,20,23],"killed_by":"Gremlin Leader","ascension_level":8}}