{"host":"no0bdlpxzp7bzzks","time":1611557824,"event":{"mods":["BaseMod","Better Match","Block Reminder","Colored Map","Curses Come First","DeckTracker","Downfall","Filter the Spire","Highlight Path","Key Reminder","Minty Spire (QoL Compilation)","Permanent Neow","Relic Sorter","Relic Stats","StSLib"],"gold_per_floor":[99,112,126,111,124,124,124,144,169,169,189,208,242,271,286,286,286,286],"floor_reached":16,"language":"ENG","playtime":1453,"items_purged":[],"score":139,"play_id":"c58010ea-a047-4330-814f-96d9f358dd6a","local_time":"20210125005704","is_ascension_mode":false,"campfire_choices":[{"data":"bronze:Replicate","floor":1,"key":"SMITH"},{"data":"bronze:Boost","floor":6,"key":"SMITH"}],"circlet_count":0,"master_deck":["bronze:Strike","bronze:Strike","bronze:Strike","bronze:Defend","bronze:Defend","bronze:Defend","bronze:Replicate+1","bronze:Goto","bronze:Boost+1","bronze:Fortify","bronze:GetLatest","bronze:Turbo","bronze:FollowUp","bronze:Deprecate","bronze:Iterate","bronze:Fortify","bronze:Assembly","bronze:Allocate"],"relics":["bronze:BronzeCore","bronze:CableSpool","Centennial Puzzle","keyreminder:keyreminder","Strawberry","Odd Mushroom"],"acts_visited":["Exordium"],"potions_floor_usage":[13,14,15,15,15],"damage_taken":[{"damage":1,"enemies":"Jaw Worm","floor":2,"turns":3},{"damage":0,"enemies":"Small Slimes","floor":3,"turns":3},{"damage":2,"enemies":"downfall:FleeingMerchant","floor":4,"turns":4},{"damage":5,"enemies":"2 Louse","floor":5,"turns":2},{"damage":3,"enemies":"Large Slime","floor":8,"turns":7},{"damage":27,"enemies":"Lagavulin","floor":9,"turns":6},{"damage":21,"enemies":"Exordium Wildlife","floor":11,"turns":2},{"damage":3,"enemies":"Red Slaver","floor":12,"turns":3},{"damage":0,"enemies":"Gremlin Nob","floor":13,"turns":1},{"damage":9,"enemies":"The Mushroom Lair","floor":14,"turns":5},{"damage":3,"enemies":"Large Slime","floor":15,"turns":3},{"damage":2,"enemies":"WA_ARCHETYPE_RETAIN","floor":16,"turns":2}],"seed_played":"347622476517678566","potions_obtained":[{"floor":2,"key":"GamblersBrew"},{"floor":3,"key":"LiquidMemories"},{"floor":11,"key":"bronze:BuildAFunctionPotion"},{"floor":12,"key":"SpeedPotion"},{"floor":13,"key":"EssenceOfSteel"},{"floor":14,"key":"Ancient Potion"}],"is_trial":false,"path_per_floor":["R","M","M","$","M","R","T","M","E","?","M","M","E","?","M","B"],"character_chosen":"THE_AUTOMATON","items_purchased":[],"campfire_rested":0,"item_purchase_floors":[],"current_hp_per_floor":[63,62,62,60,55,55,55,52,25,30,9,6,13,4,1,0,0,0],"gold":286,"neow_bonus":"REMOVE_TWO","is_daily":false,"chose_seed":false,"campfire_upgraded":2,"win_rate":0.0,"timestamp":1611557824,"path_taken":["R","M","M","$","M","R","T","M","E","?","M","M","E","?","M","BOSS"],"items_purchased_type":[],"build_version":"2020-12-22","purchased_purges":0,"victory":false,"max_hp_per_floor":[63,63,63,63,63,63,63,63,63,68,68,68,75,75,75,75,75,75],"relic_stats":{"Centennial Puzzle":[12],"counters":[12,41],"obtain_stats":[{"keyreminder:keyreminder":13,"Centennial Puzzle":9,"bronze:BronzeCore":0,"Strawberry":13,"Odd Mushroom":14,"bronze:CableSpool":7},{"keyreminder:keyreminder":9,"Centennial Puzzle":6,"bronze:BronzeCore":0,"Strawberry":9,"Odd Mushroom":10,"bronze:CableSpool":4},{"keyreminder:keyreminder":31,"Centennial Puzzle":25,"bronze:BronzeCore":0,"Strawberry":31,"Odd Mushroom":36,"bronze:CableSpool":12}]},"card_choices":[{"not_picked":["bronze:BuggyMess","bronze:Invalidate"],"picked":"bronze:Boost","floor":2},{"not_picked":["bronze:Invalidate","bronze:Deprecate"],"picked":"bronze:Fortify","floor":3},{"not_picked":["bronze:Frontload","bronze:NullPointer","bronze:Fortify"],"picked":"SKIP","floor":4},{"not_picked":["bronze:FineTuning","bronze:BronzeArmor"],"picked":"bronze:GetLatest","floor":5},{"not_picked":["bronze:DelayedGuard","bronze:BronzeArmor"],"picked":"bronze:Turbo","floor":8},{"not_picked":["bronze:BronzeArmor","bronze:ForLoop"],"picked":"bronze:FollowUp","floor":9},{"not_picked":["bronze:Frontload","bronze:WildBeam"],"picked":"bronze:Deprecate","floor":11},{"not_picked":["bronze:Safeguard","bronze:Backtrace"],"picked":"bronze:Iterate","floor":12},{"not_picked":["bronze:Frontload","bronze:BuggyMess"],"picked":"bronze:Fortify","floor":13},{"not_picked":["bronze:FineTuning","bronze:CutThrough"],"picked":"bronze:Assembly","floor":14},{"not_picked":["bronze:BuggyMess","bronze:Optimize"],"picked":"bronze:Allocate","floor":15}],"player_experience":100386,"relics_obtained":[{"floor":7,"key":"bronze:CableSpool"},{"floor":9,"key":"Centennial Puzzle"},{"floor":13,"key":"Strawberry"},{"floor":14,"key":"Odd Mushroom"}],"event_choices":[{"damage_healed":0,"gold_gain":0,"player_choice":"Donut","damage_taken":0,"max_hp_gain":5,"max_hp_loss":0,"event_name":"Big Fish","floor":10,"gold_loss":0},{"damage_healed":0,"gold_gain":0,"player_choice":"Fought Mushrooms","damage_taken":0,"max_hp_gain":0,"max_hp_loss":0,"event_name":"Mushrooms","floor":14,"gold_loss":0}],"is_beta":false,"boss_relics":[],"items_purged_floors":[],"is_endless":false,"potions_floor_spawned":[2,3,11,12,13,14],"killed_by":"WA_ARCHETYPE_RETAIN","ascension_level":0}}