{"host":"7eytxr1oawi6r5nr","time":1611592911,"event":{"mods":["BaseMod","Better Third Choice","Curses Come First","Dark Map","Hermit","Hubris","Ironclad Rager","Jorbs\u0027s Wanderer Trilogy","Minty Spire (QoL Compilation)","Permanent Neow","Quick Restart","Rare Cards Sparkle","Reliquary","Replay The Spire","Robot Space Explorer","StSLib","The Cursed","The Disciple","The Dragon Tamer","The Forsaken","The Marked","The Mystic","The Runesmith","UnlockEverythingMod","Wide Potions"],"gold_per_floor":[110,126,146,146,158,183,183,210,235,235,57,57,185,205,205,307,307,321,321,332,343,297,297,326,337,411,411,424,444,444,457,457,556,556,567,567,936,951,951,981,981,981,981],"floor_reached":42,"language":"ENG","playtime":3663,"items_purged":[],"score":611,"play_id":"df4cb87b-96b6-4eda-90e5-52f3ea241e18","local_time":"20210125164151","is_ascension_mode":true,"campfire_choices":[{"floor":10.0,"key":"REST"},{"data":"Dark Embrace","floor":12.0,"key":"SMITH"},{"data":"Searing Blow","floor":15.0,"key":"SMITH"},{"floor":23.0,"key":"REST"},{"data":"True Grit","floor":27.0,"key":"SMITH"},{"floor":32,"key":"REST"},{"floor":41,"key":"RECALL"}],"circlet_count":0,"master_deck":["Strike_R","Strike_R","Strike_R","Defend_R","Defend_R","Defend_R","Defend_R","Bash","Reckless Charge","Flame Barrier","Cleave","Searing Blow+1","Burning Pact","Power Through","ReplayTheSpireMod:Muscle Training","Anger","Thunderclap","Dark Embrace+1","Fiend Fire","Barricade","Sentinel","True Grit+1","Entrench","Shrug It Off","ReplayTheSpireMod:Strike From Hell","Intimidate","Seeing Red","Second Wind+1","Armaments","Feel No Pain+1","Shrug It Off","Offering","Disarm","ReplayTheSpireMod:Splinters","Life Link+1","Purity"],"relics":["Burning Blood","Spirit Poop","Bag of Marbles","hubris:Icosahedron","ReplayTheSpireMod:Spearhead","Dream Catcher","Nunchaku","Sozu","Enchiridion","Gremlin Food","Matryoshka","Mark of Pain","Omamori"],"acts_visited":["Exordium","TheCity","TheBeyond"],"potions_floor_usage":[],"damage_taken":[{"damage":0.0,"enemies":"Small Slimes","floor":1.0,"turns":3.0},{"damage":5.0,"enemies":"Cultist","floor":2.0,"turns":4.0},{"damage":7.0,"enemies":"Jaw Worm","floor":3.0,"turns":2.0},{"damage":14.0,"enemies":"3 Louse","floor":5.0,"turns":4.0},{"damage":33.0,"enemies":"3 Sentries","floor":6.0,"turns":16.0},{"damage":20.0,"enemies":"Lagavulin","floor":8.0,"turns":8.0},{"damage":11.0,"enemies":"3 Sentries","floor":13.0,"turns":5.0},{"damage":0.0,"enemies":"2 Fungi Beasts","floor":14.0,"turns":3.0},{"damage":30.0,"enemies":"Slime Boss","floor":16.0,"turns":7.0},{"damage":7.0,"enemies":"Chosen","floor":18.0,"turns":3.0},{"damage":27.0,"enemies":"3 Byrds","floor":20.0,"turns":5.0},{"damage":19.0,"enemies":"Cultist and Chosen","floor":21.0,"turns":6.0},{"damage":3.0,"enemies":"Gremlin Leader","floor":24.0,"turns":3.0},{"damage":22.0,"enemies":"Snake Plant","floor":25.0,"turns":4.0},{"damage":11.0,"enemies":"Shelled Parasite and Fungi","floor":28.0,"turns":5.0},{"damage":24.0,"enemies":"Centurion and Healer","floor":29.0,"turns":6.0},{"damage":9,"enemies":"Chosen and Byrds","floor":31,"turns":7},{"damage":27,"enemies":"Collector","floor":33,"turns":11},{"damage":11,"enemies":"3 Darklings","floor":35,"turns":5},{"damage":22,"enemies":"Orb Walker","floor":38,"turns":6},{"damage":10,"enemies":"Giant Head","floor":40,"turns":10},{"damage":67,"enemies":"Reptomancer","floor":42,"turns":3}],"seed_played":"-488758717380057961","potions_obtained":[{"floor":1.0,"key":"SteroidPotion"},{"floor":5.0,"key":"Fire Potion"},{"floor":16.0,"key":"SkillPotion"}],"is_trial":false,"path_per_floor":["M","M","M","?","M","E","?","E","T","R","$","R","E","M","R","B",null,"M","?","M","M","$","R","E","M","T","R","M","M","?","M","R","B",null,"M","?","?","M","?","E","R","E"],"character_chosen":"IRONCLAD","items_purchased":["Dark Embrace","Fiend Fire","Shrug It Off"],"campfire_rested":3,"item_purchase_floors":[11,11,22],"current_hp_per_floor":[80,80,79,79,71,44,44,30,30,54,54,54,49,55,55,31,80,79,63,42,29,29,53,56,40,40,40,35,17,17,14,38,17,80,75,75,75,59,59,55,55,0,0],"gold":981,"neow_bonus":"TRANSFORM_TWO_CARDS","is_daily":false,"chose_seed":false,"campfire_upgraded":3,"win_rate":0.0,"timestamp":1611592911,"path_taken":["M","M","M","?","?","E","?","E","T","R","?","R","E","M","R","BOSS","M","?","M","M","$","R","E","M","T","R","M","M","?","M","R","BOSS","M","?","?","?","?","E","R","E"],"items_purchased_type":["Card","Card","Card"],"build_version":"2020-12-22","purchased_purges":0,"victory":false,"max_hp_per_floor":[80,80,80,80,80,80,80,80,80,80,80,80,80,80,80,80,80,80,80,80,80,80,80,80,80,80,80,80,80,80,80,80,80,80,80,80,80,80,80,80,80,80,80],"card_choices":[{"not_picked":["ReplayTheSpireMod:Stacked","Flex"],"picked":"Cleave","floor":1.0},{"not_picked":["Ghostly Armor","Perfected Strike"],"picked":"Searing Blow","floor":2.0},{"not_picked":["Infernal Blade","hubris:SharpeningStone"],"picked":"Burning Pact","floor":3.0},{"not_picked":["Armaments","Uppercut"],"picked":"Power Through","floor":5.0},{"not_picked":["Searing Blow","Blood for Blood"],"picked":"ReplayTheSpireMod:Muscle Training","floor":6.0},{"not_picked":["Disarm","Pommel Strike"],"picked":"Anger","floor":8.0},{"not_picked":["Blood for Blood","Infernal Blade"],"picked":"Thunderclap","floor":10.0},{"not_picked":["Rampage","Warcry","Headbutt"],"picked":"SKIP","floor":13.0},{"not_picked":["Thunderclap","Iron Wave","Pommel Strike"],"picked":"SKIP","floor":14.0},{"not_picked":["Reaper","Impervious"],"picked":"Barricade","floor":16.0},{"not_picked":["Anger","Body Slam"],"picked":"Sentinel","floor":18.0},{"not_picked":["hubris:CleavingFinish","Warcry"],"picked":"True Grit","floor":20.0},{"not_picked":["Pommel Strike+1","Iron Wave"],"picked":"Entrench","floor":21.0},{"not_picked":["Headbutt","Spot Weakness"],"picked":"ReplayTheSpireMod:Strike From Hell","floor":23.0},{"not_picked":["Juggernaut","Life Link"],"picked":"Intimidate","floor":24.0},{"not_picked":["Perfected Strike","Sentinel"],"picked":"Seeing Red","floor":25.0},{"not_picked":["Carnage","Perfected Strike"],"picked":"Second Wind+1","floor":28.0},{"not_picked":["Ghostly Armor","Sword Boomerang"],"picked":"Armaments","floor":29.0},{"not_picked":["Warcry+1","Bloodletting+1"],"picked":"Shrug It Off","floor":31},{"not_picked":["Replay:Many Hands","Feed"],"picked":"Offering","floor":33},{"not_picked":["ReplayTheSpireMod:LeadingStrike+1","Sword Boomerang","Pommel Strike"],"picked":"SKIP","floor":35},{"not_picked":["Shrug It Off+1","Anger"],"picked":"Life Link+1","floor":37},{"not_picked":["Sentinel","Anger","True Grit"],"picked":"SKIP","floor":38},{"not_picked":["Finesse","Good Instincts"],"picked":"Purity","floor":39},{"not_picked":["True Grit+1","Clash","Uppercut"],"picked":"SKIP","floor":40}],"player_experience":192083,"relics_obtained":[{"floor":6.0,"key":"Bag of Marbles"},{"floor":8.0,"key":"ReplayTheSpireMod:Spearhead"},{"floor":9.0,"key":"Dream Catcher"},{"floor":13.0,"key":"Nunchaku"},{"floor":19.0,"key":"Enchiridion"},{"floor":24.0,"key":"Gremlin Food"},{"floor":26.0,"key":"Matryoshka"},{"floor":40,"key":"Omamori"}],"event_choices":[{"cards_removed":["Looming Evil"],"damage_healed":0.0,"max_hp_gain":0.0,"max_hp_loss":0.0,"gold_gain":0.0,"event_name":"Bonfire Elementals","player_choice":"Offered Curse","floor":4.0,"gold_loss":0.0,"damage_taken":0.0,"relics_obtained":["Spirit Poop"]},{"damage_healed":0.0,"max_hp_gain":0.0,"max_hp_loss":0.0,"gold_gain":0.0,"event_name":"Cursed Tome","player_choice":"Obtained Book","floor":19.0,"gold_loss":0.0,"damage_taken":16.0},{"damage_healed":0.0,"max_hp_gain":0.0,"max_hp_loss":0.0,"gold_gain":0.0,"event_name":"The Library","player_choice":"Read","floor":30.0,"gold_loss":0.0,"damage_taken":0.0,"cards_obtained":["Feel No Pain"]},{"damage_healed":0,"gold_gain":0,"player_choice":"Memory 1","damage_taken":0,"max_hp_gain":0,"max_hp_loss":0,"event_name":"SensoryStone","floor":39,"gold_loss":0}],"is_beta":false,"boss_relics":[{"not_picked":["ReplayTheSpireMod:DimensionalGlitch","Busted Crown"],"picked":"Sozu"},{"not_picked":["hubris:RunicObelisk","Empty Cage"],"picked":"Mark of Pain"}],"items_purged_floors":[],"is_endless":false,"potions_floor_spawned":[1,5,16,24,25,28,29,33,38,40],"killed_by":"Reptomancer","ascension_level":4}}