{"host":"urvvf8749ekcxo1a","time":1611549409,"event":{"mods":["AchievementEnabler","Bartender","BaseMod","BetterRewards","Colored Powertips","Displayed Cursed Tome","Evolution","Gold Saver","KinomotoSakuraMod(????)","Minty Spire (QoL Compilation)","Quick Restart","Relic Filter","StSLib","SuperFastMode","The Animator","The Cursed","The Hierophant","The Marked","The Servant 0.9.4","TheHero"],"gold_per_floor":[548,562,737,373,448,448,462,462,510,543,257,286,140,140,140,270,270,295,295,309,309,584,584,599,614,641,550,571,904,787,822,822,952,952,977,996,1014,787,801,801,801,801,801,820,820,615,659,690,702,714],"floor_reached":51,"language":"ENG","playtime":1848,"items_purged":["Doubt","Regret","Defend_S","Strike_S"],"score":1060,"play_id":"964fe03e-513a-43b2-82c8-7bf717505f2f","local_time":"20210124233649","is_ascension_mode":true,"campfire_choices":[{"data":"Luminosity","floor":6.0,"key":"SMITH"},{"data":"FlawlessForm","floor":8.0,"key":"SMITH"},{"data":"BestPractice","floor":15.0,"key":"SMITH"},{"data":"Advance","floor":23.0,"key":"SMITH"},{"floor":32.0,"key":"REST"},{"data":"InstantArmor","floor":40,"key":"SMITH"},{"data":"SilverBlades","floor":42,"key":"SMITH"},{"data":"Hightail","floor":45,"key":"SMITH"},{"floor":49,"key":"REST"}],"circlet_count":0,"master_deck":["Ricochet","Strike_S","Strike_S","Defend_S","Defend_S","Defend_S","KidneyShot","Exchange","Gouge","Luminosity+1","FlawlessForm+1","Ricochet+1","Spin+1","Rearm","FanOfKnives+1","BestPractice+1","LightFlow+1","Advance+1","Rearm","InstantArmor+1","Hightail+1","SilverBlades+1","Unruled+1","SpecialFormula","Desolation+1","FlawlessForm","Alleviate+1","SurpressingFire+1","GearUp","LightFlow+1","SpecialFormula","InstantArmor+1","Duplication","Spin+1"],"relics":["Uniform","EVO:Axolotl","Cleaning_Rag","Molten Egg 2","Happy Flower","Lantern","Lee\u0027s Waffle","Odd Mushroom","Membership Card","Golden Idol","MysterySword","Nilry\u0027s Codex","White Beast Statue","MealTicket","Old Coin","Chemical X","Omamori","Black Star","PaperSwan","Frozen Egg 2","Letter Opener","PreservedInsect","MawBank"],"acts_visited":["Exordium","TheCity","TheBeyond"],"potions_floor_usage":[47,48],"damage_taken":[{"damage":6.0,"enemies":"Jaw Worm","floor":1.0,"turns":4.0},{"damage":0.0,"enemies":"2 Louse","floor":2.0,"turns":1.0},{"damage":0.0,"enemies":"Small Slimes","floor":7.0,"turns":3.0},{"damage":18.0,"enemies":"Gremlin Nob","floor":10.0,"turns":5.0},{"damage":0.0,"enemies":"The Mushroom Lair","floor":12.0,"turns":1.0},{"damage":11.0,"enemies":"Slime Boss","floor":16.0,"turns":7.0},{"damage":0.0,"enemies":"Spheric Guardian","floor":18.0,"turns":3.0},{"damage":0.0,"enemies":"3 Byrds","floor":20.0,"turns":4.0},{"damage":22.0,"enemies":"Cultist and Chosen","floor":24.0,"turns":8.0},{"damage":0.0,"enemies":"3 Cultists","floor":25.0,"turns":3.0},{"damage":17.0,"enemies":"Centurion and Healer","floor":28.0,"turns":4.0},{"damage":2.0,"enemies":"Gremlin Leader","floor":29.0,"turns":6.0},{"damage":24.0,"enemies":"Slavers","floor":31.0,"turns":6.0},{"damage":0.0,"enemies":"Champ","floor":33.0,"turns":7.0},{"damage":0.0,"enemies":"3 Darklings","floor":35.0,"turns":4.0},{"damage":41.0,"enemies":"3 Shapes","floor":36.0,"turns":2.0},{"damage":14.0,"enemies":"Spire Growth","floor":37.0,"turns":5.0},{"damage":0.0,"enemies":"Transient","floor":39.0,"turns":5.0},{"damage":0,"enemies":"Sphere and 2 Shapes","floor":44,"turns":5},{"damage":62,"enemies":"Reptomancer","floor":47,"turns":7},{"damage":0,"enemies":"Jaw Worm Horde","floor":48,"turns":3},{"damage":45,"enemies":"Donu and Deca","floor":50,"turns":8}],"seed_played":"-5846140178904170958","potions_obtained":[{"floor":1.0,"key":"SpeedPotion"},{"floor":10.0,"key":"Dexterity Potion"},{"floor":18.0,"key":"SteroidPotion"},{"floor":25.0,"key":"FairyPotion"},{"floor":28.0,"key":"Energy Potion"},{"floor":29.0,"key":"Strength Potion"},{"floor":31.0,"key":"SneckoOil"},{"floor":33.0,"key":"LiquidMemories"},{"floor":44,"key":"ColorlessPotion"},{"floor":47,"key":"DistilledChaos"},{"floor":48,"key":"GamblersBrew"}],"is_trial":false,"path_per_floor":["M","M","?","$","?","R","M","R","T","E","$","?","$","?","R","B",null,"M","?","M","T","?","R","M","M","T","$","M","E","$","E","R","B",null,"M","M","M","$","M","R","?","R","T","M","R","$","E","M","R","B",null],"character_chosen":"THE_SERVANT","items_purchased":["Molten Egg 2","FlawlessForm","Lee\u0027s Waffle","Rearm","FanOfKnives+1","Membership Card","Hightail","Chemical X","SpecialFormula","PaperSwan","LightFlow+1","Letter Opener"],"campfire_rested":2,"item_purchase_floors":[4,4,11,11,11,13,27,30,30,38,38,46],"current_hp_per_floor":[59,59,59,59,48,48,48,48,48,30,72,72,72,54,54,43,72,72,56,56,56,56,56,34,34,34,49,32,30,45,29,50,58,72,72,31,22,37,42,42,42,42,42,55,55,70,10,20,41,6],"gold":726,"neow_bonus":"RANDOM_COMMON_RELIC","is_daily":false,"chose_seed":false,"campfire_upgraded":7,"win_rate":0.0,"timestamp":1611549409,"path_taken":["M","M","?","$","?","R","M","R","T","E","$","?","$","?","R","BOSS","M","?","M","?","?","R","M","?","T","?","M","E","$","E","R","BOSS","M","M","?","$","M","R","?","R","T","M","R","$","E","?","R","BOSS"],"items_purchased_type":["Relic","Card","Relic","Card","Card","Relic","Card","Relic","Card","Relic","Card","Relic"],"build_version":"2020-12-22","purchased_purges":4,"victory":true,"max_hp_per_floor":[65,65,65,65,65,65,65,65,65,65,72,72,72,72,72,72,72,72,72,72,72,72,72,72,72,72,72,72,72,72,72,72,72,72,72,72,72,72,72,72,72,72,72,72,72,72,72,72,72,72],"card_choices":[{"not_picked":["Read","TimeWarp"],"picked":"Gouge","floor":1.0},{"not_picked":["FastForward","Defy"],"picked":"Luminosity","floor":2.0},{"not_picked":["Sabotage+1","Replace"],"picked":"Ricochet+1","floor":7.0},{"not_picked":["Reset","SurpressingFire"],"picked":"Spin+1","floor":10.0},{"not_picked":["Moonlight+1","Barrier"],"picked":"BestPractice","floor":12.0},{"not_picked":["TheWorld","Sunlight+1"],"picked":"LightFlow+1","floor":16.0},{"not_picked":["Ricochet+1","Potential+1"],"picked":"Advance","floor":18.0},{"not_picked":["Sabotage+1","Luminosity"],"picked":"Rearm","floor":20.0},{"not_picked":["Shuttle","ShatteredReality+1"],"picked":"InstantArmor","floor":24.0},{"not_picked":["Potential+1","FastForward","Foresight"],"picked":"SKIP","floor":25.0},{"not_picked":["Moondial","Unruled+1"],"picked":"SilverBlades","floor":28.0},{"not_picked":["TimeWarp+1","Ricochet+1"],"picked":"Unruled+1","floor":29.0},{"not_picked":["ShiftingGears","Replace+1"],"picked":"Desolation+1","floor":31.0},{"not_picked":["FloweringNight","KillingDoll+1"],"picked":"FlawlessForm","floor":33.0},{"not_picked":["TimeWarp+1","Rewind"],"picked":"Alleviate+1","floor":35.0},{"not_picked":["Deadline+1","Spin+1"],"picked":"SurpressingFire+1","floor":36.0},{"not_picked":["Revamp","Ricochet+1"],"picked":"GearUp","floor":37.0},{"not_picked":["Spin+1","FastForward+1"],"picked":"SpecialFormula","floor":39},{"not_picked":["Unruled+1","ReturningBlade+1"],"picked":"Duplication","floor":44},{"not_picked":["RealityMarble+1","Potential+1","Ricochet+1"],"picked":"SKIP","floor":47},{"not_picked":["Contraction","Replace"],"picked":"Spin+1","floor":48}],"player_experience":165985,"relics_obtained":[{"floor":9.0,"key":"Happy Flower"},{"floor":10.0,"key":"Lantern"},{"floor":12.0,"key":"Odd Mushroom"},{"floor":21.0,"key":"White Beast Statue"},{"floor":26.0,"key":"MealTicket"},{"floor":29.0,"key":"Old Coin"},{"floor":31.0,"key":"Omamori"},{"floor":43,"key":"Frozen Egg 2"},{"floor":47,"key":"PreservedInsect"},{"floor":47,"key":"MawBank"}],"event_choices":[{"damage_healed":0.0,"max_hp_gain":0.0,"max_hp_loss":0.0,"gold_gain":175.0,"event_name":"Liars Game","player_choice":"AGREE","floor":3.0,"gold_loss":0.0,"damage_taken":0.0,"cards_obtained":["Doubt"]},{"damage_healed":0.0,"max_hp_gain":0.0,"max_hp_loss":0.0,"gold_gain":75.0,"event_name":"World of Goop","player_choice":"Gather Gold","floor":5.0,"gold_loss":0.0,"damage_taken":11.0},{"damage_healed":0.0,"max_hp_gain":0.0,"max_hp_loss":0.0,"gold_gain":0.0,"event_name":"Mushrooms","player_choice":"Fought Mushrooms","floor":12.0,"gold_loss":0.0,"damage_taken":0.0},{"damage_healed":0.0,"max_hp_gain":0.0,"max_hp_loss":0.0,"gold_gain":0.0,"event_name":"Golden Idol","player_choice":"Take Damage","floor":14.0,"gold_loss":0.0,"damage_taken":18.0,"relics_obtained":["Golden Idol"]},{"damage_healed":0.0,"max_hp_gain":0.0,"max_hp_loss":0.0,"gold_gain":0.0,"event_name":"Cursed Tome","player_choice":"Obtained Book","floor":19.0,"gold_loss":0.0,"damage_taken":16.0},{"damage_healed":0.0,"max_hp_gain":0.0,"max_hp_loss":0.0,"gold_gain":275.0,"event_name":"Golden Shrine","player_choice":"Desecrate","floor":22.0,"gold_loss":0.0,"damage_taken":0.0,"cards_obtained":["Regret"]},{"damage_healed":0,"gold_gain":0,"player_choice":"Copied","damage_taken":0,"max_hp_gain":0,"max_hp_loss":0,"event_name":"Duplicator","floor":41,"gold_loss":0,"cards_obtained":["InstantArmor"]}],"is_beta":false,"boss_relics":[{"not_picked":["Tiny House","StoneMask"],"picked":"MysterySword"},{"not_picked":["Silver_Glasses","Cursed Key"],"picked":"Black Star"}],"items_purged_floors":[4,27,38,46],"is_endless":false,"potions_floor_spawned":[1,10,18,24,25,28,29,31,33,35,36,37,39,44,47,48],"ascension_level":1}}