{"host":"srk2drlvga69hbot","time":1611591091,"event":{"mods":["BaseMod","Bestiary","Block Reminder","Colored Map","Colored Powertips","Dark Map","DeckTracker","Highlight Path","Minty Spire (QoL Compilation)","Quick Restart","Rare Cards Sparkle","Relic Stats","SuperFastMode","Unceasing Turn Reminder"],"gold_per_floor":[112,128,139,139,158,193,193,223,248,30,30,30,46,71,71,202,202,221,302,302,302],"floor_reached":20,"language":"ZHS","playtime":695,"items_purged":["Strike_R"],"score":285,"play_id":"900442be-8da2-4583-9a9c-192ab9beab84","local_time":"20210126001131","is_ascension_mode":true,"campfire_choices":[{"data":"Heavy Blade","floor":7.0,"key":"SMITH"},{"floor":15,"key":"REST"}],"circlet_count":0,"master_deck":["AscendersBane","Strike_R","Strike_R","Strike_R","Strike_R","Defend_R","Defend_R","Defend_R","Defend_R","Bash","Bludgeon","Shockwave","Pummel","Inflame+1","Heavy Blade+1","Feed","Inflame","Heavy Blade","Reaper"],"relics":["Burning Blood","Bottled Tornado","Tiny Chest","Toy Ornithopter","Membership Card","Golden Idol","Black Star","Frozen Egg 2"],"acts_visited":["Exordium","TheCity"],"potions_floor_usage":[14,16,16],"damage_taken":[{"damage":1.0,"enemies":"Cultist","floor":1.0,"turns":3.0},{"damage":12.0,"enemies":"Jaw Worm","floor":2.0,"turns":3.0},{"damage":0.0,"enemies":"Small Slimes","floor":3.0,"turns":2.0},{"damage":10.0,"enemies":"Blue Slaver","floor":5.0,"turns":4.0},{"damage":40.0,"enemies":"3 Sentries","floor":6.0,"turns":6.0},{"damage":25.0,"enemies":"Lagavulin","floor":8.0,"turns":5.0},{"damage":14.0,"enemies":"Exordium Thugs","floor":13.0,"turns":4.0},{"damage":0,"enemies":"Gremlin Gang","floor":14,"turns":2},{"damage":28,"enemies":"Hexaghost","floor":16,"turns":6},{"damage":47,"enemies":"2 Thieves","floor":18,"turns":5},{"damage":31,"enemies":"Shell Parasite","floor":20,"turns":4}],"seed_played":"-4956542877042352684","potions_obtained":[{"floor":1.0,"key":"AttackPotion"},{"floor":2.0,"key":"SteroidPotion"},{"floor":14,"key":"ColorlessPotion"}],"is_trial":false,"path_per_floor":["M","M","M","?","M","E","R","E","T","$","?","$","M","M","R","B",null,"M","T","M"],"character_chosen":"IRONCLAD","items_purchased":["Membership Card","Inflame"],"campfire_rested":1,"item_purchase_floors":[10,10],"current_hp_per_floor":[77,71,77,77,73,39,39,23,23,23,23,23,15,26,49,40,70,32,32,1,1],"gold":302,"neow_bonus":"ONE_RANDOM_RARE_CARD","is_daily":false,"chose_seed":false,"campfire_upgraded":1,"win_rate":0.0,"timestamp":1611591091,"path_taken":["M","?","M","?","M","E","R","E","T","$","?","?","M","?","R","BOSS","M","?","?"],"items_purchased_type":["Relic","Card"],"build_version":"2020-12-22","purchased_purges":1,"victory":false,"max_hp_per_floor":[80,80,80,80,80,80,80,83,83,83,77,77,77,77,77,80,80,83,83,83,83],"relic_stats":{"counters":[11,44],"Golden Idol":38,"Tiny Chest":1,"Black Star":0,"obtain_stats":[{"Golden Idol":11,"Tiny Chest":8,"Black Star":17,"Membership Card":10,"Bottled Tornado":6,"Frozen Egg 2":19,"Burning Blood":0,"Toy Ornithopter":9},{"Golden Idol":6,"Tiny Chest":6,"Black Star":9,"Membership Card":6,"Bottled Tornado":5,"Frozen Egg 2":10,"Burning Blood":0,"Toy Ornithopter":6},{"Golden Idol":23,"Tiny Chest":23,"Black Star":35,"Membership Card":23,"Bottled Tornado":18,"Frozen Egg 2":40,"Burning Blood":0,"Toy Ornithopter":23}],"Burning Blood":60,"Toy Ornithopter":15},"card_choices":[{"not_picked":["Flex","Havoc"],"picked":"Shockwave","floor":1.0},{"not_picked":["Sword Boomerang","Sever Soul"],"picked":"Pummel","floor":2.0},{"not_picked":["Warcry","Metallicize"],"picked":"Inflame","floor":3.0},{"not_picked":["Pummel","Carnage"],"picked":"Heavy Blade","floor":5.0},{"not_picked":["Anger","Clothesline"],"picked":"Feed","floor":6.0},{"not_picked":["Clothesline","Dual Wield","Flame Barrier"],"picked":"SKIP","floor":8.0},{"not_picked":["Body Slam","Pommel Strike"],"picked":"Heavy Blade","floor":13.0},{"not_picked":["Intimidate","Anger","True Grit"],"picked":"SKIP","floor":14},{"not_picked":["Corruption","Impervious"],"picked":"Reaper","floor":16},{"not_picked":["Combust+1","Armaments","Fire Breathing+1"],"picked":"SKIP","floor":18}],"player_experience":264017,"relics_obtained":[{"floor":6.0,"key":"Bottled Tornado"},{"floor":8.0,"key":"Tiny Chest"},{"floor":9.0,"key":"Toy Ornithopter"},{"floor":19,"key":"Frozen Egg 2"}],"event_choices":[{"damage_healed":0.0,"max_hp_gain":0.0,"max_hp_loss":0.0,"gold_gain":0.0,"event_name":"Living Wall","player_choice":"Grow","floor":4.0,"gold_loss":0.0,"damage_taken":0.0,"cards_upgraded":["Inflame"]},{"damage_healed":0.0,"max_hp_gain":0.0,"max_hp_loss":6.0,"gold_gain":0.0,"event_name":"Golden Idol","player_choice":"Lose Max HP","floor":11.0,"gold_loss":0.0,"damage_taken":0.0,"relics_obtained":["Golden Idol"]}],"is_beta":false,"boss_relics":[{"not_picked":["Runic Cube","Astrolabe"],"picked":"Black Star"}],"items_purged_floors":[10],"is_endless":false,"potions_floor_spawned":[1,2,3,14],"killed_by":"Shell Parasite","ascension_level":11}}