{"host":"96mkdadq58tkkbp8","time":1611615340,"event":{"mods":["BaseMod","Colored Map","Colored Powertips","Duelist Mod","Hermit","Minty Spire (QoL Compilation)","Replay The Spire","Shop Mod","StSLib","The Cursed","The Disciple","The Hierophant","The Necromancer","The Runesmith","The Servant 0.9.4","TheFirefly"],"gold_per_floor":[109,109,119,194,283,283,315,327,327,343,343,343],"floor_reached":11,"language":"ITA","playtime":387,"items_purged":[],"score":98,"play_id":"56d19df6-6089-40e8-ac28-42722a90664e","local_time":"20210125235540","is_ascension_mode":false,"campfire_choices":[{"data":"Death_Knell","floor":6,"key":"SMITH"}],"circlet_count":0,"master_deck":["Strike_W","Strike_W","Strike_W","Defend_W","Defend_W","Defend_W","Defend_W","Negative_Energy_Arrows","Bone_Wall","Whirlwind_of_Bones","Death_Knell+1","Bone_Shift","Slay_Living"],"relics":["Vampire_Amulet","NeowsBlessing","Runesmith:AutoHammer","Replay:Accelerometer"],"acts_visited":["Exordium"],"potions_floor_usage":[10],"damage_taken":[{"damage":0,"enemies":"2 Louse","floor":1,"turns":1},{"damage":0,"enemies":"Cultist","floor":3,"turns":1},{"damage":0,"enemies":"Gremlin Nob","floor":7,"turns":1},{"damage":6,"enemies":"Jaw Worm","floor":8,"turns":4},{"damage":5,"enemies":"Large Slime","floor":10,"turns":6},{"damage":13,"enemies":"3 Sentries","floor":11,"turns":4}],"seed_played":"567183633792350458","potions_obtained":[{"floor":7,"key":"Reflective Coating"},{"floor":10,"key":"SkillPotion"}],"is_trial":false,"path_per_floor":["M","?","M","?","?","R","E","M","T","M","E"],"character_chosen":"NECROMANCER","items_purchased":[],"campfire_rested":0,"item_purchase_floors":[],"current_hp_per_floor":[75,75,75,64,34,34,36,32,32,31,18,18],"gold":343,"neow_bonus":"THREE_ENEMY_KILL","is_daily":false,"chose_seed":false,"campfire_upgraded":1,"win_rate":0.0,"timestamp":1611615340,"path_taken":["M","?","?","?","?","R","E","M","T","M","E"],"items_purchased_type":[],"build_version":"2020-12-22","purchased_purges":0,"victory":false,"max_hp_per_floor":[75,75,75,75,75,75,75,75,75,75,75,75],"card_choices":[{"not_picked":["Bone_Bullets","Necromantic_Selection"],"picked":"Whirlwind_of_Bones","floor":1},{"not_picked":["Chill_Blood","Negative_Energy_Sphere","Strike_from_Beyond"],"picked":"SKIP","floor":3},{"not_picked":["Consume_Illness","Slay_Living"],"picked":"Death_Knell","floor":5},{"not_picked":["Strike_from_Beyond","Necromantic_Selection","Requiem"],"picked":"SKIP","floor":7},{"not_picked":["Blood_Curse","Blood_for_Blood"],"picked":"Bone_Shift","floor":8},{"not_picked":["Plague_Bolt","Acid_Javelin"],"picked":"Slay_Living","floor":10}],"player_experience":152879,"relics_obtained":[{"floor":5,"key":"Runesmith:AutoHammer"},{"floor":7,"key":"Replay:Accelerometer"}],"event_choices":[{"cards_removed":["Strike_W"],"damage_healed":0,"gold_gain":0,"player_choice":"Offered Basic","damage_taken":0,"max_hp_gain":0,"max_hp_loss":0,"event_name":"Bonfire Elementals","floor":2,"gold_loss":0},{"damage_healed":0,"gold_gain":75,"player_choice":"Gather Gold","damage_taken":11,"max_hp_gain":0,"max_hp_loss":0,"event_name":"World of Goop","floor":4,"gold_loss":0}],"is_beta":false,"boss_relics":[],"items_purged_floors":[],"is_endless":false,"potions_floor_spawned":[7,10],"killed_by":"3 Sentries","ascension_level":0}}