{"host":"a3oe3gstxz77c7qu","time":1611579424,"event":{"mods":["2.2 Compatiblity","Act Like it!","Astrologer","BaseMod","Bestiary","Better Altar","Better Match","Better Note","Better Skull","Better Third Choice","Block Reminder","Curses Come First","Custom Start","Dark Map","Downfall","Fox Events","Friendly Minions","GifTheSpireLib","Hallownest","Hermit","Jorbs\u0027s Wanderer Trilogy","Lobotomy","LobotomyExtend","Marisa????????","Minty Spire (QoL Compilation)","Permanent Neow","Quick Restart","Relic Stats","Spire Arcade","StSLib","The Bug Knight","The Cursed","The Disciple","The Jungle","Uncapped","Unknown Chances","Wandering Minibosses"],"gold_per_floor":[118,118,118,43,66,66,99,99,99,132,110,110,110],"floor_reached":12,"language":"ENG","playtime":557,"items_purged":["astrologer:Strike"],"score":97,"play_id":"6fb85c17-d33e-49a0-beb3-9a755905d502","local_time":"20210125125704","is_ascension_mode":true,"campfire_choices":[{"data":"astrologer:Conjunction","floor":6,"key":"SMITH"},{"data":"astrologer:TheFool","floor":8,"key":"SMITH"}],"circlet_count":0,"master_deck":["astrologer:Strike","astrologer:Strike","astrologer:Strike+1","astrologer:Defend","astrologer:Defend","astrologer:Defend","astrologer:Defend","astrologer:NorthStar","astrologer:TheFool+1","astrologer:CrystalBall+1","astrologer:Conjunction+1","astrologer:ShiningStar"],"relics":["astrologer:SkyMirror","CogitoBucket","RabbitCall","LetterFromLob","Golden Idol","HollowMod:LifeEnderRelic","Shuriken","Tiny Chest"],"acts_visited":["Exordium"],"potions_floor_usage":[10,12],"damage_taken":[{"damage":2,"enemies":"Small Slimes","floor":1,"turns":3},{"damage":0,"enemies":"Jaw Worm","floor":5,"turns":2},{"damage":4,"enemies":"HollowMod:MossKnight","floor":7,"turns":23},{"damage":7,"enemies":"Gremlin Nob","floor":10,"turns":3},{"damage":30,"enemies":"3 Sentries","floor":12,"turns":5}],"seed_played":"2912773193860174271","potions_obtained":[{"floor":5,"key":"hexamod:SoulburnPotion"},{"floor":7,"key":"Explosive Potion"}],"is_trial":false,"path_per_floor":["M","?","?","$","M","R","E","R","T","E","?","E"],"character_chosen":"ASTROLOGER","items_purchased":[],"campfire_rested":0,"item_purchase_floors":[],"current_hp_per_floor":[68,51,37,37,37,37,33,33,33,26,26,0,0],"gold":110,"neow_bonus":"","is_daily":false,"chose_seed":false,"campfire_upgraded":2,"win_rate":0.0,"timestamp":1611579424,"path_taken":["M","?","?","?","?","R","E","R","T","E","?","E"],"items_purchased_type":[],"build_version":"2020-12-22","purchased_purges":1,"victory":false,"max_hp_per_floor":[70,70,70,70,70,70,70,70,70,70,70,70,70],"relic_stats":{"counters":[5,36],"Golden Idol":19,"Shuriken":[0],"Tiny Chest":0,"obtain_stats":[{"RabbitCall":0,"CogitoBucket":0,"HollowMod:LifeEnderRelic":7,"Golden Idol":2,"Shuriken":9,"Tiny Chest":10,"astrologer:SkyMirror":0,"LetterFromLob":1},{"RabbitCall":0,"CogitoBucket":0,"HollowMod:LifeEnderRelic":3,"Golden Idol":1,"Shuriken":3,"Tiny Chest":4,"astrologer:SkyMirror":0,"LetterFromLob":1},{"RabbitCall":0,"CogitoBucket":0,"HollowMod:LifeEnderRelic":28,"Golden Idol":3,"Shuriken":28,"Tiny Chest":31,"astrologer:SkyMirror":0,"LetterFromLob":3}]},"card_choices":[{"not_picked":["astrologer:SolarFlare","astrologer:Radiance"],"picked":"astrologer:CrystalBall","floor":1},{"not_picked":["WallGazer","BeautyBeast","CherryBlossoms"],"picked":"Singing Bowl","floor":1},{"not_picked":["astrologer:CometStrike","astrologer:SolarFlare"],"picked":"astrologer:Conjunction","floor":5},{"not_picked":["BeautyBeast","OSAHOGD","FairyFestival"],"picked":"Singing Bowl","floor":5},{"not_picked":["astrologer:CometStrike","astrologer:Moonlight"],"picked":"astrologer:ShiningStar","floor":7},{"not_picked":["SingingMachine","FairyFestival","VoidDream"],"picked":"Singing Bowl","floor":7},{"not_picked":["Wellcheers","OldLady","CherryBlossoms"],"picked":"Singing Bowl","floor":10},{"not_picked":["astrologer:SpaceDust","astrologer:Moonlight","astrologer:FrozenStar"],"picked":"SKIP","floor":10}],"player_experience":1088886,"relics_obtained":[{"floor":1,"key":"LetterFromLob"},{"floor":7,"key":"HollowMod:LifeEnderRelic"},{"floor":9,"key":"Shuriken"},{"floor":10,"key":"Tiny Chest"}],"event_choices":[{"damage_healed":0,"gold_gain":0,"player_choice":"Take Damage","damage_taken":17,"relics_obtained":["Golden Idol"],"max_hp_gain":0,"max_hp_loss":0,"event_name":"Golden Idol","floor":2,"gold_loss":0},{"damage_healed":51,"gold_gain":0,"player_choice":"Upgrade","damage_taken":14,"max_hp_gain":0,"max_hp_loss":70,"event_name":"betterThird:BetterShining","floor":3,"gold_loss":0,"cards_upgraded":["astrologer:Strike","astrologer:CrystalBall"]},{"damage_healed":0,"gold_gain":0,"player_choice":"Left","damage_taken":0,"max_hp_gain":0,"max_hp_loss":0,"event_name":"betterThird:BetterGoop","floor":11,"gold_loss":22}],"is_beta":false,"boss_relics":[],"items_purged_floors":[4],"is_endless":false,"potions_floor_spawned":[5,7],"killed_by":"3 Sentries","ascension_level":3}}