{"host":"cjhtzh7tp54jdfyv","time":1611544776,"event":{"mods":["AchievementEnabler","BaseMod","Colored Map","Colored Powertips","Curses Come First","DeckTracker","Filter the Spire","Minty Spire (QoL Compilation)","RNG Fix","Relic Sorter","Relic Stats","StSLib","UnlockEverythingMod","ojb\u0027s Better Paths Mod","ojb\u0027s Info Mod"],"gold_per_floor":[109,128,138,138,138,138,157,488,488,488,516,474,474,474],"floor_reached":13,"language":"ENG","playtime":946,"items_purged":[],"score":186,"play_id":"5c2b45d4-7fed-4826-8243-5219525d90ab","local_time":"20210124221936","is_ascension_mode":true,"campfire_choices":[{"data":"Dash","floor":6,"key":"SMITH"},{"data":"Predator","floor":10,"key":"SMITH"}],"circlet_count":0,"master_deck":["AscendersBane","Strike_G","Strike_G","Strike_G","Strike_G","Strike_G","Defend_G","Defend_G","Defend_G","Defend_G","Survivor+1","Neutralize","Poisoned Stab+1","Dash+1","Predator+1","Quick Slash","Bullet Time"],"relics":["Ring of the Snake","Toy Ornithopter","Old Coin","Letter Opener","Orichalcum"],"acts_visited":["Exordium"],"potions_floor_usage":[11,11,13],"damage_taken":[{"damage":6,"enemies":"Jaw Worm","floor":1,"turns":9},{"damage":0,"enemies":"2 Louse","floor":2,"turns":5},{"damage":0,"enemies":"Cultist","floor":3,"turns":4},{"damage":2,"enemies":"Large Slime","floor":7,"turns":7},{"damage":21,"enemies":"Lagavulin","floor":8,"turns":8},{"damage":15,"enemies":"3 Sentries","floor":11,"turns":6},{"damage":18,"enemies":"Lagavulin","floor":13,"turns":6}],"seed_played":"-8001972922452876062","potions_obtained":[{"floor":3,"key":"Explosive Potion"},{"floor":8,"key":"Regen Potion"},{"floor":11,"key":"FearPotion"}],"is_trial":false,"path_per_floor":["M","M","M","?","?","R","M","E","T","R","E","?","E"],"character_chosen":"THE_SILENT","items_purchased":[],"campfire_rested":0,"item_purchase_floors":[],"current_hp_per_floor":[53,53,53,33,26,26,24,3,3,3,13,13,0,0],"gold":474,"neow_bonus":"RANDOM_COMMON_RELIC","is_daily":false,"chose_seed":false,"campfire_upgraded":2,"win_rate":0.0,"timestamp":1611544776,"path_taken":["M","M","M","?","?","R","M","E","T","R","E","?","E"],"items_purchased_type":[],"build_version":"2020-12-22","purchased_purges":0,"victory":false,"max_hp_per_floor":[66,66,66,66,66,66,66,66,66,66,66,66,66,66],"relic_stats":{"counters":[7,45],"Letter Opener":[0],"Orichalcum":[24],"obtain_stats":[{"Letter Opener":9,"Orichalcum":11,"Toy Ornithopter":0,"Ring of the Snake":0,"Old Coin":8},{"Letter Opener":5,"Orichalcum":6,"Toy Ornithopter":0,"Ring of the Snake":0,"Old Coin":5},{"Letter Opener":33,"Orichalcum":39,"Toy Ornithopter":0,"Ring of the Snake":0,"Old Coin":33}],"Toy Ornithopter":15,"Ring of the Snake":[14]},"card_choices":[{"not_picked":["Acrobatics","Setup","Sucker Punch"],"picked":"SKIP","floor":1},{"not_picked":["Crippling Poison","Well Laid Plans"],"picked":"Poisoned Stab","floor":2},{"not_picked":["Prepared","Blur"],"picked":"Dash","floor":3},{"not_picked":["Blur","Poisoned Stab"],"picked":"Predator","floor":7},{"not_picked":["Deflect","Escape Plan"],"picked":"Quick Slash","floor":8},{"not_picked":["Slice","Accuracy"],"picked":"Bullet Time","floor":11}],"player_experience":4636777,"relics_obtained":[{"floor":8,"key":"Old Coin"},{"floor":9,"key":"Letter Opener"},{"floor":11,"key":"Orichalcum"}],"event_choices":[{"damage_healed":0,"gold_gain":0,"player_choice":"Entered Light","damage_taken":20,"max_hp_gain":0,"max_hp_loss":0,"event_name":"Shining Light","floor":4,"gold_loss":0,"cards_upgraded":["Poisoned Stab","Survivor"]},{"cards_removed":["Defend_G"],"damage_healed":0,"gold_gain":0,"player_choice":"Card Removal","damage_taken":7,"max_hp_gain":0,"max_hp_loss":0,"event_name":"Golden Wing","floor":5,"gold_loss":0},{"damage_healed":0,"gold_gain":0,"player_choice":"Left Gold","damage_taken":0,"max_hp_gain":0,"max_hp_loss":0,"event_name":"World of Goop","floor":12,"gold_loss":42}],"is_beta":false,"boss_relics":[],"items_purged_floors":[],"is_endless":false,"potions_floor_spawned":[3,8,11],"killed_by":"Lagavulin","ascension_level":20}}