{"host":"l84l8xigz5v5foa2","time":1611590011,"event":{"mods":["2.2 Compatiblity","AchievementEnabler","BaseMod","Better Note","Better Vampires","Card Filter","Colored Map","DeckTracker","Gremlin Skip","Highlight Path","Keyboard Shortcuts","Minty Spire (QoL Compilation)","Permanent Neow","Quick Restart","Relic Filter","Relic Stats","Shop Mod","StSLib","SuperFastMode","Transform Curses","Unknown Chances"],"gold_per_floor":[133,165,165,229,229,229,229,229,255,345,419,419,512,8,8,181,181,276,43,43,93,158,158,198,198,198,291,337,337,337,399,399,498,498,534,572,155,195,215,215,289,289,289,340,340,399,142,160,160,185,185,185,34,94,94],"floor_reached":56,"language":"KOR","playtime":3669,"items_purged":["Strike_G","Strike_G","Strike_G","Writhe"],"score":2103,"play_id":"1d8ca74c-860b-432c-904d-7c6451c995d0","local_time":"20210126005331","is_ascension_mode":true,"campfire_choices":[{"data":"Neutralize","floor":6.0,"key":"SMITH"},{"data":"Footwork","floor":8.0,"key":"SMITH"},{"data":"Setup","floor":12.0,"key":"SMITH"},{"data":"Prepared","floor":15.0,"key":"SMITH"},{"data":"Blade Dance","floor":23.0,"key":"SMITH"},{"data":"Leg Sweep","floor":25.0,"key":"SMITH"},{"floor":30.0,"key":"REST"},{"data":"After Image","floor":32.0,"key":"SMITH"},{"data":"Tools of the Trade","floor":40.0,"key":"SMITH"},{"floor":42.0,"key":"RECALL"},{"data":"Sucker Punch","floor":45.0,"key":"SMITH"},{"data":"Footwork","floor":49.0,"key":"SMITH"},{"data":"PiercingWail","floor":52,"key":"SMITH"}],"circlet_count":0,"master_deck":["AscendersBane","Strike_G","Defend_G","Defend_G","Defend_G","Defend_G","Defend_G","Survivor","Neutralize+1","HandOfGreed+1","Dagger Throw","Footwork+1","Blur","Heel Hook","Setup+1","PiercingWail+1","Tools of the Trade+1","Prepared+1","After Image+1","Finesse","Blade Dance+1","Sucker Punch+1","Leg Sweep+1","Outmaneuver+1","Backflip+1","Corpse Explosion+1","Night Terror+1","Reflex+1","Impatience+1","Dodge and Roll+1","Prepared+1","Acrobatics+1","Deflect+1","Cloak And Dagger+1","Dodge and Roll+1","Footwork+1","Cloak And Dagger+1","PiercingWail+1","Madness+1","Madness+1","Noxious Fumes"],"relics":["Ring of the Serpent","Bloody Idol","Vajra","White Beast Statue","Shuriken","Toxic Egg 2","Red Mask","Cursed Key","Oddly Smooth Stone","Ginger","Centennial Puzzle","CeramicFish","Bag of Marbles"],"acts_visited":["Exordium","TheCity","TheBeyond","TheEnding"],"potions_floor_usage":[50,54,55],"damage_taken":[{"damage":7.0,"enemies":"Jaw Worm","floor":1.0,"turns":5.0},{"damage":0.0,"enemies":"Cultist","floor":2.0,"turns":4.0},{"damage":0.0,"enemies":"2 Louse","floor":4.0,"turns":4.0},{"damage":0.0,"enemies":"3 Sentries","floor":10.0,"turns":11.0},{"damage":1.0,"enemies":"Exordium Wildlife","floor":11.0,"turns":6.0},{"damage":8.0,"enemies":"3 Louse","floor":13.0,"turns":8.0},{"damage":10.0,"enemies":"Slime Boss","floor":16.0,"turns":14.0},{"damage":13.0,"enemies":"3 Byrds","floor":18.0,"turns":9.0},{"damage":0.0,"enemies":"Shell Parasite","floor":21.0,"turns":7.0},{"damage":0.0,"enemies":"Centurion and Healer","floor":22.0,"turns":6.0},{"damage":10.0,"enemies":"Snecko","floor":24.0,"turns":5.0},{"damage":22.0,"enemies":"Masked Bandits","floor":27.0,"turns":6.0},{"damage":0.0,"enemies":"Snake Plant","floor":28.0,"turns":7.0},{"damage":1.0,"enemies":"Shelled Parasite and Fungi","floor":31.0,"turns":10.0},{"damage":0.0,"enemies":"Collector","floor":33.0,"turns":11.0},{"damage":9.0,"enemies":"3 Darklings","floor":35.0,"turns":7.0},{"damage":0.0,"enemies":"Orb Walker","floor":36.0,"turns":8.0},{"damage":0.0,"enemies":"Spire Growth","floor":38.0,"turns":8.0},{"damage":0.0,"enemies":"Transient","floor":39.0,"turns":5.0},{"damage":0.0,"enemies":"2 Orb Walkers","floor":41.0,"turns":4.0},{"damage":0.0,"enemies":"Giant Head","floor":44.0,"turns":8.0},{"damage":8.0,"enemies":"Reptomancer","floor":46.0,"turns":10.0},{"damage":1,"enemies":"Donu and Deca","floor":50,"turns":12},{"damage":6,"enemies":"Shield and Spear","floor":54,"turns":6},{"damage":47,"enemies":"The Heart","floor":55,"turns":13}],"seed_played":"-5686195398683479700","potions_obtained":[{"floor":1.0,"key":"Dexterity Potion"},{"floor":4.0,"key":"Swift Potion"},{"floor":11.0,"key":"Block Potion"},{"floor":16.0,"key":"Fire Potion"},{"floor":18.0,"key":"Strength Potion"},{"floor":21.0,"key":"SpeedPotion"},{"floor":22.0,"key":"PowerPotion"},{"floor":24.0,"key":"Swift Potion"},{"floor":27.0,"key":"Fire Potion"},{"floor":28.0,"key":"AttackPotion"},{"floor":31.0,"key":"LiquidMemories"},{"floor":33.0,"key":"Poison Potion"},{"floor":35.0,"key":"Explosive Potion"},{"floor":41.0,"key":"Poison Potion"},{"floor":44.0,"key":"SteroidPotion"},{"floor":46.0,"key":"AttackPotion"},{"floor":54,"key":"Strength Potion"}],"is_trial":false,"path_per_floor":["M","M","?","M","?","R","?","R","T","E","M","R","M","$","R","B",null,"M","$","?","M","M","R","M","R","T","?","M","?","R","M","R","B",null,"M","M","$","M","M","R","?","R","T","E","R","E","$","?","R","B",null,"R","$","E","B",null],"character_chosen":"THE_SILENT","items_purchased":["Shuriken","Tools of the Trade","Prepared","Finesse","Blade Dance","Impatience+1","Oddly Smooth Stone","Dodge and Roll+1","Footwork","Cloak And Dagger+1","PiercingWail+1","Noxious Fumes","DistilledChaos"],"campfire_rested":1,"item_purchase_floors":[14,14,14,19,19,37,37,37,47,47,47,53,53],"current_hp_per_floor":[52,52,52,52,31,31,31,31,31,31,30,30,22,22,22,12,48,35,35,35,35,35,35,25,25,25,3,3,3,21,35,35,45,56,57,60,60,60,60,60,60,60,60,60,60,60,60,59,59,60,60,60,60,60,13],"gold":94,"neow_bonus":"RANDOM_COLORLESS_2","is_daily":false,"chose_seed":false,"campfire_upgraded":11,"win_rate":0.0,"timestamp":1611590011,"path_taken":["M","M","?","?","?","R","?","R","T","E","?","R","M","$","R","BOSS","BOSS","M","$","?","M","M","R","M","R","T","?","M","?","R","M","R","BOSS","M","M","$","M","M","R","?","R","T","E","R","E","$","?","R","BOSS","R","$","E","BOSS"],"items_purchased_type":["Relic","Card","Card","Card","Card","Card","Relic","Card","Card","Card","Card","Card","Potion"],"build_version":"2020-12-22","purchased_purges":4,"victory":true,"max_hp_per_floor":[60,60,60,60,60,60,60,60,60,60,60,60,60,60,60,60,60,60,60,60,60,60,60,60,60,60,60,60,60,60,60,60,60,60,60,60,60,60,60,60,60,60,60,60,60,60,60,60,60,60,60,60,60,60,60],"relic_stats":{"Centennial Puzzle":[12],"counters":[25,194],"Shuriken":[89],"Bloody Idol":64,"CeramicFish":63,"Ginger":[6],"Cursed Key":1,"obtain_stats":[{"Golden Idol":5,"CeramicFish":46,"Vajra":9,"Oddly Smooth Stone":37,"Ginger":41,"Cursed Key":34,"White Beast Statue":10,"Centennial Puzzle":44,"Shuriken":14,"Bloody Idol":29,"Red Mask":27,"Bag of Marbles":54,"Toxic Egg 2":26,"Ring of the Serpent":17,"Ring of the Snake":0},{"Golden Idol":3,"CeramicFish":22,"Vajra":3,"Oddly Smooth Stone":17,"Ginger":20,"Cursed Key":15,"White Beast Statue":4,"Centennial Puzzle":21,"Shuriken":6,"Bloody Idol":13,"Red Mask":12,"Bag of Marbles":24,"Toxic Egg 2":11,"Ring of the Serpent":7,"Ring of the Snake":0},{"Golden Idol":13,"CeramicFish":163,"Vajra":13,"Oddly Smooth Stone":128,"Ginger":145,"Cursed Key":113,"White Beast Statue":24,"Centennial Puzzle":153,"Shuriken":38,"Bloody Idol":92,"Red Mask":85,"Bag of Marbles":181,"Toxic Egg 2":79,"Ring of the Serpent":52,"Ring of the Snake":0}]},"card_choices":[{"not_picked":["Apotheosis","Sadistic Nature"],"picked":"HandOfGreed","floor":0.0},{"not_picked":["Poisoned Stab","Acrobatics"],"picked":"Dagger Throw","floor":1.0},{"not_picked":["Blade Dance","Leg Sweep"],"picked":"Footwork","floor":2.0},{"not_picked":["Dagger Spray","Skewer"],"picked":"Blur","floor":4.0},{"not_picked":["Night Terror","Poisoned Stab"],"picked":"Setup","floor":10.0},{"not_picked":["Quick Slash","Outmaneuver","Dagger Spray"],"picked":"SKIP","floor":11.0},{"not_picked":["Eviscerate","Slice"],"picked":"PiercingWail","floor":13.0},{"not_picked":["Burst","Doppelganger"],"picked":"After Image","floor":16.0},{"not_picked":["Bane+1","All Out Attack","Dagger Throw"],"picked":"SKIP","floor":18.0},{"not_picked":["Slice","Flying Knee"],"picked":"Sucker Punch","floor":21.0},{"not_picked":["Endless Agony","Expertise","Dagger Spray"],"picked":"SKIP","floor":22.0},{"not_picked":["Terror+1","Noxious Fumes"],"picked":"Leg Sweep","floor":24.0},{"not_picked":["Accuracy","Poisoned Stab"],"picked":"Outmaneuver+1","floor":27.0},{"not_picked":["Blade Dance+1","Sucker Punch"],"picked":"Backflip+1","floor":28.0},{"not_picked":["Underhanded Strike","Bane"],"picked":"Corpse Explosion+1","floor":31.0},{"not_picked":["Envenom","Malaise+1"],"picked":"Night Terror+1","floor":33.0},{"not_picked":["Sucker Punch+1","Caltrops","Deadly Poison+1"],"picked":"SKIP","floor":35.0},{"not_picked":["Flying Knee","Eviscerate"],"picked":"Reflex+1","floor":36.0},{"not_picked":["Deadly Poison+1","Finisher"],"picked":"Prepared+1","floor":38.0},{"not_picked":["Flying Knee","Slice"],"picked":"Acrobatics+1","floor":39.0},{"not_picked":["Acrobatics+1","Dagger Spray"],"picked":"Deflect+1","floor":41.0},{"not_picked":["Phantasmal Killer+1","Slice"],"picked":"Cloak And Dagger+1","floor":44.0},{"not_picked":["PiercingWail+1","Dagger Throw"],"picked":"Dodge and Roll+1","floor":46.0},{"not_picked":["Poisoned Stab+1","Crippling Poison+1","Slice"],"picked":"SKIP","floor":54}],"player_experience":1460838,"relics_obtained":[{"floor":9.0,"key":"Vajra"},{"floor":10.0,"key":"White Beast Statue"},{"floor":26.0,"key":"Toxic Egg 2"},{"floor":27.0,"key":"Red Mask"},{"floor":41.0,"key":"Ginger"},{"floor":44.0,"key":"Centennial Puzzle"},{"floor":46.0,"key":"CeramicFish"},{"floor":54,"key":"Bag of Marbles"}],"event_choices":[{"damage_healed":0.0,"max_hp_gain":0.0,"max_hp_loss":0.0,"gold_gain":0.0,"event_name":"Upgrade Shrine","player_choice":"Upgraded","floor":3.0,"gold_loss":0.0,"damage_taken":0.0,"cards_upgraded":["HandOfGreed"]},{"damage_healed":0.0,"max_hp_gain":0.0,"max_hp_loss":0.0,"gold_gain":0.0,"event_name":"Golden Idol","player_choice":"Take Damage","floor":5.0,"gold_loss":0.0,"damage_taken":21.0,"relics_obtained":["Golden Idol"]},{"damage_healed":0.0,"max_hp_gain":0.0,"max_hp_loss":0.0,"gold_gain":0.0,"cards_transformed":["Strike_G"],"event_name":"Transmorgrifier","player_choice":"Transformed","floor":7.0,"gold_loss":0.0,"damage_taken":0.0,"cards_obtained":["Heel Hook"]},{"damage_healed":0.0,"max_hp_gain":0.0,"max_hp_loss":0.0,"gold_gain":0.0,"event_name":"The Mausoleum","player_choice":"Ignored","floor":20.0,"gold_loss":0.0,"damage_taken":0.0},{"damage_healed":0.0,"max_hp_gain":0.0,"max_hp_loss":0.0,"gold_gain":0.0,"event_name":"Masked Bandits","player_choice":"Fought Bandits","floor":27.0,"gold_loss":0.0,"damage_taken":0.0},{"damage_healed":0.0,"max_hp_gain":0.0,"max_hp_loss":0.0,"gold_gain":0.0,"event_name":"Forgotten Altar","player_choice":"Gave Idol","floor":29.0,"relics_lost":["Golden Idol"],"gold_loss":0.0,"damage_taken":0.0,"relics_obtained":["Bloody Idol"]},{"damage_healed":0.0,"max_hp_gain":0.0,"max_hp_loss":0.0,"gold_gain":0.0,"event_name":"Mysterious Sphere","player_choice":"Fight","floor":41.0,"gold_loss":0.0,"damage_taken":0.0},{"damage_healed":0.0,"max_hp_gain":0.0,"max_hp_loss":0.0,"gold_gain":0.0,"event_name":"Winding Halls","player_choice":"Embrace Madness","floor":48.0,"gold_loss":0.0,"damage_taken":11.0,"cards_obtained":["Madness","Madness"]}],"is_beta":false,"boss_relics":[{"not_picked":["Fusion Hammer","Sozu"],"picked":"Ring of the Serpent"},{"not_picked":["Calling Bell","Velvet Choker"],"picked":"Cursed Key"}],"items_purged_floors":[14,19,37,47],"is_endless":false,"potions_floor_spawned":[1,4,11,13,16,18,21,22,24,27,28,31,33,35,36,38,39,41,44,46,54],"ascension_level":15}}