{"host":"pi8b3ffzwvxqztac","time":1611533224,"event":{"mods":["BaseMod","Colored Map","Downfall","Minty Spire (QoL Compilation)","StSLib"],"gold_per_floor":[99,109,123,140,140,140,140,40,73,248,148,148,148,148],"floor_reached":12,"language":"ENG","playtime":695,"items_purged":[],"score":95,"play_id":"65b721b7-76a4-4673-8eee-da6f2062cc00","local_time":"20210125130704","is_ascension_mode":true,"campfire_choices":[{"floor":1,"key":"RECALL"},{"data":"champ:Taunt","floor":8,"key":"SMITH"},{"floor":11,"key":"REST"}],"circlet_count":0,"master_deck":["champ:Strike","champ:Defend","champ:Defend","champ:Defend","champ:Defend","champ:Execute","champ:Taunt+1","champ:ShieldSlam","champ:StanceDance","champ:ShieldSigil","champ:FocusedDefense","Doubt"],"relics":["champ:ChampionCrown","Potion Belt","downfall:HeartBlessingRed","champ:SpectersHand","downfall:HeartBlessingBlue"],"acts_visited":["Exordium"],"potions_floor_usage":[12,12,12],"damage_taken":[{"damage":30,"enemies":"Jaw Worm","floor":2,"turns":6},{"damage":23,"enemies":"Small Slimes","floor":3,"turns":7},{"damage":10,"enemies":"2 Louse","floor":4,"turns":2},{"damage":142,"enemies":"Lagavulin","floor":9,"turns":10},{"damage":85,"enemies":"3 Sentries","floor":12,"turns":7}],"seed_played":"-8247896708568575090","potions_obtained":[{"floor":2,"key":"SpeedPotion"},{"floor":4,"key":"ColorlessPotion"},{"floor":9,"key":"hexamod:SoulburnPotion"}],"is_trial":false,"path_per_floor":["R","M","M","M","?","?","T","R","E","?","R","E"],"character_chosen":"THE_CHAMP","items_purchased":[],"campfire_rested":1,"item_purchase_floors":[],"current_hp_per_floor":[81,81,78,78,60,60,60,60,18,18,55,0,0,0],"gold":148,"neow_bonus":"REMOVE_TWO","is_daily":false,"chose_seed":false,"campfire_upgraded":1,"win_rate":0.0,"timestamp":1611533224,"path_taken":["R","M","M","M","?","?","T","R","E","?","R","E"],"items_purchased_type":[],"build_version":"2020-12-22","purchased_purges":0,"victory":false,"max_hp_per_floor":[81,81,81,81,81,81,81,81,81,81,91,91,91,91],"card_choices":[{"not_picked":["champ:DefensiveShout","champ:Shatter"],"picked":"champ:ShieldSlam","floor":2},{"not_picked":["champ:Shatter","champ:Haymaker"],"picked":"champ:StanceDance","floor":3},{"not_picked":["champ:RageSigil","champ:TornadoPunch"],"picked":"champ:ShieldSigil","floor":4},{"not_picked":["champ:Circumvent","champ:ShieldSlam"],"picked":"champ:FocusedDefense","floor":9}],"player_experience":599872,"relics_obtained":[{"floor":9,"key":"champ:SpectersHand"}],"event_choices":[{"damage_healed":0,"gold_gain":0,"player_choice":"Success","damage_taken":18,"relics_obtained":["Potion Belt"],"max_hp_gain":0,"max_hp_loss":0,"event_name":"Scrap Ooze","floor":5,"gold_loss":0},{"cards_removed":["champ:Strike"],"damage_healed":0,"gold_gain":0,"player_choice":"Card Removal","damage_taken":0,"max_hp_gain":0,"max_hp_loss":0,"event_name":"The Cleric","floor":6,"gold_loss":0}],"is_beta":false,"boss_relics":[],"items_purged_floors":[],"is_endless":false,"potions_floor_spawned":[2,4,9],"killed_by":"3 Sentries","ascension_level":5}}