{"host":"iph0xvuia0glosgr","time":1611582460,"event":{"mods":["AchievementEnabler","BaseMod","Minty Spire (QoL Compilation)"],"gold_per_floor":[114,114,129,129,144,174,174,189,214,214,489,489,504,519,519,619,619,634,649,295,310,325,325,22,22,22,37,37,67,82,97,97,197,197,212,212,212,227,39,69,84,84,159,9,9,24,0,30,30,30],"floor_reached":51,"language":"ENG","playtime":1741,"items_purged":["Zap"],"score":904,"play_id":"788152d6-bdd9-4454-8173-1ff497bdb421","local_time":"20210125134740","daily_mods":["Chimera","Time Dilation","Lethality"],"is_ascension_mode":false,"campfire_choices":[{"floor":10,"key":"REST"},{"data":"Whirlwind","floor":12,"key":"SMITH"},{"floor":15,"key":"REST"},{"floor":23,"key":"REST"},{"data":"Inflame","floor":25,"key":"SMITH"},{"data":"Double Tap","floor":32,"key":"SMITH"},{"data":"Heavy Blade","floor":42,"key":"SMITH"},{"data":"Whirlwind","floor":49,"key":"SMITH"}],"circlet_count":0,"master_deck":["Bash+1","Survivor","Eruption","Strike_R","Strike_G+1","Strike_B","Defend_R","Defend_G","Defend_P","Whirlwind+1","Regret","Pommel Strike+1","Fire Breathing","Whirlwind+1","Ghostly Armor","Blood for Blood","Searing Blow","Double Tap+1","Heavy Blade+1","Uppercut","Flex","Reckless Charge","Headbutt+1","Dropkick+1","Inflame+1","Uppercut","Wild Strike+1","Pommel Strike","Heavy Blade+1","Cleave+1","Limit Break","Spot Weakness","Parasite","Perfected Strike","Pummel","Clothesline+1","Clothesline+1","Doubt"],"relics":["Burning Blood","Darkstone Periapt","Du-Vu Doll","Omamori","Sozu","Bag of Marbles","Blood Vial","Gremlin Horn","Whetstone","Cursed Key","Self Forming Clay","Brimstone","Bronze Scales","Mercury Hourglass","Chemical X","Red Mask","Centennial Puzzle"],"acts_visited":["Exordium","TheCity","TheBeyond"],"potions_floor_usage":[6,8,13],"damage_taken":[{"damage":0,"enemies":"Cultist","floor":1,"turns":2},{"damage":0,"enemies":"2 Louse","floor":3,"turns":1},{"damage":14,"enemies":"Small Slimes","floor":5,"turns":2},{"damage":17,"enemies":"Gremlin Nob","floor":6,"turns":3},{"damage":24,"enemies":"Exordium Thugs","floor":8,"turns":3},{"damage":0,"enemies":"Exordium Wildlife","floor":13,"turns":1},{"damage":13,"enemies":"Looter","floor":14,"turns":2},{"damage":4,"enemies":"Slime Boss","floor":16,"turns":4},{"damage":31,"enemies":"2 Thieves","floor":18,"turns":3},{"damage":3,"enemies":"Chosen","floor":19,"turns":2},{"damage":0,"enemies":"3 Cultists","floor":21,"turns":1},{"damage":30,"enemies":"Snake Plant","floor":22,"turns":2},{"damage":0,"enemies":"Sentry and Sphere","floor":27,"turns":1},{"damage":19,"enemies":"Gremlin Leader","floor":29,"turns":2},{"damage":16,"enemies":"Cultist and Chosen","floor":30,"turns":3},{"damage":0,"enemies":"Snake Plant","floor":31,"turns":2},{"damage":57,"enemies":"Champ","floor":33,"turns":4},{"damage":0,"enemies":"3 Darklings","floor":35,"turns":1},{"damage":0,"enemies":"Orb Walker","floor":38,"turns":1},{"damage":28,"enemies":"Reptomancer","floor":40,"turns":2},{"damage":6,"enemies":"Jaw Worm Horde","floor":41,"turns":2},{"damage":0,"enemies":"Spire Growth","floor":46,"turns":1},{"damage":0,"enemies":"Giant Head","floor":48,"turns":1},{"damage":10,"enemies":"Donu and Deca","floor":50,"turns":3}],"seed_played":"7295166269203286773","potions_obtained":[{"floor":1,"key":"FearPotion"},{"floor":3,"key":"DistilledChaos"},{"floor":5,"key":"Strength Potion"},{"floor":6,"key":"Explosive Potion"}],"is_trial":false,"path_per_floor":["M","?","M","?","M","E","?","M","T","R","?","R","M","M","R","B",null,"M","M","$","M","M","R","$","R","T","M","?","E","M","M","R","B",null,"M","?","T","M","$","E","M","R","T","$","$","M","?","E","R","B",null],"character_chosen":"IRONCLAD","items_purchased":["Bag of Marbles","Flex","Reckless Charge","Blood Vial","Inflame","Uppercut","Brimstone","Pummel","Chemical X"],"campfire_rested":3,"item_purchase_floors":[20,20,20,24,24,24,39,39,44],"current_hp_per_floor":[80,86,86,86,78,67,50,32,32,57,57,57,63,56,81,83,86,61,64,64,70,46,71,71,71,71,79,79,68,60,68,68,19,86,86,86,92,92,92,70,72,72,78,78,78,86,86,94,94,92],"gold":30,"neow_bonus":"","is_daily":true,"chose_seed":false,"campfire_upgraded":5,"win_rate":0.0,"timestamp":1611582460,"path_taken":["M","?","M","?","M","E","?","M","T","R","?","R","M","M","R","BOSS","M","M","$","M","?","R","$","R","T","M","?","E","M","M","R","BOSS","M","?","?","M","$","E","M","R","T","?","$","M","?","E","R","BOSS"],"items_purchased_type":["Relic","Card","Card","Relic","Card","Card","Relic","Card","Relic"],"build_version":"2020-12-22","purchased_purges":1,"victory":true,"max_hp_per_floor":[80,86,86,86,86,86,86,86,86,86,86,86,86,86,86,86,86,86,86,86,86,86,86,86,86,86,86,86,86,86,86,86,86,86,86,86,92,92,92,92,92,92,98,98,98,98,98,98,98,98],"card_choices":[{"not_picked":["Bloodletting","Clothesline"],"picked":"Whirlwind","floor":1},{"not_picked":["Seeing Red","Disarm"],"picked":"Pommel Strike","floor":3},{"not_picked":["Power Through","Cleave"],"picked":"Fire Breathing","floor":5},{"not_picked":["Thunderclap","Havoc"],"picked":"Whirlwind","floor":6},{"not_picked":["Body Slam","Headbutt"],"picked":"Ghostly Armor","floor":8},{"not_picked":["Clothesline","Flex"],"picked":"Blood for Blood","floor":13},{"not_picked":["Headbutt","Sword Boomerang"],"picked":"Searing Blow","floor":14},{"not_picked":["Fiend Fire","Limit Break"],"picked":"Double Tap","floor":16},{"not_picked":["Burning Pact","Shrug It Off"],"picked":"Heavy Blade+1","floor":18},{"not_picked":["Body Slam+1","Pommel Strike"],"picked":"Uppercut","floor":19},{"not_picked":["Hemokinesis","Body Slam"],"picked":"Headbutt","floor":21},{"not_picked":["Body Slam","Warcry+1"],"picked":"Dropkick+1","floor":22},{"not_picked":["Bludgeon","Thunderclap"],"picked":"Wild Strike+1","floor":27},{"not_picked":["Battle Trance","True Grit"],"picked":"Pommel Strike","floor":29},{"not_picked":["Headbutt","Entrench"],"picked":"Heavy Blade","floor":30},{"not_picked":["Hemokinesis","Anger"],"picked":"Cleave+1","floor":31},{"not_picked":["Immolate","Reaper"],"picked":"Limit Break","floor":33},{"not_picked":["Headbutt+1","Wild Strike"],"picked":"Spot Weakness","floor":35},{"not_picked":["Armaments+1","Twin Strike"],"picked":"Perfected Strike","floor":38},{"not_picked":["Fiend Fire","Headbutt"],"picked":"Clothesline+1","floor":40},{"not_picked":["Ghostly Armor","Flame Barrier+1"],"picked":"Clothesline+1","floor":41},{"not_picked":["Headbutt","Infernal Blade","Wild Strike+1"],"picked":"SKIP","floor":46},{"not_picked":["Armaments+1","Pommel Strike+1","Anger"],"picked":"SKIP","floor":48}],"player_experience":248171,"relics_obtained":[{"floor":6,"key":"Du-Vu Doll"},{"floor":9,"key":"Omamori"},{"floor":26,"key":"Gremlin Horn"},{"floor":29,"key":"Whetstone"},{"floor":37,"key":"Self Forming Clay"},{"floor":40,"key":"Bronze Scales"},{"floor":43,"key":"Mercury Hourglass"},{"floor":48,"key":"Centennial Puzzle"}],"event_choices":[{"damage_healed":0,"gold_gain":0,"player_choice":"Box","damage_taken":0,"relics_obtained":["Darkstone Periapt"],"max_hp_gain":0,"max_hp_loss":0,"event_name":"Big Fish","floor":2,"gold_loss":0,"cards_obtained":["Regret"]},{"damage_healed":0,"gold_gain":0,"player_choice":"Leave","damage_taken":0,"max_hp_gain":0,"max_hp_loss":0,"event_name":"The Cleric","floor":4,"gold_loss":0},{"damage_healed":0,"gold_gain":0,"player_choice":"Entered Light","damage_taken":17,"max_hp_gain":0,"max_hp_loss":0,"event_name":"Shining Light","floor":7,"gold_loss":0,"cards_upgraded":["Bash","Strike_G"]},{"damage_healed":0,"gold_gain":275,"player_choice":"Desecrate","damage_taken":0,"max_hp_gain":0,"max_hp_loss":0,"event_name":"Golden Shrine","floor":11,"gold_loss":0,"cards_obtained":["Regret"]},{"damage_healed":0,"gold_gain":0,"player_choice":"Ignored","damage_taken":0,"max_hp_gain":0,"max_hp_loss":0,"event_name":"Fountain of Cleansing","floor":28,"gold_loss":0},{"damage_healed":22,"gold_gain":0,"player_choice":"Writhe","damage_taken":0,"max_hp_gain":0,"max_hp_loss":0,"event_name":"Winding Halls","floor":36,"gold_loss":0,"cards_obtained":["Writhe"]},{"damage_healed":0,"gold_gain":0,"player_choice":"Paid","damage_taken":0,"relics_obtained":["Red Mask"],"max_hp_gain":0,"max_hp_loss":0,"event_name":"Tomb of Lord Red Mask","floor":47,"gold_loss":24}],"is_beta":false,"boss_relics":[{"not_picked":["Pandora\u0027s Box","Fusion Hammer"],"picked":"Sozu"},{"not_picked":["Busted Crown","Velvet Choker"],"picked":"Cursed Key"}],"items_purged_floors":[20],"is_endless":false,"potions_floor_spawned":[1,3,5,6,22,27,29,35,38,46,48],"ascension_level":0}}