{"host":"vyjryxuuuxkt43k4","time":1611538781,"event":{"mods":["AchievementEnabler","BaseMod","Colored Map","DeckTracker","Keyboard Shortcuts","Minty Spire (QoL Compilation)","Permanent Neow","Quick Restart","Rare Cards Sparkle","StSLib","SuperFastMode","everything is the same but u backflip on backflip"],"gold_per_floor":[116,133,133,83,35,35,50,61,84,110,6,32,32,52,52,156,156,171,171,171,182,194,194,194],"floor_reached":23,"language":"KOR","playtime":1824,"items_purged":[],"score":350,"play_id":"69d2cf59-3b35-432c-b96f-3050b935d5b4","local_time":"20210125103941","is_ascension_mode":true,"campfire_choices":[{"data":"Dagger Spray","floor":6.0,"key":"SMITH"},{"data":"Bouncing Flask","floor":13.0,"key":"SMITH"},{"data":"Dodge and Roll","floor":15.0,"key":"SMITH"}],"circlet_count":0,"master_deck":["AscendersBane","Strike_G","Strike_G","Strike_G","Defend_G","Defend_G","Defend_G","Defend_G","Defend_G","Survivor","Neutralize","Poisoned Stab","Bouncing Flask+1","Dagger Spray+1","Masterful Stab","Dodge and Roll+1","Well Laid Plans","Heel Hook","Phantasmal Killer","Burst","Reflex+1","Catalyst","Doppelganger","Noxious Fumes","Backstab"],"relics":["Ring of the Snake","FossilizedHelix","StoneCalendar","Lantern","Omamori","Bag of Marbles","Black Star"],"acts_visited":["Exordium","TheCity"],"potions_floor_usage":[23],"damage_taken":[{"damage":4.0,"enemies":"Cultist","floor":1.0,"turns":5.0},{"damage":0.0,"enemies":"Jaw Worm","floor":2.0,"turns":4.0},{"damage":2.0,"enemies":"Small Slimes","floor":7.0,"turns":3.0},{"damage":0.0,"enemies":"Blue Slaver","floor":8.0,"turns":3.0},{"damage":0.0,"enemies":"Gremlin Nob","floor":10.0,"turns":3.0},{"damage":17.0,"enemies":"Lagavulin","floor":12.0,"turns":6.0},{"damage":0.0,"enemies":"Red Slaver","floor":14.0,"turns":1.0},{"damage":10.0,"enemies":"Hexaghost","floor":16.0,"turns":7.0},{"damage":13.0,"enemies":"Chosen","floor":18.0,"turns":6.0},{"damage":0,"enemies":"Spheric Guardian","floor":21,"turns":2},{"damage":38,"enemies":"Snecko","floor":22,"turns":7},{"damage":7,"enemies":"Slavers","floor":23,"turns":3}],"seed_played":"-1000519288449777104","potions_obtained":[{"floor":2.0,"key":"CultistPotion"},{"floor":7.0,"key":"AttackPotion"},{"floor":8.0,"key":"DistilledChaos"},{"floor":22,"key":"DistilledChaos"}],"is_trial":false,"path_per_floor":["M","M","T","?","$","R","M","M","T","E","$","E","R","M","R","B",null,"M","?","?","M","M","E"],"character_chosen":"THE_SILENT","items_purchased":["Dagger Spray","Well Laid Plans","Heel Hook"],"campfire_rested":0,"item_purchase_floors":[5,11,11],"current_hp_per_floor":[41,41,41,41,41,41,39,39,39,39,39,22,22,22,22,12,56,43,43,43,43,5,0,0],"gold":194,"neow_bonus":"ONE_RARE_RELIC","is_daily":false,"chose_seed":false,"campfire_upgraded":3,"win_rate":0.0,"timestamp":1611538781,"path_taken":["M","M","?","?","$","R","M","M","T","E","$","E","R","M","R","BOSS","M","?","?","M","?","E"],"items_purchased_type":["Card","Card","Card"],"build_version":"2020-12-22","purchased_purges":0,"victory":false,"max_hp_per_floor":[70,70,70,70,70,70,70,70,70,70,70,70,70,70,70,70,70,70,70,70,70,70,70,70],"card_choices":[{"not_picked":["Underhanded Strike","Prepared"],"picked":"Poisoned Stab","floor":1.0},{"not_picked":["Outmaneuver","Masterful Stab"],"picked":"Bouncing Flask","floor":2.0},{"not_picked":["Underhanded Strike","Cloak And Dagger"],"picked":"Masterful Stab","floor":7.0},{"not_picked":["Calculated Gamble","Cloak And Dagger"],"picked":"Dodge and Roll","floor":8.0},{"not_picked":["Deflect","Bouncing Flask","Dodge and Roll"],"picked":"SKIP","floor":10.0},{"not_picked":["Poisoned Stab","Prepared"],"picked":"Phantasmal Killer","floor":12.0},{"not_picked":["Deflect","Deadly Poison","Quick Slash"],"picked":"SKIP","floor":14.0},{"not_picked":["Grand Finale","A Thousand Cuts"],"picked":"Burst","floor":16.0},{"not_picked":["Dagger Spray","Quick Slash"],"picked":"Reflex+1","floor":18.0},{"not_picked":["Quick Slash","Deflect+1"],"picked":"Noxious Fumes","floor":21},{"not_picked":["Slice","Terror"],"picked":"Backstab","floor":22}],"player_experience":300991,"relics_obtained":[{"floor":3.0,"key":"StoneCalendar"},{"floor":9.0,"key":"Lantern"},{"floor":10.0,"key":"Omamori"},{"floor":12.0,"key":"Bag of Marbles"}],"event_choices":[{"cards_removed":["Strike_G"],"damage_healed":0.0,"max_hp_gain":0.0,"max_hp_loss":0.0,"gold_gain":0.0,"event_name":"The Cleric","player_choice":"Card Removal","floor":4.0,"gold_loss":50.0,"damage_taken":0.0},{"damage_healed":0,"gold_gain":0,"player_choice":"Read","damage_taken":0,"max_hp_gain":0,"max_hp_loss":0,"event_name":"The Library","floor":19,"gold_loss":0,"cards_obtained":["Catalyst"]},{"damage_healed":0,"gold_gain":0,"cards_transformed":["Strike_G"],"player_choice":"Transformed","damage_taken":0,"max_hp_gain":0,"max_hp_loss":0,"event_name":"Transmorgrifier","floor":20,"gold_loss":0,"cards_obtained":["Doppelganger"]}],"is_beta":false,"boss_relics":[{"not_picked":["Runic Dome","Velvet Choker"],"picked":"Black Star"}],"items_purged_floors":[],"is_endless":false,"potions_floor_spawned":[2,7,8,22],"killed_by":"Slavers","ascension_level":11}}