{"host":"0z6l31g9ps0v9zzp","time":1611578346,"event":{"mods":["Act Like it!","BaseMod","CapriCore","Gensokyo","Minty Spire (QoL Compilation)","MostiFishMod","StSLib","WarShipGirlsR/’ΩΩ¢…Ÿ≈ÆR mod"],"gold_per_floor":[112,60,80,80,5,38,38,48,48,48,76,86,121,135,135,212,212,231,22,41,21,33,59,71,101,124,124,150,150,181,181,181,258,258,272,286,286,120,132,164,176,214,226,270,282,322,334,346,358,370,382,394,406,126,155,155],"floor_reached":57,"language":"ZHS","playtime":2820,"items_purged":["Pain","rmod:basicallowance+1"],"score":2993,"play_id":"75198051-95b7-4202-aec3-2deb0a5390d9","local_time":"20210125203906","daily_mods":["Heirloom","Elite Swarm"],"is_ascension_mode":true,"campfire_choices":[{"data":"rmod:basicallowance","floor":7.0,"key":"SMITH"},{"data":"rmod:seals","floor":15.0,"key":"SMITH"},{"data":"rmod:generalist","floor":27.0,"key":"SMITH"},{"data":"rmod:secretscript","floor":29.0,"key":"SMITH"},{"data":"rmod:expedition+1","floor":32.0,"key":"SMITH"},{"data":"rmod:expedition+2","floor":45.0,"key":"SMITH"},{"data":"rmod:seals","floor":47.0,"key":"SMITH"},{"floor":49.0,"key":"RECALL"},{"data":"1","floor":53.0,"key":"LIFT"}],"circlet_count":0,"master_deck":["AscendersBane","rmod:strick","rmod:defend","rmod:defend","rmod:defend","rmod:defend","rmod:maingunfire+1","rmod:aviationdawn","rmod:advancebysurprise","rmod:aluminumsupply","rmod:secretscript+1","rmod:overbreakdown","rmod:stealaluminum","rmod:circuitoustactics+1","rmod:aluminumsupply+1","rmod:rockthrower+1","rmod:generalist+1","rmod:expedition+3","rmod:stealaluminum","rmod:luckystar","Gensokyo:LockedMedkit","rmod:seals+1","rmod:lastglory","Discovery","rmod:desperatesituation"],"relics":["rmod:firstchargereward","DaveBox","DianDianMeat","GreenFoldingFan","SynthV:TestCard","Gensokyo:LunaticRedEyes","White Beast Statue","Sundial","PreservedInsect","StrikeDummy","Astrolabe","rmod:extraamm","Gremlin Horn","Tiny Chest","Orichalcum","Pen Nib","Oddly Smooth Stone","FeatherPendant","MawBank","Girya","Strawberry","Darkstone Periapt","Regal Pillow","Bronze Scales","Anchor","Shuriken"],"acts_visited":["Exordium","Gensokyo:Gensokyo","Gensokyo:Gensokyoer","TheEnding"],"potions_floor_usage":[],"damage_taken":[{"damage":4.0,"enemies":"Gensokyo:Python","floor":1.0,"turns":2.0},{"damage":12.0,"enemies":"Gensokyo:2_Kodama","floor":3.0,"turns":4.0},{"damage":21.0,"enemies":"Gensokyo:Aya","floor":6.0,"turns":7.0},{"damage":4.0,"enemies":"Gensokyo:Gryphon","floor":8.0,"turns":2.0},{"damage":32.0,"enemies":"Gensokyo:Cirno","floor":11.0,"turns":5.0},{"damage":12.0,"enemies":"Gensokyo:Python_and_Kodama","floor":12.0,"turns":3.0},{"damage":8.0,"enemies":"Gensokyo:Mamizou","floor":13.0,"turns":4.0},{"damage":4.0,"enemies":"Gensokyo:Kitsune","floor":14.0,"turns":2.0},{"damage":34.0,"enemies":"Gensokyo:Reimu","floor":16.0,"turns":8.0},{"damage":27.0,"enemies":"Gensokyo:Chomper","floor":18.0,"turns":4.0},{"damage":26.0,"enemies":"Gensokyo:3_Dogs","floor":20.0,"turns":4.0},{"damage":145.0,"enemies":"Gensokyo:3_Gloops","floor":22.0,"turns":7.0},{"damage":34.0,"enemies":"Gensokyo:Koishi","floor":23.0,"turns":5.0},{"damage":41.0,"enemies":"Gensokyo:Slime_Group","floor":24.0,"turns":5.0},{"damage":42.0,"enemies":"Gensokyo:Tenshi","floor":25.0,"turns":3.0},{"damage":45.0,"enemies":"Gensokyo:Koishi","floor":28.0,"turns":6.0},{"damage":45.0,"enemies":"Gensokyo:Reisen","floor":30.0,"turns":5.0},{"damage":47.0,"enemies":"Gensokyo:Eternal_Rivals","floor":33.0,"turns":9.0},{"damage":41.0,"enemies":"Gensokyo:3_Boulders","floor":35.0,"turns":4.0},{"damage":8.0,"enemies":"Gensokyo:AncientGuardian","floor":36.0,"turns":4.0},{"damage":28.0,"enemies":"Gensokyo:SeedOfUnknown","floor":39.0,"turns":5.0},{"damage":8.0,"enemies":"Gensokyo:Kasen","floor":40.0,"turns":4.0},{"damage":23.0,"enemies":"Gensokyo:Doremy","floor":44.0,"turns":4.0},{"damage":56.0,"enemies":"Gensokyo:Kasen","floor":46.0,"turns":4.0},{"damage":10.0,"enemies":"Gensokyo:Scarlet_Devils","floor":50.0,"turns":5.0},{"damage":21.0,"enemies":"Gensokyo:Yuyuko","floor":51.0,"turns":4.0},{"damage":67,"enemies":"Shield and Spear","floor":55,"turns":3},{"damage":228,"enemies":"The Heart","floor":56,"turns":7}],"seed_played":"1390888895819775238","potions_obtained":[{"floor":1.0,"key":"Weak Potion"},{"floor":6.0,"key":"Explosive Potion"},{"floor":8.0,"key":"Explosive Potion"},{"floor":11.0,"key":"FearPotion"},{"floor":13.0,"key":"BlessingOfTheForge"},{"floor":16.0,"key":"Explosive Potion"},{"floor":18.0,"key":"Dexterity Potion"},{"floor":20.0,"key":"SteroidPotion"},{"floor":23.0,"key":"AttackPotion"},{"floor":25.0,"key":"Strength Potion"},{"floor":28.0,"key":"SmokeBomb"},{"floor":33.0,"key":"Fire Potion"},{"floor":35.0,"key":"Swift Potion"},{"floor":44.0,"key":"Strength Potion"},{"floor":46.0,"key":"GamblersBrew"}],"is_trial":true,"path_per_floor":["M","COS","M","?","$","E","R","M","T","?","E","M","E","M","R","B",null,"M","COS","M","?","M","E","M","E","T","R","E","R","E","?","R","B",null,"M","M","?","COS","M","E","$","T","T","E","R","E","R","?","R","B","B",null,"R","$","E","B",null],"character_chosen":"PRAEFECT","items_purchased":["rmod:lastglory","Discovery"],"campfire_rested":0,"item_purchase_floors":[54,54],"current_hp_per_floor":[69,70,70,73,73,62,62,72,72,62,45,49,58,72,72,57,134,130,192,194,213,78,54,43,252,252,252,217,217,182,187,187,150,251,220,222,222,288,270,272,272,279,279,266,266,244,244,269,269,271,271,373,373,426,397,181],"gold":155,"neow_bonus":"","is_daily":false,"chose_seed":false,"campfire_upgraded":7,"win_rate":0.0,"timestamp":1611578346,"path_taken":["M","COS","M","?","?","E","R","?","T","?","E","M","E","M","R","BOSS","M","COS","M","?","?","E","M","E","T","R","E","R","E","?","R","BOSS","M","M","?","COS","M","E","?","?","T","E","R","E","R","?","R","BOSS","BOSS","R","$","E","BOSS"],"items_purchased_type":["Card","Card"],"build_version":"2020-12-22","purchased_purges":2,"victory":true,"max_hp_per_floor":[70,71,73,76,76,76,76,80,80,80,85,91,98,106,106,115,148,161,223,241,260,260,260,280,280,280,280,280,280,280,285,285,285,285,285,285,285,351,351,351,351,358,358,358,358,382,382,407,407,407,407,407,407,460,488,488],"card_choices":[{"not_picked":["rmod:slowdown","rmod:maintain","rmod:combined"],"picked":"SKIP","floor":1.0},{"not_picked":["rmod:royalracing","rmod:sl","rmod:goodfighter","rmod:openingtorpedo"],"picked":"rmod:aviationdawn","floor":3.0},{"not_picked":["rmod:auspiciousomen","rmod:u235","rmod:timeschanged","rmod:ridicule","rmod:highspeedmaneuver"],"picked":"SKIP","floor":6.0},{"not_picked":["rmod:fletcherpendant","rmod:gendarmerie","rmod:ammunitionsupply","rmod:highspeedshooting"],"picked":"rmod:advancebysurprise","floor":8.0},{"not_picked":["rmod:u235","rmod:ridicule","rmod:highspeedmaneuver","rmod:expeditionaryescort"],"picked":"rmod:seals","floor":11.0},{"not_picked":["rmod:fletcherpendant","rmod:steelsupply","rmod:gendarmerie","rmod:supportescort"],"picked":"rmod:aluminumsupply","floor":12.0},{"not_picked":["rmod:highspeedmaneuver","rmod:auspiciousomen","rmod:fletcher","rmod:lastglory"],"picked":"rmod:secretscript","floor":13.0},{"not_picked":["rmod:supportescort","rmod:shuttlebombing","rmod:unsinkable","rmod:circuitoustactics"],"picked":"rmod:overbreakdown","floor":14.0},{"not_picked":["rmod:secretscript","rmod:desperatesituation","rmod:supriseattacks","rmod:windflower"],"picked":"rmod:stealaluminum","floor":16.0},{"not_picked":["rmod:highspeedshooting","rmod:aviationdawn","rmod:firesupport","rmod:salvage+1"],"picked":"rmod:generalist","floor":18.0},{"not_picked":["rmod:circuitoustactics","rmod:victimresponsibility","rmod:supportescort","rmod:fuelsupply"],"picked":"rmod:expedition+1","floor":20.0},{"not_picked":["rmod:salvage+1","rmod:fuelsupply+1","rmod:wife+1","rmod:victimresponsibility+1","rmod:spoils+1"],"picked":"SKIP","floor":20.0},{"not_picked":[],"picked":"rmod:stealaluminum","floor":21.0},{"not_picked":["rmod:lastglory","rmod:abidefaith","rmod:acesubmarine","rmod:secretscript","rmod:expeditionaryescort"],"picked":"SKIP","floor":22.0},{"not_picked":["rmod:tearstotiara+1","rmod:unsinkable","rmod:luckystar+1","rmod:diamondstrike","rmod:ammunitionsupply"],"picked":"SKIP","floor":22.0},{"not_picked":["rmod:stealaluminum","rmod:saltedfish","rmod:supriseattacks","rmod:secretscript","rmod:abidefaith"],"picked":"SKIP","floor":23.0},{"not_picked":["rmod:openingtorpedo","rmod:diamondstrike","rmod:fuelsupply","rmod:circuitoustactics"],"picked":"rmod:luckystar","floor":24.0},{"not_picked":["rmod:acesubmarine","rmod:seals","rmod:secretscript","rmod:auspiciousomen","rmod:lastglory"],"picked":"SKIP","floor":25.0},{"not_picked":["rmod:abidefaith","rmod:windflower","rmod:lastglory","rmod:auspiciousomen","rmod:stealaluminum"],"picked":"SKIP","floor":28.0},{"not_picked":["rmod:abidefaith","rmod:stealaluminum","rmod:expeditionaryescort","rmod:auspiciousomen","rmod:timeschanged"],"picked":"SKIP","floor":30.0},{"not_picked":["rmod:overbreakdown","rmod:diamondstrike+1","rmod:tearstotiara","rmod:sl+1","rmod:gendarmerie+1"],"picked":"SKIP","floor":35.0},{"not_picked":["rmod:sl","rmod:wolves","rmod:aluminumsupply+1","rmod:unsinkable","rmod:firesupport"],"picked":"SKIP","floor":36.0},{"not_picked":["rmod:tearstotiara","rmod:aviationdawn","rmod:punchline","rmod:supportescort+1","rmod:diamondstrike"],"picked":"SKIP","floor":39.0},{"not_picked":["rmod:timeschanged","rmod:acesubmarine","rmod:highspeedmaneuver","rmod:expeditionaryescort","rmod:fletcher"],"picked":"SKIP","floor":40.0},{"not_picked":["rmod:windflower","rmod:ridicule","rmod:stealaluminum","rmod:supriseattacks","rmod:secretscript"],"picked":"SKIP","floor":44.0},{"not_picked":["rmod:abidefaith","rmod:ridicule","rmod:lastglory","rmod:expeditionaryescort"],"picked":"rmod:seals","floor":46.0},{"not_picked":["rmod:windflower","rmod:u235","rmod:seals","rmod:saltedfish"],"picked":"rmod:desperatesituation","floor":55}],"player_experience":291558,"relics_obtained":[{"floor":1.0,"key":"SynthV:TestCard"},{"floor":6.0,"key":"White Beast Statue"},{"floor":11.0,"key":"PreservedInsect"},{"floor":13.0,"key":"StrikeDummy"},{"floor":23.0,"key":"rmod:extraamm"},{"floor":25.0,"key":"Tiny Chest"},{"floor":26.0,"key":"Orichalcum"},{"floor":28.0,"key":"Pen Nib"},{"floor":30.0,"key":"Oddly Smooth Stone"},{"floor":40.0,"key":"Girya"},{"floor":42.0,"key":"Strawberry"},{"floor":43.0,"key":"Darkstone Periapt"},{"floor":44.0,"key":"Bronze Scales"},{"floor":46.0,"key":"Anchor"},{"floor":55,"key":"Shuriken"}],"event_choices":[],"is_beta":false,"boss_relics":[{"not_picked":["BloodWine","HereWithMe"],"picked":"Astrolabe"},{"not_picked":["xbg","ChiXiaoBlade"],"picked":"FeatherPendant"}],"items_purged_floors":[5,54],"is_endless":false,"potions_floor_spawned":[1,6,8,11,12,13,14,16,18,20,22,23,24,25,28,30,33,35,36,39,40,44,46,55],"ascension_level":20}}