{"host":"ooa7gbxz3ilj1hm6","time":1611552250,"event":{"mods":["BaseMod","Downfall","Minty Spire (QoL Compilation)","StSLib"],"gold_per_floor":[99,115,131,131,131,148,148,148,183,183,116,149,149,62,76,177,177,77,90,90,90,108,125,125,125,136,136,136,136],"floor_reached":27,"language":"ENG","playtime":1526,"items_purged":[],"score":271,"play_id":"990c556b-9d6c-4a58-b562-e1289400e96a","local_time":"20210124222410","is_ascension_mode":false,"campfire_choices":[{"data":"Slimebound:Split","floor":1,"key":"SMITH"},{"floor":10,"key":"REST"},{"floor":13,"key":"RECALL"},{"data":"Slimebound:RainOfGoop","floor":18,"key":"SMITH"},{"data":"Slimebound:Grow","floor":25,"key":"SMITH"}],"circlet_count":0,"master_deck":["Slimebound:Strike_Slimebound+1","Slimebound:Strike_Slimebound","Slimebound:Tackle","Slimebound:Defend_Slimebound","Slimebound:Defend_Slimebound","Slimebound:Defend_Slimebound+1","Slimebound:Defend_Slimebound","Slimebound:Split+1","Slimebound:CorrosiveSpit","Slimebound:PressTheAttack","Slimebound:LivingWall+1","downfall:Malfunctioning","Slimebound:Grow+1","Slimebound:SamplingLick","Slimebound:Schlurp","Slimebound:SlimeSpikes","Slimebound:HauntingLick","Slimebound:RainOfGoop+1","Slimebound:GrowthPunch","Slimebound:RallyTheTroops","Slimebound:TongueLash+1","Slimebound:TongueLash+1","Slimebound:Schlurp+1"],"relics":["Slimebound:AbsorbEndCombat","Centennial Puzzle","Omamori","Vajra","PreservedInsect","Sozu","downfall:HeartBlessingRed","Mango"],"acts_visited":["Exordium","TheCity"],"potions_floor_usage":[],"damage_taken":[{"damage":0,"enemies":"Small Slimes","floor":2,"turns":3},{"damage":0,"enemies":"2 Louse","floor":3,"turns":2},{"damage":1,"enemies":"Jaw Worm","floor":6,"turns":4},{"damage":45,"enemies":"Gremlin Nob","floor":9,"turns":5},{"damage":3,"enemies":"downfall:FleeingMerchant","floor":11,"turns":4},{"damage":5,"enemies":"Lagavulin","floor":12,"turns":7},{"damage":0,"enemies":"downfall:FleeingMerchant","floor":14,"turns":4},{"damage":5,"enemies":"Exordium Thugs","floor":15,"turns":4},{"damage":7,"enemies":"WA_ARCHETYPE_RETAIN","floor":16,"turns":16},{"damage":16,"enemies":"Spheric Guardian","floor":19,"turns":5},{"damage":0,"enemies":"Shell Parasite","floor":22,"turns":3},{"damage":27,"enemies":"Cultist and Chosen","floor":23,"turns":7},{"damage":30,"enemies":"Snecko","floor":26,"turns":6},{"damage":51,"enemies":"Gremlin Leader","floor":27,"turns":5}],"seed_played":"-1506601204101887726","potions_obtained":[{"floor":6,"key":"Energy Potion"},{"floor":9,"key":"Ancient Potion"},{"floor":15,"key":"Slimebound:SlimyTonguePotion"}],"is_trial":false,"path_per_floor":["R","M","M","?","?","M","T","?","E","R","$","E","R","$","M","B",null,"R","M","?","?","M","M","T","R","M","E"],"character_chosen":"SLIMEBOUND","items_purchased":["Slimebound:SlimeSpikes","Slimebound:GrowthPunch"],"campfire_rested":1,"item_purchase_floors":[11,14],"current_hp_per_floor":[71,71,71,71,71,71,71,64,25,46,51,54,54,56,55,50,71,71,59,59,59,65,46,60,60,36,0,0,0],"gold":136,"neow_bonus":"TEN_PERCENT_HP_BONUS","is_daily":false,"chose_seed":false,"campfire_upgraded":3,"win_rate":0.0,"timestamp":1611552250,"path_taken":["R","M","M","?","?","M","T","?","E","R","?","E","R","$","M","BOSS","R","M","?","?","M","?","T","R","M","E"],"items_purchased_type":["Card","Card"],"build_version":"2020-12-22","purchased_purges":0,"victory":false,"max_hp_per_floor":[71,71,71,71,71,71,71,71,71,71,71,71,71,71,71,71,71,71,71,71,71,71,71,85,85,85,85,85,85],"card_choices":[{"not_picked":["Slimebound:ProtectTheBoss","Slimebound:Prepare"],"picked":"Slimebound:PressTheAttack","floor":2},{"not_picked":["Slimebound:Prepare","Slimebound:SplitMire"],"picked":"Slimebound:LivingWall","floor":3},{"not_picked":["Slimebound:RollThrough","Slimebound:PressTheAttack"],"picked":"Slimebound:Grow","floor":6},{"not_picked":["Slimebound:ForwardTackle","Slimebound:Replication"],"picked":"Slimebound:SamplingLick","floor":9},{"not_picked":["Slimebound:DuplicatedForm","Slimebound:SlimeBarrage"],"picked":"Slimebound:Schlurp","floor":11},{"not_picked":["Slimebound:SlimeSpikes","Slimebound:SplitMire"],"picked":"Slimebound:HauntingLick","floor":12},{"not_picked":["Slimebound:SpikyOuterGoop","Slimebound:DisruptingSlam"],"picked":"Slimebound:RainOfGoop","floor":14},{"not_picked":["Slimebound:Equalize","Slimebound:FlameTackle","Slimebound:RollThrough"],"picked":"SKIP","floor":15},{"not_picked":["Slimebound:Teamwork","Slimebound:PrepareCrush"],"picked":"Slimebound:RallyTheTroops","floor":16},{"not_picked":["Slimebound:PressTheAttack","Slimebound:LivingWall+1"],"picked":"Slimebound:TongueLash+1","floor":19},{"not_picked":["Slimebound:Equalize","Slimebound:ProtectTheBoss","Slimebound:ComboTackle"],"picked":"SKIP","floor":22},{"not_picked":["Slimebound:ProtectTheBoss","Slimebound:SlimeSpikes+1"],"picked":"Slimebound:TongueLash+1","floor":23},{"not_picked":["Slimebound:SplitLeeching","Slimebound:SamplingLick"],"picked":"Slimebound:Schlurp+1","floor":26}],"player_experience":20922,"relics_obtained":[{"floor":7,"key":"Centennial Puzzle"},{"floor":9,"key":"Vajra"},{"floor":12,"key":"PreservedInsect"},{"floor":24,"key":"Mango"}],"event_choices":[{"damage_healed":0,"gold_gain":0,"player_choice":"Success","damage_taken":7,"relics_obtained":["Omamori"],"max_hp_gain":0,"max_hp_loss":0,"event_name":"Scrap Ooze","floor":8,"gold_loss":0}],"is_beta":false,"boss_relics":[{"not_picked":["Snecko Eye","Runic Pyramid"],"picked":"Sozu"}],"items_purged_floors":[],"is_endless":false,"potions_floor_spawned":[6,9,15,22,23],"killed_by":"Gremlin Leader","ascension_level":0}}