{"host":"1c17lcvl7acx821p","time":1611606261,"event":{"mods":["AchievementEnabler","BaseMod","Colored Map","Minty Spire (QoL Compilation)","Quick Restart","Relic Sorter","StSLib"],"gold_per_floor":[110,110,130,142,153,185,185,185,212,212,212,212,222,247,98,48,48,152,152,162,162,182,194,205,205,221,221,297,307,307,307,321,321,7,7,108,108,123,123,134,42,57,57,70,96,122,222,232,232,242,257,257,257,257,257,73,104,104,104],"floor_reached":58,"language":"ENG","playtime":2683,"items_purged":["Strike_G"],"score":1155,"play_id":"7098884f-2662-4a5e-b7bd-0494482f0821","local_time":"20210125222421","is_ascension_mode":true,"campfire_choices":[{"floor":8.0,"key":"REST"},{"floor":12.0,"key":"REST"},{"floor":17.0,"key":"REST"},{"floor":25.0,"key":"RECALL"},{"floor":27.0,"key":"REST"},{"floor":30.0,"key":"REST"},{"data":"Footwork","floor":35.0,"key":"SMITH"},{"data":"Tools of the Trade","floor":43,"key":"SMITH"},{"floor":49,"key":"REST"},{"floor":52,"key":"REST"},{"data":"Well Laid Plans","floor":55,"key":"SMITH"}],"circlet_count":0,"master_deck":["AscendersBane","Strike_G","Defend_G","Defend_G","Defend_G","Defend_G","Defend_G","Survivor","Neutralize+1","Eviscerate","Bouncing Flask+1","PiercingWail+1","Tactician+1","Night Terror+1","Dagger Throw","Dodge and Roll+1","Footwork+1","Corpse Explosion+1","Backflip+1","Dagger Throw","Adrenaline+1","Dagger Throw","Catalyst+1","Malaise+1","Tools of the Trade+1","Catalyst+1","Crippling Poison+1","Footwork","Acrobatics+1","Footwork+1","Well Laid Plans+1","Deadly Poison+1","Footwork","Master of Strategy+1","Acrobatics+1"],"relics":["Ring of the Snake","NeowsBlessing","Toxic Egg 2","Bag of Marbles","Gremlin Horn","Sundial","Happy Flower","HoveringKite","Ninja Scroll","MutagenicStrength","TwistedFunnel","Empty Cage","StoneCalendar","Bag of Preparation","Unceasing Top"],"acts_visited":["Exordium","TheCity","TheBeyond","TheEnding"],"potions_floor_usage":[38,58,58],"damage_taken":[{"damage":0.0,"enemies":"Small Slimes","floor":1.0,"turns":1.0},{"damage":0.0,"enemies":"2 Louse","floor":3.0,"turns":1.0},{"damage":0.0,"enemies":"Cultist","floor":4.0,"turns":1.0},{"damage":4.0,"enemies":"Blue Slaver","floor":5.0,"turns":3.0},{"damage":14.0,"enemies":"Gremlin Nob","floor":6.0,"turns":4.0},{"damage":40.0,"enemies":"3 Sentries","floor":9.0,"turns":11.0},{"damage":5.0,"enemies":"Gremlin Gang","floor":13.0,"turns":4.0},{"damage":21.0,"enemies":"Lagavulin","floor":14.0,"turns":4.0},{"damage":32.0,"enemies":"Slime Boss","floor":18.0,"turns":14.0},{"damage":10.0,"enemies":"3 Byrds","floor":20.0,"turns":5.0},{"damage":16.0,"enemies":"2 Thieves","floor":22.0,"turns":3.0},{"damage":0.0,"enemies":"Snake Plant","floor":23.0,"turns":5.0},{"damage":51.0,"enemies":"Chosen and Byrds","floor":24.0,"turns":10.0},{"damage":0.0,"enemies":"Cultist and Chosen","floor":26.0,"turns":6.0},{"damage":0.0,"enemies":"Centurion and Healer","floor":29.0,"turns":5.0},{"damage":0.0,"enemies":"Sentry and Sphere","floor":32.0,"turns":2.0},{"damage":11,"enemies":"Champ","floor":36,"turns":14},{"damage":0,"enemies":"3 Shapes","floor":38,"turns":1},{"damage":8,"enemies":"3 Darklings","floor":40,"turns":5},{"damage":0,"enemies":"Maw","floor":42,"turns":4},{"damage":0,"enemies":"Sphere and 2 Shapes","floor":44,"turns":4},{"damage":1,"enemies":"Nemesis","floor":45,"turns":5},{"damage":14,"enemies":"Writhing Mass","floor":48,"turns":5},{"damage":18,"enemies":"Spire Growth","floor":50,"turns":3},{"damage":4,"enemies":"4 Shapes","floor":51,"turns":2},{"damage":28,"enemies":"Time Eater","floor":53,"turns":4},{"damage":13,"enemies":"Shield and Spear","floor":57,"turns":3},{"damage":53,"enemies":"The Heart","floor":58,"turns":8}],"seed_played":"-7642571932077252531","potions_obtained":[{"floor":1.0,"key":"CunningPotion"},{"floor":9.0,"key":"Energy Potion"},{"floor":13.0,"key":"Poison Potion"},{"floor":14.0,"key":"CunningPotion"},{"floor":22.0,"key":"CunningPotion"},{"floor":26.0,"key":"Fruit Juice"},{"floor":32.0,"key":"Weak Potion"},{"floor":38,"key":"Poison Potion"}],"is_trial":false,"path_per_floor":["M","?","M","M","M","E","?","R","E","T","T","R","M","E","$","?","R","B",null,"M","?","M","M","M","R","M","R","T","M","R","?","M","?","$","R","B",null,"M","?","M","$","M","R","M","E","T","?","M","R","M","M","R","B",null,"R","$","E","B"],"character_chosen":"THE_SILENT","items_purchased":["Footwork","TwistedFunnel","Malaise+1","Footwork","Acrobatics+1","Master of Strategy+1"],"campfire_rested":7,"item_purchase_floors":[15,34,34,41,41,56],"current_hp_per_floor":[63,56,56,56,52,38,38,59,19,19,19,40,35,14,14,14,35,3,53,43,70,54,54,3,3,3,24,24,24,45,45,45,45,45,45,34,61,66,66,58,58,58,58,58,57,57,57,43,65,47,43,65,37,66,66,66,53,0,0],"gold":104,"neow_bonus":"THREE_ENEMY_KILL","is_daily":false,"chose_seed":false,"campfire_upgraded":3,"win_rate":0.0,"timestamp":1611606261,"path_taken":["M","?","M","M","M","E","?","R","E","T","T","R","?","E","$","?","R","BOSS","M","?","M","M","M","R","M","R","T","?","R","?","M","?","$","R","BOSS","M","?","M","?","?","R","M","E","T","?","M","R","M","?","R","BOSS","R","$","E","BOSS"],"items_purchased_type":["Card","Relic","Card","Card","Card","Card"],"build_version":"2020-12-22","purchased_purges":1,"victory":false,"max_hp_per_floor":[70,70,70,70,70,70,70,70,70,70,70,70,70,70,70,70,70,70,70,70,70,70,70,70,70,70,70,70,70,70,70,70,70,70,70,70,70,75,75,75,75,75,75,75,75,75,75,75,75,75,75,75,75,75,75,75,75,75,75],"card_choices":[{"not_picked":["Calculated Gamble","Prepared"],"picked":"Eviscerate","floor":1.0},{"not_picked":["Acrobatics+1","Prepared+1"],"picked":"Bouncing Flask+1","floor":3.0},{"not_picked":["Expertise+1","Flying Knee"],"picked":"PiercingWail+1","floor":4.0},{"not_picked":["Flying Knee","Poisoned Stab"],"picked":"Tactician+1","floor":5.0},{"not_picked":["Cloak And Dagger+1","Bouncing Flask+1"],"picked":"Night Terror+1","floor":6.0},{"not_picked":["Dagger Spray","Eviscerate","Slice"],"picked":"SKIP","floor":9.0},{"not_picked":["Riddle With Holes","Expertise+1"],"picked":"Dagger Throw","floor":13.0},{"not_picked":["Storm of Steel+1","Crippling Poison+1"],"picked":"Dodge and Roll+1","floor":14.0},{"not_picked":["After Image","Unload"],"picked":"Corpse Explosion+1","floor":18.0},{"not_picked":["Flying Knee","Accuracy","Terror+1"],"picked":"SKIP","floor":20.0},{"not_picked":["Setup+1","Distraction+1"],"picked":"Backflip+1","floor":22.0},{"not_picked":["Accuracy","Dagger Spray+1"],"picked":"Dagger Throw","floor":23.0},{"not_picked":["Deflect+1","Slice"],"picked":"Adrenaline+1","floor":24.0},{"not_picked":["Terror+1","Predator+1"],"picked":"Dagger Throw","floor":26.0},{"not_picked":["Sucker Punch","Terror+1","Endless Agony"],"picked":"SKIP","floor":29.0},{"not_picked":["Blade Dance+1","Dagger Spray+1","Backflip+1"],"picked":"SKIP","floor":32.0},{"not_picked":["Malaise+1","Corpse Explosion+1"],"picked":"Tools of the Trade","floor":36},{"not_picked":["Eviscerate","Predator","Terror+1"],"picked":"SKIP","floor":38},{"not_picked":["Flying Knee+1","Prepared+1"],"picked":"Crippling Poison+1","floor":40},{"not_picked":["Quick Slash","Sucker Punch+1"],"picked":"Footwork+1","floor":42},{"not_picked":["Prepared+1","Quick Slash","Infinite Blades"],"picked":"SKIP","floor":44},{"not_picked":["Masterful Stab+1","Outmaneuver+1"],"picked":"Well Laid Plans","floor":45},{"not_picked":["Riddle With Holes+1","Dagger Spray+1"],"picked":"Deadly Poison+1","floor":48},{"not_picked":["Quick Slash","Setup+1","Crippling Poison+1"],"picked":"SKIP","floor":50},{"not_picked":["Bane+1","PiercingWail+1"],"picked":"Footwork","floor":51},{"not_picked":["Deadly Poison+1","Outmaneuver+1"],"picked":"Acrobatics+1","floor":57}],"player_experience":201787,"relics_obtained":[{"floor":6.0,"key":"Bag of Marbles"},{"floor":9.0,"key":"Gremlin Horn"},{"floor":11.0,"key":"Sundial"},{"floor":14.0,"key":"Happy Flower"},{"floor":28.0,"key":"Ninja Scroll"},{"floor":45,"key":"StoneCalendar"},{"floor":46,"key":"Bag of Preparation"},{"floor":57,"key":"Unceasing Top"}],"event_choices":[{"damage_healed":0.0,"max_hp_gain":0.0,"max_hp_loss":0.0,"gold_gain":0.0,"event_name":"Scrap Ooze","player_choice":"Success","floor":2.0,"gold_loss":0.0,"damage_taken":7.0,"relics_obtained":["Toxic Egg 2"]},{"damage_healed":0.0,"max_hp_gain":0.0,"max_hp_loss":0.0,"gold_gain":0.0,"event_name":"Accursed Blacksmith","player_choice":"Forge","floor":7.0,"gold_loss":0.0,"damage_taken":0.0,"cards_upgraded":["Neutralize"]},{"cards_removed":["Strike_G"],"damage_healed":0.0,"max_hp_gain":0.0,"max_hp_loss":0.0,"gold_gain":0.0,"event_name":"The Cleric","player_choice":"Card Removal","floor":16.0,"gold_loss":50.0,"damage_taken":0.0},{"damage_healed":27.0,"max_hp_gain":0.0,"max_hp_loss":0.0,"gold_gain":0.0,"event_name":"Wheel of Change","player_choice":"Full Heal","floor":21.0,"gold_loss":0.0,"damage_taken":0.0},{"damage_healed":0.0,"max_hp_gain":0.0,"max_hp_loss":0.0,"gold_gain":0.0,"event_name":"The Library","player_choice":"Read","floor":31.0,"gold_loss":0.0,"damage_taken":0.0,"cards_obtained":["Catalyst"]},{"damage_healed":0.0,"max_hp_gain":0.0,"max_hp_loss":0.0,"gold_gain":0.0,"event_name":"Drug Dealer","player_choice":"Inject Mutagens","floor":33.0,"gold_loss":0.0,"damage_taken":0.0,"relics_obtained":["MutagenicStrength"]},{"damage_healed":0,"gold_gain":0,"player_choice":"Copied","damage_taken":0,"max_hp_gain":0,"max_hp_loss":0,"event_name":"Duplicator","floor":39,"gold_loss":0,"cards_obtained":["Catalyst"]},{"damage_healed":0,"gold_gain":100,"player_choice":"Pray","damage_taken":0,"max_hp_gain":0,"max_hp_loss":0,"event_name":"Golden Shrine","floor":47,"gold_loss":0}],"is_beta":false,"boss_relics":[{"not_picked":["Calling Bell","Black Star"],"picked":"HoveringKite"},{"not_picked":["Tiny House","Sozu"],"picked":"Empty Cage"}],"items_purged_floors":[15],"is_endless":false,"potions_floor_spawned":[1,9,13,14,22,26,32,38,40,48,57],"killed_by":"The Heart","ascension_level":11}}