{"host":"jumrmhf584hajrnz","time":1611613365,"event":{"mods":["BaseMod","Duelist Mod","GifTheSpireLib","Minty Spire (QoL Compilation)","Quick Restart","Replay The Spire","StSLib"],"gold_per_floor":[144,144,219,34,93,120,139,159,159,178,178,204,204,218,218,296,296,307,307,323,84,95,95,95],"floor_reached":23,"language":"ENG","playtime":1143,"items_purged":["Voices"],"score":452,"play_id":"40ee5c8a-41b5-4682-af5c-fa36c54f10bb","local_time":"20210125232245","is_ascension_mode":true,"campfire_choices":[{"floor":11,"key":"RECALL"},{"floor":15,"key":"REST"}],"circlet_count":0,"master_deck":["theDuelist:ArchfiendSoldier","theDuelist:ArchfiendSoldier","theDuelist:ArchfiendSoldier","AscendersBane","theDuelist:CastleWalls","theDuelist:CastleWalls","theDuelist:CastleWalls","theDuelist:FiendMegacyber","theDuelist:Sparks","theDuelist:Sparks","theDuelist:SummonedSkull","theDuelist:SlateWarrior","theDuelist:TributeDoomed","theDuelist:ArchfiendInterceptor","theDuelist:BeastTalwar","theDuelist:SilverApples","theDuelist:BigFire","theDuelist:UmbralHorrorUniform","theDuelist:RainbowOverdragon","theDuelist:SlateWarrior","theDuelist:MudGolem","theDuelist:CallGrave","theDuelist:RedSprinter","theDuelist:Lajinn","theDuelist:GiantOrc","theDuelist:DarknessNeosphere","theDuelist:BerserkerCrush+1"],"relics":["theDuelist:MillenniumPuzzle","theDuelist:CardPoolRelic","theDuelist:CardPoolBasicRelic","theDuelist:BoosterPackPoolRelic","theDuelist:CardPoolAddRelic","theDuelist:CardPoolMinusRelic","theDuelist:CardPoolSaveRelic","theDuelist:CardPoolOptionsRelic","NeowsBlessing","Ring of Misfortune","ReplayTheSpireMod:Ring of Exchange","Quantum Egg","Oddly Smooth Stone","Sozu"],"acts_visited":["Exordium","TheCity"],"potions_floor_usage":[12,12,20,20],"damage_taken":[{"damage":0,"enemies":"Small Slimes","floor":1,"turns":1},{"damage":0,"enemies":"Gremlin Nob","floor":6,"turns":1},{"damage":0,"enemies":"2 Louse","floor":7,"turns":1},{"damage":6,"enemies":"Jaw Worm","floor":8,"turns":2},{"damage":0,"enemies":"Blue Slaver","floor":10,"turns":2},{"damage":12,"enemies":"3 Sentries","floor":12,"turns":4},{"damage":0,"enemies":"Large Slime","floor":14,"turns":4},{"damage":23,"enemies":"The Guardian","floor":16,"turns":9},{"damage":0,"enemies":"Chosen","floor":18,"turns":4},{"damage":43,"enemies":"Shell Parasite","floor":20,"turns":4},{"damage":0,"enemies":"Chosen and Byrds","floor":22,"turns":7},{"damage":24,"enemies":"Snake Plant","floor":23,"turns":1}],"seed_played":"-5402174691000082503","potions_obtained":[{"floor":7,"key":"Strength Potion"},{"floor":10,"key":"ColorlessPotion"},{"floor":14,"key":"SpeedPotion"},{"floor":16,"key":"theDuelist:FusionPotion"}],"is_trial":false,"path_per_floor":["M","?","?","$","?","E","M","M","T","M","R","E","?","M","R","B",null,"M","?","M","$","M","M"],"character_chosen":"THE_DUELIST","items_purchased":["theDuelist:TributeDoomed","theDuelist:ArchfiendInterceptor","theDuelist:BeastTalwar","theDuelist:Lajinn","theDuelist:GiantOrc","theDuelist:DarknessNeosphere"],"campfire_rested":1,"item_purchase_floors":[4,4,4,21,21,21],"current_hp_per_floor":[63,63,52,52,52,52,52,46,46,46,46,34,34,34,55,32,61,61,61,18,18,18,0,0],"gold":95,"neow_bonus":"THREE_ENEMY_KILL","is_daily":false,"chose_seed":false,"campfire_upgraded":0,"win_rate":0.0,"timestamp":1611613365,"path_taken":["M","?","?","$","?","E","?","M","T","M","R","E","?","M","R","BOSS","M","?","M","$","M","M"],"items_purchased_type":["Card","Card","Card","Card","Card","Card"],"build_version":"2020-12-22","purchased_purges":1,"victory":false,"max_hp_per_floor":[70,70,70,70,70,70,70,70,70,70,70,70,70,70,70,70,70,70,70,70,70,70,70,70],"card_choices":[{"not_picked":["theDuelist:UmbralHorrorGhost","theDuelist:DarklordMarie","theDuelist:DrivenDaredevil","theDuelist:KingYami"],"picked":"theDuelist:SlateWarrior","floor":1},{"not_picked":["theDuelist:BattleOx","theDuelist:PowerGiant","theDuelist:BigKoala","theDuelist:FuryFire"],"picked":"theDuelist:SilverApples","floor":6},{"not_picked":["theDuelist:FuryFire","theDuelist:MagicalStone","theDuelist:ScrapFactory","theDuelist:BigKoala"],"picked":"theDuelist:BigFire","floor":7},{"not_picked":["theDuelist:ArchfiendSoldier","theDuelist:TerraTerrible","theDuelist:CheerfulCoffin","theDuelist:PotDuality"],"picked":"theDuelist:UmbralHorrorUniform","floor":8},{"not_picked":["theDuelist:AttackTheMoon","theDuelist:Fissure","theDuelist:WormWarlord","theDuelist:MudragonSwamp"],"picked":"theDuelist:RainbowOverdragon","floor":10},{"not_picked":["theDuelist:ArchfiendInterceptor","theDuelist:Sangan"],"picked":"theDuelist:SlateWarrior","floor":12},{"not_picked":["theDuelist:DummyGolem","theDuelist:EarthEffigy","theDuelist:EarthquakeGiant","theDuelist:GolemSentry"],"picked":"theDuelist:MudGolem","floor":14},{"not_picked":["theDuelist:FeatherShot","theDuelist:Wildfire","theDuelist:ArchfiendCommander","theDuelist:Tierra"],"picked":"theDuelist:CallGrave","floor":16},{"not_picked":["theDuelist:BattleOx","theDuelist:DarklordSuperbia","theDuelist:GraniteLoyalist","theDuelist:LightningVortex","theDuelist:Mathematician"],"picked":"SKIP","floor":18},{"not_picked":["theDuelist:CosmicHorrorGangiel","theDuelist:Pumprincess","theDuelist:PortraitSecret","theDuelist:SkullArchfiend"],"picked":"theDuelist:RedSprinter","floor":20},{"not_picked":["theDuelist:Cloning","theDuelist:Hinotama+1","theDuelist:SphereKuriboh","theDuelist:Wiretap"],"picked":"theDuelist:BerserkerCrush+1","floor":22}],"player_experience":1536910,"relics_obtained":[{"floor":2,"key":"Ring of Misfortune"},{"floor":2,"key":"ReplayTheSpireMod:Ring of Exchange"},{"floor":6,"key":"Quantum Egg"},{"floor":12,"key":"Oddly Smooth Stone"}],"event_choices":[{"damage_healed":0,"gold_gain":75,"player_choice":"Gather Gold","damage_taken":11,"max_hp_gain":0,"max_hp_loss":0,"event_name":"World of Goop","floor":3,"gold_loss":0},{"damage_healed":0,"gold_gain":59,"player_choice":"Gained Gold","damage_taken":0,"max_hp_gain":0,"max_hp_loss":0,"event_name":"Golden Wing","floor":5,"gold_loss":0},{"damage_healed":0,"gold_gain":0,"player_choice":"Leave","duelist":true,"damage_taken":0,"max_hp_gain":0,"max_hp_loss":0,"event_name":"Egyptian Village","floor":13,"gold_loss":0},{"damage_healed":0,"gold_gain":0,"player_choice":"Ignored","damage_taken":0,"max_hp_gain":0,"max_hp_loss":0,"event_name":"Ghosts","floor":19,"gold_loss":0}],"is_beta":false,"boss_relics":[{"not_picked":["Honey Jar","Replay:Wanted Poster"],"picked":"Sozu"}],"items_purged_floors":[21],"is_endless":false,"potions_floor_spawned":[7,10,14,16,18,20],"killed_by":"Snake Plant","ascension_level":20}}