{"host":"6rz02yiipefhcw4r","time":1611583783,"event":{"mods":["2.2 Compatiblity","BaseMod","Block Reminder","Colored Map","Curses Come First","DeckTracker","Googly Eyes","Minty Spire (QoL Compilation)","Quick Restart","Rare Cards Sparkle","StSLib"],"gold_per_floor":[110,130,205,59,75,110,110,110,110],"floor_reached":8,"language":"ENG","playtime":405,"items_purged":[],"score":112,"play_id":"51747572-f79b-435b-9986-72c3323ebd85","local_time":"20210125120943","is_ascension_mode":true,"campfire_choices":[{"floor":7,"key":"REST"}],"circlet_count":0,"master_deck":["AscendersBane","Strike_R","Strike_R","Strike_R","Strike_R","Strike_R","Defend_R","Defend_R","Defend_R","Defend_R","Bash","Shrug It Off","Body Slam","Armaments"],"relics":["Busted Crown","CaptainsWheel"],"acts_visited":["Exordium"],"potions_floor_usage":[6],"damage_taken":[{"damage":6.0,"enemies":"2 Louse","floor":1.0,"turns":3.0},{"damage":7.0,"enemies":"Small Slimes","floor":2.0,"turns":4.0},{"damage":4.0,"enemies":"Jaw Worm","floor":5.0,"turns":4.0},{"damage":30,"enemies":"Gremlin Nob","floor":6,"turns":4},{"damage":27,"enemies":"3 Sentries","floor":8,"turns":5}],"seed_played":"3923770923328631896","potions_obtained":[{"floor":5.0,"key":"PowerPotion"}],"is_trial":false,"path_per_floor":["M","M","?","$","M","E","R","E"],"character_chosen":"IRONCLAD","items_purchased":["Shrug It Off","Body Slam","Armaments"],"campfire_rested":1,"item_purchase_floors":[4,4,4],"current_hp_per_floor":[62,55,44,44,40,10,32,5,5],"gold":110,"neow_bonus":"BOSS_RELIC","is_daily":false,"chose_seed":false,"campfire_upgraded":0,"win_rate":0.0,"timestamp":1611583783,"path_taken":["M","M","?","$","M","E","R","E"],"items_purchased_type":["Card","Card","Card"],"build_version":"2020-12-22","purchased_purges":0,"victory":false,"max_hp_per_floor":[75,75,75,75,75,75,75,75,75],"card_choices":[{"not_picked":["Heavy Blade"],"picked":"SKIP","floor":1.0},{"not_picked":["Heavy Blade"],"picked":"SKIP","floor":2.0},{"not_picked":["Pummel"],"picked":"SKIP","floor":5.0},{"not_picked":["Body Slam"],"picked":"SKIP","floor":6}],"player_experience":737781,"relics_obtained":[{"floor":6,"key":"CaptainsWheel"}],"event_choices":[{"damage_healed":0.0,"max_hp_gain":0.0,"max_hp_loss":0.0,"gold_gain":75.0,"event_name":"World of Goop","player_choice":"Gather Gold","floor":3.0,"gold_loss":0.0,"damage_taken":11.0}],"is_beta":false,"boss_relics":[],"items_purged_floors":[],"is_endless":false,"potions_floor_spawned":[5],"killed_by":"3 Sentries","ascension_level":20}}