{"host":"i0avyit1s6jb1siw","time":1611574030,"event":{"mods":["BaseMod","DeckTracker","Dota2Spire","Highlight Path","Minty Spire (QoL Compilation)","Quick Restart","StSLib","SuperFastMode"],"gold_per_floor":[109,125,125,125,125,125,150,165,165,7,17,17,28,55,55,55,136,136,161,183,183,59,76,106,106,143,168,168,192,236,249,278,303,303,389,389,400,400,252,279,298,328,328,340,366,437,437,437],"floor_reached":47,"language":"ENG","playtime":1008,"items_purged":["Strike_G","Strike_G"],"score":1164,"play_id":"88b6f5ea-4d25-43e2-95ab-1f414249772e","local_time":"20210125122710","is_ascension_mode":true,"campfire_choices":[{"data":"Quick Slash","floor":6.0,"key":"SMITH"},{"data":"Bouncing Flask","floor":12.0,"key":"SMITH"},{"data":"Accuracy","floor":15.0,"key":"SMITH"},{"data":"Blade Dance","floor":16.0,"key":"SMITH"},{"floor":25.0,"key":"REST"},{"data":"Cloak And Dagger","floor":34.0,"key":"SMITH"},{"data":"Accuracy","floor":43.0,"key":"SMITH"}],"circlet_count":0,"master_deck":["AscendersBane","Strike_G","Strike_G","Defend_G+1","Defend_G+1","Defend_G","Defend_G","Defend_G+1","Survivor","Neutralize","Accuracy+1","Quick Slash+1","Bouncing Flask+1","Blade Dance+1","Corpse Explosion","Backflip","Infinite Blades","Blade Dance","Leg Sweep","Cloak And Dagger+1","Cloak And Dagger","PiercingWail","Backflip","Burst","PiercingWail","Accuracy+1","Backflip+1"],"relics":["Dota2Spire:RefresherOrb","Letter Opener","Matryoshka","War Paint","Oddly Smooth Stone","Lee\u0027s Waffle","CeramicFish","Black Star","Akabeko","Nunchaku","Mummified Hand","Regal Pillow","Dota2Spire:LotusOrb","Lantern","Dota2Spire:ArmletOfMordiggian","Dota2Spire:EchoSabre","WristBlade","Dota2Spire:DrumOfEndurance","Bottled Lightning","Dream Catcher","Potion Belt"],"acts_visited":["Exordium","TheCity","TheBeyond"],"potions_floor_usage":[47],"damage_taken":[{"damage":0.0,"enemies":"2 Louse","floor":1.0,"turns":4.0},{"damage":2.0,"enemies":"Small Slimes","floor":2.0,"turns":5.0},{"damage":5.0,"enemies":"Lagavulin","floor":7.0,"turns":7.0},{"damage":7.0,"enemies":"Jaw Worm","floor":8.0,"turns":4.0},{"damage":0.0,"enemies":"Red Slaver","floor":11.0,"turns":4.0},{"damage":14.0,"enemies":"3 Louse","floor":13.0,"turns":2.0},{"damage":11.0,"enemies":"3 Sentries","floor":14.0,"turns":8.0},{"damage":8.0,"enemies":"The Guardian","floor":17.0,"turns":8.0},{"damage":3.0,"enemies":"3 Byrds","floor":19.0,"turns":5.0},{"damage":11.0,"enemies":"2 Thieves","floor":20.0,"turns":4.0},{"damage":37.0,"enemies":"Shelled Parasite and Fungi","floor":23.0,"turns":4.0},{"damage":13.0,"enemies":"Gremlin Leader","floor":24.0,"turns":5.0},{"damage":15.0,"enemies":"Book of Stabbing","floor":26.0,"turns":4.0},{"damage":3.0,"enemies":"Snake Plant","floor":29.0,"turns":3.0},{"damage":0.0,"enemies":"Gremlin Leader","floor":30.0,"turns":5.0},{"damage":5.0,"enemies":"Centurion and Healer","floor":31.0,"turns":2.0},{"damage":11.0,"enemies":"Snecko","floor":32.0,"turns":3.0},{"damage":0.0,"enemies":"Snake Plant","floor":33.0,"turns":4.0},{"damage":24.0,"enemies":"Collector","floor":35.0,"turns":5.0},{"damage":4.0,"enemies":"Orb Walker","floor":37.0,"turns":2.0},{"damage":0.0,"enemies":"3 Darklings","floor":40.0,"turns":2.0},{"damage":0.0,"enemies":"Jaw Worm Horde","floor":41.0,"turns":2.0},{"damage":11.0,"enemies":"Giant Head","floor":42.0,"turns":6.0},{"damage":0.0,"enemies":"4 Shapes","floor":44.0,"turns":2.0},{"damage":26.0,"enemies":"Nemesis","floor":45.0,"turns":3.0},{"damage":29,"enemies":"Reptomancer","floor":47,"turns":3}],"seed_played":"-3092782776105568733","potions_obtained":[{"floor":1.0,"key":"FearPotion"},{"floor":7.0,"key":"SkillPotion"},{"floor":8.0,"key":"Swift Potion"},{"floor":13.0,"key":"Energy Potion"},{"floor":17.0,"key":"BlessingOfTheForge"},{"floor":19.0,"key":"Fruit Juice"},{"floor":20.0,"key":"Strength Potion"},{"floor":30.0,"key":"DuplicationPotion"},{"floor":33.0,"key":"LiquidMemories"},{"floor":35.0,"key":"Weak Potion"},{"floor":44.0,"key":"Energy Potion"}],"is_trial":false,"path_per_floor":["M","M","?","?","?","R","E","M","T","$","M","R","M","E","R","R","B",null,"M","M","?","$","M","E","R","E","T","?","M","E","M","M","M","R","B",null,"M","?","$","M","M","E","R","M","E","T","E"],"character_chosen":"THE_SILENT","items_purchased":["Lee\u0027s Waffle","Blade Dance","PiercingWail"],"campfire_rested":1,"item_purchase_floors":[10,22,39],"current_hp_per_floor":[59,57,37,37,32,32,27,20,20,73,73,73,59,48,48,48,40,65,62,56,56,56,19,6,29,14,14,78,75,75,70,59,59,59,35,67,63,63,63,63,63,52,52,52,26,26,0,0],"gold":437,"neow_bonus":"BOSS_RELIC","is_daily":false,"chose_seed":false,"campfire_upgraded":6,"win_rate":0.0,"timestamp":1611574030,"path_taken":["M","M","?","?","?","R","E","?","T","?","M","R","?","E","R","R","BOSS","M","M","?","$","M","E","R","E","T","?","M","E","?","M","M","R","BOSS","M","?","$","M","M","E","R","M","E","T","E"],"items_purchased_type":["Relic","Card","Card"],"build_version":"2020-12-22","purchased_purges":2,"victory":false,"max_hp_per_floor":[66,66,66,66,66,66,66,66,66,73,73,73,73,73,73,73,73,73,73,78,78,78,78,78,78,78,78,78,78,78,78,78,78,78,78,78,78,78,78,78,78,78,78,78,78,78,78,78],"card_choices":[{"not_picked":["Heel Hook","Underhanded Strike"],"picked":"Accuracy","floor":1.0},{"not_picked":["Tactician","Underhanded Strike"],"picked":"Quick Slash","floor":2.0},{"not_picked":["Finisher","Sucker Punch","Outmaneuver"],"picked":"SKIP","floor":7.0},{"not_picked":["Outmaneuver","Heel Hook"],"picked":"Skewer","floor":8.0},{"not_picked":["Endless Agony","Deadly Poison"],"picked":"Bouncing Flask","floor":11.0},{"not_picked":["Cloak And Dagger","Tactician"],"picked":"Blade Dance","floor":13.0},{"not_picked":["Expertise","Dagger Throw","Concentrate"],"picked":"SKIP","floor":14.0},{"not_picked":["Phantasmal Killer","Die Die Die"],"picked":"Corpse Explosion","floor":17.0},{"not_picked":["Quick Slash","Setup"],"picked":"Backflip","floor":19.0},{"not_picked":["Flying Knee","Dagger Spray+1"],"picked":"Infinite Blades","floor":20.0},{"not_picked":["Outmaneuver","Dagger Spray","Poisoned Stab"],"picked":"SKIP","floor":23.0},{"not_picked":["Quick Slash","Bane","Expertise"],"picked":"SKIP","floor":24.0},{"not_picked":["Corpse Explosion","Escape Plan"],"picked":"Leg Sweep","floor":26.0},{"not_picked":["Deflect","Outmaneuver"],"picked":"Cloak And Dagger","floor":29.0},{"not_picked":["Poisoned Stab","Caltrops"],"picked":"Cloak And Dagger","floor":30.0},{"not_picked":["Cloak And Dagger","Dodge and Roll","Underhanded Strike"],"picked":"SKIP","floor":31.0},{"not_picked":["Tactician","Bane"],"picked":"PiercingWail","floor":32.0},{"not_picked":["Backstab+1","Sucker Punch+1"],"picked":"Backflip","floor":33.0},{"not_picked":["Corpse Explosion","Venomology"],"picked":"Burst","floor":35.0},{"not_picked":["Endless Agony","Blade Dance","Finisher"],"picked":"SKIP","floor":37.0},{"not_picked":["Sucker Punch+1","Cloak And Dagger"],"picked":"Accuracy","floor":40.0},{"not_picked":["Dagger Spray","Bouncing Flask"],"picked":"Backflip+1","floor":41.0},{"not_picked":["Backflip","Crippling Poison","Predator"],"picked":"SKIP","floor":42.0},{"not_picked":["Dagger Spray","Underhanded Strike+1","Deflect"],"picked":"SKIP","floor":44.0},{"not_picked":["Deflect","Underhanded Strike","Riddle With Holes"],"picked":"SKIP","floor":45.0}],"player_experience":2333506,"relics_obtained":[{"floor":7.0,"key":"Matryoshka"},{"floor":9.0,"key":"War Paint"},{"floor":9.0,"key":"Oddly Smooth Stone"},{"floor":14.0,"key":"CeramicFish"},{"floor":24.0,"key":"Akabeko"},{"floor":24.0,"key":"Nunchaku"},{"floor":26.0,"key":"Mummified Hand"},{"floor":26.0,"key":"Regal Pillow"},{"floor":27.0,"key":"Dota2Spire:LotusOrb"},{"floor":27.0,"key":"Lantern"},{"floor":30.0,"key":"Dota2Spire:ArmletOfMordiggian"},{"floor":30.0,"key":"Dota2Spire:EchoSabre"},{"floor":42.0,"key":"Dota2Spire:DrumOfEndurance"},{"floor":42.0,"key":"Bottled Lightning"},{"floor":45.0,"key":"Dream Catcher"},{"floor":45.0,"key":"Potion Belt"}],"event_choices":[{"damage_healed":0.0,"max_hp_gain":0.0,"max_hp_loss":0.0,"gold_gain":0.0,"event_name":"Shining Light","player_choice":"Entered Light","floor":3.0,"gold_loss":0.0,"damage_taken":20.0,"cards_upgraded":["Defend_G","Strike_G"]},{"damage_healed":0.0,"max_hp_gain":0.0,"max_hp_loss":0.0,"gold_gain":0.0,"event_name":"Liars Game","player_choice":"Ignored","floor":4.0,"gold_loss":0.0,"damage_taken":0.0},{"damage_healed":0.0,"max_hp_gain":0.0,"max_hp_loss":0.0,"gold_gain":0.0,"event_name":"Scrap Ooze","player_choice":"Success","floor":5.0,"gold_loss":0.0,"damage_taken":5.0,"relics_obtained":["Letter Opener"]},{"damage_healed":0.0,"max_hp_gain":0.0,"max_hp_loss":0.0,"gold_gain":0.0,"event_name":"Vampires","player_choice":"Ignored","floor":21.0,"gold_loss":0.0,"damage_taken":0.0},{"cards_removed":["Skewer"],"damage_healed":64.0,"max_hp_gain":0.0,"max_hp_loss":0.0,"gold_gain":0.0,"event_name":"Bonfire Elementals","player_choice":"Offered Uncommon","floor":28.0,"gold_loss":0.0,"damage_taken":0.0},{"cards_removed":["Strike_G"],"damage_healed":0.0,"max_hp_gain":0.0,"max_hp_loss":0.0,"gold_gain":0.0,"event_name":"Falling","player_choice":"Removed Attack","floor":38.0,"gold_loss":0.0,"damage_taken":0.0}],"is_beta":false,"boss_relics":[{"not_picked":["SlaversCollar","Runic Dome"],"picked":"Black Star"},{"not_picked":["Runic Pyramid","Fusion Hammer"],"picked":"WristBlade"}],"items_purged_floors":[22,39],"is_endless":false,"potions_floor_spawned":[1,7,8,13,17,19,20,24,30,33,35,42,44],"killed_by":"Reptomancer","ascension_level":20}}