{"host":"jfbo3eu2ui08ej1u","time":1611556828,"event":{"mods":["2.2 Compatiblity","AchievementEnabler","Act Like it!","Aspiration","BaseMod","Better Altar","Better Match","Better Note","Better Sensory Stone","Better Skull","Better Third Choice","Block Reminder","Colored Map","Colored Powertips","Conspire","DeckTracker","Displayed Cursed Tome","Energized Spire","Fox Events","GifTheSpireLib","Hubris","Infinite Spire","Marked Mod","Minty Spire (QoL Compilation)","Pale of the Ancients","Poor People Problems","Quick Restart","Relic Filter","Reliquary","Reorder Act Four","Replay The Spire","Shop Mod","Spicy Shops","Spire Arcade","StSLib","Stuff the Spire","The Blue Laboratory","The Disciple","The Forsaken","The Hierophant","The Marked","Uncapped","Unceasing Turn Reminder","Wandering Minibosses"],"gold_per_floor":[109,109,128,141,151,151,179,179,206,206,220,220,232,258,258,335,335,346,261,261,261,261,261,261,261],"floor_reached":24,"language":"ENG","playtime":601,"items_purged":["Strike_P"],"score":583,"play_id":"c5383599-9822-46ff-bee7-61d264ea73fa","local_time":"20210125014028","is_ascension_mode":true,"campfire_choices":[{"floor":6.0,"key":"REST"},{"floor":10.0,"key":"REST"},{"data":"CrushJoints","floor":12.0,"key":"SMITH"},{"data":"Study","floor":15.0,"key":"SMITH"},{"data":"Blasphemy","floor":23.0,"key":"SMITH"}],"circlet_count":0,"master_deck":["AscendersBane","Strike_P","Strike_P","Defend_P","Defend_P","Defend_P","Defend_P","Eruption+1","Vigilance","Crescendo","Study+1","WreathOfFlame","BowlingBash","CrushJoints+1","Conclude","ClearTheMind","FollowUp","Blasphemy+1","CutThroughFate","infinitespire:Fortify","ThirdEye","Wallop","Indignation","FlyingSleeves","FlyingSleeves"],"relics":["PureWater","Replay:Ringing Soul","reliquary:TuningFork","StoneCalendar","hubris:HollowSoul","hubris:FunFungus","Orrery","Black Star","hubris:Towel"],"acts_visited":["Exordium","TheCity"],"potions_floor_usage":[24],"damage_taken":[{"damage":0.0,"enemies":"Cultist","floor":1.0,"turns":3.0},{"damage":8.0,"enemies":"Small Slimes","floor":3.0,"turns":4.0},{"damage":0.0,"enemies":"Jaw Worm","floor":4.0,"turns":3.0},{"damage":29.0,"enemies":"2 Fungi Beasts","floor":5.0,"turns":5.0},{"damage":26.0,"enemies":"3 Sentries","floor":7.0,"turns":11.0},{"damage":9.0,"enemies":"Blue Slaver","floor":11.0,"turns":5.0},{"damage":0.0,"enemies":"3 Louse","floor":13.0,"turns":1.0},{"damage":0.0,"enemies":"Lagavulin","floor":14.0,"turns":3.0},{"damage":0.0,"enemies":"Slime Boss","floor":16.0,"turns":6.0},{"damage":17.0,"enemies":"2 Thieves","floor":18.0,"turns":3.0},{"damage":19,"enemies":"Slavers","floor":24,"turns":1}],"seed_played":"3820748451147490768","potions_obtained":[{"floor":7.0,"key":"Block Potion"},{"floor":11.0,"key":"FearPotion"},{"floor":14.0,"key":"blueLaboratory:RememoryPotion"},{"floor":16.0,"key":"AttackPotion"}],"is_trial":false,"path_per_floor":["M","?","M","M","M","R","E","?","T","R","M","R","M","E","R","B",null,"M","?","?","AVR","?","R","E"],"character_chosen":"WATCHER","items_purchased":[],"campfire_rested":2,"item_purchase_floors":[],"current_hp_per_floor":[67,67,59,59,30,52,29,29,29,52,46,46,49,52,52,55,81,67,67,67,70,70,70,0,0],"gold":261,"neow_bonus":"TEN_PERCENT_HP_BONUS","is_daily":false,"chose_seed":false,"campfire_upgraded":3,"win_rate":0.0,"timestamp":1611556828,"path_taken":["M","?","M","M","M","R","E","?","T","R","M","R","?","E","R","BOSS","M","?","?","AVR","?","R","E"],"items_purchased_type":[],"build_version":"2020-12-22","purchased_purges":1,"victory":false,"max_hp_per_floor":[74,74,74,74,74,74,77,77,77,77,80,80,83,86,86,89,89,92,92,92,95,95,95,95,95],"card_choices":[{"not_picked":["WreathOfFlame","Replay:ManipulateFuture"],"picked":"Crescendo","floor":1.0},{"not_picked":["Weave","Replay:AtTheReady"],"picked":"Study","floor":3.0},{"not_picked":["Replay:AtTheReady","Replay:Battleflow"],"picked":"WreathOfFlame","floor":4.0},{"not_picked":["Collect","ThirdEye"],"picked":"BowlingBash","floor":5.0},{"not_picked":["ClearTheMind","WindmillStrike"],"picked":"CrushJoints","floor":7.0},{"not_picked":["Scrawl","Wireheading"],"picked":"Conclude","floor":11.0},{"not_picked":["SandsOfTime","MarkedMod:FirstStrike"],"picked":"ClearTheMind","floor":13.0},{"not_picked":["Halt","CrushJoints"],"picked":"FollowUp","floor":14.0},{"not_picked":["Vault","ConjureBlade"],"picked":"Blasphemy","floor":16.0},{"not_picked":["Replay:AtTheReady","WindmillStrike+1"],"picked":"CutThroughFate","floor":18.0},{"not_picked":["BowlingBash","Replay:AtTheReady"],"picked":"ThirdEye","floor":21.0},{"not_picked":["MarkedMod:Acupuncture","PathToVictory"],"picked":"Wallop","floor":21.0},{"not_picked":["SashWhip","Fasting2"],"picked":"Indignation","floor":21.0},{"not_picked":["Nirvana","Replay:Battleflow"],"picked":"FlyingSleeves","floor":21.0},{"not_picked":["EmptyFist","Pray"],"picked":"FlyingSleeves","floor":21.0}],"player_experience":1223912,"relics_obtained":[{"floor":7.0,"key":"Replay:Ringing Soul"},{"floor":9.0,"key":"reliquary:TuningFork"},{"floor":14.0,"key":"StoneCalendar"}],"event_choices":[{"cards_removed":["Strike_P"],"damage_healed":0.0,"max_hp_gain":0.0,"max_hp_loss":0.0,"gold_gain":0.0,"event_name":"Bonfire Elementals","player_choice":"Offered Basic","floor":8.0,"gold_loss":0.0,"damage_taken":0.0},{"damage_healed":0.0,"max_hp_gain":0.0,"max_hp_loss":0.0,"gold_gain":0.0,"event_name":"Addict","player_choice":"Obtained Relic","floor":19.0,"gold_loss":85.0,"damage_taken":0.0,"relics_obtained":["hubris:FunFungus"]},{"damage_healed":0.0,"max_hp_gain":0.0,"max_hp_loss":0.0,"gold_gain":0.0,"event_name":"Vampires","player_choice":"Ignored","floor":20.0,"gold_loss":0.0,"damage_taken":0.0}],"is_beta":false,"boss_relics":[{"not_picked":["ReplayTheSpireMod:SealedPack","Fusion Hammer"],"picked":"hubris:HollowSoul"}],"items_purged_floors":[21],"is_endless":false,"potions_floor_spawned":[7,11,13,14,16],"killed_by":"Slavers","ascension_level":20}}