{"host":"9k0h2vz8jg45dz67","time":1611575041,"event":{"mods":["Act Like it!","BaseMod","Colored Map","Colored Powertips","Downfall","Friendly Minions","Gensokyo","GifTheSpireLib","Hermit","Hubris","Infinite Spire","Koishi","Lobotomy","LobotomyExtend","Marisa¡]Ãú«B¡@Å]²z¨F¡^","Minty Spire (QoL Compilation)","Prisma Mod","READ ME - Guardian Mod","Relic Stats","Remilia¡]Á¢¦Ì²ú?¡^","Replay The Spire","Robot Space Explorer","StSLib","The Animator","The Bug Knight","The Clintock","The Construct","The Cursed","The Disciple","The Hierophant","The Jungle","The Necromancer","The Poker Player","The Servant 0.9.4","Youmu¡]»î¾z§¯?¡^","Yuyuko"],"gold_per_floor":[118,118,118,137,236,270,370,370,370,404,404,421,434,445,445,547,547,559,559,559,576,576,576,576,539,588,478,493,511,523,523,523,543,543,646,646,662,662,662,662,676,676,709,709,709,720,734,674,686,721,721,721],"floor_reached":53,"language":"ZHS","playtime":8136,"items_purged":[],"score":829,"play_id":"b387cf11-7159-41e2-afe3-19bf8bce8139","local_time":"20210125194401","is_ascension_mode":false,"campfire_choices":[{"floor":8,"key":"REST"},{"data":"HumanGodSword","floor":11,"key":"SMITH"},{"data":"HeavenSword","floor":24,"key":"SMITH"},{"data":"MatsuyoiReflectingSatelliteSlash","floor":34,"key":"SMITH"},{"data":"Gensokyo:ShootingStar","floor":42,"key":"SMITH"},{"floor":44,"key":"REST"},{"floor":51,"key":"REST"}],"circlet_count":0,"master_deck":["Strike_YM","Strike_YM","Strike_YM","Strike_YM","Defend_YM","Defend_YM","Defend_YM","Defend_YM","SlashOfPresentWorld+1","WheelOfPainOfLivingAndDead","AsTheSilentNirvana+1","AsTheSilentNirvana","Sickly","Delirium","infinitespire:FinalStrike+1","CelestialStarSword","HeavenlyHaloSlash","CrescentMoonSlash","HesitationCuttingSword","CrescentMoonSlash","TenKingsRetributionOnThePreta","HeavenSword+1","FastingOfTheYoungPreta","DoubleWheelOfPain","TransmigrationSlash","RapidSlash+1","MatsuyoiReflectingSatelliteSlash+1","Gensokyo:ShootingStar+1","WickedSoul","LightFlashOfTheNetherworld","hubris:InfiniteBlow+3","Gensokyo:RPG","CrescentMoonSlash","FlashingScatteredFlowers","LightFlashOfTheNetherworld+1","BizarrenessOfSixRealms+1","Gensokyo:CustomPotion","CrescentMoonSlash+1","FiveSignsOfTheDyingDeva+1"],"relics":["HalfPhantom","LetterFromLob","Bronze Scales","Gremlin Horn","hubris:VirtuousBlindfold","hubris:Icosahedron","Gensokyo:RedStar","Whetstone","Centennial Puzzle","Gensokyo:Companionship","hubris:TerracottaHorce","HollowMod:StagPassRelic","Frozen Egg 2","Quantum Egg","infinitespire:CursedDice"],"acts_visited":["Exordium","Gensokyo:Gensokyo","Gensokyo:Gensokyoer"],"potions_floor_usage":[6,30,30,30,39,49,52],"damage_taken":[{"damage":2,"enemies":"Gensokyo:2_Kodama","floor":1,"turns":5},{"damage":15,"enemies":"Gensokyo:3_Fairies","floor":4,"turns":6},{"damage":20,"enemies":"Gensokyo:Aya","floor":6,"turns":11},{"damage":0,"enemies":"Gensokyo:Mamizou","floor":10,"turns":8},{"damage":0,"enemies":"Gensokyo:Python","floor":12,"turns":2},{"damage":1,"enemies":"Gensokyo:3_Kodama","floor":13,"turns":3},{"damage":0,"enemies":"Gensokyo:LivingMonolith","floor":14,"turns":3},{"damage":0,"enemies":"Gensokyo:Reimu","floor":16,"turns":11},{"damage":0,"enemies":"Gensokyo:2_Gloops","floor":18,"turns":3},{"damage":10,"enemies":"Gensokyo:3_Dogs","floor":21,"turns":5},{"damage":14,"enemies":"Gensokyo:3_Gloops","floor":25,"turns":5},{"damage":4,"enemies":"Gensokyo:Wraith","floor":28,"turns":3},{"damage":26,"enemies":"Gensokyo:Chomper_and_Gloop","floor":29,"turns":6},{"damage":12,"enemies":"Gensokyo:Monolith_and_Dog","floor":30,"turns":2},{"damage":7,"enemies":"Gensokyo:Mirror_and_Dog","floor":33,"turns":4},{"damage":20,"enemies":"Gensokyo:Eiki","floor":35,"turns":7},{"damage":0,"enemies":"Gensokyo:AncientGuardian","floor":37,"turns":4},{"damage":66,"enemies":"Gensokyo:AncientGuardian","floor":39,"turns":7},{"damage":37,"enemies":"Gensokyo:3_Boulders","floor":41,"turns":4},{"damage":20,"enemies":"Gensokyo:Kasen","floor":43,"turns":5},{"damage":6,"enemies":"Gensokyo:AtlasGolem","floor":46,"turns":4},{"damage":0,"enemies":"Gensokyo:SeedOfUnknown","floor":47,"turns":3},{"damage":12,"enemies":"Gensokyo:Rafflesia","floor":49,"turns":6},{"damage":46,"enemies":"Gensokyo:Marisa","floor":50,"turns":4},{"damage":22,"enemies":"Gensokyo:Yuyuko","floor":52,"turns":3}],"seed_played":"-125577513166170684","potions_obtained":[{"floor":4,"key":"Weak Potion"},{"floor":10,"key":"Languid Potion"},{"floor":13,"key":"Explosive Potion"},{"floor":21,"key":"Fire Potion"},{"floor":25,"key":"Fire Potion"},{"floor":35,"key":"Weak Potion"},{"floor":43,"key":"Strength Potion"},{"floor":46,"key":"Languid Potion"},{"floor":50,"key":"DuplicationPotion"}],"is_trial":false,"path_per_floor":["M","?","?","M","?","E","?","R","T","E","R","M","M","M","R_BF","B",null,"M","?","$","M","?","?","R","M","T","COS","M","M","M","PTL","PTL","M","R","B",null,"M","AVR","?","?","M","R","E","R","T","M","M","?","M","E","R","B",null],"character_chosen":"YOUMU","items_purchased":[],"campfire_rested":3,"item_purchase_floors":[],"current_hp_per_floor":[73,73,73,58,28,8,8,30,30,30,30,30,29,29,51,51,75,75,75,75,65,75,75,75,61,61,61,57,42,40,40,40,43,43,55,70,70,70,70,70,33,33,13,35,35,39,39,39,38,5,27,27],"gold":721,"neow_bonus":"THREE_CARDS","is_daily":false,"chose_seed":false,"campfire_upgraded":4,"win_rate":0.0,"timestamp":1611575041,"path_taken":["M","?","?","M","?","E","?","R","T","E","R","?","M","M","R_BF","BOSS","M","?","$","M","?","?","R","?","T","COS","M","M","?","PTL","PTL","M","R","BOSS","M","AVR","?","?","?","R","E","R","T","M","M","?","?","E","R","BOSS"],"items_purchased_type":[],"build_version":"2020-12-22","purchased_purges":0,"victory":true,"max_hp_per_floor":[75,75,75,75,75,75,75,75,75,75,75,75,75,75,75,75,75,75,75,75,75,75,75,75,75,75,75,75,75,75,75,75,75,75,75,75,75,75,75,75,75,75,75,75,75,75,75,75,75,75,75,75],"relic_stats":{"Centennial Puzzle":[24],"Gremlin Horn":[25,25],"counters":[25,124],"Bronze Scales":[191],"Whetstone":["SlashOfPresentWorld","infinitespire:FinalStrike"],"obtain_stats":[{"Gremlin Horn":10,"infinitespire:CursedDice":50,"Quantum Egg":45,"hubris:VirtuousBlindfold":17,"HalfPhantom":0,"Whetstone":26,"Frozen Egg 2":43,"Gensokyo:RedStar":23,"HollowMod:StagPassRelic":38,"hubris:TerracottaHorce":36,"Centennial Puzzle":33,"hubris:Icosahedron":19,"Gensokyo:Companionship":35,"Bronze Scales":6,"LetterFromLob":1},{"Gremlin Horn":4,"infinitespire:CursedDice":24,"Quantum Egg":20,"hubris:VirtuousBlindfold":8,"HalfPhantom":0,"Whetstone":11,"Frozen Egg 2":20,"Gensokyo:RedStar":10,"HollowMod:StagPassRelic":17,"hubris:TerracottaHorce":16,"Centennial Puzzle":15,"hubris:Icosahedron":9,"Gensokyo:Companionship":16,"Bronze Scales":3,"LetterFromLob":1},{"Gremlin Horn":30,"infinitespire:CursedDice":121,"Quantum Egg":104,"hubris:VirtuousBlindfold":49,"HalfPhantom":0,"Whetstone":62,"Frozen Egg 2":104,"Gensokyo:RedStar":57,"HollowMod:StagPassRelic":88,"hubris:TerracottaHorce":84,"Centennial Puzzle":76,"hubris:Icosahedron":52,"Gensokyo:Companionship":78,"Bronze Scales":22,"LetterFromLob":5}]},"card_choices":[{"not_picked":["FlashingScatteredFlowers","LifeCuttingSword"],"picked":"AsTheSilentNirvana","floor":0},{"not_picked":["ConstancyOfTheConventionalTruth","ThreeKonsSevenHakus"],"picked":"AsTheSilentNirvana","floor":1},{"not_picked":["infinitespire:FutureSight","infinitespire:SealOfDarkness+"],"picked":"infinitespire:FinalStrike","floor":3},{"not_picked":["PhosphoricSlash","HeavenlyHaloSlash"],"picked":"CelestialStarSword","floor":4},{"not_picked":["LifeCuttingSword","CherryBlossomFlashing"],"picked":"HeavenlyHaloSlash","floor":5},{"not_picked":["LifeCuttingSword","SanzenSekai"],"picked":"CrescentMoonSlash","floor":5},{"not_picked":["TransmigrationSlash","SuddenPhantomFormationSlashOfKarmicWind"],"picked":"HumanGodSword","floor":5},{"not_picked":["TurningAngelCut","ThreeKonsSevenHakus"],"picked":"HesitationCuttingSword","floor":6},{"not_picked":["ObsessionWithThePresentWorld","ThreeKonsSevenHakus"],"picked":"CrescentMoonSlash","floor":10},{"not_picked":["LowerRealmReflectionSlash","TurningAngelCut"],"picked":"TenKingsRetributionOnThePreta","floor":12},{"not_picked":["SwordOfBindingDesires","CrescentMoonSlash"],"picked":"HeavenSword","floor":13},{"not_picked":["ThreeKonsSevenHakus","LowerRealmReflectionSlash","CherryBlossomFlashing"],"picked":"SKIP","floor":14},{"not_picked":["ASingleThoughtAndInfiniteKalpas","HeavenSword"],"picked":"FastingOfTheYoungPreta","floor":16},{"not_picked":["PretaSword","SlashOfAscensionToBuddhahood"],"picked":"DoubleWheelOfPain","floor":18},{"not_picked":["DispleasureOfTheSevenHakus","DoubleWheelOfPain","SpiritCuttingSword"],"picked":"SKIP","floor":21},{"not_picked":["SwordExtraction","DispleasureOfTheSevenHakus"],"picked":"TransmigrationSlash","floor":25},{"not_picked":["SanzenSekai","LifeCuttingSword","LowerRealmReflectionSlash"],"picked":"SKIP","floor":28},{"not_picked":["FlashingScatteredFlowers","ObsessionSword","LowerRealmReflectionSlash"],"picked":"SKIP","floor":29},{"not_picked":["SpiderLilyBurial","ConstancyOfTheConventionalTruth"],"picked":"RapidSlash+1","floor":30},{"not_picked":["ThreeKonsSevenHakus+1","LowerRealmReflectionSlash"],"picked":"MatsuyoiReflectingSatelliteSlash","floor":33},{"not_picked":[],"picked":"Gensokyo:ShootingStar","floor":35},{"not_picked":["HeavenSword","IrresoluteSoul"],"picked":"WickedSoul","floor":35},{"not_picked":["KarmicPunishmentOfTheIdleAndUnfocused","FlashingScatteredFlowers"],"picked":"LightFlashOfTheNetherworld","floor":37},{"not_picked":["HumanRealmSword","LifeCuttingSword+1"],"picked":"CrescentMoonSlash","floor":41},{"not_picked":["ConstancyOfTheConventionalTruth","WickedSoul"],"picked":"FlashingScatteredFlowers","floor":43},{"not_picked":["FlashingScatteredFlowers","SlashOfMeditation"],"picked":"LightFlashOfTheNetherworld+1","floor":46},{"not_picked":["LightFlashOfTheNetherworld+1","KarmicPunishmentOfTheIdleAndUnfocused+1"],"picked":"BizarrenessOfSixRealms+1","floor":47},{"not_picked":["TwoHundredYojanaInOneSlash+1","SanzenSekai+1"],"picked":"CrescentMoonSlash+1","floor":49},{"not_picked":["EchoesOfTheInclemencyOfAllBeings+1","ReincarnationSword"],"picked":"FiveSignsOfTheDyingDeva+1","floor":50}],"player_experience":792491,"relics_obtained":[{"floor":1,"key":"LetterFromLob"},{"floor":6,"key":"Bronze Scales"},{"floor":10,"key":"Gremlin Horn"},{"floor":26,"key":"Whetstone"},{"floor":43,"key":"Frozen Egg 2"},{"floor":45,"key":"Quantum Egg"},{"floor":50,"key":"infinitespire:CursedDice"}],"event_choices":[],"is_beta":false,"boss_relics":[{"not_picked":["ReplayTheSpireMod:DimensionalGlitch","Ring of Chaos"],"picked":"hubris:VirtuousBlindfold"},{"not_picked":["Astrolabe","Runic Dome"],"picked":"hubris:TerracottaHorce"}],"items_purged_floors":[],"is_endless":false,"potions_floor_spawned":[4,10,13,21,25,28,29,35,43,46,50],"ascension_level":0}}