{"host":"c5j8t0wyh2hvx9ju","time":1611545328,"event":{"mods":["Astrologer","BaseMod","BetterRewards","Minty Spire (QoL Compilation)","Prisma Mod","StSLib"],"gold_per_floor":[117,130,148,148,323,323,323,323],"floor_reached":7,"language":"JPN","playtime":151,"items_purged":[],"score":49,"play_id":"cdd8eebf-1a06-42da-90d6-70150460af05","local_time":"20210125122848","is_ascension_mode":true,"campfire_choices":[{"data":"Eruption","floor":6.0,"key":"SMITH"}],"circlet_count":0,"master_deck":["Strike_P","Strike_P","Strike_P","Defend_P","Defend_P","Defend_P","Defend_P","Eruption+1","Vigilance","Pray","CutThroughFate","Blasphemy","Doubt"],"relics":["PureWater","NeowsBlessing"],"acts_visited":[],"potions_floor_usage":[],"damage_taken":[{"damage":0.0,"enemies":"2 Louse","floor":1.0,"turns":1.0},{"damage":0.0,"enemies":"Small Slimes","floor":2.0,"turns":1.0},{"damage":0.0,"enemies":"Cultist","floor":3.0,"turns":1.0},{"damage":68,"enemies":"Gremlin Nob","floor":7,"turns":3}],"seed_played":"-4554078975209616552","potions_obtained":[{"floor":1.0,"key":"SpeedPotion"},{"floor":3.0,"key":"StancePotion"}],"is_trial":false,"path_per_floor":["M","M","M","?","?","R","E"],"character_chosen":"WATCHER","items_purchased":[],"campfire_rested":0,"item_purchase_floors":[],"current_hp_per_floor":[72,72,72,65,65,65,0,0],"gold":323,"neow_bonus":"THREE_ENEMY_KILL","is_daily":false,"chose_seed":false,"campfire_upgraded":1,"win_rate":0.0,"timestamp":1611545328,"path_taken":["M","M","M","?","?","R","E"],"items_purchased_type":[],"build_version":"2020-12-22","purchased_purges":0,"victory":false,"max_hp_per_floor":[72,72,72,72,72,72,72,72],"card_choices":[{"not_picked":["JustLucky","Consecrate"],"picked":"Pray","floor":1.0},{"not_picked":["PathToVictory","Protect"],"picked":"CutThroughFate","floor":2.0},{"not_picked":["SashWhip","ClearTheMind"],"picked":"Blasphemy","floor":3.0}],"player_experience":856718,"relics_obtained":[],"event_choices":[{"cards_removed":["Strike_P"],"damage_healed":0.0,"max_hp_gain":0.0,"max_hp_loss":0.0,"gold_gain":0.0,"event_name":"Golden Wing","player_choice":"Card Removal","floor":4.0,"gold_loss":0.0,"damage_taken":7.0},{"damage_healed":0.0,"max_hp_gain":0.0,"max_hp_loss":0.0,"gold_gain":175.0,"event_name":"Liars Game","player_choice":"AGREE","floor":5.0,"gold_loss":0.0,"damage_taken":0.0,"cards_obtained":["Doubt"]}],"is_beta":false,"boss_relics":[],"items_purged_floors":[],"is_endless":false,"potions_floor_spawned":[1,3],"killed_by":"Gremlin Nob","ascension_level":4}}