{"host":"lte3xujvwediduij","time":1611602501,"event":{"mods":["Aspiration","BaseMod","Better-Laid Plans","Challenge The Spire","Energized Spire","Minty Spire (QoL Compilation)","Permanent Neow","Replay The Spire","Spicy Shops","StSLib","¡¾ÒÅÎï¿¨ÅÆ¡¿REMEMod","óô»ðÖ¸ÄÏ"],"gold_per_floor":[746,678,709,734,765,765,360,325,353,378,412,412,283,149,184,212,305,345],"floor_reached":19,"language":"ZHS","playtime":1807,"items_purged":["Wish","Writhe"],"score":395,"play_id":"2dbe6d58-b80c-4dfa-a4d5-b7819db856f9","local_time":"20210126032141","daily_mods":["challengethespire:Bronze Difficulty","challengethespire:Elite Rush","Uncertain Future"],"is_ascension_mode":false,"campfire_choices":[],"circlet_count":0,"master_deck":["Strike_B","Strike_B","Strike_B","Strike_B","Defend_B+1","Defend_B+1","Defend_B+1","Defend_B+1","Zap","Dualcast","Conserve Battery","Barrage","White Noise","ReplayTheSpireMod:Reroute Power","BootSequence","Apotheosis","Defragment","Echo Form","Echo Form","Defragment","Loop","Genetic Algorithm","Electrodynamics","Meteor Strike+1","Electrodynamics"],"relics":["Cracked Core","Black Star","Sling","PreservedInsect","REME_ComplimentaryCards","Raider\u0027s Mask","TungstenRod","Meat on the Bone","aspiration:EnhancedActuators","REME_HandOfSuture","Blue Candle","Replay:PocketPolymizer","Symbiotic Virus","energizedSpire:UnstableMolecules","Replay:Bottled Eggs","Akabeko","Molten Egg 2","Gremlin Food","Bronze Scales","Quantum Egg","Counterbalance","Runic Pyramid","Membership Card","ReplayTheSpireMod:CursedCoin","DataDisk","aspiration:Nostalgia","Burning Blood","ReplayTheSpireMod:Shallot","Gremlin Horn","Snack Pack","REME_ArchaeologicalTools","MealTicket","White Beast Statue","Lizard Tail","ReplayTheSpireMod:TigerMarble"],"acts_visited":["Exordium"],"potions_floor_usage":[18],"damage_taken":[{"damage":5,"enemies":"Lagavulin","floor":3,"turns":4},{"damage":12,"enemies":"3 Sentries","floor":4,"turns":4},{"damage":0,"enemies":"Gremlin Nob","floor":5,"turns":2},{"damage":0,"enemies":"Gremlin Leader","floor":9,"turns":2},{"damage":0,"enemies":"Book of Stabbing","floor":10,"turns":2},{"damage":0,"enemies":"Slavers","floor":11,"turns":3},{"damage":2,"enemies":"Giant Head","floor":15,"turns":5},{"damage":59,"enemies":"Reptomancer","floor":16,"turns":3},{"damage":15,"enemies":"Nemesis","floor":17,"turns":5},{"damage":24,"enemies":"Shield and Spear","floor":18,"turns":3}],"seed_played":"-8991205726852348746","potions_obtained":[{"floor":4,"key":"ColorlessPotion"},{"floor":5,"key":"FearPotion"},{"floor":10,"key":"EssenceOfSteel"},{"floor":16,"key":"Regen Potion"},{"floor":18,"key":"REME_GoldPotion"}],"is_trial":true,"path_per_floor":["$","$","E","E","E","T","$","$","E","E","E","T","$","$","E","E","E","E",null],"character_chosen":"DEFECT","items_purchased":["Raider\u0027s Mask","Conserve Battery","Barrage","TungstenRod","Replay:Bottled Eggs","Apotheosis","Defragment","Membership Card","ReplayTheSpireMod:CursedCoin","DataDisk","aspiration:Nostalgia","Loop"],"campfire_rested":0,"item_purchase_floors":[1,1,1,2,7,7,8,13,13,13,14,14],"current_hp_per_floor":[75,75,70,58,58,58,58,58,58,58,58,58,58,58,62,21,26,22],"gold":345,"neow_bonus":"","is_daily":false,"chose_seed":false,"campfire_upgraded":0,"win_rate":0.0,"timestamp":1611602501,"path_taken":["$","$","E","E","E","T","$","$","E","E","E","T","$","$","E","E","E","E"],"items_purchased_type":["Relic","Card","Card","Relic","Relic","Card","Card","Relic","Relic","Relic","Relic","Card"],"build_version":"2020-12-22","purchased_purges":2,"victory":true,"max_hp_per_floor":[75,75,75,75,75,75,75,75,75,75,75,75,75,75,75,75,75,75],"card_choices":[],"player_experience":42483,"relics_obtained":[{"floor":3,"key":"Meat on the Bone"},{"floor":3,"key":"aspiration:EnhancedActuators"},{"floor":4,"key":"REME_HandOfSuture"},{"floor":4,"key":"Blue Candle"},{"floor":5,"key":"Replay:PocketPolymizer"},{"floor":5,"key":"Symbiotic Virus"},{"floor":9,"key":"Akabeko"},{"floor":9,"key":"Molten Egg 2"},{"floor":10,"key":"Gremlin Food"},{"floor":10,"key":"Bronze Scales"},{"floor":11,"key":"Quantum Egg"},{"floor":11,"key":"Counterbalance"},{"floor":15,"key":"ReplayTheSpireMod:Shallot"},{"floor":15,"key":"Gremlin Horn"},{"floor":16,"key":"Snack Pack"},{"floor":16,"key":"REME_ArchaeologicalTools"},{"floor":17,"key":"MealTicket"},{"floor":17,"key":"White Beast Statue"},{"floor":18,"key":"Lizard Tail"},{"floor":18,"key":"ReplayTheSpireMod:TigerMarble"}],"event_choices":[],"is_beta":false,"boss_relics":[{"not_picked":["energizedSpire:OgreHead","Velvet Choker"],"picked":"energizedSpire:UnstableMolecules"},{"not_picked":["REME_ChargedStone","Abe\u0027s Treasure"],"picked":"Runic Pyramid"}],"items_purged_floors":[1,13],"is_endless":false,"potions_floor_spawned":[4,5,10,11,16,17,18],"ascension_level":0}}