{"host":"5jzx1090woovszu4","time":1611552095,"event":{"mods":["BaseMod","Gremlin Mod","Minty Spire (QoL Compilation)","Robot Space Explorer","Spicy Shops","StSLib"],"gold_per_floor":[112,287,297,297,66,66,76,76,152,182,111,136,136,153,153,254,254,268,20,20,39,39,39,55,55,78,177,177,177,207,17,17,17,17],"floor_reached":33,"language":"ENG","playtime":957,"items_purged":[],"score":323,"play_id":"8e5eaf07-12d4-4a96-84c3-6b5a00fb19ae","local_time":"20210125062135","is_ascension_mode":true,"campfire_choices":[{"data":"RobotSpaceExplorer:ShovelStrike","floor":6,"key":"SMITH"},{"data":"RobotSpaceExplorer:PowerGlove","floor":13,"key":"SMITH"},{"floor":15,"key":"REST"},{"data":"RobotSpaceExplorer:Scan","floor":23,"key":"SMITH"},{"floor":25,"key":"REST"},{"floor":29,"key":"REST"},{"floor":32,"key":"REST"}],"circlet_count":0,"master_deck":["RobotSpaceExplorer:Strike","RobotSpaceExplorer:Strike","RobotSpaceExplorer:Strike","RobotSpaceExplorer:Defend","RobotSpaceExplorer:Defend","RobotSpaceExplorer:Defend","RobotSpaceExplorer:Defend","RobotSpaceExplorer:Scan+1","RobotSpaceExplorer:MiniLasers+1","RobotSpaceExplorer:Autoloader","RobotSpaceExplorer:ShovelStrike+1","RobotSpaceExplorer:PowerGlove+1","RobotSpaceExplorer:PowerCollector+1","RobotSpaceExplorer:Multitool+1","RobotSpaceExplorer:MiniDrones+1","RobotSpaceExplorer:GearShield","RobotSpaceExplorer:MiniBoosters+1"],"relics":["RobotSpaceExplorer:RoboCore","PreservedInsect","Frozen Egg 2","Blood Vial","MealTicket","RobotSpaceExplorer:SearchSpecs","Toy Ornithopter","Meat on the Bone","Membership Card"],"acts_visited":["Exordium","TheCity"],"potions_floor_usage":[10,16,16,30],"damage_taken":[{"damage":0,"enemies":"2 Louse","floor":1,"turns":2},{"damage":2,"enemies":"Small Slimes","floor":3,"turns":4},{"damage":1,"enemies":"Cultist","floor":7,"turns":3},{"damage":4,"enemies":"Lagavulin","floor":10,"turns":5},{"damage":24,"enemies":"Gremlin Nob","floor":12,"turns":4},{"damage":5,"enemies":"Gremlin Gang","floor":14,"turns":5},{"damage":36,"enemies":"Hexaghost","floor":16,"turns":12},{"damage":16,"enemies":"2 Thieves","floor":18,"turns":4},{"damage":13,"enemies":"Spheric Guardian","floor":21,"turns":4},{"damage":57,"enemies":"Shelled Parasite and Fungi","floor":24,"turns":5},{"damage":28,"enemies":"Gremlin Leader","floor":30,"turns":3},{"damage":75,"enemies":"Champ","floor":33,"turns":9}],"seed_played":"4321515741759707572","potions_obtained":[{"floor":3,"key":"Dexterity Potion"},{"floor":7,"key":"Dexterity Potion"},{"floor":14,"key":"ColorlessPotion"},{"floor":24,"key":"FearPotion"}],"is_trial":false,"path_per_floor":["M","?","M","?","$","R","M","?","T","E","$","E","R","M","R","B",null,"M","$","?","M","?","R","M","R","T","?","?","R","E","$","R","B"],"character_chosen":"RobotSpaceExplorer","items_purchased":["PreservedInsect","RobotSpaceExplorer:PowerGlove","RobotSpaceExplorer:PowerCollector+1","RobotSpaceExplorer:Multitool+1","Membership Card","RobotSpaceExplorer:MiniBoosters+1"],"campfire_rested":4,"item_purchase_floors":[5,5,11,19,31,31],"current_hp_per_floor":[75,75,73,66,66,66,65,65,65,61,61,39,39,36,58,24,75,59,74,74,62,62,62,7,29,29,29,29,51,30,45,67,0,0],"gold":17,"neow_bonus":"ONE_RANDOM_RARE_CARD","is_daily":false,"chose_seed":false,"campfire_upgraded":3,"win_rate":0.0,"timestamp":1611552095,"path_taken":["M","?","M","?","$","R","M","?","T","E","?","E","R","M","R","BOSS","M","$","?","M","?","R","M","R","T","?","?","R","E","$","R","BOSS"],"items_purchased_type":["Relic","Card","Card","Card","Relic","Card"],"build_version":"2020-12-22","purchased_purges":0,"victory":false,"max_hp_per_floor":[75,75,75,75,75,75,75,75,75,75,75,75,75,75,75,75,75,75,75,75,75,75,75,75,75,75,75,75,75,75,75,75,75,75],"card_choices":[{"not_picked":["RobotSpaceExplorer:MetalStrike","RobotSpaceExplorer:FreezingShield"],"picked":"RobotSpaceExplorer:ShovelStrike","floor":1},{"not_picked":["RobotSpaceExplorer:ScrapToss","RobotSpaceExplorer:SlimeMissile","RobotSpaceExplorer:Counterblock"],"picked":"SKIP","floor":3},{"not_picked":["RobotSpaceExplorer:ShovelStrike","RobotSpaceExplorer:Pulsar","RobotSpaceExplorer:Probe"],"picked":"SKIP","floor":7},{"not_picked":["RobotSpaceExplorer:FranticSearch","RobotSpaceExplorer:GlueSpray","RobotSpaceExplorer:SlimeMissile"],"picked":"SKIP","floor":10},{"not_picked":["RobotSpaceExplorer:ImprovisedAttack","RobotSpaceExplorer:MakeshiftVolley","RobotSpaceExplorer:Explosion"],"picked":"SKIP","floor":12},{"not_picked":["RobotSpaceExplorer:Counterblock","RobotSpaceExplorer:Fix","RobotSpaceExplorer:Electropulse"],"picked":"SKIP","floor":14},{"not_picked":["RobotSpaceExplorer:ScrapToss","RobotSpaceExplorer:Reload","RobotSpaceExplorer:StunGrenade"],"picked":"SKIP","floor":18},{"not_picked":["RobotSpaceExplorer:Pulsar","RobotSpaceExplorer:FranticSearch","RobotSpaceExplorer:SwiftStep"],"picked":"SKIP","floor":21},{"not_picked":["RobotSpaceExplorer:ShovelStrike","RobotSpaceExplorer:SelfCleaning"],"picked":"RobotSpaceExplorer:MiniDrones+1","floor":24},{"not_picked":["RobotSpaceExplorer:FranticSearch","RobotSpaceExplorer:SlimeMissile"],"picked":"RobotSpaceExplorer:GearShield","floor":30}],"player_experience":636634,"relics_obtained":[{"floor":9,"key":"Frozen Egg 2"},{"floor":10,"key":"Blood Vial"},{"floor":12,"key":"MealTicket"},{"floor":26,"key":"Toy Ornithopter"},{"floor":30,"key":"Meat on the Bone"}],"event_choices":[{"damage_healed":0,"gold_gain":175,"player_choice":"AGREE","damage_taken":0,"max_hp_gain":0,"max_hp_loss":0,"event_name":"Liars Game","floor":2,"gold_loss":0,"cards_obtained":["Doubt"]},{"cards_removed":["Doubt"],"damage_healed":0,"gold_gain":0,"player_choice":"Card Removal","damage_taken":7,"max_hp_gain":0,"max_hp_loss":0,"event_name":"Golden Wing","floor":4,"gold_loss":0},{"damage_healed":0,"gold_gain":0,"player_choice":"Grow","damage_taken":0,"max_hp_gain":0,"max_hp_loss":0,"event_name":"Living Wall","floor":8,"gold_loss":0,"cards_upgraded":["RobotSpaceExplorer:MiniLasers"]},{"damage_healed":0,"gold_gain":0,"player_choice":"Ignored","damage_taken":0,"max_hp_gain":0,"max_hp_loss":0,"event_name":"Ghosts","floor":20,"gold_loss":0},{"damage_healed":0,"gold_gain":99,"player_choice":"Stole From Cult","damage_taken":0,"max_hp_gain":0,"max_hp_loss":0,"event_name":"Nest","floor":27,"gold_loss":0},{"cards_removed":["RobotSpaceExplorer:Strike"],"damage_healed":0,"gold_gain":0,"player_choice":"Purged","damage_taken":0,"max_hp_gain":0,"max_hp_loss":0,"event_name":"Purifier","floor":28,"gold_loss":0}],"is_beta":false,"boss_relics":[{"not_picked":["Calling Bell","Philosopher\u0027s Stone"],"picked":"RobotSpaceExplorer:SearchSpecs"}],"items_purged_floors":[],"is_endless":false,"potions_floor_spawned":[3,7,14,24],"killed_by":"Champ","ascension_level":4}}