{"host":"Mute","time":1611573655,"event":{"mods":["BaseMod","Colored Map","Downfall","Minty Spire (QoL Compilation)","StSLib"],"gold_per_floor":[99,99,99,99,99,127,127,137,156,174,174,174,200,214,224,224,224,224],"floor_reached":16,"language":"ENG","playtime":971,"items_purged":[],"score":110,"play_id":"508d4673-2d82-44ba-917c-a819c4aca236","local_time":"20210125062055","is_ascension_mode":false,"campfire_choices":[{"data":"bronze:Replicate","floor":1,"key":"SMITH"},{"floor":12,"key":"REST"}],"circlet_count":0,"master_deck":["bronze:Strike","bronze:Strike","bronze:Strike","bronze:Strike","bronze:Defend","bronze:Defend","bronze:Defend","bronze:Defend","bronze:Replicate+1","bronze:Goto","bronze:BitShift","bronze:CutThrough","bronze:WildBeam","bronze:Fortify","bronze:BugBarrage","bronze:BugBarrage","bronze:DazingPulse","bronze:Overheat","bronze:ClassDefault","bronze:ItsAFeature","bronze:Turbo"],"relics":["bronze:BronzeCore","downfall:HeartsMalice","downfall:BrokenWingStatue","MealTicket","Oddly Smooth Stone","Pear"],"acts_visited":["Exordium"],"potions_floor_usage":[],"damage_taken":[{"damage":0,"enemies":"Jaw Worm","floor":2,"turns":1},{"damage":0,"enemies":"Small Slimes","floor":3,"turns":1},{"damage":0,"enemies":"2 Louse","floor":4,"turns":1},{"damage":42,"enemies":"3 Sentries","floor":6,"turns":12},{"damage":0,"enemies":"Large Slime","floor":8,"turns":5},{"damage":7,"enemies":"Blue Slaver","floor":9,"turns":3},{"damage":6,"enemies":"2 Fungi Beasts","floor":10,"turns":2},{"damage":0,"enemies":"2 Fungi Beasts","floor":11,"turns":2},{"damage":14,"enemies":"Gremlin Nob","floor":13,"turns":3},{"damage":8,"enemies":"Exordium Thugs","floor":14,"turns":4},{"damage":1,"enemies":"Blue Slaver","floor":15,"turns":4},{"damage":24,"enemies":"DF_ARCHETYPE_STREAMLINE","floor":16,"turns":3}],"seed_played":"-1632435318597555319","potions_obtained":[{"floor":8,"key":"Weak Potion"},{"floor":9,"key":"SkillPotion"},{"floor":11,"key":"Explosive Potion"}],"is_trial":false,"path_per_floor":["R","M","M","M","?","E","T","M","M","M","?","R","E","M","M","B"],"character_chosen":"THE_AUTOMATON","items_purchased":[],"campfire_rested":1,"item_purchase_floors":[],"current_hp_per_floor":[70,70,70,70,70,28,28,28,21,15,15,36,32,24,23,0,0,0],"gold":224,"neow_bonus":"THREE_ENEMY_KILL","is_daily":false,"chose_seed":false,"campfire_upgraded":1,"win_rate":0.0,"timestamp":1611573655,"path_taken":["R","M","M","M","?","E","T","M","M","M","?","R","E","M","M","BOSS"],"items_purchased_type":[],"build_version":"2020-12-18","purchased_purges":0,"victory":false,"max_hp_per_floor":[70,70,70,70,70,70,70,70,70,70,70,70,80,80,80,80,80,80],"card_choices":[{"not_picked":["bronze:FineTuning","bronze:Invalidate"],"picked":"bronze:BitShift","floor":2},{"not_picked":["bronze:CloningBeam","bronze:Invalidate"],"picked":"bronze:CutThrough","floor":3},{"not_picked":["bronze:DarkDash","bronze:Safeguard","bronze:Deprecate"],"picked":"SKIP","floor":4},{"not_picked":["bronze:Backtrace","bronze:DelayedGuard"],"picked":"bronze:WildBeam","floor":6},{"not_picked":["bronze:Overload","bronze:DelayedSlice"],"picked":"bronze:Fortify","floor":8},{"not_picked":["bronze:Backtrace","bronze:DelayedSlice"],"picked":"bronze:BugBarrage","floor":9},{"not_picked":["bronze:Shield","bronze:Frontload"],"picked":"bronze:BugBarrage","floor":10},{"not_picked":[],"picked":"bronze:DazingPulse","floor":11},{"not_picked":["bronze:Fortify","bronze:ShipIt"],"picked":"bronze:Overheat","floor":11},{"not_picked":["bronze:NullPointer","bronze:DelayedSlice"],"picked":"bronze:ClassDefault","floor":13},{"not_picked":["bronze:MaxOutput","bronze:Shield"],"picked":"bronze:ItsAFeature","floor":14},{"not_picked":["bronze:Iterate","bronze:Invalidate"],"picked":"bronze:Turbo","floor":15}],"player_experience":435127,"relics_obtained":[{"floor":6,"key":"MealTicket"},{"floor":7,"key":"Oddly Smooth Stone"},{"floor":13,"key":"Pear"}],"event_choices":[],"is_beta":true,"boss_relics":[],"items_purged_floors":[],"is_endless":false,"potions_floor_spawned":[8,9,11,13,14,15],"killed_by":"DF_ARCHETYPE_STREAMLINE","ascension_level":0}}