{"host":"2ica2wc1gg7guzbw","time":1611602323,"event":{"mods":["BaseMod","Colored Map","Minty Spire (QoL Compilation)","Replay The Spire","Shop Mod","StSLib"],"gold_per_floor":[216,231,250,266,191,216,216,226,226,245,262,262,292,306,306,382,382,395,345,362,375,289,320,320,338,364,396,416,416,416,433,433,433,433],"floor_reached":33,"language":"RUS","playtime":1310,"items_purged":[],"score":656,"play_id":"263fb5b1-9912-4884-9975-91e9b6cc49e4","local_time":"20210125231843","is_ascension_mode":true,"campfire_choices":[{"data":"ReplayTheSpireMod:Omega Cannon","floor":7.0,"key":"SMITH"},{"floor":12.0,"key":"REST"},{"data":"Chaos","floor":15.0,"key":"SMITH"},{"floor":24.0,"key":"REST"},{"floor":30,"key":"REST"},{"floor":32,"key":"REST"}],"circlet_count":0,"master_deck":["AscendersBane","Strike_B","Strike_B","Strike_B","Strike_B","Defend_B","Defend_B","Defend_B","Defend_B","Zap","Dualcast","Ball Lightning","Cold Snap","Sunder","ReplayTheSpireMod:Omega Cannon+1","Coolheaded","Heatsinks","Hologram+1","Static Discharge","Chaos+1","Electrodynamics","Panic Button+1","Panic Button","Storm","Hello World","ReplayTheSpireMod:Calculation Training","Hologram","ReplayTheSpireMod:Calculation Training","Cold Snap","Barrage+1"],"relics":["Cracked Core","Centennial Puzzle","Mummified Hand","Carrot","Cursed Key","Pantograph","CaptainsWheel"],"acts_visited":["Exordium","TheCity"],"potions_floor_usage":[],"damage_taken":[{"damage":1.0,"enemies":"Small Slimes","floor":1.0,"turns":3.0},{"damage":1.0,"enemies":"Cultist","floor":2.0,"turns":3.0},{"damage":5.0,"enemies":"2 Louse","floor":3.0,"turns":3.0},{"damage":13.0,"enemies":"Blue Slaver","floor":4.0,"turns":3.0},{"damage":8.0,"enemies":"3 Sentries","floor":6.0,"turns":5.0},{"damage":5.0,"enemies":"3 Louse","floor":8.0,"turns":2.0},{"damage":2.0,"enemies":"2 Fungi Beasts","floor":10.0,"turns":3.0},{"damage":10.0,"enemies":"Gremlin Gang","floor":11.0,"turns":3.0},{"damage":10.0,"enemies":"Gremlin Nob","floor":13.0,"turns":3.0},{"damage":6.0,"enemies":"Looter","floor":14.0,"turns":2.0},{"damage":27.0,"enemies":"Slime Boss","floor":16.0,"turns":11.0},{"damage":0.0,"enemies":"Chosen","floor":18.0,"turns":2.0},{"damage":1.0,"enemies":"3 Byrds","floor":20.0,"turns":3.0},{"damage":25.0,"enemies":"Shelled Parasite and Fungi","floor":21.0,"turns":4.0},{"damage":21.0,"enemies":"Replay:Snechameleon","floor":23.0,"turns":5.0},{"damage":16.0,"enemies":"Snake Plant","floor":25.0,"turns":2.0},{"damage":0.0,"enemies":"Gremlin Leader","floor":27.0,"turns":4.0},{"damage":9.0,"enemies":"Centurion and Healer","floor":28.0,"turns":3.0},{"damage":0,"enemies":"Snecko","floor":31,"turns":3},{"damage":179,"enemies":"Collector","floor":33,"turns":6}],"seed_played":"-4202497847179321991","potions_obtained":[{"floor":1.0,"key":"AttackPotion"},{"floor":2.0,"key":"SmokeBomb"},{"floor":10.0,"key":"Fruit Juice"},{"floor":11.0,"key":"Adrenaline Potion"},{"floor":13.0,"key":"Swift Potion"},{"floor":16.0,"key":"Adrenaline Potion"},{"floor":18.0,"key":"FearPotion"},{"floor":20.0,"key":"Adrenaline Potion"},{"floor":25.0,"key":"Toxic Potion"}],"is_trial":false,"path_per_floor":["M","M","M","M","$","E","R","M","T","M","M","R","E","M","R","B",null,"M","?","M","M","$","E","R","M","T","E","M","T","R","M","R","B"],"character_chosen":"DEFECT","items_purchased":["Sunder","Hello World"],"campfire_rested":4,"item_purchase_floors":[5,22],"current_hp_per_floor":[63,62,57,44,44,36,36,31,31,34,24,46,36,30,30,3,58,58,58,57,32,32,11,33,17,17,17,8,8,30,30,52,0,0],"gold":433,"neow_bonus":"HUNDRED_GOLD","is_daily":false,"chose_seed":false,"campfire_upgraded":2,"win_rate":0.0,"timestamp":1611602323,"path_taken":["M","M","M","M","$","E","R","M","T","M","M","R","E","M","R","BOSS","M","?","M","?","$","E","R","M","T","E","?","?","R","M","R","BOSS"],"items_purchased_type":["Card","Card"],"build_version":"2020-12-22","purchased_purges":0,"victory":false,"max_hp_per_floor":[71,71,71,71,71,71,71,71,71,76,76,76,76,76,76,76,76,76,76,76,76,76,76,76,76,76,76,76,76,76,76,76,76,76],"card_choices":[{"not_picked":["Reprogram","Heatsinks","BasicCrystalCard"],"picked":"SKIP","floor":1.0},{"not_picked":["Turbo","Leap"],"picked":"Ball Lightning","floor":2.0},{"not_picked":["ReplaySolidLightProjector","Redo","Leap"],"picked":"SKIP","floor":3.0},{"not_picked":["ReplaySolidLightProjector","Blizzard"],"picked":"Cold Snap","floor":4.0},{"not_picked":["Genetic Algorithm","Fission"],"picked":"ReplayTheSpireMod:Omega Cannon","floor":6.0},{"not_picked":["Compile Driver","Fusion"],"picked":"Coolheaded","floor":8.0},{"not_picked":["Heatsinks","BasicCrystalCard","Gash"],"picked":"SKIP","floor":10.0},{"not_picked":["BasicCrystalCard","Gash"],"picked":"Heatsinks","floor":10.0},{"not_picked":["Panic Button","Go for the Eyes"],"picked":"Hologram","floor":11.0},{"not_picked":["Darkness","Consume"],"picked":"Static Discharge","floor":13.0},{"not_picked":["Chaos","Gash","Sweeping Beam"],"picked":"SKIP","floor":14.0},{"not_picked":["Gash","Sweeping Beam"],"picked":"Chaos","floor":14.0},{"not_picked":["Creative AI","ReplayTheSpireMod:Omega Cannon"],"picked":"Electrodynamics","floor":16.0},{"not_picked":["Beam Cell","Sweeping Beam"],"picked":"Panic Button+1","floor":18.0},{"not_picked":["Sunder","Recycle"],"picked":"Panic Button","floor":20.0},{"not_picked":["Consume","Go for the Eyes"],"picked":"Storm","floor":21.0},{"not_picked":["Rebound","Thunder Strike"],"picked":"ReplayTheSpireMod:Calculation Training","floor":23.0},{"not_picked":["Storm","Beam Cell"],"picked":"Hologram","floor":25.0},{"not_picked":["Go for the Eyes","Panic Button"],"picked":"ReplayTheSpireMod:Calculation Training","floor":27.0},{"not_picked":["Doom and Gloom","Leap+1"],"picked":"Cold Snap","floor":28.0},{"not_picked":["Leap","BasicCrystalCard+1"],"picked":"Barrage+1","floor":31}],"player_experience":932018,"relics_obtained":[{"floor":6.0,"key":"Centennial Puzzle"},{"floor":9.0,"key":"Mummified Hand"},{"floor":13.0,"key":"Carrot"},{"floor":23.0,"key":"Pantograph"},{"floor":27.0,"key":"CaptainsWheel"}],"event_choices":[{"damage_healed":0.0,"max_hp_gain":0.0,"max_hp_loss":0.0,"gold_gain":0.0,"event_name":"Designer","player_choice":"Upgrade","floor":19.0,"gold_loss":50.0,"damage_taken":0.0,"cards_upgraded":["Hologram"]}],"is_beta":false,"boss_relics":[{"not_picked":["Busted Crown","ChewingGum"],"picked":"Cursed Key"}],"items_purged_floors":[],"is_endless":false,"potions_floor_spawned":[1,2,10,11,13,16,18,20,25],"killed_by":"Collector","ascension_level":20}}