{"host":"w2kjv12xyhtt0cv2","time":1611595238,"event":{"mods":["Act Like it!","BaseMod","Colored Map","Friendly Minions","Gensokyo","GifTheSpireLib","Highlight Path","Hubris","Kiyohime（清姬）","Marisa（F雨　魔理沙）","Minty Spire (QoL Compilation)","Quick Restart","Reimu（博丽灵梦）","Relic Stats","Replay The Spire","RumiaBox-露米娅的神秘盒子","Shop Mod","Spicy Shops","StSLib","The Cursed","The Servant 0.9.4","UnlockEverythingMod","Waifu the Spire","[功能]功能增强和修复MOD","vexMod","【功能Mod】Neow奖励","【遗物卡牌】REMEMod","没有小屋子和绿帽子啦"],"gold_per_floor":[118,118,118,229,242,242,242],"floor_reached":6,"language":"ZHS","playtime":251,"items_purged":[],"score":46,"play_id":"8571cc80-ec5a-495f-b09f-09161bad640d","local_time":"20210126012038","is_ascension_mode":true,"campfire_choices":[],"circlet_count":0,"master_deck":["TheCursedMod:Strike_TheCursed","TheCursedMod:Strike_TheCursed","TheCursedMod:Strike_TheCursed","TheCursedMod:Strike_TheCursed","TheCursedMod:Defend_TheCursed","TheCursedMod:Defend_TheCursed","TheCursedMod:Defend_TheCursed","TheCursedMod:Defend_TheCursed","TheCursedMod:CursedWand","TheCursedMod:Dregs","Creative AI","TheCursedMod:RapidMovement","TheCursedMod:SoulReap"],"relics":["REME_ComplimentaryCards","Busted Crown","Gensokyo:Justice"],"acts_visited":["Gensokyo:Gensokyo"],"potions_floor_usage":[6],"damage_taken":[{"damage":0.0,"enemies":"Gensokyo:Python","floor":1.0,"turns":4.0},{"damage":14,"enemies":"Gensokyo:2_Kodama","floor":5,"turns":5},{"damage":10,"enemies":"Gensokyo:Cirno","floor":6,"turns":3}],"seed_played":"5593993869423044712","potions_obtained":[{"floor":1.0,"key":"SkillPotion"}],"is_trial":false,"path_per_floor":["M","?","?","?","M","E"],"character_chosen":"THE_CURSED","items_purchased":[],"campfire_rested":0,"item_purchase_floors":[],"current_hp_per_floor":[68,68,68,50,36,31,31],"gold":242,"neow_bonus":"BOSS_RELIC","is_daily":false,"chose_seed":false,"campfire_upgraded":0,"win_rate":0.0,"timestamp":1611595238,"path_taken":["M","?","?","?","?","E"],"items_purchased_type":[],"build_version":"2020-12-22","purchased_purges":0,"victory":false,"max_hp_per_floor":[75,75,75,75,75,75,75],"relic_stats":{"Busted Crown":10,"counters":[3,11],"obtain_stats":[{"TheCursedMod:BlackMagic101":0,"Busted Crown":0,"Gensokyo:Justice":3,"REME_ComplimentaryCards":0},{"TheCursedMod:BlackMagic101":0,"Busted Crown":0,"Gensokyo:Justice":1,"REME_ComplimentaryCards":0},{"TheCursedMod:BlackMagic101":0,"Busted Crown":0,"Gensokyo:Justice":4,"REME_ComplimentaryCards":0}]},"card_choices":[{"not_picked":["TheCursedMod:Torture"],"picked":"SKIP","floor":1.0},{"not_picked":[],"picked":"TheCursedMod:RapidMovement","floor":4},{"not_picked":[],"picked":"TheCursedMod:SoulReap","floor":4},{"not_picked":["TheCursedMod:Stretching"],"picked":"SKIP","floor":5}],"player_experience":213006,"relics_obtained":[],"event_choices":[],"is_beta":false,"boss_relics":[],"items_purged_floors":[],"is_endless":false,"potions_floor_spawned":[1],"killed_by":"Gensokyo:Cirno","ascension_level":7}}