{"host":"u19jhb6amotr3ucl","time":1611536048,"event":{"mods":["Act Like it!","Astrologer","BaseMod","Better Match","BetterRewards","Conspire","Duelist Mod","Hubris","Infinite Spire","Jorbs\u0027s Wanderer Trilogy","Marisa????????","Minty Spire (QoL Compilation)","Quick Restart","Replay The Spire","Spicy Shops","StSLib","The Animator"],"gold_per_floor":[118,14,33,33,46,71,71,85,162,162,162,162,178,192,192,289,289,304,47,58,74,74,101,116,116,140,154,154,170,181,213,213,318,318,356,356,404,449,494,494,494],"floor_reached":40,"language":"ENG","playtime":2152,"items_purged":[],"score":526,"play_id":"a4b66b93-24fc-42ef-8419-66330de49e32","local_time":"20210124195408","is_ascension_mode":true,"campfire_choices":[{"floor":7,"key":"RECALL"},{"data":"EscapeVelocity","floor":10,"key":"SMITH"},{"floor":12,"key":"REST"},{"floor":15,"key":"DIG"},{"floor":28,"key":"REST"},{"floor":32,"key":"REST"}],"circlet_count":0,"master_deck":["Strike_MRS","Defend_MRS","Defend_MRS","Defend_MRS","MasterSpark","UpSweep","GasGiant","MysteriousBeam","DeepEcoloBomb","DeepEcoloBomb","ShootingEcho","Acceleration","MagicAbsorber","EscapeVelocity+1","IllusionStar","ShootTheMoon","ManaRampage","ManaRampage","PropBag","PowerUp+1","PropBag","BlazingStar","OortCloud","MagicChant+1","Acceleration","MysteriousBeam","IllusionStar","WitchLeyline","ManaConvection","ManaRampage","EventHorizon","MilkyWay+1","StarBarrage+1","RefractionSpark"],"relics":["Painkiller Herb","conspire:Boomerang","conspire:GiftBox","Fusion Hammer","Bottled Flame","Letter Opener","Happy Flower","Pen Nib","infinitespire:EvilPickle","Cursed Key","hubris:BlackHole","hubris:OldNail","Turnip"],"acts_visited":["Exordium","TheCity","TheBeyond"],"potions_floor_usage":[21,23,33,40],"damage_taken":[{"damage":7,"enemies":"Small Slimes","floor":1,"turns":3},{"damage":0,"enemies":"Cultist","floor":3,"turns":2},{"damage":0,"enemies":"2 Louse","floor":5,"turns":2},{"damage":12,"enemies":"Lagavulin","floor":6,"turns":4},{"damage":0,"enemies":"2 Fungi Beasts","floor":8,"turns":2},{"damage":11,"enemies":"Lots of Slimes","floor":13,"turns":3},{"damage":3,"enemies":"Blue Slaver","floor":14,"turns":2},{"damage":49,"enemies":"Fading Forest","floor":16,"turns":11},{"damage":11,"enemies":"Spheric Guardian","floor":18,"turns":3},{"damage":7,"enemies":"2 Thieves","floor":20,"turns":2},{"damage":0,"enemies":"Cultist and Chosen","floor":21,"turns":6},{"damage":24,"enemies":"Book of Stabbing","floor":23,"turns":4},{"damage":19,"enemies":"Snake Plant","floor":24,"turns":3},{"damage":9,"enemies":"Shelled Parasite and Fungi","floor":27,"turns":2},{"damage":0,"enemies":"Cultist and Chosen","floor":29,"turns":3},{"damage":0,"enemies":"Snake Plant","floor":30,"turns":1},{"damage":0,"enemies":"theDuelist:KaibaA2","floor":31,"turns":1},{"damage":13,"enemies":"Pondfish","floor":33,"turns":7},{"damage":23,"enemies":"3 Shapes","floor":35,"turns":2},{"damage":14,"enemies":"2 Orb Walkers","floor":37,"turns":2},{"damage":0,"enemies":"Orb Walker","floor":38,"turns":1},{"damage":13,"enemies":"3 Darklings","floor":39,"turns":2},{"damage":33,"enemies":"Nemesis","floor":40,"turns":2}],"seed_played":"5666854742500872650","potions_obtained":[{"floor":5,"key":"Milkshake"},{"floor":8,"key":"SpeedPotion"},{"floor":13,"key":"Dexterity Potion"},{"floor":14,"key":"Swift Potion"},{"floor":21,"key":"AttackPotion"},{"floor":30,"key":"AttackPotion"},{"floor":33,"key":"Elixir"},{"floor":37,"key":"Weak Potion"}],"is_trial":false,"path_per_floor":["?","T","?","T","?","E","T","?","T","T","?","T","?","?","T","B",null,"?","T","?","?","?","E","?","?","T","?","T","?","?","E","T","B",null,"?","AVR","?","?","?","E"],"character_chosen":"MARISA","items_purchased":["MysteriousBeam","DeepEcoloBomb","Bottled Flame"],"campfire_rested":3,"item_purchase_floors":[2,2,19],"current_hp_per_floor":[68,68,68,68,68,56,56,56,56,56,56,75,64,61,61,12,75,64,64,57,57,57,33,14,14,14,17,39,39,39,39,61,48,75,52,52,38,38,25,0,0],"gold":494,"neow_bonus":"BOSS_RELIC","is_daily":false,"chose_seed":false,"campfire_upgraded":1,"win_rate":0.0,"timestamp":1611536048,"path_taken":["?","T","?","T","?","E","T","?","T","T","?","T","?","?","T","BOSS","?","T","?","?","?","E","?","?","T","?","T","?","?","E","T","BOSS","?","AVR","?","?","?","E"],"items_purchased_type":["Card","Card","Relic"],"build_version":"2020-12-22","purchased_purges":0,"victory":false,"max_hp_per_floor":[75,75,75,75,75,75,75,75,75,75,75,75,75,75,75,75,75,75,75,75,75,75,75,75,75,75,75,75,75,75,75,75,75,75,75,75,75,75,75,75,75],"card_choices":[{"not_picked":["PowerUp","ManaConvection"],"picked":"GasGiant","floor":1},{"not_picked":["FairyDestructionRay","SuperPerseids"],"picked":"ShootingEcho","floor":3},{"not_picked":["EnergyFlow","MilkyWay"],"picked":"Acceleration","floor":5},{"not_picked":["UnstableBomb","DarkSpark"],"picked":"MagicAbsorber","floor":6},{"not_picked":["GalacticHalo","ShootingEcho"],"picked":"EscapeVelocity","floor":8},{"not_picked":["6A","ShootTheMoon"],"picked":"IllusionStar","floor":13},{"not_picked":["Orbital","DC"],"picked":"ShootTheMoon","floor":14},{"not_picked":["SuperNova","CasketOfStar"],"picked":"ManaRampage","floor":15},{"not_picked":["EscapeVelocity","CasketOfStar"],"picked":"ManaRampage","floor":16},{"not_picked":["GravityBeat+1","MilkyWay"],"picked":"PropBag","floor":18},{"not_picked":["DarkMatter+1","DoubleSpark"],"picked":"PowerUp+1","floor":20},{"not_picked":["ShootingEcho","ManaConvection"],"picked":"PropBag","floor":21},{"not_picked":["DoubleSpark","EarthLightRay+1"],"picked":"MagicChant+1","floor":23},{"not_picked":["DragonMeteor+1","NonDirectionalLaser"],"picked":"Acceleration","floor":24},{"not_picked":["LuminesStrike","SatelliteIllusion"],"picked":"MysteriousBeam","floor":27},{"not_picked":["LuminesStrike","StarBarrage"],"picked":"IllusionStar","floor":29},{"not_picked":["Acceleration+1","MachineGunSpark+1"],"picked":"WitchLeyline","floor":30},{"not_picked":["MillisecondPulsars","Occultation"],"picked":"ManaConvection","floor":31},{"not_picked":["MillisecondPulsars","BinaryStars"],"picked":"ManaRampage","floor":33},{"not_picked":["EnergyFlow","DarkSpark"],"picked":"EventHorizon","floor":35},{"not_picked":["BlazeAway+1","FairyDestructionRay+1"],"picked":"MilkyWay+1","floor":37},{"not_picked":["MagicChant","ShootingEcho"],"picked":"StarBarrage+1","floor":38},{"not_picked":["DC+1","MagicAbsorber+1"],"picked":"RefractionSpark","floor":39}],"player_experience":346746,"relics_obtained":[{"floor":6,"key":"conspire:Boomerang"},{"floor":15,"key":"conspire:GiftBox"},{"floor":23,"key":"Letter Opener"},{"floor":26,"key":"Happy Flower"},{"floor":31,"key":"Pen Nib"},{"floor":37,"key":"Turnip"}],"event_choices":[{"cards_removed":["Strike_MRS"],"damage_healed":0,"gold_gain":0,"player_choice":"Purged","damage_taken":0,"max_hp_gain":0,"max_hp_loss":0,"event_name":"Purifier","floor":11,"gold_loss":0},{"damage_healed":0,"gold_gain":0,"cards_transformed":["Strike_MRS","Strike_MRS"],"player_choice":"Became Test Subject","damage_taken":0,"max_hp_gain":0,"max_hp_loss":0,"event_name":"Drug Dealer","floor":22,"gold_loss":0,"cards_obtained":["BlazingStar","OortCloud"]},{"cards_removed":["Defend_MRS"],"damage_healed":0,"gold_gain":0,"player_choice":"Offered Basic","damage_taken":0,"max_hp_gain":0,"max_hp_loss":0,"event_name":"Bonfire Elementals","floor":25,"gold_loss":0},{"damage_healed":0,"gold_gain":0,"player_choice":"Fight","damage_taken":0,"max_hp_gain":0,"max_hp_loss":0,"event_name":"Mysterious Sphere","floor":37,"gold_loss":0}],"is_beta":false,"boss_relics":[{"not_picked":["Honey Jar","Astrolabe"],"picked":"Fusion Hammer"},{"not_picked":["hubris:Backtick","Kintsugi"],"picked":"Cursed Key"}],"items_purged_floors":[],"is_endless":false,"potions_floor_spawned":[5,8,13,14,20,21,30,33,37],"killed_by":"Nemesis","ascension_level":3}}