{"host":"test","time":1611591309,"event":{"mods":["BaseMod","Colored Map","Colored Powertips","Minty Spire (QoL Compilation)","Relic Stats","Slay the Relics Exporter","SpireBot","StSLib","ojb\u0027s Better Paths Mod","ojb\u0027s Info Mod"],"gold_per_floor":[115,135,24,36,47,47,77,2,2,2,2,16,44,44,44,117,117,135,185,21,41,61,61,93,93,165,165,165],"floor_reached":27,"language":"JPN","playtime":1226,"items_purged":["Strike_G"],"score":532,"play_id":"9a97b5f3-86f1-4953-91fb-ba1ec039fc0c","local_time":"20210126011509","is_ascension_mode":true,"campfire_choices":[{"data":"Predator","floor":6,"key":"SMITH"},{"data":"Calculated Gamble","floor":11,"key":"SMITH"},{"data":"Noxious Fumes","floor":15,"key":"SMITH"},{"data":"Malaise","floor":23,"key":"SMITH"},{"data":"Neutralize","floor":25,"key":"SMITH"}],"circlet_count":0,"master_deck":["AscendersBane","Defend_G","Defend_G","Defend_G","Defend_G","Survivor","Neutralize+1","Slice+1","Night Terror+1","Dagger Spray+1","Calculated Gamble+1","Blur","Predator+1","Terror","Dagger Throw","Escape Plan","Noxious Fumes+1","Malaise+1","Poisoned Stab","Dash"],"relics":["Astrolabe","Calipers","Paper Crane","Singing Bowl","Runic Dome","Snake Skull","Bottled Flame","Pear"],"acts_visited":["Exordium","TheCity"],"potions_floor_usage":[13,16,27],"damage_taken":[{"damage":1,"enemies":"Cultist","floor":1,"turns":3},{"damage":4,"enemies":"Jaw Worm","floor":2,"turns":2},{"damage":0,"enemies":"Small Slimes","floor":4,"turns":4},{"damage":1,"enemies":"2 Fungi Beasts","floor":5,"turns":2},{"damage":0,"enemies":"Lagavulin","floor":7,"turns":4},{"damage":0,"enemies":"Large Slime","floor":12,"turns":3},{"damage":7,"enemies":"3 Sentries","floor":13,"turns":5},{"damage":18,"enemies":"The Guardian","floor":16,"turns":10},{"damage":15,"enemies":"2 Thieves","floor":18,"turns":3},{"damage":0,"enemies":"Spheric Guardian","floor":21,"turns":6},{"damage":7,"enemies":"Snake Plant","floor":22,"turns":5},{"damage":1,"enemies":"Book of Stabbing","floor":24,"turns":7},{"damage":47,"enemies":"Slavers","floor":27,"turns":4}],"seed_played":"-2329786981476922769","potions_obtained":[{"floor":2,"key":"AttackPotion"},{"floor":5,"key":"AttackPotion"},{"floor":16,"key":"PowerPotion"}],"is_trial":false,"path_per_floor":["M","M","$","M","M","R","E","?","T","?","R","M","E","$","R","B",null,"M","?","$","M","M","R","E","R","T","E"],"character_chosen":"THE_SILENT","items_purchased":["Predator","Snake Skull"],"campfire_rested":0,"item_purchase_floors":[3,20],"current_hp_per_floor":[58,54,54,54,53,53,53,53,53,46,46,46,39,39,39,21,55,40,40,40,42,35,35,36,36,46,0,0],"gold":165,"neow_bonus":"BOSS_RELIC","is_daily":false,"chose_seed":true,"campfire_upgraded":5,"win_rate":0.0,"timestamp":1611591309,"path_taken":["M","?","$","M","M","R","E","?","T","?","R","M","E","$","R","BOSS","M","?","$","M","M","R","E","R","T","E"],"items_purchased_type":["Card","Relic"],"build_version":"2020-12-18","purchased_purges":1,"victory":false,"max_hp_per_floor":[66,66,66,66,66,66,66,66,66,66,66,66,66,66,66,66,66,66,66,66,68,68,68,70,70,80,80,80],"relic_stats":{"Singing Bowl":4,"counters":[13,58],"Astrolabe":["Slice","Night Terror","Dagger Spray"],"Snake Skull":[17],"obtain_stats":[{"Runic Dome":17,"Bottled Flame":24,"Calipers":7,"Pear":26,"Singing Bowl":13,"Astrolabe":0,"Snake Skull":20,"Paper Crane":9,"Ring of the Snake":0},{"Runic Dome":8,"Bottled Flame":12,"Calipers":5,"Pear":12,"Singing Bowl":7,"Astrolabe":0,"Snake Skull":9,"Paper Crane":5,"Ring of the Snake":0},{"Runic Dome":33,"Bottled Flame":54,"Calipers":15,"Pear":54,"Singing Bowl":23,"Astrolabe":0,"Snake Skull":36,"Paper Crane":15,"Ring of the Snake":0}]},"card_choices":[{"not_picked":["Sucker Punch","Flying Knee"],"picked":"Calculated Gamble","floor":1},{"not_picked":["Poisoned Stab","Dagger Spray"],"picked":"Blur","floor":2},{"not_picked":["Backstab","Acrobatics"],"picked":"Terror","floor":4},{"not_picked":["Underhanded Strike","Poisoned Stab"],"picked":"Dagger Throw","floor":5},{"not_picked":["Blade Dance","Quick Slash"],"picked":"Escape Plan","floor":7},{"not_picked":["Infinite Blades","All Out Attack","Prepared"],"picked":"SKIP","floor":12},{"not_picked":["Acrobatics","Poisoned Stab"],"picked":"Noxious Fumes","floor":13},{"not_picked":["After Image","Burst"],"picked":"Malaise","floor":16},{"not_picked":["Cloak And Dagger","Dagger Throw"],"picked":"Poisoned Stab","floor":18},{"not_picked":["Finisher","Poisoned Stab","Setup"],"picked":"Singing Bowl","floor":21},{"not_picked":["Dagger Throw","Sucker Punch"],"picked":"Dash","floor":22},{"not_picked":["Cloak And Dagger","Choke","Blade Dance"],"picked":"Singing Bowl","floor":24}],"player_experience":1984701,"relics_obtained":[{"floor":7,"key":"Calipers"},{"floor":9,"key":"Paper Crane"},{"floor":13,"key":"Singing Bowl"},{"floor":24,"key":"Bottled Flame"},{"floor":26,"key":"Pear"}],"event_choices":[{"cards_removed":["Strike_G"],"damage_healed":0,"gold_gain":0,"player_choice":"Card Removal","damage_taken":0,"max_hp_gain":0,"max_hp_loss":0,"event_name":"The Cleric","floor":8,"gold_loss":75},{"cards_removed":["Strike_G"],"damage_healed":0,"gold_gain":0,"player_choice":"Card Removal","damage_taken":7,"max_hp_gain":0,"max_hp_loss":0,"event_name":"Golden Wing","floor":10,"gold_loss":0},{"damage_healed":0,"gold_gain":50,"player_choice":"Stole From Cult","damage_taken":0,"max_hp_gain":0,"max_hp_loss":0,"event_name":"Nest","floor":19,"gold_loss":0}],"is_beta":true,"boss_relics":[{"not_picked":["Velvet Choker","Busted Crown"],"picked":"Runic Dome"}],"items_purged_floors":[3],"is_endless":false,"potions_floor_spawned":[2,5,7,16],"killed_by":"Slavers","ascension_level":20}}