{"host":"j4g6ia6asvpyu2b0","time":1611618613,"event":{"mods":["BaseMod","Colored Map","Minty Spire (QoL Compilation)","Permanent Neow","Quick Restart","Relic Stats","StSLib","Unceasing Turn Reminder"],"gold_per_floor":[],"floor_reached":37,"language":"ENG","playtime":1798,"items_purged":[],"score":479,"play_id":"e2eb03ca-c75d-4d27-9d82-db0273ccd9e4","local_time":"20210125165013","is_ascension_mode":true,"campfire_choices":[],"circlet_count":0,"master_deck":["Strike_R+1","Strike_R","Strike_R","Strike_R","Defend_R","Defend_R","Defend_R+1","Defend_R","Bash+1","Hemokinesis","Headbutt","Ghostly Armor","Feel No Pain","Pummel","Sentinel","Spot Weakness+1","Pommel Strike+1","Reaper","Cleave","Twin Strike","Sentinel","Juggernaut","Shockwave","Brutality","CurseOfTheBell","Havoc+1"],"relics":["Busted Crown","Mercury Hourglass","Smiling Mask","MealTicket","Regal Pillow","Blood Vial","Sozu","Enchiridion","Red Mask","Pen Nib","Paper Frog","Nunchaku","Calling Bell","Omamori","White Beast Statue","Calipers"],"acts_visited":["Exordium","TheCity","TheBeyond"],"potions_floor_usage":[],"damage_taken":[],"seed_played":"8413907450618024230","potions_obtained":[],"is_trial":false,"path_per_floor":[],"character_chosen":"IRONCLAD","items_purchased":[],"campfire_rested":1,"item_purchase_floors":[],"current_hp_per_floor":[],"gold":418,"neow_bonus":"BOSS_RELIC","is_daily":false,"chose_seed":false,"campfire_upgraded":4,"win_rate":0.0,"timestamp":1611618613,"path_taken":[],"items_purchased_type":[],"build_version":"2020-12-22","purchased_purges":2,"victory":false,"max_hp_per_floor":[],"relic_stats":{"Blood Vial":16,"Sozu":4,"Regal Pillow":15,"Nunchaku":[2],"Busted Crown":40,"counters":[19,75],"MealTicket":45,"Pen Nib":[3],"Smiling Mask":75,"obtain_stats":[{"Regal Pillow":10,"Calipers":34,"Enchiridion":19,"Pen Nib":23,"Omamori":34,"Smiling Mask":8,"Burning Blood":0,"White Beast Statue":34,"Mercury Hourglass":6,"Blood Vial":14,"Sozu":17,"Calling Bell":34,"Nunchaku":28,"Busted Crown":0,"MealTicket":9,"Red Mask":20,"Paper Frog":25},{"Regal Pillow":6,"Calipers":18,"Enchiridion":11,"Pen Nib":15,"Omamori":18,"Smiling Mask":5,"Burning Blood":0,"White Beast Statue":18,"Mercury Hourglass":4,"Blood Vial":9,"Sozu":10,"Calling Bell":18,"Nunchaku":16,"Busted Crown":0,"MealTicket":5,"Red Mask":12,"Paper Frog":16},{"Regal Pillow":22,"Calipers":73,"Enchiridion":41,"Pen Nib":57,"Omamori":73,"Smiling Mask":16,"Burning Blood":0,"White Beast Statue":73,"Mercury Hourglass":12,"Blood Vial":31,"Sozu":38,"Calling Bell":73,"Nunchaku":62,"Busted Crown":0,"MealTicket":16,"Red Mask":44,"Paper Frog":62}],"Mercury Hourglass":[310]},"card_choices":[],"player_experience":1015377,"relics_obtained":[],"event_choices":[],"is_beta":false,"boss_relics":[],"items_purged_floors":[],"is_endless":false,"potions_floor_spawned":[],"ascension_level":2}}