{"host":"pi8b3ffzwvxqztac","time":1611608247,"event":{"mods":["BaseMod","Colored Map","Downfall","Minty Spire (QoL Compilation)","StSLib"],"gold_per_floor":[118,118,132,151,114,114,170,200,200,213,213,213,213,224,224,327,327,337,337,48,68,68,68,101,101,101,101,101,121,139,151,151,253,253,270,286,286,303,353,353,353,353,353,384,410,456,25,52,52,52,52],"floor_reached":50,"language":"ENG","playtime":3527,"items_purged":["Defend_P+1"],"score":604,"play_id":"f8016173-8705-4c8d-9483-32c8b43318ef","local_time":"20210126095727","is_ascension_mode":true,"campfire_choices":[{"data":"LessonLearned","floor":6.0,"key":"SMITH"},{"data":"TalkToTheHand","floor":11.0,"key":"SMITH"},{"floor":13.0,"key":"REST"},{"data":"WindmillStrike","floor":15.0,"key":"SMITH"},{"data":"Swivel","floor":23.0,"key":"SMITH"},{"data":"ReachHeaven","floor":25.0,"key":"SMITH"},{"data":"SandsOfTime","floor":27.0,"key":"SMITH"},{"floor":32.0,"key":"REST"},{"floor":40.0,"key":"DIG"},{"floor":42.0,"key":"DIG"},{"data":"Indignation","floor":49,"key":"SMITH"}],"circlet_count":0,"master_deck":["Strike_P+1","Defend_P+1","Defend_P+1","Defend_P+1","Eruption+1","Vigilance+1","LessonLearned+1","ReachHeaven+1","CutThroughFate+1","Swivel+1","Prostrate+1","WindmillStrike+1","TalkToTheHand+1","Establishment+1","Prostrate+1","SandsOfTime+1","FlyingSleeves+1","Evaluate+1","BattleHymn+1","Wallop+1","Swivel+1","WindmillStrike+1","Ragnarok+1","InnerPeace+1","TalkToTheHand+1","Indignation+1","WindmillStrike+1","Protect+1","FearNoEvil+1","SandsOfTime+1"],"relics":["PureWater","Du-Vu Doll","Ornamental Fan","Letter Opener","Empty Cage","Molten Egg 2","Matryoshka","Mango","Anchor","Mummified Hand","Enchiridion","SlaversCollar","Shovel","Gambling Chip","Toy Ornithopter","MealTicket","MawBank","Meat on the Bone","Bottled Lightning","Lantern"],"acts_visited":["Exordium","TheCity","TheBeyond"],"potions_floor_usage":[50],"damage_taken":[{"damage":4.0,"enemies":"Small Slimes","floor":1.0,"turns":4.0},{"damage":0.0,"enemies":"2 Louse","floor":3.0,"turns":3.0},{"damage":0.0,"enemies":"Jaw Worm","floor":4.0,"turns":1.0},{"damage":25.0,"enemies":"3 Sentries","floor":7.0,"turns":11.0},{"damage":12.0,"enemies":"Gremlin Nob","floor":8.0,"turns":5.0},{"damage":0.0,"enemies":"Blue Slaver","floor":10.0,"turns":2.0},{"damage":1.0,"enemies":"Exordium Thugs","floor":14.0,"turns":4.0},{"damage":10.0,"enemies":"The Guardian","floor":16.0,"turns":8.0},{"damage":2.0,"enemies":"Shell Parasite","floor":18.0,"turns":5.0},{"damage":5.0,"enemies":"3 Byrds","floor":21.0,"turns":7.0},{"damage":23.0,"enemies":"Book of Stabbing","floor":24.0,"turns":6.0},{"damage":18.0,"enemies":"3 Cultists","floor":29.0,"turns":5.0},{"damage":0.0,"enemies":"Snecko","floor":30.0,"turns":4.0},{"damage":0.0,"enemies":"Centurion and Healer","floor":31.0,"turns":6.0},{"damage":11.0,"enemies":"Collector","floor":33.0,"turns":9.0},{"damage":0.0,"enemies":"3 Shapes","floor":35.0,"turns":5.0},{"damage":0.0,"enemies":"Orb Walker","floor":36.0,"turns":4.0},{"damage":2.0,"enemies":"4 Shapes","floor":38.0,"turns":7.0},{"damage":0.0,"enemies":"Mind Bloom Boss Battle","floor":39.0,"turns":4.0},{"damage":0.0,"enemies":"Nemesis","floor":41.0,"turns":2.0},{"damage":0.0,"enemies":"Spire Growth","floor":44.0,"turns":3.0},{"damage":0.0,"enemies":"Transient","floor":45.0,"turns":5.0},{"damage":0.0,"enemies":"Giant Head","floor":46.0,"turns":7.0},{"damage":5,"enemies":"Reptomancer","floor":48,"turns":5},{"damage":91,"enemies":"Awakened One","floor":50,"turns":9}],"seed_played":"-4278892927819174631","potions_obtained":[{"floor":3.0,"key":"DistilledChaos"},{"floor":4.0,"key":"Weak Potion"},{"floor":14.0,"key":"SpeedPotion"},{"floor":16.0,"key":"LiquidBronze"},{"floor":24.0,"key":"Dexterity Potion"},{"floor":29.0,"key":"hexamod:SoulburnPotion"},{"floor":33.0,"key":"SmokeBomb"},{"floor":38.0,"key":"BottledMiracle"},{"floor":39.0,"key":"SkillPotion"},{"floor":45.0,"key":"GamblersBrew"}],"is_trial":false,"path_per_floor":["M","$","M","M","$","R","?","E","T","M","R","?","R","M","R","B",null,"M","?","$","M","T","R","E","R","T","R","?","M","M","M","R","B",null,"M","M","?","M","?","R","E","R","T","M","M","E","$","E","R","B"],"character_chosen":"WATCHER","items_purchased":["Swivel","Molten Egg 2","FlyingSleeves+1","Bottled Lightning","FearNoEvil+1","SandsOfTime+1"],"campfire_rested":2,"item_purchase_floors":[5,20,20,47,47,47],"current_hp_per_floor":[68,68,68,68,68,68,43,31,31,31,31,31,52,51,51,41,72,70,70,70,65,65,65,56,56,56,56,40,22,22,22,47,36,86,86,86,86,84,84,84,84,84,84,86,86,86,86,81,81,0,0],"gold":52,"neow_bonus":"TRANSFORM_CARD","is_daily":false,"chose_seed":false,"campfire_upgraded":7,"win_rate":0.0,"timestamp":1611608247,"path_taken":["M","$","M","M","$","R","?","E","T","M","R","?","R","M","R","BOSS","M","?","$","M","?","R","E","R","T","R","?","M","?","M","R","BOSS","M","M","?","M","?","R","E","R","T","M","M","E","$","E","R","BOSS"],"items_purchased_type":["Card","Relic","Card","Relic","Card","Card"],"build_version":"2020-12-22","purchased_purges":1,"victory":false,"max_hp_per_floor":[72,72,72,72,72,72,72,72,72,72,72,72,72,72,72,72,72,72,72,72,72,72,72,86,86,86,86,86,86,86,86,86,86,86,86,86,86,86,86,86,86,86,86,86,86,86,86,86,86,86,86],"card_choices":[{"not_picked":["Halt","Evaluate"],"picked":"ReachHeaven","floor":1.0},{"not_picked":["Vengeance","JustLucky"],"picked":"CutThroughFate","floor":3.0},{"not_picked":["Collect","ClearTheMind","FlyingSleeves"],"picked":"SKIP","floor":4.0},{"not_picked":["EmptyBody","Fasting2"],"picked":"Prostrate","floor":7.0},{"not_picked":["JustLucky","Halt"],"picked":"WindmillStrike","floor":8.0},{"not_picked":["CarveReality","Weave"],"picked":"TalkToTheHand","floor":10.0},{"not_picked":["Fasting2","Collect","FlyingSleeves"],"picked":"SKIP","floor":14.0},{"not_picked":["DevaForm","ConjureBlade"],"picked":"Establishment","floor":16.0},{"not_picked":["Conclude","EmptyBody"],"picked":"Prostrate","floor":18.0},{"not_picked":["EmptyFist+1","Adaptation+1"],"picked":"Evaluate+1","floor":21.0},{"not_picked":["FollowUp+1","FlyingSleeves+1"],"picked":"BattleHymn+1","floor":24.0},{"not_picked":["EmptyFist+1","EmptyBody"],"picked":"Wallop+1","floor":29.0},{"not_picked":["Crescendo","Evaluate"],"picked":"Swivel+1","floor":30.0},{"not_picked":["Evaluate+1","JustLucky+1"],"picked":"WindmillStrike+1","floor":31.0},{"not_picked":["Establishment","DeusExMachina"],"picked":"Ragnarok+1","floor":33.0},{"not_picked":["Protect","ThirdEye+1"],"picked":"InnerPeace+1","floor":35.0},{"not_picked":["WaveOfTheHand+1","CutThroughFate+1"],"picked":"TalkToTheHand+1","floor":36.0},{"not_picked":["ClearTheMind+1","Halt"],"picked":"Indignation","floor":38.0},{"not_picked":["EmptyMind","Evaluate+1"],"picked":"WindmillStrike+1","floor":39.0},{"not_picked":["ClearTheMind","BowlingBash+1"],"picked":"Protect+1","floor":44.0},{"not_picked":["FollowUp+1","BattleHymn","Adaptation"],"picked":"SKIP","floor":45.0},{"not_picked":["Wallop+1","Adaptation","LessonLearned+1"],"picked":"SKIP","floor":46.0},{"not_picked":["Adaptation","CrushJoints+1","Halt"],"picked":"SKIP","floor":48}],"player_experience":615879,"relics_obtained":[{"floor":7.0,"key":"Du-Vu Doll"},{"floor":8.0,"key":"Ornamental Fan"},{"floor":9.0,"key":"Letter Opener"},{"floor":22.0,"key":"Matryoshka"},{"floor":24.0,"key":"Mango"},{"floor":26.0,"key":"Anchor"},{"floor":26.0,"key":"Mummified Hand"},{"floor":28.0,"key":"Enchiridion"},{"floor":39.0,"key":"Shovel"},{"floor":40.0,"key":"Gambling Chip"},{"floor":42.0,"key":"Toy Ornithopter"},{"floor":43.0,"key":"MealTicket"},{"floor":43.0,"key":"MawBank"},{"floor":46.0,"key":"Meat on the Bone"},{"floor":48,"key":"Lantern"}],"event_choices":[{"damage_healed":0.0,"max_hp_gain":0.0,"max_hp_loss":0.0,"gold_gain":0.0,"event_name":"Dead Adventurer","player_choice":"Searched \u00271\u0027 times","floor":7.0,"gold_loss":0.0,"damage_taken":0.0},{"damage_healed":0.0,"max_hp_gain":0.0,"max_hp_loss":0.0,"gold_gain":0.0,"event_name":"Liars Game","player_choice":"Ignored","floor":12.0,"gold_loss":0.0,"damage_taken":0.0},{"damage_healed":0.0,"max_hp_gain":0.0,"max_hp_loss":0.0,"gold_gain":0.0,"event_name":"The Library","player_choice":"Read","floor":19.0,"gold_loss":0.0,"damage_taken":0.0,"cards_obtained":["SandsOfTime"]},{"damage_healed":0.0,"max_hp_gain":0.0,"max_hp_loss":0.0,"gold_gain":0.0,"event_name":"Cursed Tome","player_choice":"Obtained Book","floor":28.0,"gold_loss":0.0,"damage_taken":16.0},{"damage_healed":0.0,"max_hp_gain":0.0,"max_hp_loss":0.0,"gold_gain":0.0,"event_name":"Mysterious Sphere","player_choice":"Ignored","floor":37.0,"gold_loss":0.0,"damage_taken":0.0},{"damage_healed":0.0,"max_hp_gain":0.0,"max_hp_loss":0.0,"gold_gain":0.0,"event_name":"MindBloom","player_choice":"Fight","floor":39.0,"gold_loss":0.0,"damage_taken":0.0}],"is_beta":false,"boss_relics":[{"not_picked":["Fusion Hammer","Tiny House"],"picked":"Empty Cage"},{"not_picked":["bronze:MakeshiftBattery","Runic Dome"],"picked":"SlaversCollar"}],"items_purged_floors":[47],"is_endless":false,"potions_floor_spawned":[3,4,14,16,24,29,33,38,39,41,45],"killed_by":"Awakened One","ascension_level":1}}