{"host":"zxkjcgzis4pm3za5","time":1611585753,"event":{"mods":["AchievementEnabler","Act Like it!","BaseMod","Colored Map","Colored Powertips","Friendly Minions","GifTheSpireLib","Minty Spire (QoL Compilation)","Quick Restart","RNG Fix","Random Character Button","Relic Filter Mod","Relic Sorter","Relic Stats","StSLib"],"gold_per_floor":[211,211,229,229,242,274,274,301,328,328,348,365,35,55,55,132,132,142,67,80,80,5,5,30,30,30,44,62,95,39,59,59,133,133,148,148,159,159,159,159,159],"floor_reached":40,"language":"ENG","playtime":2192,"items_purged":["Strike_B"],"score":807,"play_id":"cab0f29f-d4ef-49a1-82fb-562072a5945f","local_time":"20210125201233","is_ascension_mode":true,"campfire_choices":[{"data":"Streamline","floor":7.0,"key":"SMITH"},{"data":"Tempest","floor":15.0,"key":"SMITH"},{"data":"Electrodynamics","floor":23.0,"key":"SMITH"},{"data":"Thunder Strike","floor":25.0,"key":"SMITH"},{"data":"Self Repair","floor":32.0,"key":"SMITH"}],"circlet_count":0,"master_deck":["AscendersBane","Strike_B","Defend_B","Defend_B","Defend_B","Defend_B","Zap","Dualcast","Conserve Battery","Sweeping Beam","Streamline+1","Stack","Leap","Tempest+1","Thunder Strike+1","Electrodynamics+1","Self Repair+1","Rip and Tear+1","Stack+1","Machine Learning","Turbo","Consume"],"relics":["Cracked Core","Pocketwatch","Meat on the Bone","Nunchaku","Turnip","Velvet Choker","Boot","Lantern","Inserter"],"acts_visited":["TheCity","TheBeyond"],"potions_floor_usage":[],"damage_taken":[{"damage":0.0,"enemies":"2 Louse","floor":1.0,"turns":2.0},{"damage":1.0,"enemies":"Small Slimes","floor":3.0,"turns":3.0},{"damage":2.0,"enemies":"Jaw Worm","floor":5.0,"turns":3.0},{"damage":13.0,"enemies":"3 Sentries","floor":6.0,"turns":7.0},{"damage":13.0,"enemies":"Lagavulin","floor":8.0,"turns":6.0},{"damage":5.0,"enemies":"Exordium Wildlife","floor":11.0,"turns":4.0},{"damage":0.0,"enemies":"Large Slime","floor":12.0,"turns":3.0},{"damage":2.0,"enemies":"Looter","floor":14.0,"turns":2.0},{"damage":36.0,"enemies":"Hexaghost","floor":16.0,"turns":10.0},{"damage":9.0,"enemies":"Shell Parasite","floor":18.0,"turns":3.0},{"damage":6.0,"enemies":"Spheric Guardian","floor":20.0,"turns":3.0},{"damage":8.0,"enemies":"Gremlin Leader","floor":24.0,"turns":4.0},{"damage":10.0,"enemies":"Chosen and Byrds","floor":27.0,"turns":4.0},{"damage":3.0,"enemies":"3 Cultists","floor":28.0,"turns":3.0},{"damage":39.0,"enemies":"Slavers","floor":29.0,"turns":4.0},{"damage":1.0,"enemies":"Snecko","floor":31.0,"turns":3.0},{"damage":20.0,"enemies":"Collector","floor":33.0,"turns":7.0},{"damage":40.0,"enemies":"3 Darklings","floor":35.0,"turns":4.0},{"damage":30.0,"enemies":"Orb Walker","floor":37.0,"turns":5.0},{"damage":47,"enemies":"Nemesis","floor":40,"turns":3}],"seed_played":"-7746746695696621052","potions_obtained":[{"floor":1.0,"key":"Dexterity Potion"},{"floor":5.0,"key":"SkillPotion"},{"floor":6.0,"key":"FocusPotion"},{"floor":14.0,"key":"SpeedPotion"},{"floor":16.0,"key":"Swift Potion"},{"floor":18.0,"key":"FocusPotion"},{"floor":27.0,"key":"EssenceOfSteel"}],"is_trial":false,"path_per_floor":["M","$","M","?","M","E","R","E","T","?","M","M","$","M","R","B",null,"M","?","M","?","$","R","E","R","T","M","M","E","$","M","R","B",null,"M","$","M","?","?","E"],"character_chosen":"DEFECT","items_purchased":["Turnip","FocusPotion"],"campfire_rested":0,"item_purchase_floors":[13,30],"current_hp_per_floor":[64,64,63,63,61,48,48,35,35,35,42,42,42,40,40,16,57,48,48,42,42,42,42,53,53,53,50,54,34,34,52,52,54,67,49,49,41,41,41,0,0],"gold":159,"neow_bonus":"HUNDRED_GOLD","is_daily":false,"chose_seed":false,"campfire_upgraded":5,"win_rate":0.0,"timestamp":1611585753,"path_taken":["M","$","?","?","M","E","R","E","T","?","M","M","$","M","R","BOSS","M","?","?","?","?","R","E","R","T","M","?","E","$","M","R","BOSS","M","$","M","?","?","E"],"items_purchased_type":["Relic","Potion"],"build_version":"2020-12-22","purchased_purges":1,"victory":false,"max_hp_per_floor":[71,71,71,71,71,71,71,71,71,71,71,71,71,71,71,71,71,71,71,71,71,71,71,71,71,71,71,71,71,71,71,71,71,71,71,71,71,71,71,71,71],"relic_stats":{"Nunchaku":[5],"Inserter":[6],"counters":[20,83],"Turnip":[10],"Boot":[6],"obtain_stats":[{"Nunchaku":9,"Lantern":29,"Inserter":34,"Velvet Choker":17,"Turnip":13,"Cracked Core":0,"Boot":24,"Pocketwatch":6,"Meat on the Bone":8},{"Nunchaku":5,"Lantern":15,"Inserter":17,"Velvet Choker":9,"Turnip":7,"Cracked Core":0,"Boot":12,"Pocketwatch":4,"Meat on the Bone":5},{"Nunchaku":21,"Lantern":61,"Inserter":71,"Velvet Choker":40,"Turnip":28,"Cracked Core":0,"Boot":50,"Pocketwatch":15,"Meat on the Bone":21}],"Pocketwatch":[99],"Meat on the Bone":96},"card_choices":[{"not_picked":["Undo","Steam"],"picked":"Conserve Battery","floor":1.0},{"not_picked":["Redo","Compile Driver"],"picked":"Sweeping Beam","floor":3.0},{"not_picked":["Stack","Recycle"],"picked":"Hello World","floor":5.0},{"not_picked":["Beam Cell","Blizzard"],"picked":"Streamline","floor":6.0},{"not_picked":["Blizzard","Gash"],"picked":"Stack","floor":8.0},{"not_picked":["Coolheaded","Auto Shields"],"picked":"Leap","floor":11.0},{"not_picked":["Conserve Battery","Storm"],"picked":"Tempest","floor":12.0},{"not_picked":["Recycle","Beam Cell"],"picked":"Thunder Strike","floor":14.0},{"not_picked":["Thunder Strike","Biased Cognition"],"picked":"Electrodynamics","floor":16.0},{"not_picked":["Coolheaded","Sweeping Beam","White Noise"],"picked":"SKIP","floor":18.0},{"not_picked":["Stack","Barrage"],"picked":"Self Repair","floor":20.0},{"not_picked":["Coolheaded","Barrage","Stack"],"picked":"SKIP","floor":24.0},{"not_picked":["Heatsinks","Blizzard","Cold Snap+1"],"picked":"SKIP","floor":27.0},{"not_picked":["Steam","Hologram"],"picked":"Rip and Tear+1","floor":28.0},{"not_picked":["Conserve Battery","Blizzard","Chill"],"picked":"SKIP","floor":29.0},{"not_picked":["Leap","Turbo"],"picked":"Stack+1","floor":31.0},{"not_picked":["Rainbow","Hyperbeam"],"picked":"Machine Learning","floor":33.0},{"not_picked":["Melter","Gash"],"picked":"Turbo","floor":35.0},{"not_picked":["Compile Driver","Barrage"],"picked":"Consume","floor":37.0}],"player_experience":272942,"relics_obtained":[{"floor":6.0,"key":"Pocketwatch"},{"floor":8.0,"key":"Meat on the Bone"},{"floor":9.0,"key":"Nunchaku"},{"floor":24.0,"key":"Boot"},{"floor":29.0,"key":"Lantern"}],"event_choices":[{"cards_removed":["Strike_B"],"damage_healed":0.0,"max_hp_gain":0.0,"max_hp_loss":0.0,"gold_gain":0.0,"event_name":"Bonfire Elementals","player_choice":"Offered Basic","floor":4.0,"gold_loss":0.0,"damage_taken":0.0},{"cards_removed":["Hello World"],"damage_healed":0.0,"max_hp_gain":0.0,"max_hp_loss":0.0,"gold_gain":0.0,"event_name":"Living Wall","player_choice":"Forget","floor":10.0,"gold_loss":0.0,"damage_taken":0.0},{"cards_removed":["Strike_B"],"damage_healed":0.0,"max_hp_gain":0.0,"max_hp_loss":0.0,"gold_gain":0.0,"event_name":"Beggar","player_choice":"Gave Gold","floor":19.0,"gold_loss":75.0,"damage_taken":0.0},{"damage_healed":0.0,"max_hp_gain":0.0,"max_hp_loss":0.0,"gold_gain":0.0,"event_name":"Vampires","player_choice":"Ignored","floor":21.0,"gold_loss":0.0,"damage_taken":0.0},{"damage_healed":0.0,"max_hp_gain":0.0,"max_hp_loss":0.0,"gold_gain":0.0,"event_name":"Tomb of Lord Red Mask","player_choice":"Ignored","floor":38.0,"gold_loss":0.0,"damage_taken":0.0},{"damage_healed":0,"gold_gain":0,"player_choice":"Ignored","damage_taken":0,"max_hp_gain":0,"max_hp_loss":0,"event_name":"Mysterious Sphere","floor":39,"gold_loss":0}],"is_beta":false,"boss_relics":[{"not_picked":["Pandora\u0027s Box","Black Star"],"picked":"Velvet Choker"},{"not_picked":["Empty Cage","Cursed Key"],"picked":"Inserter"}],"items_purged_floors":[22],"is_endless":false,"potions_floor_spawned":[1,5,6,14,16,18,20,27,28],"killed_by":"Nemesis","ascension_level":17}}