{"host":"kvdgttz6fg1t1san","time":1611551941,"event":{"mods":["Aspiration","BaseMod","Colored Map","Downfall","Halation","Hubris","Lobotomy","Minty Spire (QoL Compilation)","Replay The Spire","StSLib"],"gold_per_floor":[162,162,162,162,33,33,110,126,140,140,175,175,190,205,222,222,222,222],"floor_reached":16,"language":"ENG","playtime":452,"items_purged":["bronze:Defend"],"score":125,"play_id":"b14cf2ea-e74d-4527-9b5b-985d4e52f825","local_time":"20210125001901","is_ascension_mode":false,"campfire_choices":[{"data":"bronze:FineTuning","floor":10,"key":"SMITH"},{"data":"bronze:FineTuning","floor":12,"key":"SMITH"}],"circlet_count":0,"master_deck":["bronze:Strike","bronze:Strike","bronze:Strike","bronze:Defend","bronze:Defend","bronze:Defend","bronze:Replicate","bronze:Goto+1","bronze:FineTuning+1","bronze:DigitalCarnage+1","bronze:Iterate+1","downfall:Malfunctioning","bronze:Flail","bronze:FineTuning+1","bronze:Branch"],"relics":["bronze:BronzeCore","downfall:HeartsMalice","Lantern","hubris:Icosahedron","halation:Toothbrush","Matryoshka"],"acts_visited":["Exordium"],"potions_floor_usage":[],"damage_taken":[{"damage":0,"enemies":"3 Sentries","floor":1,"turns":1},{"damage":0,"enemies":"2 Louse","floor":2,"turns":1},{"damage":0,"enemies":"downfall:FleeingMerchant","floor":5,"turns":1},{"damage":0,"enemies":"Small Slimes","floor":8,"turns":1},{"damage":0,"enemies":"Cultist","floor":9,"turns":1},{"damage":0,"enemies":"Lagavulin","floor":11,"turns":3},{"damage":0,"enemies":"Gremlin Gang","floor":13,"turns":2},{"damage":0,"enemies":"Lots of Slimes","floor":14,"turns":1},{"damage":29,"enemies":"Exordium Thugs","floor":15,"turns":3},{"damage":41,"enemies":"DF_ARCHETYPE_STREAMLINE","floor":16,"turns":4}],"seed_played":"-7683133328890797552","potions_obtained":[{"floor":8,"key":"LiquidBronze"},{"floor":11,"key":"Fire Potion"},{"floor":13,"key":"Venom Potion"},{"floor":14,"key":"Regen Potion"}],"is_trial":false,"path_per_floor":["R_BF","M","?","?","$","?","T","M","M","R","E","R","M","M","M","B"],"character_chosen":"THE_AUTOMATON","items_purchased":["bronze:Iterate"],"campfire_rested":0,"item_purchase_floors":[5],"current_hp_per_floor":[70,70,70,70,70,70,70,70,70,70,70,70,70,70,41,0,0,0],"gold":222,"neow_bonus":"THREE_ENEMY_KILL","is_daily":false,"chose_seed":false,"campfire_upgraded":2,"win_rate":0.0,"timestamp":1611551941,"path_taken":["R_BF","M","?","?","$","?","T","M","M","R","E","R","M","M","M","BOSS"],"items_purchased_type":["Card"],"build_version":"2020-12-22","purchased_purges":1,"victory":false,"max_hp_per_floor":[70,70,70,70,70,70,70,70,70,70,70,70,70,70,70,70,70,70],"card_choices":[{"not_picked":["bronze:BugBarrage","bronze:Overheat"],"picked":"bronze:FineTuning","floor":1},{"not_picked":["bronze:Boost","bronze:DelayedGuard","bronze:ForLoop"],"picked":"SKIP","floor":2},{"not_picked":["bronze:Safeguard","bronze:BuggyMess"],"picked":"bronze:DigitalCarnage","floor":5},{"not_picked":["bronze:BugBarrage","bronze:Invalidate"],"picked":"bronze:Flail","floor":8},{"not_picked":["bronze:NullPointer","bronze:WhirlingStrike"],"picked":"bronze:FineTuning","floor":9},{"not_picked":["bronze:Invalidate","bronze:Overheat","bronze:FineTuning"],"picked":"SKIP","floor":11},{"not_picked":["bronze:FollowUp","bronze:Iterate","bronze:SpaghettiCode"],"picked":"SKIP","floor":13},{"not_picked":["bronze:Safeguard","bronze:CutThrough","bronze:ChildClass"],"picked":"SKIP","floor":14},{"not_picked":["bronze:Flail","bronze:Iterate"],"picked":"bronze:Branch","floor":15}],"player_experience":148974,"relics_obtained":[{"floor":1,"key":"Lantern"},{"floor":7,"key":"halation:Toothbrush"},{"floor":11,"key":"Matryoshka"}],"event_choices":[],"is_beta":false,"boss_relics":[],"items_purged_floors":[5],"is_endless":false,"potions_floor_spawned":[8,11,13,14],"killed_by":"DF_ARCHETYPE_STREAMLINE","ascension_level":0}}