{"host":"pvf7uj918he10jir","time":1611553626,"event":{"mods":["AchievementEnabler","BaseMod","Colored Map","Colored Powertips","Highlight Path","Minty Spire (QoL Compilation)","Relic Stats","Slay the Relics Exporter","everything is the same but u backflip on backflip"],"gold_per_floor":[17,17,31,45,45,45,65,100,127,140,154,170,170,214,214,214,214],"floor_reached":16,"language":"ENG","playtime":771,"items_purged":[],"score":167,"play_id":"e307f90b-e3a1-4eba-a37e-1eb27b203430","local_time":"20210125004706","is_ascension_mode":true,"campfire_choices":[{"data":"Zap","floor":6,"key":"SMITH"},{"data":"Dualcast","floor":13,"key":"SMITH"},{"data":"Core Surge","floor":15,"key":"SMITH"}],"circlet_count":0,"master_deck":["Strike_B","Strike_B","Strike_B","Strike_B","Defend_B","Defend_B","Defend_B","Defend_B","Zap+1","Dualcast+1","Electrodynamics+1","BootSequence","Self Repair","Conserve Battery","Core Surge+1"],"relics":["Cracked Core","Lantern","Boot","CeramicFish"],"acts_visited":["Exordium"],"potions_floor_usage":[8,16],"damage_taken":[{"damage":4,"enemies":"Jaw Worm","floor":1,"turns":3},{"damage":1,"enemies":"Cultist","floor":3,"turns":3},{"damage":0,"enemies":"Small Slimes","floor":4,"turns":2},{"damage":2,"enemies":"Looter","floor":7,"turns":3},{"damage":24,"enemies":"Gremlin Nob","floor":8,"turns":4},{"damage":5,"enemies":"Exordium Wildlife","floor":10,"turns":3},{"damage":0,"enemies":"Large Slime","floor":11,"turns":3},{"damage":0,"enemies":"Exordium Thugs","floor":12,"turns":2},{"damage":0,"enemies":"3 Sentries","floor":14,"turns":2},{"damage":75,"enemies":"Hexaghost","floor":16,"turns":9}],"seed_played":"6562154351699738959","potions_obtained":[{"floor":4,"key":"Fire Potion"},{"floor":8,"key":"SmokeBomb"},{"floor":14,"key":"EssenceOfDarkness"}],"is_trial":false,"path_per_floor":["M","?","M","M","$","R","M","E","T","M","M","M","R","E","R","B"],"character_chosen":"DEFECT","items_purchased":[],"campfire_rested":0,"item_purchase_floors":[],"current_hp_per_floor":[71,71,70,70,70,70,75,58,58,60,67,74,74,74,74,0,0],"gold":214,"neow_bonus":"THREE_RARE_CARDS","is_daily":false,"chose_seed":false,"campfire_upgraded":3,"win_rate":0.0,"timestamp":1611553626,"path_taken":["M","?","M","M","$","R","M","E","T","M","?","M","R","E","R","BOSS"],"items_purchased_type":[],"build_version":"2020-12-22","purchased_purges":0,"victory":false,"max_hp_per_floor":[75,75,75,75,75,75,75,75,75,75,75,75,75,75,75,75,75],"relic_stats":{"counters":[10,34],"CeramicFish":9,"Boot":[0],"obtain_stats":[{"Lantern":8,"CeramicFish":14,"Cracked Core":0,"Boot":9},{"Lantern":5,"CeramicFish":9,"Cracked Core":0,"Boot":5},{"Lantern":15,"CeramicFish":25,"Cracked Core":0,"Boot":15}]},"card_choices":[{"not_picked":["Thunder Strike","Biased Cognition"],"picked":"Electrodynamics","floor":0},{"not_picked":["Rebound","Blizzard","Go for the Eyes"],"picked":"SKIP","floor":1},{"not_picked":["Scrape","Reinforced Body"],"picked":"BootSequence","floor":3},{"not_picked":["Turbo","Compile Driver"],"picked":"Self Repair","floor":4},{"not_picked":["Steam","Gash","Recycle"],"picked":"SKIP","floor":7},{"not_picked":["Stack","Leap"],"picked":"Conserve Battery","floor":8},{"not_picked":["Ball Lightning","Turbo","Loop"],"picked":"SKIP","floor":10},{"not_picked":["Steam","Gash","Loop"],"picked":"SKIP","floor":11},{"not_picked":["Melter","Stack","Cold Snap"],"picked":"SKIP","floor":12},{"not_picked":["FTL","BootSequence"],"picked":"Core Surge","floor":14}],"player_experience":154069,"relics_obtained":[{"floor":8,"key":"Lantern"},{"floor":9,"key":"Boot"},{"floor":14,"key":"CeramicFish"}],"event_choices":[{"damage_healed":0,"gold_gain":0,"player_choice":"Upgraded","damage_taken":0,"max_hp_gain":0,"max_hp_loss":0,"event_name":"Upgrade Shrine","floor":2,"gold_loss":0,"cards_upgraded":["Electrodynamics"]}],"is_beta":false,"boss_relics":[],"items_purged_floors":[],"is_endless":false,"potions_floor_spawned":[4,8,14],"killed_by":"Hexaghost","ascension_level":4}}