{"host":"tj6tjcyqgbd0xj5u","time":1611540976,"event":{"mods":["Aspiration","BaseMod","Better Match","BetterRewards","Challenge The Spire","Conspire","Defuse TimeMaze Blight","Downfall","Energized Spire","Evolution","GifTheSpireLib","Halation","Hubris","Infinite Spire","Minty Spire (QoL Compilation)","Replay The Spire","Reworked Bosses","Spikes Relics","StS++","StSLib","Stuff the Spire"],"gold_per_floor":[110,110,35,51,67,93,109,109,159,189,217,227,227,244,244,244,244],"floor_reached":16,"language":"ENG","playtime":449,"items_purged":["Pain"],"score":123,"play_id":"571d73a9-2831-4f08-abff-ff4526c3faa4","local_time":"20210124221616","is_ascension_mode":true,"campfire_choices":[{"data":"StuffTheSpire:BumpUp","floor":8,"key":"SMITH"}],"circlet_count":0,"master_deck":["Strike_G","Strike_G","Strike_G","Strike_G","Strike_G","Defend_G","Defend_G","Defend_G","Defend_G","Defend_G","Survivor","Neutralize","Hidden Blade+1","Poisoned Stab","StuffTheSpire:Injection","StuffTheSpire:BumpUp+1","StuffTheSpire:Shiver+1","Bane","hubris:Counter"],"relics":["Ring of the Snake","EVO:Axolotl","NeowsBlessing","WarpedTongs","InkBottle","aspiration:VileToxins","Toy Ornithopter","aspiration:TomeofQuesting"],"acts_visited":["Exordium"],"potions_floor_usage":[6,7,10,14],"damage_taken":[{"damage":0,"enemies":"Cultist","floor":1,"turns":1},{"damage":0,"enemies":"Jaw Worm","floor":4,"turns":1},{"damage":0,"enemies":"2 Louse","floor":5,"turns":1},{"damage":15,"enemies":"Lagavulin","floor":6,"turns":5},{"damage":10,"enemies":"2 Fungi Beasts","floor":7,"turns":3},{"damage":32,"enemies":"3 Sentries","floor":10,"turns":7},{"damage":10,"enemies":"conspire:MimicChest","floor":11,"turns":4},{"damage":1,"enemies":"Blue Slaver","floor":12,"turns":2},{"damage":5,"enemies":"Red Slaver","floor":14,"turns":3},{"damage":14,"enemies":"The Guardian","floor":16,"turns":4}],"seed_played":"5848756037306386080","potions_obtained":[{"floor":4,"key":"SneckoOil"},{"floor":6,"key":"Fire Potion"},{"floor":7,"key":"CunningPotion"},{"floor":12,"key":"Weak Potion"}],"is_trial":false,"path_per_floor":["M","?","$","M","M","E","M","R","T","E","?","M","?","M","R","B"],"character_chosen":"THE_SILENT","items_purchased":[],"campfire_rested":0,"item_purchase_floors":[],"current_hp_per_floor":[70,70,70,70,70,55,45,45,45,13,3,2,2,2,23,9,9],"gold":244,"neow_bonus":"THREE_ENEMY_KILL","is_daily":false,"chose_seed":false,"campfire_upgraded":1,"win_rate":0.0,"timestamp":1611540976,"path_taken":["M","?","$","?","M","E","M","R","T","E","?","M","?","M","R","BOSS"],"items_purchased_type":[],"build_version":"2020-12-22","purchased_purges":1,"victory":false,"max_hp_per_floor":[70,70,70,70,70,70,70,70,70,70,70,70,70,70,70,70,70],"card_choices":[{"not_picked":["Pace","Slice"],"picked":"Hidden Blade","floor":1},{"not_picked":["ReplayTheSpireMod:Tripwire","Flying Knee"],"picked":"Poisoned Stab","floor":4},{"not_picked":["Deflect","Sucker Punch"],"picked":"StuffTheSpire:Injection","floor":5},{"not_picked":["Dagger Throw","ReplayTheSpireMod:Shiv Toss"],"picked":"StuffTheSpire:BumpUp","floor":6},{"not_picked":["Dodge and Roll","StuffTheSpire:Injection","Quick Slash"],"picked":"SKIP","floor":7},{"not_picked":["StSpp:PoisonousPunch","Escape Plan"],"picked":"StuffTheSpire:Shiver","floor":10},{"not_picked":["ReplayTheSpireMod:Speed Training","StuffTheSpire:Repulse"],"picked":"Bane","floor":11},{"not_picked":["StuffTheSpire:Injection","Backflip","Hidden Blade"],"picked":"SKIP","floor":12},{"not_picked":["StuffTheSpire:BumpUp","Dagger Spray"],"picked":"hubris:Counter","floor":14}],"player_experience":98998,"relics_obtained":[{"floor":6,"key":"InkBottle"},{"floor":9,"key":"aspiration:VileToxins"},{"floor":10,"key":"Toy Ornithopter"},{"floor":11,"key":"aspiration:TomeofQuesting"}],"event_choices":[{"damage_healed":0,"gold_gain":0,"player_choice":"Rummage","damage_taken":0,"relics_obtained":["WarpedTongs"],"max_hp_gain":0,"max_hp_loss":0,"event_name":"Accursed Blacksmith","floor":2,"gold_loss":0,"cards_obtained":["Pain"]}],"is_beta":false,"boss_relics":[],"items_purged_floors":[3],"is_endless":false,"potions_floor_spawned":[4,6,7,12],"killed_by":"The Guardian","ascension_level":2}}