{"host":"l84l8xigz5v5foa2","time":1611556312,"event":{"mods":["2.2 Compatiblity","AchievementEnabler","BaseMod","Better Note","Better Vampires","Card Filter","Colored Map","DeckTracker","Gremlin Skip","Highlight Path","Keyboard Shortcuts","Minty Spire (QoL Compilation)","Permanent Neow","Quick Restart","Relic Filter","Relic Stats","Shop Mod","StSLib","SuperFastMode","Transform Curses","Unknown Chances"],"gold_per_floor":[13,31,31,51,51,51,65,65,65,65,106,131,167,186,186,282,282,295,309,329,329,329,329,370,370,370,405,57,100,123,157,157,256,256,279,279,50,81,414,414,424,424,424,132,166,180,200,229,229,229],"floor_reached":51,"language":"KOR","playtime":2767,"items_purged":["Strike_G","Strike_G"],"score":1813,"play_id":"a688a7e7-1607-4c72-9e68-e5089c5feb0f","local_time":"20210125153152","is_ascension_mode":true,"campfire_choices":[{"data":"Apotheosis","floor":6.0,"key":"SMITH"},{"data":"After Image","floor":8.0,"key":"SMITH"},{"data":"Footwork","floor":10.0,"key":"SMITH"},{"data":"Prepared","floor":15.0,"key":"SMITH"},{"data":"Glass Knife","floor":23.0,"key":"SMITH"},{"data":"Dagger Spray","floor":25.0,"key":"SMITH"},{"data":"A Thousand Cuts","floor":32.0,"key":"SMITH"},{"data":"Well Laid Plans","floor":40.0,"key":"SMITH"},{"data":"Thinking Ahead","floor":42,"key":"SMITH"},{"data":"Caltrops","floor":49,"key":"SMITH"}],"circlet_count":0,"master_deck":["AscendersBane","Strike_G","Strike_G","Strike_G","Defend_G","Defend_G","Defend_G","Defend_G","Defend_G","Survivor+1","Neutralize","Apotheosis+1","Cloak And Dagger","Cloak And Dagger","Footwork+1","After Image+1","PiercingWail","Dash","Footwork","Backflip","Prepared+1","Flying Knee","Venomology+1","Dodge and Roll","Deflect+1","Glass Knife+1","Reflex","Dagger Spray+1","Caltrops+1","Well Laid Plans+1","Acrobatics","A Thousand Cuts+1","Calculated Gamble+1","Night Terror","Noxious Fumes+1","Thinking Ahead+1","Master of Strategy","Master of Strategy","Tactician","Eviscerate","Prepared","Dodge and Roll+1","Acrobatics+1"],"relics":["Ring of the Snake","Tough Bandages","Akabeko","Mummified Hand","SacredBark","Gremlin Horn","Calipers","Regal Pillow","War Paint","The Specimen","Bottled Tornado","Philosopher\u0027s Stone","PreservedInsect","Ginger","Toolbox","HornCleat","Bronze Scales"],"acts_visited":["Exordium","TheCity","TheBeyond"],"potions_floor_usage":[45,47,48,50,50],"damage_taken":[{"damage":0.0,"enemies":"Cultist","floor":1.0,"turns":3.0},{"damage":3.0,"enemies":"Jaw Worm","floor":2.0,"turns":3.0},{"damage":0.0,"enemies":"2 Louse","floor":4.0,"turns":4.0},{"damage":0.0,"enemies":"Large Slime","floor":7.0,"turns":9.0},{"damage":15.0,"enemies":"Gremlin Nob","floor":11.0,"turns":6.0},{"damage":0.0,"enemies":"Looter","floor":12.0,"turns":4.0},{"damage":0.0,"enemies":"3 Sentries","floor":13.0,"turns":9.0},{"damage":0.0,"enemies":"Blue Slaver","floor":14.0,"turns":4.0},{"damage":1.0,"enemies":"Slime Boss","floor":16.0,"turns":18.0},{"damage":0.0,"enemies":"Shell Parasite","floor":18.0,"turns":7.0},{"damage":0.0,"enemies":"2 Thieves","floor":19.0,"turns":4.0},{"damage":0.0,"enemies":"Snake Plant","floor":20.0,"turns":8.0},{"damage":18.0,"enemies":"Slavers","floor":24.0,"turns":12.0},{"damage":0.0,"enemies":"Book of Stabbing","floor":27.0,"turns":9.0},{"damage":0.0,"enemies":"Gremlin Leader","floor":29.0,"turns":9.0},{"damage":18.0,"enemies":"3 Cultists","floor":30.0,"turns":6.0},{"damage":0.0,"enemies":"Slavers","floor":31.0,"turns":5.0},{"damage":0.0,"enemies":"Champ","floor":33.0,"turns":13.0},{"damage":0.0,"enemies":"Orb Walker","floor":35.0,"turns":4.0},{"damage":0.0,"enemies":"Mind Bloom Boss Battle","floor":38.0,"turns":3.0},{"damage":0,"enemies":"3 Shapes","floor":41,"turns":3},{"damage":0,"enemies":"Reptomancer","floor":45,"turns":4},{"damage":0,"enemies":"Sphere and 2 Shapes","floor":46,"turns":3},{"damage":0,"enemies":"Spire Growth","floor":47,"turns":5},{"damage":0,"enemies":"Giant Head","floor":48,"turns":7},{"damage":0,"enemies":"Donu and Deca","floor":50,"turns":11}],"seed_played":"4799034932528576015","potions_obtained":[{"floor":2.0,"key":"GamblersBrew"},{"floor":11.0,"key":"Ancient Potion"},{"floor":13.0,"key":"FearPotion"},{"floor":18.0,"key":"Fire Potion"},{"floor":24.0,"key":"ColorlessPotion"},{"floor":30.0,"key":"PowerPotion"}],"is_trial":false,"path_per_floor":["M","M","?","M","?","R","M","R","T","R","E","M","E","M","R","B",null,"M","M","M","?","?","R","E","R","T","E","$","E","M","E","R","B",null,"M","?","$","?","?","R","M","R","T","$","E","M","M","E","R","B",null],"character_chosen":"THE_SILENT","items_purchased":["Well Laid Plans","Acrobatics","War Paint","Tactician","PreservedInsect","Prepared","Toolbox"],"campfire_rested":0,"item_purchase_floors":[28,28,28,37,37,44,44],"current_hp_per_floor":[59,56,56,56,56,56,56,56,56,56,41,41,41,41,41,40,55,55,55,55,55,55,55,37,37,37,37,37,37,19,19,19,19,50,50,40,40,40,40,40,40,40,40,40,40,40,40,40,40,40],"gold":229,"neow_bonus":"RANDOM_COLORLESS_2","is_daily":false,"chose_seed":false,"campfire_upgraded":10,"win_rate":0.0,"timestamp":1611556312,"path_taken":["M","M","?","M","?","R","M","R","T","R","E","M","E","M","R","BOSS","M","M","?","?","?","R","E","R","T","E","$","E","M","E","R","BOSS","M","?","$","?","?","R","M","R","T","?","E","?","M","E","R","BOSS"],"items_purchased_type":["Card","Card","Relic","Card","Relic","Card","Relic"],"build_version":"2020-12-22","purchased_purges":2,"victory":true,"max_hp_per_floor":[66,66,60,60,60,60,60,60,60,60,60,60,60,60,60,60,60,60,60,60,60,60,60,60,60,60,60,60,60,60,60,60,60,60,60,60,60,60,60,60,60,60,60,60,60,60,60,60,60,60],"relic_stats":{"Tough Bandages":[618],"Regal Pillow":0,"Gremlin Horn":[18,18],"counters":[26,173],"Mummified Hand":[121],"Bronze Scales":[30],"PreservedInsect":191,"Ginger":[3],"War Paint":["Venomology","Survivor"],"obtain_stats":[{"Regal Pillow":27,"Calipers":26,"Gremlin Horn":24,"The Specimen":29,"Golden Idol":3,"SacredBark":17,"PreservedInsect":37,"Ginger":38,"War Paint":28,"Bottled Tornado":31,"Akabeko":11,"Tough Bandages":9,"HornCleat":45,"Mummified Hand":13,"Bronze Scales":48,"Toolbox":44,"Philosopher\u0027s Stone":34,"Ring of the Snake":0},{"Regal Pillow":14,"Calipers":13,"Gremlin Horn":13,"The Specimen":15,"Golden Idol":2,"SacredBark":9,"PreservedInsect":19,"Ginger":20,"War Paint":14,"Bottled Tornado":17,"Akabeko":5,"Tough Bandages":4,"HornCleat":22,"Mummified Hand":7,"Bronze Scales":25,"Toolbox":21,"Philosopher\u0027s Stone":18,"Ring of the Snake":0},{"Regal Pillow":100,"Calipers":91,"Gremlin Horn":91,"The Specimen":109,"Golden Idol":6,"SacredBark":60,"PreservedInsect":137,"Ginger":140,"War Paint":100,"Bottled Tornado":120,"Akabeko":25,"Tough Bandages":19,"HornCleat":147,"Mummified Hand":38,"Bronze Scales":162,"Toolbox":143,"Philosopher\u0027s Stone":133,"Ring of the Snake":0}],"Ring of the Snake":[52]},"card_choices":[{"not_picked":["Violence","Secret Technique"],"picked":"Apotheosis","floor":0.0},{"not_picked":["Underhanded Strike","Expertise"],"picked":"Cloak And Dagger","floor":1.0},{"not_picked":["Deflect","Slice"],"picked":"Cloak And Dagger","floor":2.0},{"not_picked":["Underhanded Strike","Eviscerate"],"picked":"Footwork","floor":4.0},{"not_picked":["Outmaneuver","Infinite Blades"],"picked":"Dash","floor":7.0},{"not_picked":["Skewer","Endless Agony"],"picked":"Footwork","floor":11.0},{"not_picked":["Masterful Stab","Poisoned Stab"],"picked":"Backflip","floor":12.0},{"not_picked":["Blade Dance","Doppelganger"],"picked":"Prepared","floor":13.0},{"not_picked":["PiercingWail","Catalyst"],"picked":"Flying Knee","floor":14.0},{"not_picked":["Burst","Night Terror"],"picked":"Venomology","floor":16.0},{"not_picked":["Backflip","Poisoned Stab+1"],"picked":"Dodge and Roll","floor":18.0},{"not_picked":["Dagger Throw+1","Underhanded Strike"],"picked":"Deflect+1","floor":19.0},{"not_picked":["Prepared","Deadly Poison"],"picked":"Glass Knife","floor":20.0},{"not_picked":["Crippling Poison","PiercingWail"],"picked":"Dagger Spray","floor":24.0},{"not_picked":["Flying Knee","Slice"],"picked":"Caltrops","floor":27.0},{"not_picked":["Finisher","Distraction"],"picked":"A Thousand Cuts","floor":29.0},{"not_picked":["Caltrops","Infinite Blades+1","Dagger Throw"],"picked":"SKIP","floor":30.0},{"not_picked":["Skewer","Leg Sweep"],"picked":"Calculated Gamble+1","floor":31.0},{"not_picked":["Phantasmal Killer","Bullet Time"],"picked":"Night Terror","floor":33.0},{"not_picked":["Poisoned Stab","Dagger Spray"],"picked":"Noxious Fumes+1","floor":35.0},{"not_picked":["Dark Shackles","Bandage Up"],"picked":"Thinking Ahead","floor":36.0},{"not_picked":["Mayhem","Secret Weapon"],"picked":"Master of Strategy","floor":36.0},{"not_picked":["Dramatic Entrance","Apotheosis"],"picked":"Master of Strategy","floor":36.0},{"not_picked":["Acrobatics","Flechettes+1"],"picked":"Eviscerate","floor":41},{"not_picked":["Backflip","Storm of Steel","Cloak And Dagger"],"picked":"SKIP","floor":45},{"not_picked":["Bouncing Flask","Backflip","Skewer"],"picked":"SKIP","floor":46},{"not_picked":["Well Laid Plans+1","Slice"],"picked":"Dodge and Roll+1","floor":47},{"not_picked":["PiercingWail","Backflip"],"picked":"Acrobatics+1","floor":48}],"player_experience":1435733,"relics_obtained":[{"floor":9.0,"key":"Tough Bandages"},{"floor":11.0,"key":"Akabeko"},{"floor":13.0,"key":"Mummified Hand"},{"floor":24.0,"key":"Gremlin Horn"},{"floor":26.0,"key":"Calipers"},{"floor":27.0,"key":"Regal Pillow"},{"floor":29.0,"key":"The Specimen"},{"floor":31.0,"key":"Bottled Tornado"},{"floor":38.0,"key":"Ginger"},{"floor":45,"key":"HornCleat"},{"floor":48,"key":"Bronze Scales"}],"event_choices":[{"damage_healed":0.0,"max_hp_gain":0.0,"max_hp_loss":6.0,"gold_gain":0.0,"event_name":"Golden Idol","player_choice":"Lose Max HP","floor":3.0,"gold_loss":0.0,"damage_taken":0.0,"relics_obtained":["Golden Idol"]},{"damage_healed":0.0,"max_hp_gain":0.0,"max_hp_loss":0.0,"gold_gain":0.0,"event_name":"Match and Keep!","player_choice":"2 cards matched","floor":5.0,"gold_loss":0.0,"damage_taken":0.0,"cards_obtained":["After Image","PiercingWail"]},{"damage_healed":0.0,"max_hp_gain":0.0,"max_hp_loss":0.0,"gold_gain":0.0,"event_name":"Ghosts","player_choice":"Ignored","floor":21.0,"gold_loss":0.0,"damage_taken":0.0},{"damage_healed":0.0,"max_hp_gain":0.0,"max_hp_loss":0.0,"gold_gain":0.0,"event_name":"The Library","player_choice":"Read","floor":22.0,"gold_loss":0.0,"damage_taken":0.0,"cards_obtained":["Reflex"]},{"damage_healed":0.0,"max_hp_gain":0.0,"max_hp_loss":0.0,"gold_gain":0.0,"event_name":"SensoryStone","player_choice":"Memory 3","floor":36.0,"gold_loss":0.0,"damage_taken":10.0},{"damage_healed":0.0,"max_hp_gain":0.0,"max_hp_loss":0.0,"gold_gain":0.0,"event_name":"MindBloom","player_choice":"Fight","floor":38.0,"gold_loss":0.0,"damage_taken":0.0},{"damage_healed":0.0,"max_hp_gain":0.0,"max_hp_loss":0.0,"gold_gain":333.0,"event_name":"The Moai Head","player_choice":"Gave Idol","floor":39.0,"relics_lost":["Golden Idol"],"gold_loss":0.0,"damage_taken":0.0}],"is_beta":false,"boss_relics":[{"not_picked":["Calling Bell","WristBlade"],"picked":"SacredBark"},{"not_picked":["Pandora\u0027s Box","Busted Crown"],"picked":"Philosopher\u0027s Stone"}],"items_purged_floors":[28,44],"is_endless":false,"potions_floor_spawned":[2,11,13,18,20,24,27,30,38,45,47],"ascension_level":15}}