{"host":"q1ejl7hv5l3527la","time":1611555391,"event":{"mods":["Aspiration","BaseMod","Better Altar","Better Third Choice","Colored Powertips","Downfall","Energized Spire","Evolution","Highlight Path","Infinite Spire","Jorbs\u0027s Wanderer Trilogy","Minty Spire (QoL Compilation)","Replay The Spire","Shop Mod","StSLib","The Hierophant","The Juggle"],"gold_per_floor":[119,129,142,155,171,171,171,196,221,221,15,42,7,22,22,119,119,129,140,140,140,151,151,176,176,176,194,194,194,194,209,209,304,304,318,337,354,354,367,367,467,467,494,494,512,512,17,35,35,35],"floor_reached":51,"language":"ENG","playtime":3518,"items_purged":["ReplayTheSpireMod:Splinters"],"score":947,"play_id":"91d8c6de-672b-4c79-8c34-c2b8f1e12ab4","local_time":"20210125001631","is_ascension_mode":true,"campfire_choices":[{"floor":6,"key":"REST"},{"data":"Panic Button","floor":10,"key":"SMITH"},{"floor":15,"key":"REST"},{"data":"ReplayTheSpireMod:Calculation Training","floor":23,"key":"SMITH"},{"floor":25,"key":"REST"},{"floor":29,"key":"REST"},{"floor":32,"key":"REST"},{"floor":40,"key":"REST"},{"data":"ReplayTheSpireMod:Calculation Training","floor":44,"key":"SMITH"},{"floor":46,"key":"REST"},{"floor":49,"key":"REST"}],"circlet_count":0,"master_deck":["Ball Lightning","Ball Lightning","Strike_B","Strike_B","Defend_B","Defend_B","Defend_B","Defend_B","Zap","Dualcast","ReplayTheSpireMod:Calculation Training+1","Gash","ReplayTheSpireMod:Calculation Training+1","Blizzard","Coolheaded","Panic Button+1","Rip and Tear","Rip and Tear","Barrage","Compile Driver","Leap","Gash","Coolheaded","Go for the Eyes","Beam Cell+1","Voices","Coolheaded","Machine Learning+1","Static Discharge","FTL+1","Beam Cell+1","Static Discharge","Cold Snap","Steam+1","Conserve Battery+1","Heatsinks+1","Lockon+1","Ball Lightning+1","Turbo+1","Turbo+1","aspiration:Polymerization+1"],"relics":["Cracked Core","EVO:Axolotl","Bag of Marbles","ReplayTheSpireMod:TigerMarble","infinitespire:Lucky Rock","infinitespire:PuzzleCube","Oddly Smooth Stone","aspiration:FutureDiary","infinitespire:WardingShard","HornCleat","Golden Egg","Ring of Panic","infinitespire:SolderingIron","Cursed Key","Toy Ornithopter","BargainBundle","Lizard Tail","infinitespire:EvilPickle"],"acts_visited":["Exordium","TheCity","TheBeyond"],"potions_floor_usage":[22,24,27,37,45,50,50],"damage_taken":[{"damage":3,"enemies":"2 Louse","floor":1,"turns":2},{"damage":0,"enemies":"Cultist","floor":2,"turns":2},{"damage":1,"enemies":"Jaw Worm","floor":3,"turns":3},{"damage":6,"enemies":"Exordium Wildlife","floor":4,"turns":3},{"damage":6,"enemies":"Exordium Thugs","floor":5,"turns":3},{"damage":13,"enemies":"Gremlin Nob","floor":8,"turns":3},{"damage":33,"enemies":"3 Sentries","floor":12,"turns":6},{"damage":0,"enemies":"Blue Slaver","floor":14,"turns":2},{"damage":14,"enemies":"Fading Forest","floor":16,"turns":11},{"damage":0,"enemies":"Chosen","floor":18,"turns":2},{"damage":1,"enemies":"2 Thieves","floor":19,"turns":3},{"damage":0,"enemies":"Cultist and Chosen","floor":22,"turns":4},{"damage":41,"enemies":"Gremlin Leader","floor":24,"turns":5},{"damage":0,"enemies":"Snecko","floor":27,"turns":3},{"damage":15,"enemies":"Snake Plant","floor":31,"turns":5},{"damage":35,"enemies":"Pondfish","floor":33,"turns":12},{"damage":24,"enemies":"3 Shapes","floor":35,"turns":4},{"damage":0,"enemies":"Orb Walker","floor":36,"turns":4},{"damage":7,"enemies":"Jaw Worm Horde","floor":37,"turns":4},{"damage":6,"enemies":"Transient","floor":39,"turns":5},{"damage":56,"enemies":"4 Shapes","floor":45,"turns":6},{"damage":33,"enemies":"Jaw Worm Horde","floor":48,"turns":6},{"damage":79,"enemies":"infinitespire:MassOfShapes","floor":50,"turns":11}],"seed_played":"-754383292369176454","potions_obtained":[{"floor":1,"key":"Doom Potion"},{"floor":2,"key":"Milkshake"},{"floor":8,"key":"LiquidMemories"},{"floor":12,"key":"hexamod:SoulburnPotion"},{"floor":16,"key":"Death Potion"},{"floor":24,"key":"FearPotion"},{"floor":36,"key":"Strength Potion"},{"floor":37,"key":"LiquidBronze"}],"is_trial":false,"path_per_floor":["M","M","M","M","M","R","?","E","T","R","$","E","?","M","R","B",null,"M","M","?","AVR","M","R","E","R","T","M","?","R","T","M","R","B",null,"M","M","M","?","M","R","?","?","T","R","M","R","$","M","R","B",null],"character_chosen":"DEFECT","items_purchased":["infinitespire:PuzzleCube","Rip and Tear","BargainBundle","FairyPotion","Swift Potion","Conserve Battery","Heatsinks","Lockon","Ball Lightning","Lizard Tail","Turbo"],"campfire_rested":8,"item_purchase_floors":[11,11,47,47,47,47,47,47,47,47,47],"current_hp_per_floor":[72,72,71,65,59,75,75,62,62,62,62,29,47,47,69,75,75,75,74,74,74,74,74,33,55,55,55,55,75,75,60,75,40,75,51,51,44,44,38,60,60,60,60,60,9,31,31,40,62,31],"gold":35,"neow_bonus":"RANDOM_COMMON_RELIC","is_daily":false,"chose_seed":false,"campfire_upgraded":3,"win_rate":0.0,"timestamp":1611555391,"path_taken":["M","M","M","M","M","R","?","E","T","R","$","E","?","?","R","BOSS","M","M","?","AVR","M","R","E","R","T","?","?","R","?","M","R","BOSS","M","M","M","?","M","R","?","?","T","R","?","R","$","M","R","BOSS"],"items_purchased_type":["Relic","Card","Relic","Potion","Potion","Card","Card","Card","Card","Relic","Card"],"build_version":"2020-12-22","purchased_purges":1,"victory":true,"max_hp_per_floor":[75,75,75,75,75,75,75,75,75,75,75,75,75,75,75,75,75,75,75,75,75,75,75,75,75,75,75,75,75,75,75,75,75,75,75,75,75,75,75,75,75,75,75,75,75,75,75,75,75,75],"card_choices":[{"not_picked":["Compile Driver","Reprogram"],"picked":"ReplayTheSpireMod:Calculation Training","floor":1},{"not_picked":["Sweeping Beam","Compile Driver"],"picked":"Gash","floor":2},{"not_picked":["Compile Driver","BasicCrystalCard"],"picked":"ReplayTheSpireMod:Calculation Training","floor":3},{"not_picked":["Turbo","Hello World"],"picked":"Blizzard","floor":4},{"not_picked":["BootSequence","Redo"],"picked":"Coolheaded","floor":5},{"not_picked":["Double Energy","BasicCrystalCard"],"picked":"Panic Button","floor":8},{"not_picked":["BasicCrystalCard","Steam"],"picked":"Barrage","floor":12},{"not_picked":["Turbo","Steam Power"],"picked":"Compile Driver","floor":14},{"not_picked":["Biased Cognition","Buffer"],"picked":"Seek","floor":16},{"not_picked":["Panic Button+1","Hologram"],"picked":"Leap","floor":18},{"not_picked":["Conserve Battery","White Noise+1"],"picked":"Gash","floor":19},{"not_picked":["Redo","ReplayTheSpireMod:Reroute Power"],"picked":"Coolheaded","floor":22},{"not_picked":["Hologram+1","BootSequence+1"],"picked":"Go for the Eyes","floor":24},{"not_picked":["Steam Power","Tempest"],"picked":"Beam Cell+1","floor":27},{"not_picked":["Reinforced Body","Panic Button"],"picked":"Coolheaded","floor":31},{"not_picked":["Core Surge","Meteor Strike"],"picked":"Machine Learning","floor":33},{"not_picked":["Turbo","Streamline+1"],"picked":"Static Discharge","floor":35},{"not_picked":["Turbo","Compile Driver"],"picked":"FTL+1","floor":36},{"not_picked":["Blizzard+1","Ball Lightning"],"picked":"Beam Cell+1","floor":37},{"not_picked":["Beam Cell","Genetic Algorithm"],"picked":"Static Discharge","floor":39},{"not_picked":["Heatsinks+1","Redo"],"picked":"Steam+1","floor":45},{"not_picked":["Leap","Heatsinks"],"picked":"aspiration:Polymerization+1","floor":48}],"player_experience":116152,"relics_obtained":[{"floor":8,"key":"ReplayTheSpireMod:TigerMarble"},{"floor":9,"key":"infinitespire:Lucky Rock"},{"floor":12,"key":"Oddly Smooth Stone"},{"floor":24,"key":"HornCleat"},{"floor":26,"key":"Golden Egg"},{"floor":28,"key":"Ring of Panic"},{"floor":30,"key":"infinitespire:SolderingIron"},{"floor":43,"key":"Toy Ornithopter"}],"event_choices":[{"damage_healed":0,"gold_gain":0,"player_choice":"Ignored","damage_taken":0,"max_hp_gain":0,"max_hp_loss":0,"event_name":"Golden Wing","floor":7,"gold_loss":0},{"damage_healed":18,"gold_gain":0,"player_choice":"Healed","damage_taken":0,"max_hp_gain":0,"max_hp_loss":0,"event_name":"The Cleric","floor":13,"gold_loss":35},{"damage_healed":0,"gold_gain":0,"player_choice":"Ignored","damage_taken":0,"max_hp_gain":0,"max_hp_loss":0,"event_name":"NoteForYourself","floor":20,"gold_loss":0},{"damage_healed":0,"gold_gain":100,"player_choice":"Pray","damage_taken":0,"max_hp_gain":0,"max_hp_loss":0,"event_name":"Golden Shrine","floor":41,"gold_loss":0},{"damage_healed":0,"gold_gain":0,"cards_transformed":["Seek"],"player_choice":"Transformed","damage_taken":0,"max_hp_gain":0,"max_hp_loss":0,"event_name":"Transmorgrifier","floor":42,"gold_loss":0,"cards_obtained":["Cold Snap"]}],"is_beta":false,"boss_relics":[{"not_picked":["ReplayTheSpireMod:DimensionalGlitch","SacredBark"],"picked":"aspiration:FutureDiary"},{"not_picked":["Ring of Chaos","Abe\u0027s Treasure"],"picked":"Cursed Key"}],"items_purged_floors":[47],"is_endless":false,"potions_floor_spawned":[1,2,8,12,16,19,24,36,37],"ascension_level":1}}