{"host":"zekcc3vicrep0och","time":1611594339,"event":{"mods":["AchievementEnabler","BaseMod","Colored Map","Colored Powertips","Displayed Cursed Tome","Highlight Path","Minty Spire (QoL Compilation)","Quick Restart","Relic Stats","StSLib","The Cursed"],"gold_per_floor":[112,112,127,146,156,189,189,221,269,269,269,285,300,318,318,411,411,426,48,62,83,99,143,143,143,143],"floor_reached":25,"language":"ENG","playtime":934,"items_purged":["Strike_R"],"score":511,"play_id":"9c558515-3236-4a8f-b12b-a9bd2f1895f9","local_time":"20210125200539","is_ascension_mode":true,"campfire_choices":[{"data":"Bash","floor":7.0,"key":"SMITH"},{"data":"Rampage","floor":10.0,"key":"SMITH"},{"data":"Carnage","floor":15.0,"key":"SMITH"}],"circlet_count":0,"master_deck":["AscendersBane","Strike_R","Strike_R","Strike_R","Strike_R","Defend_R","Defend_R","Defend_R","Defend_R","Bash+1","Headbutt","Fire Breathing","Rampage+1","Shrug It Off","Carnage+1","Shockwave","Double Tap","Iron Wave","Apotheosis","Ghostly Armor","Spot Weakness"],"relics":["Burning Blood","Mango","Calipers","Gremlin Horn","Happy Flower","Golden Idol","Velvet Choker","Tiny Chest"],"acts_visited":["Exordium","TheCity"],"potions_floor_usage":[],"damage_taken":[{"damage":2.0,"enemies":"Cultist","floor":1.0,"turns":4.0},{"damage":14.0,"enemies":"Jaw Worm","floor":3.0,"turns":3.0},{"damage":11.0,"enemies":"2 Louse","floor":4.0,"turns":3.0},{"damage":13.0,"enemies":"2 Fungi Beasts","floor":5.0,"turns":5.0},{"damage":25.0,"enemies":"3 Sentries","floor":6.0,"turns":6.0},{"damage":0.0,"enemies":"Gremlin Nob","floor":8.0,"turns":2.0},{"damage":9.0,"enemies":"Looter","floor":12.0,"turns":3.0},{"damage":11.0,"enemies":"Blue Slaver","floor":13.0,"turns":4.0},{"damage":0.0,"enemies":"2 Fungi Beasts","floor":14.0,"turns":2.0},{"damage":18.0,"enemies":"The Guardian","floor":16.0,"turns":7.0},{"damage":1.0,"enemies":"3 Byrds","floor":18.0,"turns":4.0},{"damage":0.0,"enemies":"Spheric Guardian","floor":20.0,"turns":1.0},{"damage":35.0,"enemies":"Shelled Parasite and Fungi","floor":21.0,"turns":7.0},{"damage":20.0,"enemies":"Sentry and Sphere","floor":22.0,"turns":5.0},{"damage":20.0,"enemies":"Gremlin Leader","floor":23.0,"turns":6.0},{"damage":41,"enemies":"Book of Stabbing","floor":25,"turns":4}],"seed_played":"8733868570177456196","potions_obtained":[{"floor":1.0,"key":"FairyPotion"},{"floor":5.0,"key":"PowerPotion"},{"floor":6.0,"key":"AttackPotion"},{"floor":12.0,"key":"AttackPotion"},{"floor":14.0,"key":"AttackPotion"},{"floor":18.0,"key":"Swift Potion"},{"floor":21.0,"key":"Swift Potion"},{"floor":22.0,"key":"EntropicBrew"}],"is_trial":false,"path_per_floor":["M","?","M","M","M","E","R","E","T","R","?","M","M","M","R","B",null,"M","$","M","M","M","E","?","E"],"character_chosen":"IRONCLAD","items_purchased":["Apotheosis","Ghostly Armor"],"campfire_rested":0,"item_purchase_floors":[19,19],"current_hp_per_floor":[68,73,65,60,53,34,34,40,40,40,40,37,32,38,38,26,70,75,75,81,52,38,24,41,0,0],"gold":143,"neow_bonus":"ONE_RARE_RELIC","is_daily":false,"chose_seed":false,"campfire_upgraded":3,"win_rate":0.0,"timestamp":1611594339,"path_taken":["M","?","M","M","M","E","R","E","T","R","?","M","M","M","R","BOSS","M","$","M","M","M","E","?","E"],"items_purchased_type":["Card","Card"],"build_version":"2020-12-22","purchased_purges":1,"victory":false,"max_hp_per_floor":[89,94,94,94,94,94,94,94,94,94,85,85,85,85,85,85,85,85,85,85,85,85,85,85,85,85],"relic_stats":{"Gremlin Horn":[11,11],"Happy Flower":[14],"counters":[16,66],"Golden Idol":51,"Tiny Chest":0,"obtain_stats":[{"Calipers":6,"Gremlin Horn":8,"Happy Flower":9,"Golden Idol":11,"Velvet Choker":17,"Mango":0,"Tiny Chest":23,"Burning Blood":0},{"Calipers":5,"Gremlin Horn":6,"Happy Flower":6,"Golden Idol":6,"Velvet Choker":10,"Mango":0,"Tiny Chest":15,"Burning Blood":0},{"Calipers":21,"Gremlin Horn":23,"Happy Flower":23,"Golden Idol":23,"Velvet Choker":39,"Mango":0,"Tiny Chest":62,"Burning Blood":0}],"Burning Blood":90},"card_choices":[{"not_picked":["Clash","Body Slam"],"picked":"Headbutt","floor":1.0},{"not_picked":["Perfected Strike","Sever Soul","Blood for Blood"],"picked":"SKIP","floor":3.0},{"not_picked":["Clash","Headbutt","Heavy Blade"],"picked":"SKIP","floor":4.0},{"not_picked":["Feel No Pain","Disarm"],"picked":"Fire Breathing","floor":5.0},{"not_picked":["Evolve","Shrug It Off"],"picked":"Rampage","floor":6.0},{"not_picked":["Thunderclap","Barricade"],"picked":"Shrug It Off","floor":8.0},{"not_picked":["Evolve","Shrug It Off"],"picked":"Carnage","floor":12.0},{"not_picked":["Feel No Pain","Thunderclap"],"picked":"Shockwave","floor":13.0},{"not_picked":["Shockwave","Twin Strike","Feel No Pain"],"picked":"SKIP","floor":14.0},{"not_picked":["Juggernaut","Limit Break"],"picked":"Double Tap","floor":16.0},{"not_picked":["Carnage","Entrench"],"picked":"Iron Wave","floor":18.0},{"not_picked":["Body Slam","Havoc","Dropkick+1"],"picked":"SKIP","floor":20.0},{"not_picked":["Sentinel","True Grit","Rage"],"picked":"SKIP","floor":21.0},{"not_picked":["Searing Blow+1","Sentinel"],"picked":"Spot Weakness","floor":22.0},{"not_picked":["Power Through","Flex","Spot Weakness"],"picked":"SKIP","floor":23.0}],"player_experience":555595,"relics_obtained":[{"floor":6.0,"key":"Calipers"},{"floor":8.0,"key":"Gremlin Horn"},{"floor":9.0,"key":"Happy Flower"},{"floor":23.0,"key":"Tiny Chest"}],"event_choices":[{"damage_healed":0.0,"max_hp_gain":5.0,"max_hp_loss":0.0,"gold_gain":0.0,"event_name":"Big Fish","player_choice":"Donut","floor":2.0,"gold_loss":0.0,"damage_taken":0.0},{"damage_healed":0.0,"max_hp_gain":0.0,"max_hp_loss":9.0,"gold_gain":0.0,"event_name":"Golden Idol","player_choice":"Lose Max HP","floor":11.0,"gold_loss":0.0,"damage_taken":0.0,"relics_obtained":["Golden Idol"]},{"damage_healed":17.0,"max_hp_gain":0.0,"max_hp_loss":0.0,"gold_gain":0.0,"event_name":"The Library","player_choice":"Heal","floor":24.0,"gold_loss":0.0,"damage_taken":0.0}],"is_beta":false,"boss_relics":[{"not_picked":["SlaversCollar","Fusion Hammer"],"picked":"Velvet Choker"}],"items_purged_floors":[19],"is_endless":false,"potions_floor_spawned":[1,5,6,12,14,18,21,22],"killed_by":"Book of Stabbing","ascension_level":19}}