{"host":"l84l8xigz5v5foa2","time":1611570384,"event":{"mods":["2.2 Compatiblity","AchievementEnabler","BaseMod","Better Note","Better Vampires","Card Filter","Colored Map","DeckTracker","Gremlin Skip","Highlight Path","Keyboard Shortcuts","Minty Spire (QoL Compilation)","Permanent Neow","Quick Restart","Relic Filter","Relic Stats","Shop Mod","StSLib","SuperFastMode","Transform Curses","Unknown Chances"],"gold_per_floor":[118,130,140,140,159,159,159],"floor_reached":6,"language":"KOR","playtime":246,"items_purged":[],"score":67,"play_id":"724126e4-6272-409d-a2ff-8f719add2b08","local_time":"20210125192624","is_ascension_mode":true,"campfire_choices":[],"circlet_count":0,"master_deck":["AscendersBane","Strike_G","Strike_G","Strike_G","Strike_G","Strike_G","Defend_G","Defend_G","Defend_G","Defend_G","Defend_G","Survivor","Neutralize","CurseOfTheBell","Acrobatics","Backflip","Riddle With Holes","Reflex"],"relics":["Calling Bell","Art of War","Letter Opener","Turnip","Golden Idol"],"acts_visited":["Exordium"],"potions_floor_usage":[5,6,6,6],"damage_taken":[{"damage":5,"enemies":"Cultist","floor":1,"turns":4},{"damage":17,"enemies":"Jaw Worm","floor":2,"turns":10},{"damage":3,"enemies":"Small Slimes","floor":3,"turns":4},{"damage":3,"enemies":"Looter","floor":5,"turns":3},{"damage":48,"enemies":"Lagavulin","floor":6,"turns":8}],"seed_played":"3900014889213530904","potions_obtained":[{"floor":1,"key":"Poison Potion"},{"floor":3,"key":"EntropicBrew"}],"is_trial":false,"path_per_floor":["M","M","M","?","M","E"],"character_chosen":"THE_SILENT","items_purchased":[],"campfire_rested":0,"item_purchase_floors":[],"current_hp_per_floor":[54,37,34,34,31,0,0],"gold":159,"neow_bonus":"BOSS_RELIC","is_daily":false,"chose_seed":false,"campfire_upgraded":0,"win_rate":0.0,"timestamp":1611570384,"path_taken":["M","M","?","?","M","E"],"items_purchased_type":[],"build_version":"2020-12-22","purchased_purges":0,"victory":false,"max_hp_per_floor":[66,66,66,60,60,60,60],"relic_stats":{"counters":[5,29],"Golden Idol":4,"Turnip":[0],"Art of War":[10],"Letter Opener":[55],"obtain_stats":[{"Calling Bell":0,"Golden Idol":4,"Turnip":0,"Art of War":0,"Letter Opener":0,"Ring of the Snake":0},{"Calling Bell":0,"Golden Idol":3,"Turnip":0,"Art of War":0,"Letter Opener":0,"Ring of the Snake":0},{"Calling Bell":0,"Golden Idol":18,"Turnip":0,"Art of War":0,"Letter Opener":0,"Ring of the Snake":0}]},"card_choices":[{"not_picked":["Sucker Punch","Dodge and Roll"],"picked":"Acrobatics","floor":1},{"not_picked":["Quick Slash","Outmaneuver"],"picked":"Backflip","floor":2},{"not_picked":["Expertise","Caltrops"],"picked":"Riddle With Holes","floor":3},{"not_picked":["Outmaneuver","Quick Slash"],"picked":"Reflex","floor":5}],"player_experience":1443835,"relics_obtained":[{"floor":0,"key":"Art of War"},{"floor":0,"key":"Letter Opener"},{"floor":0,"key":"Turnip"}],"event_choices":[{"damage_healed":0,"gold_gain":0,"player_choice":"Lose Max HP","damage_taken":0,"relics_obtained":["Golden Idol"],"max_hp_gain":0,"max_hp_loss":6,"event_name":"Golden Idol","floor":4,"gold_loss":0}],"is_beta":false,"boss_relics":[],"items_purged_floors":[],"is_endless":false,"potions_floor_spawned":[1,3],"killed_by":"Lagavulin","ascension_level":15}}