{"host":"zk71suw73lg2r165","time":1611542618,"event":{"mods":["BaseMod","Colored Map","Minty Spire (QoL Compilation)","Permanent Neow","Relic Stats","StSLib"],"gold_per_floor":[117,117,117,167,190,190,229,253,279,279,315,377,46,61,61,154,154,177,177,177,177],"floor_reached":20,"language":"ENG","playtime":420,"items_purged":[],"score":410,"play_id":"d689b671-206f-42c1-b4f6-4be36f791ea8","local_time":"20210124214338","is_ascension_mode":true,"campfire_choices":[{"data":"Compile Driver","floor":6.0,"key":"SMITH"},{"data":"Darkness","floor":10.0,"key":"SMITH"},{"data":"Loop","floor":15.0,"key":"SMITH"}],"circlet_count":0,"master_deck":["AscendersBane","Strike_B","Strike_B","Strike_B","Strike_B","Defend_B","Defend_B","Defend_B","Defend_B","Zap","Dualcast","Cold Snap","Compile Driver+1","Go for the Eyes","Darkness+1","Loop+1","Multi-Cast","Coolheaded","Necronomicurse"],"relics":["FrozenCore","NeowsBlessing","Blood Vial","Golden Idol","InkBottle","Boot","Happy Flower","Toy Ornithopter","Orichalcum","Necronomicon"],"acts_visited":["Exordium","TheCity"],"potions_floor_usage":[20],"damage_taken":[{"damage":0.0,"enemies":"Jaw Worm","floor":1.0,"turns":1.0},{"damage":0.0,"enemies":"2 Louse","floor":5.0,"turns":1.0},{"damage":0.0,"enemies":"Gremlin Nob","floor":7.0,"turns":1.0},{"damage":0.0,"enemies":"Cultist","floor":8.0,"turns":3.0},{"damage":16.0,"enemies":"Lagavulin","floor":11.0,"turns":7.0},{"damage":6.0,"enemies":"Exordium Wildlife","floor":14.0,"turns":4.0},{"damage":13.0,"enemies":"Hexaghost","floor":16.0,"turns":8.0},{"damage":45.0,"enemies":"3 Byrds","floor":18.0,"turns":5.0},{"damage":17,"enemies":"Shell Parasite","floor":20,"turns":3}],"seed_played":"6013938733648958583","potions_obtained":[{"floor":1.0,"key":"Fruit Juice"},{"floor":7.0,"key":"Block Potion"},{"floor":14.0,"key":"BlessingOfTheForge"},{"floor":16.0,"key":"Ancient Potion"},{"floor":18.0,"key":"SkillPotion"}],"is_trial":false,"path_per_floor":["M","?","?","?","M","R","E","M","T","R","E","?","$","M","R","B",null,"M","?","M"],"character_chosen":"DEFECT","items_purchased":["Toy Ornithopter","Orichalcum"],"campfire_rested":0,"item_purchase_floors":[13,13],"current_hp_per_floor":[64,59,59,53,55,55,57,59,59,59,45,45,45,51,51,45,63,25,4,0,0],"gold":177,"neow_bonus":"THREE_ENEMY_KILL","is_daily":false,"chose_seed":false,"campfire_upgraded":3,"win_rate":0.0,"timestamp":1611542618,"path_taken":["M","?","?","?","?","R","E","M","T","R","E","?","$","M","R","BOSS","M","?","M"],"items_purchased_type":["Relic","Relic"],"build_version":"2020-12-22","purchased_purges":0,"victory":false,"max_hp_per_floor":[71,71,64,64,64,64,64,64,64,64,64,64,64,69,69,69,69,69,69,69,69],"relic_stats":{"Blood Vial":16,"Happy Flower":[6],"counters":[9,33],"Golden Idol":52,"Necronomicon":[0],"Orichalcum":[24],"Boot":[37],"obtain_stats":[{"Blood Vial":2,"NeowsBlessing":0,"Happy Flower":11,"Golden Idol":3,"Necronomicon":19,"Orichalcum":13,"Cracked Core":0,"Boot":9,"InkBottle":7,"Toy Ornithopter":13,"FrozenCore":17},{"Blood Vial":1,"NeowsBlessing":0,"Happy Flower":5,"Golden Idol":1,"Necronomicon":8,"Orichalcum":5,"Cracked Core":0,"Boot":4,"InkBottle":3,"Toy Ornithopter":5,"FrozenCore":7},{"Blood Vial":1,"NeowsBlessing":0,"Happy Flower":13,"Golden Idol":1,"Necronomicon":30,"Orichalcum":13,"Cracked Core":0,"Boot":6,"InkBottle":3,"Toy Ornithopter":13,"FrozenCore":25}],"InkBottle":[8],"Toy Ornithopter":20,"FrozenCore":[4]},"card_choices":[{"not_picked":["Auto Shields","Turbo"],"picked":"Cold Snap","floor":1.0},{"not_picked":["Leap","Force Field"],"picked":"Compile Driver","floor":5.0},{"not_picked":["Compile Driver","Multi-Cast"],"picked":"Go for the Eyes","floor":7.0},{"not_picked":["Recycle","Rebound"],"picked":"Darkness","floor":8.0},{"not_picked":["Recycle","Turbo","Go for the Eyes"],"picked":"SKIP","floor":11.0},{"not_picked":["Turbo","Rebound"],"picked":"Loop","floor":14.0},{"not_picked":["Thunder Strike","Biased Cognition"],"picked":"Multi-Cast","floor":16.0},{"not_picked":["Cold Snap","Steam"],"picked":"Coolheaded","floor":18.0}],"player_experience":1361033,"relics_obtained":[{"floor":7.0,"key":"InkBottle"},{"floor":9.0,"key":"Boot"},{"floor":11.0,"key":"Happy Flower"},{"floor":19.0,"key":"Necronomicon"}],"event_choices":[{"damage_healed":0.0,"max_hp_gain":0.0,"max_hp_loss":0.0,"gold_gain":0.0,"event_name":"Scrap Ooze","player_choice":"Success","floor":2.0,"gold_loss":0.0,"damage_taken":5.0,"relics_obtained":["Blood Vial"]},{"damage_healed":0.0,"max_hp_gain":0.0,"max_hp_loss":7.0,"gold_gain":0.0,"event_name":"Golden Idol","player_choice":"Lose Max HP","floor":3.0,"gold_loss":0.0,"damage_taken":0.0,"relics_obtained":["Golden Idol"]},{"damage_healed":0.0,"max_hp_gain":0.0,"max_hp_loss":0.0,"gold_gain":50.0,"event_name":"FaceTrader","player_choice":"Touch","floor":4.0,"gold_loss":0.0,"damage_taken":6.0},{"damage_healed":0.0,"max_hp_gain":0.0,"max_hp_loss":0.0,"gold_gain":62.0,"event_name":"Golden Wing","player_choice":"Gained Gold","floor":12.0,"gold_loss":0.0,"damage_taken":0.0},{"damage_healed":0.0,"max_hp_gain":0.0,"max_hp_loss":0.0,"gold_gain":0.0,"event_name":"Cursed Tome","player_choice":"Obtained Book","floor":19.0,"gold_loss":0.0,"damage_taken":21.0}],"is_beta":false,"boss_relics":[{"not_picked":["Empty Cage","Snecko Eye"],"picked":"FrozenCore"}],"items_purged_floors":[],"is_endless":false,"potions_floor_spawned":[1,7,14,16,18],"killed_by":"Shell Parasite","ascension_level":20}}