{"host":"xvcswx52z80fmg13","time":1611616878,"event":{"mods":["BaseMod","Colored Map","Colored Powertips","Highlight Path","Minty Spire (QoL Compilation)"],"gold_per_floor":[112,122,140,215,233,260,276,290,365,365,384,384,397,417,417,521,521,536,195,207,218,234,265,275,275,275,301,321,321,321,336,336,433,433,446,198,198,216,216,216,232,107,107,126,126,144,144,161,161,161,161],"floor_reached":50,"language":"ENG","playtime":3522,"items_purged":["Strike_G","Strike_G+1","Strike_G+1"],"score":519,"play_id":"39f73d72-098a-477e-8186-2cb81f1f856a","local_time":"20210125192118","is_ascension_mode":false,"campfire_choices":[{"floor":12,"key":"REST"},{"data":"Accuracy","floor":15,"key":"SMITH"},{"floor":29,"key":"REST"},{"floor":32,"key":"REST"},{"data":"Strike_G+1","floor":40,"key":"PURGE"},{"data":"Survivor","floor":45,"key":"SMITH"},{"data":"Panache","floor":49,"key":"SMITH"}],"circlet_count":0,"master_deck":["Defend_G+1","Defend_G+1","Defend_G+1","Defend_G+1","Defend_G+1","Survivor+1","Neutralize+1","Infinite Blades","Blade Dance+1","Cloak And Dagger","Accuracy+1","Blade Dance","Terror","Panache+1","Blade Dance","Deflect+1","Finisher+1","Cloak And Dagger+1","Madness","Madness","Prepared+1"],"relics":["Ring of the Snake","Pear","Busted Crown","Nunchaku","Peace Pipe","HoveringKite","War Paint","Ninja Scroll"],"acts_visited":["Exordium","TheCity","TheBeyond"],"potions_floor_usage":[16,16,22,23,23,27,38,50],"damage_taken":[{"damage":0,"enemies":"Jaw Worm","floor":1,"turns":5},{"damage":0,"enemies":"Cultist","floor":2,"turns":3},{"damage":0,"enemies":"2 Louse","floor":3,"turns":2},{"damage":5,"enemies":"Exordium Thugs","floor":5,"turns":8},{"damage":35,"enemies":"Lagavulin","floor":6,"turns":12},{"damage":10,"enemies":"2 Fungi Beasts","floor":7,"turns":3},{"damage":5,"enemies":"Lots of Slimes","floor":8,"turns":3},{"damage":0,"enemies":"Large Slime","floor":11,"turns":5},{"damage":3,"enemies":"Blue Slaver","floor":13,"turns":4},{"damage":9,"enemies":"2 Fungi Beasts","floor":14,"turns":4},{"damage":10,"enemies":"Slime Boss","floor":16,"turns":6},{"damage":8,"enemies":"Shell Parasite","floor":18,"turns":4},{"damage":1,"enemies":"Chosen","floor":20,"turns":4},{"damage":16,"enemies":"Shelled Parasite and Fungi","floor":21,"turns":4},{"damage":0,"enemies":"Centurion and Healer","floor":22,"turns":4},{"damage":7,"enemies":"Gremlin Leader","floor":23,"turns":3},{"damage":0,"enemies":"Snake Plant","floor":24,"turns":3},{"damage":25,"enemies":"Slavers","floor":27,"turns":4},{"damage":11,"enemies":"Cultist and Chosen","floor":28,"turns":6},{"damage":5,"enemies":"Snecko","floor":31,"turns":4},{"damage":51,"enemies":"Automaton","floor":33,"turns":8},{"damage":10,"enemies":"3 Shapes","floor":35,"turns":5},{"damage":14,"enemies":"3 Darklings","floor":38,"turns":4},{"damage":0,"enemies":"Sphere and 2 Shapes","floor":41,"turns":3},{"damage":8,"enemies":"Writhing Mass","floor":44,"turns":4},{"damage":0,"enemies":"Maw","floor":46,"turns":6},{"damage":0,"enemies":"Transient","floor":48,"turns":5},{"damage":56,"enemies":"Donu and Deca","floor":50,"turns":6}],"seed_played":"-10908612779187741","potions_obtained":[{"floor":2,"key":"SpeedPotion"},{"floor":6,"key":"SmokeBomb"},{"floor":8,"key":"Explosive Potion"},{"floor":13,"key":"AttackPotion"},{"floor":14,"key":"DistilledChaos"},{"floor":16,"key":"PowerPotion"},{"floor":20,"key":"Strength Potion"},{"floor":22,"key":"PowerPotion"},{"floor":27,"key":"Explosive Potion"},{"floor":31,"key":"Energy Potion"},{"floor":33,"key":"Fruit Juice"},{"floor":38,"key":"Swift Potion"},{"floor":48,"key":"LiquidBronze"}],"is_trial":false,"path_per_floor":["M","M","M","?","M","E","M","M","T","?","M","R","M","M","R","B",null,"M","$","M","M","M","E","M","?","T","E","M","R","?","M","R","B",null,"M","$","?","M","?","R","M","$","T","M","R","M","?","M","R","B"],"character_chosen":"THE_SILENT","items_purchased":["Panache","Blade Dance","Deflect","War Paint"],"campfire_rested":3,"item_purchase_floors":[19,19,19,36],"current_hp_per_floor":[70,70,70,59,54,19,9,4,14,14,14,38,35,26,26,16,80,72,72,71,55,55,48,48,48,48,23,12,36,36,31,55,4,80,70,70,60,51,51,51,51,51,51,43,43,43,43,43,43,0,0],"gold":161,"neow_bonus":"UPGRADE_CARD","is_daily":false,"chose_seed":false,"campfire_upgraded":3,"win_rate":0.0,"timestamp":1611616878,"path_taken":["M","M","M","?","M","E","M","M","T","?","M","R","M","?","R","BOSS","M","$","M","M","M","E","M","?","T","E","M","R","?","M","R","BOSS","M","$","?","M","?","R","M","$","T","?","R","M","?","M","R","BOSS"],"items_purchased_type":["Card","Card","Card","Relic"],"build_version":"2020-12-22","purchased_purges":3,"victory":false,"max_hp_per_floor":[70,70,70,70,70,70,70,70,80,80,80,80,80,80,80,80,80,80,80,80,80,80,80,80,80,80,80,80,80,80,80,80,80,80,80,80,80,85,85,85,85,85,85,85,85,85,85,85,85,85,85],"card_choices":[{"not_picked":["Acrobatics","Heel Hook"],"picked":"Infinite Blades","floor":1},{"not_picked":["Backflip","Catalyst"],"picked":"Blade Dance","floor":2},{"not_picked":["Flechettes","Terror"],"picked":"Cloak And Dagger","floor":3},{"not_picked":["Flying Knee","Distraction","Acrobatics"],"picked":"SKIP","floor":5},{"not_picked":["Eviscerate","Masterful Stab"],"picked":"Accuracy","floor":6},{"not_picked":["Bouncing Flask","Caltrops"],"picked":"Blade Dance","floor":7},{"not_picked":["Dagger Spray","Quick Slash","Flying Knee"],"picked":"SKIP","floor":8},{"not_picked":["PiercingWail","Riddle With Holes","Noxious Fumes"],"picked":"SKIP","floor":11},{"not_picked":["Predator","Well Laid Plans","PiercingWail"],"picked":"SKIP","floor":13},{"not_picked":["Deadly Poison","Bouncing Flask","Underhanded Strike"],"picked":"SKIP","floor":14},{"not_picked":[],"picked":"Terror","floor":18},{"not_picked":[],"picked":"Finisher+1","floor":20},{"not_picked":["Flying Knee"],"picked":"SKIP","floor":21},{"not_picked":["Catalyst"],"picked":"SKIP","floor":22},{"not_picked":["Catalyst"],"picked":"SKIP","floor":23},{"not_picked":[],"picked":"Cloak And Dagger+1","floor":24},{"not_picked":["Poisoned Stab"],"picked":"SKIP","floor":27},{"not_picked":["Choke"],"picked":"SKIP","floor":28},{"not_picked":["Dagger Throw+1"],"picked":"SKIP","floor":31},{"not_picked":["Setup+1"],"picked":"SKIP","floor":35},{"not_picked":["Poisoned Stab+1"],"picked":"SKIP","floor":38},{"not_picked":[],"picked":"Prepared+1","floor":41},{"not_picked":["Reflex+1"],"picked":"SKIP","floor":44},{"not_picked":["Bouncing Flask"],"picked":"SKIP","floor":46},{"not_picked":["Prepared+1"],"picked":"SKIP","floor":48}],"player_experience":1296465,"relics_obtained":[{"floor":9,"key":"Pear"},{"floor":23,"key":"Nunchaku"},{"floor":27,"key":"Peace Pipe"},{"floor":43,"key":"Ninja Scroll"}],"event_choices":[{"damage_healed":0,"gold_gain":75,"player_choice":"Gather Gold","damage_taken":11,"max_hp_gain":0,"max_hp_loss":0,"event_name":"World of Goop","floor":4,"gold_loss":0},{"damage_healed":0,"gold_gain":0,"player_choice":"Ignored","damage_taken":0,"max_hp_gain":0,"max_hp_loss":0,"event_name":"NoteForYourself","floor":10,"gold_loss":0},{"damage_healed":0,"gold_gain":0,"player_choice":"Ignored","damage_taken":0,"max_hp_gain":0,"max_hp_loss":0,"event_name":"Vampires","floor":25,"gold_loss":0},{"damage_healed":0,"gold_gain":0,"player_choice":"Simplicity","damage_taken":0,"max_hp_gain":0,"max_hp_loss":0,"event_name":"Back to Basics","floor":30,"gold_loss":0,"cards_upgraded":["Strike_G","Strike_G","Strike_G","Strike_G","Defend_G","Defend_G","Defend_G","Defend_G","Defend_G"]},{"damage_healed":0,"gold_gain":0,"player_choice":"Embrace Madness","damage_taken":10,"max_hp_gain":0,"max_hp_loss":0,"event_name":"Winding Halls","floor":37,"gold_loss":0,"cards_obtained":["Madness","Madness"]},{"cards_removed":["Strike_G"],"damage_healed":0,"gold_gain":0,"player_choice":"Purged","damage_taken":0,"max_hp_gain":0,"max_hp_loss":0,"event_name":"Purifier","floor":39,"gold_loss":0},{"damage_healed":0,"gold_gain":0,"player_choice":"Memory 1","damage_taken":0,"max_hp_gain":0,"max_hp_loss":0,"event_name":"SensoryStone","floor":47,"gold_loss":0}],"is_beta":false,"boss_relics":[{"not_picked":["Philosopher\u0027s Stone","SlaversCollar"],"picked":"Busted Crown"},{"not_picked":["Snecko Eye","Runic Dome"],"picked":"HoveringKite"}],"items_purged_floors":[19,36,42],"is_endless":false,"potions_floor_spawned":[2,6,8,13,14,16,20,22,27,31,33,38,46,48],"killed_by":"Donu and Deca","ascension_level":0}}