{"host":"wkuscavjg97fbbrj","time":1611571465,"event":{"mods":["BaseMod","Colored Powertips","Downfall","Minty Spire (QoL Compilation)","Permanent Neow","Quick Restart","Replay The Spire","StSLib"],"gold_per_floor":[99,109,129,1,20,46,46,76,90,109,9,109,143,40,57,153,153,153,172,188,73,84,84,84,111,130,157,177,204,30,83,95,195,195,195,214,214,231,254,274,274,286,317,317,329,355,90,101,118,118],"floor_reached":51,"language":"ENG","playtime":3515,"items_purged":["Slimebound:Tackle","Slimebound:Defend_Slimebound","Slimebound:Defend_Slimebound"],"score":923,"play_id":"a2b56e38-b855-42ae-8cc9-9c50841a5ed6","local_time":"20210125054425","is_ascension_mode":true,"campfire_choices":[{"data":"Slimebound:Strike_Slimebound","floor":1.0,"key":"PURGE"},{"floor":11.0,"key":"RECALL"},{"data":"Slimebound:OozeBath","floor":18.0,"key":"SMITH"},{"data":"Slimebound:Grow","floor":18.0,"key":"SMITH"},{"data":"Slimebound:Grow","floor":23,"key":"SMITH"},{"data":"Slimebound:Dissolve","floor":23,"key":"SMITH"},{"data":"Slimebound:DouseInSlime","floor":35,"key":"SMITH"},{"data":"Slimebound:CorrosiveSpit","floor":35,"key":"SMITH"},{"data":"Slimebound:Schlurp","floor":44,"key":"SMITH"},{"data":"Slimebound:SamplingLick","floor":44,"key":"SMITH"}],"circlet_count":0,"master_deck":["Slimebound:Strike_Slimebound","Slimebound:Strike_Slimebound","Slimebound:Defend_Slimebound","Slimebound:Defend_Slimebound","Slimebound:Split","Slimebound:CorrosiveSpit+1","Slimebound:LeechLife","Slimebound:LivingWall","Slimebound:SamplingLick+1","Slimebound:LeechEnergy+1","Slimebound:Grow+1","Slimebound:AcidTongue","Slimebound:HauntingLick","Slimebound:LivingWall","Slimebound:Grow+1","Slimebound:HauntingLick","Slimebound:OozeBath+1","Slimebound:Dissolve+1","Slimebound:SamplingLick","Slimebound:GoopSpray","Slimebound:FormOfPuddle+1","Slimebound:HauntingLick+1","Slimebound:GoopSpray","Slimebound:Gluttony+1","Slimebound:LeechEnergy+1","Slimebound:LeechEnergy+1","Slimebound:ItLooksTasty+1","Slimebound:DouseInSlime+1","Slimebound:OozeBath+1","Slimebound:MegaLick+1","Slimebound:RejuvenatingLick+1","Slimebound:Schlurp+1","Slimebound:LeechEnergy+1","Slimebound:RejuvenatingLick","Slimebound:LeechEnergy+1"],"relics":["Slimebound:AbsorbEndCombat","Pen Nib","Replay:Bottled Eggs","ReplayFunnel","downfall:HeartBlessingGreen","Replay:Arrowhead","Coffee Dripper","Molten Egg 2","Replay:Bottled Flurry","Kunai","Garlic","Bag of Marbles","SacredBark","Dream Catcher","Boot","Happy Flower","Regal Pillow","Iron Hammer"],"acts_visited":["Exordium","TheCity","TheBeyond"],"potions_floor_usage":[29,33,43,50],"damage_taken":[{"damage":0.0,"enemies":"2 Louse","floor":2.0,"turns":2.0},{"damage":13.0,"enemies":"Cultist","floor":3.0,"turns":6.0},{"damage":6.0,"enemies":"downfall:FleeingMerchant","floor":4.0,"turns":4.0},{"damage":3.0,"enemies":"Small Slimes","floor":5.0,"turns":6.0},{"damage":23.0,"enemies":"3 Sentries","floor":6.0,"turns":13.0},{"damage":33.0,"enemies":"Gremlin Gang","floor":9.0,"turns":7.0},{"damage":6.0,"enemies":"Exordium Thugs","floor":10.0,"turns":5.0},{"damage":48.0,"enemies":"Gremlin Nob","floor":13.0,"turns":7.0},{"damage":10.0,"enemies":"downfall:FleeingMerchant","floor":14.0,"turns":4.0},{"damage":6.0,"enemies":"Lots of Slimes","floor":15.0,"turns":5.0},{"damage":78.0,"enemies":"WA_ARCHETYPE_RETAIN","floor":16.0,"turns":14.0},{"damage":6.0,"enemies":"Shell Parasite","floor":19.0,"turns":5.0},{"damage":28.0,"enemies":"Snake Plant","floor":20.0,"turns":6.0},{"damage":5.0,"enemies":"downfall:FleeingMerchant","floor":21.0,"turns":4.0},{"damage":6,"enemies":"Centurion and Healer","floor":22,"turns":6},{"damage":13,"enemies":"Gremlin Leader","floor":25,"turns":7},{"damage":3,"enemies":"Chosen and Byrds","floor":26,"turns":6},{"damage":27,"enemies":"Slavers","floor":27,"turns":7},{"damage":4,"enemies":"Snake Plant","floor":28,"turns":4},{"damage":28,"enemies":"Gremlin Leader","floor":29,"turns":8},{"damage":0,"enemies":"downfall:FleeingMerchant","floor":30,"turns":4},{"damage":0,"enemies":"Cultist and Chosen","floor":32,"turns":4},{"damage":12,"enemies":"IC_MUSHROOM_ARCHETYPE","floor":33,"turns":6},{"damage":0,"enemies":"Orb Walker","floor":36,"turns":3},{"damage":25,"enemies":"3 Darklings","floor":38,"turns":6},{"damage":27,"enemies":"Spire Growth","floor":40,"turns":4},{"damage":0,"enemies":"Maw","floor":42,"turns":7},{"damage":25,"enemies":"Reptomancer","floor":43,"turns":5},{"damage":6,"enemies":"3 Darklings","floor":45,"turns":5},{"damage":1,"enemies":"Nemesis","floor":46,"turns":3},{"damage":4,"enemies":"downfall:FleeingMerchant","floor":47,"turns":4},{"damage":2,"enemies":"Jaw Worm Horde","floor":48,"turns":3},{"damage":19,"enemies":"4 Shapes","floor":49,"turns":3},{"damage":39,"enemies":"SI_POISON_ARCHETYPE","floor":50,"turns":6}],"seed_played":"-3445434459275465828","potions_obtained":[{"floor":2.0,"key":"Elixir"},{"floor":3.0,"key":"SteroidPotion"},{"floor":9.0,"key":"Reflective Coating"},{"floor":10.0,"key":"Explosive Potion"},{"floor":20.0,"key":"Fire Potion"},{"floor":25,"key":"Strength Potion"},{"floor":29,"key":"Elixir"},{"floor":38,"key":"BlessingOfTheForge"},{"floor":40,"key":"Milkshake"},{"floor":45,"key":"sneckomod:MuddlingPotion"}],"is_trial":false,"path_per_floor":["R","M","M","$","M","E","T","?","M","M","R","?","E","$","M","B",null,"R","M","M","$","M","R","T","E","M","E","M","E","$","T","M","B",null,"R","M","?","M","T","M","T","M","E","R","M","E","$","M","M","B",null],"character_chosen":"SLIMEBOUND","items_purchased":["Slimebound:Grow","Slimebound:Grow","Slimebound:HauntingLick","Slimebound:LeechEnergy+1","Iron Hammer"],"campfire_rested":0,"item_purchase_floors":[4,14,14,30,47],"current_hp_per_floor":[65,65,54,60,65,56,56,56,45,63,63,63,35,41,55,6,65,65,65,56,59,65,65,65,61,65,49,64,59,65,65,65,59,65,65,65,65,40,40,40,40,65,48,48,50,55,53,59,48,33],"gold":118,"neow_bonus":"ONE_RANDOM_RARE_CARD","is_daily":false,"chose_seed":false,"campfire_upgraded":8,"win_rate":0.0,"timestamp":1611571465,"path_taken":["R","M","M","$","M","E","T","?","M","M","R","?","E","$","M","BOSS","R","M","M","$","M","R","T","E","M","E","M","E","$","?","M","BOSS","R","M","?","?","?","M","T","?","E","R","M","E","?","M","M","BOSS"],"items_purchased_type":["Card","Card","Card","Card","Relic"],"build_version":"2020-12-22","purchased_purges":3,"victory":true,"max_hp_per_floor":[65,65,65,65,65,65,65,65,65,65,65,65,65,65,65,65,65,65,65,65,65,65,65,65,65,65,65,65,65,65,65,65,65,65,65,65,65,65,65,65,65,65,65,65,65,65,65,65,65,65],"card_choices":[{"not_picked":["Slimebound:DivideAndConquer","Slimebound:RollThrough"],"picked":"Slimebound:LivingWall","floor":2.0},{"not_picked":["Slimebound:SplitMire","Slimebound:ItLooksTasty"],"picked":"Slimebound:SamplingLick","floor":3.0},{"not_picked":["Slimebound:ViciousTackle","Slimebound:SplitBruiser"],"picked":"Slimebound:LeechEnergy","floor":4.0},{"not_picked":["Slimebound:SlimeBarrage","Slimebound:GoopTackle","Slimebound:ForwardTackle"],"picked":"SKIP","floor":5.0},{"not_picked":["Slimebound:SamplingLick","Slimebound:ItLooksTasty"],"picked":"Slimebound:AcidTongue","floor":6.0},{"not_picked":["Slimebound:GoopTackle","Slimebound:LivingWall"],"picked":"Slimebound:HauntingLick","floor":9.0},{"not_picked":["Slimebound:SamplingLick","Slimebound:FormOfPuddle"],"picked":"Slimebound:LivingWall","floor":10.0},{"not_picked":["Slimebound:Recycling","Slimebound:RollThrough","Slimebound:ForwardTackle"],"picked":"SKIP","floor":13.0},{"not_picked":["Slimebound:HungryTackle","Slimebound:Chomp","Slimebound:Repurpose"],"picked":"SKIP","floor":14.0},{"not_picked":["Slimebound:LeechingTouch","Slimebound:Chomp","Slimebound:SlimeTap"],"picked":"SKIP","floor":15.0},{"not_picked":["Slimebound:OneTwoCombo","Slimebound:FirmFortitude"],"picked":"Slimebound:OozeBath","floor":16.0},{"not_picked":["Slimebound:Gluttony","Slimebound:SplitMire+1"],"picked":"Slimebound:Dissolve","floor":19.0},{"not_picked":["Slimebound:RollThrough","Slimebound:ComboTackle"],"picked":"Slimebound:SamplingLick","floor":20.0},{"not_picked":["Slimebound:LeadByExample+1","Slimebound:ComboTackle+1"],"picked":"Slimebound:GoopSpray","floor":21},{"not_picked":["Slimebound:SplitAcid","Slimebound:DivideAndConquer"],"picked":"Slimebound:FormOfPuddle+1","floor":22},{"not_picked":["Slimebound:SplitMire+1","Slimebound:FlameTackle+1","Slimebound:CheckThePlaybook"],"picked":"SKIP","floor":25},{"not_picked":["Slimebound:LeadByExample+1","Slimebound:LeechingTouch+1"],"picked":"Slimebound:HauntingLick+1","floor":26},{"not_picked":["Slimebound:SlimeSpikes+1","Slimebound:HauntingLick"],"picked":"Slimebound:GoopSpray","floor":27},{"not_picked":["Slimebound:ComboTackle+1","Slimebound:Teamwork","Slimebound:LeechingTouch+1"],"picked":"SKIP","floor":28},{"not_picked":["Slimebound:FirmFortitude","Slimebound:Equalize+1","Slimebound:SelfFormingGoo"],"picked":"SKIP","floor":29},{"not_picked":["Slimebound:SlimeSpikes","Slimebound:FinishingTackle+1"],"picked":"Slimebound:Gluttony+1","floor":30},{"not_picked":["Slimebound:SlimeSpikes","Slimebound:ViciousTackle+1"],"picked":"Slimebound:ItLooksTasty+1","floor":32},{"not_picked":["Slimebound:Overexert","Slimebound:Recycling"],"picked":"Slimebound:DouseInSlime","floor":33},{"not_picked":["Slimebound:ComboTackle+1","Slimebound:SlimeSpikes","Slimebound:SplitLeeching"],"picked":"SKIP","floor":36},{"not_picked":["Slimebound:Dissolve","Slimebound:Gluttony+1"],"picked":"Slimebound:MegaLick+1","floor":38},{"not_picked":["Slimebound:ServeAndProtect+1","Slimebound:Schlurp"],"picked":"Slimebound:RejuvenatingLick+1","floor":40},{"not_picked":["Slimebound:SplitBruiser+1","Slimebound:HauntingLick+1"],"picked":"Slimebound:Schlurp","floor":42},{"not_picked":["Slimebound:Nibble+1","Slimebound:MegaLick+1"],"picked":"Slimebound:LeechEnergy+1","floor":43},{"not_picked":["Slimebound:SplitMire+1","Slimebound:SlimeBrawl+1","Slimebound:FinishingTackle+1"],"picked":"SKIP","floor":45},{"not_picked":["Slimebound:SplitMire+1","Slimebound:Prepare"],"picked":"Slimebound:RejuvenatingLick","floor":46},{"not_picked":["Slimebound:PressTheAttack+1","Slimebound:SplitLeeching+1","Slimebound:Prepare+1"],"picked":"SKIP","floor":47},{"not_picked":["Slimebound:SplitMire","Slimebound:ProtectTheBoss","Slimebound:WasteNot"],"picked":"SKIP","floor":48},{"not_picked":["Slimebound:HauntingLick+1","Slimebound:LivingWall"],"picked":"Slimebound:LeechEnergy+1","floor":49}],"player_experience":162866,"relics_obtained":[{"floor":6.0,"key":"Pen Nib"},{"floor":7.0,"key":"Replay:Bottled Eggs"},{"floor":13.0,"key":"Replay:Arrowhead"},{"floor":24,"key":"Molten Egg 2"},{"floor":25,"key":"Replay:Bottled Flurry"},{"floor":27,"key":"Kunai"},{"floor":29,"key":"Garlic"},{"floor":31,"key":"Bag of Marbles"},{"floor":39,"key":"Dream Catcher"},{"floor":41,"key":"Boot"},{"floor":43,"key":"Happy Flower"},{"floor":46,"key":"Regal Pillow"}],"event_choices":[],"is_beta":false,"boss_relics":[{"not_picked":["Replay:Grab Bag","Calling Bell"],"picked":"Coffee Dripper"},{"not_picked":["Replay:Bronze Core","Abe\u0027s Treasure"],"picked":"SacredBark"}],"items_purged_floors":[4,21,30],"is_endless":false,"potions_floor_spawned":[2,3,9,10,20,25,27,28,29,38,40,42,45,49],"ascension_level":1}}