{"host":"wqapji1ctd7hhcnm","time":1611542554,"event":{"mods":["BaseMod","Beaked The Cultist","BetterRewards","Conspire","Downfall","Energized Spire","Fiend Mod","GifTheSpireLib","Halation","Hubris","Infinite Spire","Mad Scientist","Minty Spire (QoL Compilation)","Relic Sorter","Relic Stats","Replay The Spire","Shop Mod","StSLib","Stuff the Spire","The Construct","The Judge","The Jungle"],"gold_per_floor":[99,274,274,374,374,374,374,400,410,410,410,310,38,48,62,62,62,62],"floor_reached":16,"language":"ENG","playtime":919,"items_purged":[],"score":121,"play_id":"1018a7f8-b78a-4948-ae20-bf683a62231f","local_time":"20210124204234","is_ascension_mode":false,"campfire_choices":[{"data":"bronze:Replicate","floor":1,"key":"SMITH"},{"data":"bronze:WhirlingStrike","floor":6,"key":"SMITH"},{"floor":12,"key":"RECALL"}],"circlet_count":0,"master_deck":["bronze:Strike","bronze:Strike","bronze:Strike","bronze:Strike","bronze:Defend","bronze:Defend","bronze:Defend","bronze:Defend","bronze:Replicate+1","bronze:Goto","bronze:WildBeam","bronze:WhirlingStrike+1","bronze:Shell","bronze:WildBeam","bronze:Iterate","bronze:Flail","bronze:Fortify+1","bronze:ClassDefault"],"relics":["bronze:BronzeCore","downfall:HeartsMalice","Eternal Feather","Blue Candle","halation:EternalFortune","downfall:HeartBlessingGreen","Molten Egg 2"],"acts_visited":["Exordium"],"potions_floor_usage":[],"damage_taken":[{"damage":0,"enemies":"Jaw Worm","floor":3,"turns":1},{"damage":0,"enemies":"2 Louse","floor":5,"turns":1},{"damage":0,"enemies":"3 Sentries","floor":8,"turns":1},{"damage":0,"enemies":"Cultist","floor":9,"turns":2},{"damage":10,"enemies":"downfall:FleeingMerchant","floor":13,"turns":4},{"damage":3,"enemies":"2 Fungi Beasts","floor":14,"turns":3},{"damage":11,"enemies":"3 Louse","floor":15,"turns":2},{"damage":59,"enemies":"WA_ARCHETYPE_RETAIN","floor":16,"turns":7}],"seed_played":"-3564706276443096560","potions_obtained":[{"floor":9,"key":"champ:CounterPotion"},{"floor":14,"key":"PowerPotion"},{"floor":15,"key":"hexamod:SoulburnPotion"}],"is_trial":false,"path_per_floor":["R","?","M","?","M","R","T","E","M","?","?","R","$","M","M","B"],"character_chosen":"THE_AUTOMATON","items_purchased":["Molten Egg 2"],"campfire_rested":0,"item_purchase_floors":[13],"current_hp_per_floor":[70,70,70,70,70,70,70,70,70,73,73,73,63,60,49,0,0,0],"gold":62,"neow_bonus":"THREE_ENEMY_KILL","is_daily":false,"chose_seed":false,"campfire_upgraded":2,"win_rate":0.0,"timestamp":1611542554,"path_taken":["R","?","M","?","?","R","T","E","M","?","?","R","?","M","M","BOSS"],"items_purchased_type":["Relic"],"build_version":"2020-12-22","purchased_purges":0,"victory":false,"max_hp_per_floor":[70,70,70,70,70,70,70,70,70,73,73,73,73,73,73,73,73,73],"relic_stats":{"counters":[8,18],"Blue Candle":[0],"Eternal Feather":0,"obtain_stats":[{"bronze:BronzeCore":0,"Blue Candle":8,"halation:EternalFortune":10,"downfall:HeartsMalice":0,"Eternal Feather":7,"downfall:HeartBlessingGreen":12,"Molten Egg 2":13},{"bronze:BronzeCore":0,"Blue Candle":3,"halation:EternalFortune":4,"downfall:HeartsMalice":0,"Eternal Feather":2,"downfall:HeartBlessingGreen":4,"Molten Egg 2":5},{"bronze:BronzeCore":0,"Blue Candle":0,"halation:EternalFortune":2,"downfall:HeartsMalice":0,"Eternal Feather":0,"downfall:HeartBlessingGreen":2,"Molten Egg 2":6}]},"card_choices":[{"not_picked":["bronze:CutThrough","bronze:Turbo"],"picked":"bronze:WildBeam","floor":3},{"not_picked":["bronze:Overload","bronze:BuggyMess"],"picked":"bronze:WhirlingStrike","floor":5},{"not_picked":["bronze:OilSpill","bronze:BitShift"],"picked":"bronze:Shell","floor":8},{"not_picked":["bronze:Shield","bronze:Branch"],"picked":"bronze:WildBeam","floor":9},{"not_picked":["bronze:OilSpill","bronze:BuggyMess"],"picked":"bronze:Flail","floor":13},{"not_picked":["bronze:CutThrough+1","bronze:Branch+1"],"picked":"bronze:Fortify+1","floor":14},{"not_picked":["bronze:WhirlingStrike+1","bronze:CutThrough+1"],"picked":"bronze:ClassDefault","floor":15}],"player_experience":1459441,"relics_obtained":[{"floor":7,"key":"Eternal Feather"},{"floor":8,"key":"Blue Candle"}],"event_choices":[],"is_beta":false,"boss_relics":[],"items_purged_floors":[],"is_endless":false,"potions_floor_spawned":[9,14,15],"killed_by":"WA_ARCHETYPE_RETAIN","ascension_level":0}}