{"host":"1mdoazogr9tl4b3g","time":1611543593,"event":{"mods":["Act Like it!","Aspiration","Bard","BaseMod","Beaked The Cultist","BetterRewards","Block Reminder","Conspire","Glutton Mod","Hermit","Hubris","Infinite Spire","Marisa????????","Mimic Mod","Minty Spire (QoL Compilation)","Rare Cards Sparkle","Relic Sorter","Replay The Spire","Shop Mod","StSLib","The Animator","The Blackbeard","The Bladedancer","The Bug Knight","The Construct","The Cursed","The Disciple","The Hierophant","The Mystic","The Necromancer","The Runesmith","The Servant 0.9.4","The Spell Scribe","Uncapped","Wandering Minibosses"],"gold_per_floor":[113,113,143,161,172,198,198,224,276,14,14,14,14],"floor_reached":12,"language":"ENG","playtime":476,"items_purged":["Strike_B"],"score":90,"play_id":"5f7b7c51-dd14-4087-9e4f-fe9add2890ba","local_time":"20210124205953","is_ascension_mode":true,"campfire_choices":[{"data":"conspire:Rain","floor":11,"key":"SMITH"}],"circlet_count":0,"master_deck":["Strike_B","Strike_B","Strike_B","Defend_B","Defend_B","Defend_B","Defend_B","Zap","Dualcast","Beam Cell","Ball Lightning","Injury","Machine Learning+1","conspire:Rain+1"],"relics":["Happy Flower","Frozen Egg 2","hubris:ToyBattleship","Art of War","Anchor","Blood Vial","Meat on the Bone"],"acts_visited":["Exordium"],"potions_floor_usage":[6,8,12],"damage_taken":[{"damage":0,"enemies":"Jaw Worm","floor":1,"turns":3},{"damage":16,"enemies":"conspire:MimicChest","floor":3,"turns":5},{"damage":0,"enemies":"Small Slimes","floor":4,"turns":3},{"damage":5,"enemies":"Cultist","floor":5,"turns":4},{"damage":26,"enemies":"Lagavulin","floor":6,"turns":6},{"damage":12,"enemies":"3 Sentries","floor":8,"turns":6},{"damage":8,"enemies":"Gremlin Nob","floor":12,"turns":2}],"seed_played":"-7727839747938109847","potions_obtained":[{"floor":3,"key":"Fire Potion"},{"floor":5,"key":"PowerPotion"},{"floor":8,"key":"Fire Potion"}],"is_trial":false,"path_per_floor":["M","?","?","M","M","E","R","E","T","$","R","E"],"character_chosen":"DEFECT","items_purchased":["Ball Lightning","Meat on the Bone"],"campfire_rested":0,"item_purchase_floors":[0,10],"current_hp_per_floor":[64,64,48,48,43,17,17,5,5,5,5,0,0],"gold":14,"neow_bonus":"","is_daily":false,"chose_seed":false,"campfire_upgraded":1,"win_rate":0.0,"timestamp":1611543593,"path_taken":["M","?","?","M","M","E","R","E","T","$","R","E"],"items_purchased_type":["Card","Relic"],"build_version":"2020-12-22","purchased_purges":1,"victory":false,"max_hp_per_floor":[75,75,75,75,75,75,75,75,75,75,75,75,75],"card_choices":[{"not_picked":["Sunder","Static Discharge","Turbo"],"picked":"SKIP","floor":1},{"not_picked":["Redo","Skim","Cold Snap"],"picked":"SKIP","floor":4},{"not_picked":["ReplayTheSpireMod:System Scan","Reprogram"],"picked":"Machine Learning+1","floor":5},{"not_picked":["ReplayGash","Skim","Hologram"],"picked":"SKIP","floor":6},{"not_picked":["hubris:Ukulele","Go for the Eyes"],"picked":"conspire:Rain","floor":8}],"player_experience":390327,"relics_obtained":[{"floor":3,"key":"hubris:ToyBattleship"},{"floor":6,"key":"Art of War"},{"floor":8,"key":"Anchor"},{"floor":9,"key":"Blood Vial"}],"event_choices":[],"is_beta":false,"boss_relics":[],"items_purged_floors":[0],"is_endless":false,"potions_floor_spawned":[3,5,8],"killed_by":"Gremlin Nob","ascension_level":1}}