{"host":"ey9liw7emv7vgjgw","time":1611591984,"event":{"mods":["Act Like it!","BaseMod","Gensokyo","Minty Spire (QoL Compilation)","Remilia£®¿Ÿ√◊¿Ú—«£©","StSLib","The Administrix","Youmu£®ªÍ∆«—˝√Œ£©","Yuyuko"],"gold_per_floor":[117,117,188,202,215,215,244,244,244,244,244,258,276,295,295,394,394,408,358,358,371,381,413,413,428,428,428,352,352,365,33,33,129,129,147,147,147,7,18,18,18,53,53,53,64,94,111,123,123,123],"floor_reached":51,"language":"ZHS","playtime":7015,"items_purged":[],"score":977,"play_id":"36f285cd-66ff-4114-b61b-7c9822d22be1","local_time":"20210126002624","is_ascension_mode":false,"campfire_choices":[{"data":"FourBirthsSword","floor":6.0,"key":"SMITH"},{"data":"ThreeKonsSevenHakus","floor":8.0,"key":"SMITH"},{"data":"SlashOfTheEternalFuture","floor":10.0,"key":"SMITH"},{"data":"SlashOfPresentWorld","floor":15.0,"key":"SMITH"},{"data":"ASingleThoughtAndInfiniteKalpas","floor":24.0,"key":"SMITH"},{"data":"SwordExtraction","floor":27.0,"key":"SMITH"},{"data":"HumanGodSword","floor":29.0,"key":"SMITH"},{"floor":32.0,"key":"RECALL"},{"data":"StrangeHalfBody","floor":40.0,"key":"SMITH"},{"data":"Gensokyo:PrivateSquare","floor":44.0,"key":"SMITH"},{"floor":49.0,"key":"REST"}],"circlet_count":0,"master_deck":["Strike_YM","Strike_YM","Strike_YM","Strike_YM","Defend_YM","Defend_YM","Defend_YM","SlashOfPresentWorld+1","WheelOfPainOfLivingAndDead","FourBirthsSword+1","SlashOfTheEternalFuture+1","LotusPostureSlash","ThreeKonsSevenHakus+1","HellRealmSword","ASingleThoughtAndInfiniteKalpas+1","HumanGodSword+1","StrangeHalfBody+1","Gensokyo:PrivateSquare+1","Pride","CherryBlossomFlashing+1","SpiritCuttingSword+1","SpiritCuttingSword"],"relics":["MiniYoumu","Sundial","PreservedInsect","Gensokyo:ChorusOfJoy","Ginger","Incense Burner","ClockworkSouvenir","Philosopher\u0027s Stone","Boot","Gensokyo:TheCrow","Toolbox","ChestCloth","Girya","Ornamental Fan","Thread and Needle","Orichalcum"],"acts_visited":["Exordium","Gensokyo:Gensokyoer","Gensokyo:Gensokyoest"],"potions_floor_usage":[50],"damage_taken":[{"damage":0.0,"enemies":"Small Slimes","floor":1.0,"turns":4.0},{"damage":1.0,"enemies":"Jaw Worm","floor":4.0,"turns":3.0},{"damage":6.0,"enemies":"2 Louse","floor":5.0,"turns":2.0},{"damage":6.0,"enemies":"Gremlin Nob","floor":7.0,"turns":4.0},{"damage":5.0,"enemies":"Exordium Thugs","floor":12.0,"turns":4.0},{"damage":1.0,"enemies":"Looter","floor":13.0,"turns":2.0},{"damage":0.0,"enemies":"2 Fungi Beasts","floor":14.0,"turns":2.0},{"damage":0.0,"enemies":"The Guardian","floor":16.0,"turns":5.0},{"damage":0.0,"enemies":"Gensokyo:Chomper","floor":18.0,"turns":4.0},{"damage":0.0,"enemies":"Gensokyo:CosmicMonolith","floor":21.0,"turns":5.0},{"damage":11.0,"enemies":"Gensokyo:Wraith","floor":22.0,"turns":4.0},{"damage":0.0,"enemies":"Gensokyo:Reisen","floor":23.0,"turns":4.0},{"damage":25.0,"enemies":"Gensokyo:Swordslinger","floor":25.0,"turns":7.0},{"damage":15.0,"enemies":"Gensokyo:Slime_Group","floor":30.0,"turns":6.0},{"damage":0.0,"enemies":"Gensokyo:Eiki","floor":33.0,"turns":11.0},{"damage":43.0,"enemies":"Gensokyo:3_Boulders","floor":35.0,"turns":8.0},{"damage":16.0,"enemies":"Gensokyo:AncientGuardian","floor":39.0,"turns":5.0},{"damage":0.0,"enemies":"Gensokyo:Doremy","floor":42.0,"turns":7.0},{"damage":4.0,"enemies":"Gensokyo:4_Bats","floor":45.0,"turns":5.0},{"damage":0.0,"enemies":"Gensokyo:Kasen","floor":46.0,"turns":5.0},{"damage":0.0,"enemies":"Gensokyo:AtlasGolem","floor":47.0,"turns":5.0},{"damage":0.0,"enemies":"Gensokyo:Dusk_and_Dawn","floor":48.0,"turns":6.0},{"damage":0,"enemies":"Gensokyo:Yuyuko","floor":50,"turns":6}],"seed_played":"-3137010755999603579","potions_obtained":[{"floor":1.0,"key":"EssenceOfSteel"},{"floor":5.0,"key":"Weak Potion"},{"floor":7.0,"key":"Explosive Potion"},{"floor":13.0,"key":"AttackPotion"},{"floor":18.0,"key":"SkillPotion"},{"floor":30.0,"key":"CausticAgent"},{"floor":42.0,"key":"Weak Potion"},{"floor":45.0,"key":"GamblersBrew"},{"floor":46.0,"key":"Fruit Juice"}],"is_trial":false,"path_per_floor":["M","?","T","M","M","R","E","R","T","R","?","M","M","M","R","B",null,"M","?","?","M","M","E","R","M","T","R","$","R","M","COS","R","B",null,"M","?","?","COS","M","R","?","E","T","R","M","E","M","M","R","B",null],"character_chosen":"YOUMU","items_purchased":["HumanGodSword"],"campfire_rested":1,"item_purchase_floors":[28],"current_hp_per_floor":[82,82,82,81,75,75,69,69,69,69,82,77,76,76,76,76,82,82,89,89,89,78,78,78,53,53,53,53,53,38,38,38,38,89,46,46,46,46,30,30,30,30,30,30,26,26,26,26,59,59],"gold":123,"neow_bonus":"TEN_PERCENT_HP_BONUS","is_daily":false,"chose_seed":false,"campfire_upgraded":9,"win_rate":0.0,"timestamp":1611591984,"path_taken":["M","?","?","M","M","R","E","R","T","R","?","?","M","M","R","BOSS","M","?","?","?","M","E","R","M","T","R","?","R","M","COS","R","BOSS","M","?","?","COS","?","R","?","E","T","R","M","E","M","M","R","BOSS"],"items_purchased_type":["Card"],"build_version":"2020-12-22","purchased_purges":0,"victory":true,"max_hp_per_floor":[82,82,82,82,82,82,82,82,82,82,82,82,82,82,82,82,82,82,89,89,89,89,89,89,89,89,89,89,89,89,89,89,89,89,89,89,89,89,89,89,89,89,89,89,89,89,89,89,94,94],"card_choices":[{"not_picked":["SlashClearingTheSixSenses","TwoHundredYojanaInOneSlash"],"picked":"FourBirthsSword","floor":1.0},{"not_picked":["FlashingScatteredFlowers","PhosphoricSlash"],"picked":"LotusPostureSlash","floor":4.0},{"not_picked":["SlashOfMeditation","SwordOfBindingDesires"],"picked":"ThreeKonsSevenHakus","floor":5.0},{"not_picked":["CherryBlossomFlashing","DeadlyForm","PhosphoricSlash"],"picked":"SKIP","floor":7.0},{"not_picked":["SanzenSekai","CherryBlossomFlashing","PhosphoricSlash"],"picked":"SKIP","floor":12.0},{"not_picked":["CherryBlossomFlashing","ThreeKonsSevenHakus","AsTheSilentNirvana"],"picked":"SKIP","floor":13.0},{"not_picked":["FiveSignsOfTheDyingDeva","SanzenSekai","CherryBlossomFlashing"],"picked":"SKIP","floor":14.0},{"not_picked":["MatsuyoiReflectingSatelliteSlash","SuddenDivineSeveringOfKarmicWind"],"picked":"HellRealmSword","floor":16.0},{"not_picked":["BloodOfAsura+1","HumanKnowledgeSword+1","SlashClearingTheSixSenses"],"picked":"SKIP","floor":18.0},{"not_picked":["FlashingScatteredFlowers","DispleasureOfTheSevenHakus"],"picked":"SwordExtraction","floor":21.0},{"not_picked":["FlashingScatteredFlowers+1","TwoHundredYojanaInOneSlash","LifeCuttingSword+1"],"picked":"SKIP","floor":22.0},{"not_picked":["TransmigrationSlash","SwordOfBindingDesires+1"],"picked":"ASingleThoughtAndInfiniteKalpas","floor":23.0},{"not_picked":["DispleasureOfTheSevenHakus","HumanRealmSword","SwordExtraction"],"picked":"SKIP","floor":25.0},{"not_picked":["SanzenSekai","FlashingScatteredFlowers","CherryBlossomFlashing"],"picked":"SKIP","floor":30.0},{"not_picked":["CherryBlossomSword","SlashOfSaigyouSpringWind"],"picked":"StrangeHalfBody","floor":33.0},{"not_picked":["LightFlashOfTheNetherworld","CherryBlossomFlashing","TenKingsRetributionOnThePreta"],"picked":"SKIP","floor":35.0},{"not_picked":["SwordOfBindingDesires+1","FiveSignsOfTheDyingDeva","ConstancyOfTheConventionalTruth"],"picked":"SKIP","floor":39.0},{"not_picked":["SlashOfMeditation","ConstancyOfTheConventionalTruth+1"],"picked":"CherryBlossomFlashing+1","floor":42.0},{"not_picked":["SlashOfDepartureFromHesitation","LowerRealmReflectionSlash+1"],"picked":"SpiritCuttingSword+1","floor":45.0},{"not_picked":["TwoHundredYojanaInOneSlash","ThreeKonsSevenHakus+1","SlashClearingTheSixSenses+1"],"picked":"SKIP","floor":46.0},{"not_picked":["StrangeHalfBody","ConstancyOfTheConventionalTruth+1"],"picked":"SpiritCuttingSword","floor":47.0},{"not_picked":["HeavenlyHaloSlash+1","ThreeKonsSevenHakus","CrescentMoonSlash+1"],"picked":"SKIP","floor":48.0}],"player_experience":145305,"relics_obtained":[{"floor":3.0,"key":"Sundial"},{"floor":7.0,"key":"PreservedInsect"},{"floor":23.0,"key":"Ginger"},{"floor":26.0,"key":"Incense Burner"},{"floor":42.0,"key":"Ornamental Fan"},{"floor":43.0,"key":"Thread and Needle"},{"floor":46.0,"key":"Orichalcum"}],"event_choices":[{"damage_healed":0.0,"max_hp_gain":0.0,"max_hp_loss":0.0,"gold_gain":0.0,"cards_transformed":["Defend_YM"],"event_name":"Living Wall","player_choice":"Change","floor":2.0,"gold_loss":0.0,"damage_taken":0.0,"cards_obtained":["SlashOfTheEternalFuture"]},{"damage_healed":13.0,"max_hp_gain":0.0,"max_hp_loss":0.0,"gold_gain":0.0,"event_name":"Wheel of Change","player_choice":"Full Heal","floor":11.0,"gold_loss":0.0,"damage_taken":0.0}],"is_beta":false,"boss_relics":[{"not_picked":["Velvet Choker","Pandora\u0027s Box"],"picked":"MiniYoumu"},{"not_picked":["Empty Cage","Tiny House"],"picked":"Philosopher\u0027s Stone"}],"items_purged_floors":[],"is_endless":false,"potions_floor_spawned":[1,5,7,13,14,18,21,30,42,45,46,47],"ascension_level":0}}