{"host":"3zb3nk4wvq0dtbuh","time":1611581361,"event":{"mods":["AchievementEnabler","BaseMod","Lobotomy","Minty Spire (QoL Compilation)","Quick Restart","Relic Filter Mod","StSLib","SuperFastMode","The Blackbeard"],"gold_per_floor":[110,110,110,125,125,125,125,125,125,146,169,52,71,95,95,95,95],"floor_reached":16,"language":"ZHS","playtime":272,"items_purged":[],"score":92,"play_id":"fe57c4da-42c1-4033-b14b-ccd6b8bacdfb","local_time":"20210125212921","is_ascension_mode":false,"campfire_choices":[{"data":"Dodge and Roll","floor":6,"key":"SMITH"},{"data":"Neutralize","floor":8,"key":"SMITH"},{"data":"Leg Sweep","floor":15,"key":"SMITH"}],"circlet_count":0,"master_deck":["Strike_G","Strike_G","Strike_G","Strike_G","Strike_G","Defend_G","Defend_G","Defend_G","Defend_G","Defend_G","Survivor","Neutralize+1","Footwork+1","Dodge and Roll+1","Leg Sweep+1","Backstab"],"relics":["Ring of the Snake","Calipers","Golden Idol","The Courier","Singing Bowl","Blood Vial"],"acts_visited":["Exordium"],"potions_floor_usage":[],"damage_taken":[{"damage":0.0,"enemies":"2 Louse","floor":1.0,"turns":3.0},{"damage":0,"enemies":"Jaw Worm","floor":4,"turns":6},{"damage":0,"enemies":"Cultist","floor":10,"turns":5},{"damage":1,"enemies":"Exordium Thugs","floor":11,"turns":8},{"damage":0,"enemies":"Lots of Slimes","floor":13,"turns":8},{"damage":3,"enemies":"Blue Slaver","floor":14,"turns":4},{"damage":0,"enemies":"The Guardian","floor":16,"turns":2}],"seed_played":"-5769581547918714576","potions_obtained":[{"floor":1.0,"key":"LiquidMemories"},{"floor":11,"key":"Dexterity Potion"},{"floor":13,"key":"Ancient Potion"}],"is_trial":false,"path_per_floor":["M","?","?","M","T","R","$","R","T","M","M","$","M","M","R","B"],"character_chosen":"THE_SILENT","items_purchased":["Blood Vial"],"campfire_rested":0,"item_purchase_floors":[12],"current_hp_per_floor":[63,63,48,48,48,48,48,48,48,48,47,47,51,52,52,54,54],"gold":95,"neow_bonus":"ONE_RARE_RELIC","is_daily":false,"chose_seed":false,"campfire_upgraded":3,"win_rate":0.0,"timestamp":1611581361,"path_taken":["M","?","?","M","?","R","$","R","T","M","?","?","?","M","R","BOSS"],"items_purchased_type":["Relic"],"build_version":"2020-12-22","purchased_purges":0,"victory":false,"max_hp_per_floor":[63,63,63,63,63,63,63,63,63,63,63,63,65,67,67,67,67],"card_choices":[{"not_picked":["Blur","Terror"],"picked":"Footwork","floor":1.0},{"not_picked":["Bane","Sucker Punch"],"picked":"Dodge and Roll","floor":4},{"not_picked":["Outmaneuver","Choke"],"picked":"Leg Sweep","floor":10},{"not_picked":["Bane","Poisoned Stab"],"picked":"Backstab","floor":11},{"not_picked":["PiercingWail","Quick Slash","Poisoned Stab"],"picked":"Singing Bowl","floor":13},{"not_picked":["Underhanded Strike","Prepared","Backflip"],"picked":"Singing Bowl","floor":14}],"player_experience":23667,"relics_obtained":[{"floor":5,"key":"The Courier"},{"floor":9,"key":"Singing Bowl"}],"event_choices":[{"damage_healed":0.0,"max_hp_gain":0.0,"max_hp_loss":0.0,"gold_gain":0.0,"event_name":"Living Wall","player_choice":"Grow","floor":2.0,"gold_loss":0.0,"damage_taken":0.0,"cards_upgraded":["Footwork"]},{"damage_healed":0.0,"max_hp_gain":0.0,"max_hp_loss":0.0,"gold_gain":0.0,"event_name":"Golden Idol","player_choice":"Take Damage","floor":3.0,"gold_loss":0.0,"damage_taken":15.0,"relics_obtained":["Golden Idol"]}],"is_beta":false,"boss_relics":[],"items_purged_floors":[],"is_endless":false,"potions_floor_spawned":[1,11,13],"killed_by":"The Guardian","ascension_level":0}}