{"host":"tehwqczjgu3fth90","time":1611543331,"event":{"mods":["AchievementEnabler","BaseMod","BetterRewards","Colored Powertips","Highlight Path","Infinite Spire","Minty Spire (QoL Compilation)","Shop Mod","StSLib","The Bug Knight","The Runesmith"],"gold_per_floor":[111,44,58,73,73,73,73,90,113,113,128,148,148,165,165,261,311,329,344,344,355,355,389,389,389],"floor_reached":24,"language":"ENG","playtime":1490,"items_purged":[],"score":235,"play_id":"8a72f9b2-1a9a-434c-bbe6-a9973e7bbfdf","local_time":"20210124205531","is_ascension_mode":false,"campfire_choices":[{"floor":6,"key":"REST"},{"floor":10,"key":"REST"},{"floor":15,"key":"REST"}],"circlet_count":0,"master_deck":["Strike_G","Strike_G","Strike_G","Strike_G","Strike_G+1","Defend_G","Defend_G","Defend_G","Defend_G","Defend_G","Survivor","Neutralize","Deadly Poison","Noxious Fumes+1","Catalyst","Deadly Poison","Deadly Poison","Envenom","PiercingWail","PiercingWail","Deadly Poison","Terror","Parasite"],"relics":["Ring of the Snake","infinitespire:Satchel","Juzu Bracelet","Tiny House","Toy Ornithopter"],"acts_visited":["Exordium","TheCity"],"potions_floor_usage":[16,16,16,21,21,23,24],"damage_taken":[{"damage":4,"enemies":"Jaw Worm","floor":1,"turns":6},{"damage":0,"enemies":"Small Slimes","floor":3,"turns":4},{"damage":4,"enemies":"2 Louse","floor":4,"turns":3},{"damage":11,"enemies":"Blue Slaver","floor":8,"turns":3},{"damage":15,"enemies":"Gremlin Gang","floor":11,"turns":5},{"damage":7,"enemies":"3 Louse","floor":12,"turns":4},{"damage":7,"enemies":"Blue Slaver","floor":14,"turns":3},{"damage":57,"enemies":"Slime Boss","floor":16,"turns":11},{"damage":21,"enemies":"Spheric Guardian","floor":18,"turns":5},{"damage":16,"enemies":"Snake Plant","floor":19,"turns":5},{"damage":18,"enemies":"Shelled Parasite and Fungi","floor":21,"turns":5},{"damage":13,"enemies":"Nightmare","floor":23,"turns":6},{"damage":6,"enemies":"Cultist and Chosen","floor":24,"turns":3}],"seed_played":"3047681353246283050","potions_obtained":[{"floor":8,"key":"DistilledChaos"},{"floor":11,"key":"SkillPotion"},{"floor":14,"key":"DuplicationPotion"},{"floor":17,"key":"LiquidMemories"},{"floor":18,"key":"Weak Potion"},{"floor":21,"key":"PowerPotion"},{"floor":23,"key":"SkillPotion"}],"is_trial":false,"path_per_floor":["M","$","M","M","$","R","?","M","T","R","M","M","?","M","R","B",null,"M","M","?","M","?","NM","M"],"character_chosen":"THE_SILENT","items_purchased":["Noxious Fumes"],"campfire_rested":3,"item_purchase_floors":[2],"current_hp_per_floor":[66,66,66,62,62,70,70,59,59,70,55,48,48,41,62,5,75,54,38,38,20,20,7,6,6],"gold":389,"neow_bonus":"RANDOM_COMMON_RELIC","is_daily":false,"chose_seed":false,"campfire_upgraded":0,"win_rate":0.0,"timestamp":1611543331,"path_taken":["M","$","M","M","$","R","?","M","T","R","M","M","?","M","R","BOSS","M","M","?","M","?","NM","M"],"items_purchased_type":["Card"],"build_version":"2020-12-22","purchased_purges":0,"victory":false,"max_hp_per_floor":[70,70,70,70,70,70,70,70,70,70,70,70,70,70,70,70,75,75,75,75,75,75,75,75,75],"card_choices":[{"not_picked":["Catalyst","Caltrops"],"picked":"Deadly Poison","floor":1},{"not_picked":["Quick Slash","Flying Knee"],"picked":"Catalyst","floor":3},{"not_picked":["Bane","Dodge and Roll"],"picked":"Deadly Poison","floor":4},{"not_picked":["Dagger Throw","All Out Attack","Heel Hook"],"picked":"SKIP","floor":8},{"not_picked":["Skewer","Cloak And Dagger"],"picked":"Deadly Poison","floor":11},{"not_picked":["Expertise","Dagger Spray","Blur"],"picked":"SKIP","floor":12},{"not_picked":["Dodge and Roll","Footwork","Dagger Spray"],"picked":"SKIP","floor":14},{"not_picked":["Corpse Explosion","After Image"],"picked":"Envenom","floor":16},{"not_picked":["Calculated Gamble","Riddle With Holes"],"picked":"PiercingWail","floor":17},{"not_picked":["Underhanded Strike","Bane"],"picked":"PiercingWail","floor":18},{"not_picked":["Deflect","Dagger Throw"],"picked":"Deadly Poison","floor":19},{"not_picked":["Riddle With Holes","Finisher"],"picked":"Terror","floor":21},{"not_picked":["A Thousand Cuts","Eviscerate","Dagger Spray"],"picked":"SKIP","floor":23}],"player_experience":479064,"relics_obtained":[{"floor":9,"key":"Juzu Bracelet"},{"floor":23,"key":"Toy Ornithopter"}],"event_choices":[{"damage_healed":0,"gold_gain":0,"player_choice":"Ignored","damage_taken":0,"max_hp_gain":0,"max_hp_loss":0,"event_name":"Golden Wing","floor":7,"gold_loss":0},{"damage_healed":0,"gold_gain":0,"player_choice":"Grow","damage_taken":0,"max_hp_gain":0,"max_hp_loss":0,"event_name":"Living Wall","floor":13,"gold_loss":0,"cards_upgraded":["Noxious Fumes"]},{"damage_healed":0,"gold_gain":0,"player_choice":"Smashed Altar","damage_taken":0,"max_hp_gain":0,"max_hp_loss":0,"event_name":"Forgotten Altar","floor":20,"gold_loss":0,"cards_obtained":["Decay"]},{"damage_healed":0,"gold_gain":0,"cards_transformed":["Decay"],"player_choice":"Transformed","damage_taken":0,"max_hp_gain":0,"max_hp_loss":0,"event_name":"Transmorgrifier","floor":22,"gold_loss":0,"cards_obtained":["Parasite"]}],"is_beta":false,"boss_relics":[{"not_picked":["Philosopher\u0027s Stone","Fusion Hammer"],"picked":"Tiny House"}],"items_purged_floors":[],"is_endless":true,"potions_floor_spawned":[8,11,14,18,21,23],"killed_by":"Cultist and Chosen","ascension_level":0}}