{"host":"swphzoo6hmc78epl","time":1611543400,"event":{"mods":["BaseMod","Highlight Path","Minty Spire (QoL Compilation)","Quick Restart"],"gold_per_floor":[119,130,148,163,178,178,190,213,213,224,243,256,270,247,247,247,247],"floor_reached":16,"language":"ENG","playtime":519,"items_purged":[],"score":120,"play_id":"10c46455-4565-490e-93d1-e3e5919615f9","local_time":"20210124215640","is_ascension_mode":true,"campfire_choices":[{"data":"Noxious Fumes","floor":6,"key":"SMITH"},{"data":"Catalyst","floor":15,"key":"SMITH"}],"circlet_count":0,"master_deck":["Strike_G","Strike_G","Strike_G","Strike_G","Strike_G","Defend_G","Defend_G","Defend_G","Defend_G","Defend_G","Survivor","Neutralize","Choke","Poisoned Stab","Noxious Fumes+1","Catalyst+1","Dagger Throw","Leg Sweep","Dodge and Roll","Dagger Spray","Deadly Poison","Caltrops"],"relics":["Coffee Dripper","Bag of Marbles","Lantern"],"acts_visited":["Exordium"],"potions_floor_usage":[12,16],"damage_taken":[{"damage":0,"enemies":"Cultist","floor":1,"turns":5},{"damage":2,"enemies":"Jaw Worm","floor":2,"turns":3},{"damage":0,"enemies":"2 Louse","floor":3,"turns":2},{"damage":13,"enemies":"Blue Slaver","floor":4,"turns":3},{"damage":21,"enemies":"Exordium Wildlife","floor":5,"turns":5},{"damage":0,"enemies":"Large Slime","floor":7,"turns":4},{"damage":19,"enemies":"Exordium Thugs","floor":10,"turns":6},{"damage":4,"enemies":"Lots of Slimes","floor":11,"turns":3},{"damage":2,"enemies":"Gremlin Gang","floor":12,"turns":4},{"damage":0,"enemies":"3 Louse","floor":13,"turns":2},{"damage":0,"enemies":"Slime Boss","floor":16,"turns":4}],"seed_played":"7145191542251311670","potions_obtained":[{"floor":3,"key":"Energy Potion"},{"floor":5,"key":"Strength Potion"},{"floor":11,"key":"Dexterity Potion"},{"floor":12,"key":"Energy Potion"}],"is_trial":false,"path_per_floor":["M","M","M","M","M","R","M","T","T","M","M","M","M","?","R","B"],"character_chosen":"THE_SILENT","items_purchased":[],"campfire_rested":0,"item_purchase_floors":[],"current_hp_per_floor":[70,68,68,55,34,34,34,34,34,15,11,9,9,9,9,9,9],"gold":247,"neow_bonus":"BOSS_RELIC","is_daily":false,"chose_seed":false,"campfire_upgraded":2,"win_rate":0.0,"timestamp":1611543400,"path_taken":["M","M","M","M","M","R","M","?","T","M","M","M","M","?","R","BOSS"],"items_purchased_type":[],"build_version":"2020-12-22","purchased_purges":0,"victory":false,"max_hp_per_floor":[70,70,70,70,70,70,70,70,70,70,70,70,70,70,70,70,70],"card_choices":[{"not_picked":["Dodge and Roll","Sucker Punch"],"picked":"Choke","floor":1},{"not_picked":["Bane","Expertise"],"picked":"Poisoned Stab","floor":2},{"not_picked":["Well Laid Plans","PiercingWail"],"picked":"Noxious Fumes","floor":3},{"not_picked":["Terror","Underhanded Strike"],"picked":"Catalyst","floor":4},{"not_picked":["Dodge and Roll","Well Laid Plans"],"picked":"Dagger Throw","floor":5},{"not_picked":["Sucker Punch","Setup"],"picked":"Leg Sweep","floor":7},{"not_picked":["Riddle With Holes","Deflect"],"picked":"Dodge and Roll","floor":10},{"not_picked":["Flying Knee","Wraith Form v2"],"picked":"Dagger Spray","floor":11},{"not_picked":["Leg Sweep","Calculated Gamble"],"picked":"Deadly Poison","floor":12},{"not_picked":["Flying Knee","Footwork"],"picked":"Caltrops","floor":13}],"player_experience":836430,"relics_obtained":[{"floor":8,"key":"Bag of Marbles"},{"floor":9,"key":"Lantern"}],"event_choices":[{"damage_healed":0,"gold_gain":0,"player_choice":"Left Gold","damage_taken":0,"max_hp_gain":0,"max_hp_loss":0,"event_name":"World of Goop","floor":14,"gold_loss":23}],"is_beta":false,"boss_relics":[],"items_purged_floors":[],"is_endless":false,"potions_floor_spawned":[3,5,11,12,13],"killed_by":"Slime Boss","ascension_level":4}}