{"host":"70zhvo5nwrhp1mbg","time":1611609638,"event":{"mods":["BaseMod","Colored Map","Colored Powertips","Filter the Spire","Highlight Path","Minty Spire (QoL Compilation)","Rare Cards Sparkle","StSLib"],"gold_per_floor":[11,31,58,70,102,145,157,195,207,219,231,208,220,249,261,373,385,415,427,439,467,496,508,546,558,570,582,18,33,51,71,71,169,169,188,206,206,116,166,166,166],"floor_reached":40,"language":"ENG","playtime":3813,"items_purged":["Strike_R"],"score":584,"play_id":"de0eb682-b0ef-4f75-8233-71cd912a5a9a","local_time":"20210125162038","is_ascension_mode":true,"campfire_choices":[{"floor":7,"key":"REST"},{"data":"Bash","floor":11,"key":"SMITH"},{"data":"Armaments","floor":13,"key":"SMITH"},{"floor":15,"key":"REST"},{"data":"Armaments","floor":23,"key":"SMITH"},{"floor":25,"key":"REST"},{"data":"Barricade","floor":32,"key":"SMITH"}],"circlet_count":0,"master_deck":["Strike_R","Strike_R","Defend_R","Defend_R","Defend_R","Defend_R","Bash+1","Iron Wave","Armaments+1","Headbutt","Immolate","Armaments+1","Offering","Sword Boomerang","Cleave","Ghostly","Ghostly","Ghostly","Ghostly","Ghostly","Anger+1","True Grit","Shockwave","Clumsy","Feed","Barricade+1","Feed","Reaper","Whirlwind+1","Writhe","Injury"],"relics":["Burning Blood","Du-Vu Doll","MawBank","Toy Ornithopter","Happy Flower","Shuriken","Cursed Key","Ancient Tea Set","InkBottle","Tiny Chest","SlaversCollar","Lantern"],"acts_visited":["Exordium","TheCity","TheBeyond"],"potions_floor_usage":[6,8,18,24,33,35,40,40],"damage_taken":[{"damage":10,"enemies":"Cultist","floor":1,"turns":5},{"damage":20,"enemies":"Small Slimes","floor":2,"turns":5},{"damage":14,"enemies":"Jaw Worm","floor":5,"turns":3},{"damage":29,"enemies":"Lagavulin","floor":6,"turns":8},{"damage":31,"enemies":"Gremlin Nob","floor":8,"turns":5},{"damage":9,"enemies":"2 Fungi Beasts","floor":14,"turns":5},{"damage":14,"enemies":"Slime Boss","floor":16,"turns":10},{"damage":6,"enemies":"Chosen","floor":18,"turns":3},{"damage":8,"enemies":"Spheric Guardian","floor":21,"turns":4},{"damage":1,"enemies":"Snecko","floor":22,"turns":5},{"damage":31,"enemies":"Slavers","floor":24,"turns":6},{"damage":4,"enemies":"Sentry and Sphere","floor":29,"turns":6},{"damage":6,"enemies":"Centurion and Healer","floor":30,"turns":5},{"damage":9,"enemies":"Snake Plant","floor":31,"turns":4},{"damage":24,"enemies":"Champ","floor":33,"turns":13},{"damage":18,"enemies":"Orb Walker","floor":35,"turns":4},{"damage":2,"enemies":"3 Darklings","floor":36,"turns":4},{"damage":67,"enemies":"Nemesis","floor":40,"turns":9}],"seed_played":"5184322981934866746","potions_obtained":[{"floor":1,"key":"SpeedPotion"},{"floor":6,"key":"Swift Potion"},{"floor":16,"key":"Block Potion"},{"floor":22,"key":"Regen Potion"},{"floor":24,"key":"ElixirPotion"},{"floor":36,"key":"Ancient Potion"}],"is_trial":false,"path_per_floor":["M","M","T","$","M","E","R","E","T","?","R","?","R","M","R","B",null,"M","?","?","M","M","R","E","R","T","?","$","M","M","M","R","B",null,"M","M","?","?","T","E"],"character_chosen":"IRONCLAD","items_purchased":["Feed","Tiny Chest","Block Potion","Barricade","DuplicationPotion"],"campfire_rested":3,"item_purchase_floors":[28,28,28,28,28],"current_hp_per_floor":[68,54,54,54,46,23,47,27,27,27,27,27,27,24,48,40,70,75,75,40,38,40,40,28,40,40,40,40,43,49,46,46,37,49,45,49,56,56,56,0,0],"gold":166,"neow_bonus":"ONE_RARE_RELIC","is_daily":false,"chose_seed":false,"campfire_upgraded":4,"win_rate":0.0,"timestamp":1611609638,"path_taken":["M","M","?","$","M","E","R","E","T","?","R","?","R","M","R","BOSS","M","?","?","M","M","R","E","R","T","?","$","M","?","M","R","BOSS","M","M","?","?","?","E"],"items_purchased_type":["Card","Relic","Potion","Card","Potion"],"build_version":"2020-12-22","purchased_purges":1,"victory":false,"max_hp_per_floor":[80,80,80,80,80,80,80,80,80,80,80,80,80,80,80,80,80,80,80,40,40,40,40,40,40,40,40,40,43,49,49,49,53,53,56,56,56,56,56,56,56],"card_choices":[{"not_picked":["Hemokinesis","Cleave"],"picked":"Iron Wave","floor":1},{"not_picked":["Metallicize","Evolve"],"picked":"Armaments","floor":2},{"not_picked":["True Grit","Seeing Red"],"picked":"Headbutt","floor":5},{"not_picked":["Barricade","Evolve"],"picked":"Immolate","floor":6},{"not_picked":["Headbutt","Wild Strike"],"picked":"Armaments","floor":8},{"not_picked":["Second Wind","Twin Strike","Havoc"],"picked":"SKIP","floor":14},{"not_picked":["Double Tap","Immolate"],"picked":"Offering","floor":16},{"not_picked":["Power Through","Flex"],"picked":"Sword Boomerang","floor":18},{"not_picked":["Cleave","Sword Boomerang"],"picked":"Anger","floor":21},{"not_picked":["Clash","Twin Strike"],"picked":"True Grit","floor":22},{"not_picked":["Hemokinesis","Heavy Blade"],"picked":"Shockwave","floor":24},{"not_picked":["Metallicize","Warcry+1"],"picked":"Feed","floor":29},{"not_picked":["Sword Boomerang","Warcry","Burning Pact+1"],"picked":"SKIP","floor":30},{"not_picked":["Blood for Blood","Warcry","Dual Wield"],"picked":"SKIP","floor":31},{"not_picked":["Offering","Double Tap"],"picked":"Reaper","floor":33},{"not_picked":["Heavy Blade","Anger+1"],"picked":"Whirlwind+1","floor":35},{"not_picked":["True Grit","Warcry+1","Dropkick+1"],"picked":"SKIP","floor":36}],"player_experience":479272,"relics_obtained":[{"floor":3,"key":"MawBank"},{"floor":6,"key":"Toy Ornithopter"},{"floor":8,"key":"Happy Flower"},{"floor":9,"key":"Shuriken"},{"floor":24,"key":"Ancient Tea Set"},{"floor":26,"key":"InkBottle"},{"floor":39,"key":"Lantern"}],"event_choices":[{"damage_healed":0,"gold_gain":0,"player_choice":"Ignored","damage_taken":0,"max_hp_gain":0,"max_hp_loss":0,"event_name":"Shining Light","floor":10,"gold_loss":0},{"damage_healed":0,"gold_gain":0,"player_choice":"Left Gold","damage_taken":0,"max_hp_gain":0,"max_hp_loss":0,"event_name":"World of Goop","floor":12,"gold_loss":35},{"damage_healed":0,"gold_gain":0,"player_choice":"Read","damage_taken":0,"max_hp_gain":0,"max_hp_loss":0,"event_name":"The Library","floor":19,"gold_loss":0,"cards_obtained":["Cleave"]},{"damage_healed":0,"gold_gain":0,"player_choice":"Became a Ghost","damage_taken":0,"max_hp_gain":0,"max_hp_loss":40,"event_name":"Ghosts","floor":20,"gold_loss":0,"cards_obtained":["Ghostly","Ghostly","Ghostly","Ghostly","Ghostly"]},{"cards_removed":["Strike_R"],"damage_healed":0,"gold_gain":0,"player_choice":"Elegance","damage_taken":0,"max_hp_gain":0,"max_hp_loss":0,"event_name":"Back to Basics","floor":27,"gold_loss":0},{"damage_healed":14,"gold_gain":0,"player_choice":"Writhe","damage_taken":0,"max_hp_gain":0,"max_hp_loss":0,"event_name":"Winding Halls","floor":37,"gold_loss":0,"cards_obtained":["Writhe"]},{"cards_removed":["Strike_R"],"damage_healed":0,"gold_gain":0,"player_choice":"Upgrade and Remove","damage_taken":0,"max_hp_gain":0,"max_hp_loss":0,"event_name":"Designer","floor":38,"gold_loss":90,"cards_upgraded":["Anger"]}],"is_beta":false,"boss_relics":[{"not_picked":["SacredBark","Coffee Dripper"],"picked":"Cursed Key"},{"not_picked":["Mark of Pain","Tiny House"],"picked":"SlaversCollar"}],"items_purged_floors":[28],"is_endless":false,"potions_floor_spawned":[1,6,16,22,24,30,36],"killed_by":"Nemesis","ascension_level":7}}