{"host":"5nrsd95zehlinljn","time":1611599553,"event":{"mods":["2.2 Compatiblity","BaseMod","Beaked The Cultist","Better Note","Friendly Minions","GifTheSpireLib","GungeonMod","Minty Spire (QoL Compilation)","StS++","StSLib","everything is the same but u backflip on backflip","thorton"],"gold_per_floor":[144,144,166,166,166,206,50,50,50,67,104,104,4,28,28,130,130,184,218,218,2,2,2,2,2,2,2,2,2,64,64,64,201,201,274,274,274],"floor_reached":35,"language":"ENG","playtime":4370,"items_purged":["thethorton:Strike","thethorton:Strike","thethorton:Strike"],"score":359,"play_id":"c29da39c-8e72-4dbc-b172-3b8b8c2b179b","local_time":"20210125183233","is_ascension_mode":false,"campfire_choices":[{"data":"thethorton:LongTermPayoff","floor":8,"key":"SMITH"},{"floor":12,"key":"REST"},{"data":"thethorton:MomentaryBreak","floor":15,"key":"SMITH"},{"floor":23,"key":"REST"},{"data":"thethorton:Fortune","floor":24,"key":"SMITH"},{"data":"Bandage Up","floor":25,"key":"SMITH"},{"data":"thethorton:GemGun","floor":27,"key":"SMITH"},{"floor":32,"key":"REST"}],"circlet_count":0,"master_deck":["thethorton:Defend","thethorton:Defend","thethorton:Heckle","thethorton:CreditCard","thethorton:PocketChange","thethorton:LongTermPayoff+1","thethorton:BusinessBash","thethorton:GemGun+1","thethorton:MomentaryBreak+1","thethorton:PocketChange","thethorton:Fortune+1","thethorton:CashBash","thethorton:BusinessBurst+1","Bandage Up+1","Flash of Steel","thethorton:PocketChange","thethorton:AdministrativeActions","DemoMod:Deposit"],"relics":["thethorton:CouragePotion","Akabeko","Pantograph","Gambling Chip","WingedGreaves","Empty Cage","StrikeDummy","MutagenicStrength","InkBottle","beaked:SacredDeck","Blue Candle"],"acts_visited":["Exordium","TheCity","TheBeyond"],"potions_floor_usage":[6,18,33,35],"damage_taken":[{"damage":3,"enemies":"2 Louse","floor":1,"turns":3},{"damage":1,"enemies":"Small Slimes","floor":3,"turns":6},{"damage":2,"enemies":"3 Sentries","floor":6,"turns":9},{"damage":5,"enemies":"Jaw Worm","floor":10,"turns":6},{"damage":21,"enemies":"Lagavulin","floor":11,"turns":7},{"damage":8,"enemies":"Exordium Thugs","floor":14,"turns":6},{"damage":41,"enemies":"Slime Boss","floor":16,"turns":10},{"damage":38,"enemies":"Spheric Guardian","floor":18,"turns":9},{"damage":23,"enemies":"Shell Parasite","floor":19,"turns":9},{"damage":73,"enemies":"Snecko","floor":30,"turns":10},{"damage":74,"enemies":"Champ","floor":33,"turns":15},{"damage":94,"enemies":"Orb Walker","floor":35,"turns":6}],"seed_played":"-8632167982846827782","potions_obtained":[{"floor":1,"key":"DemoMod:LeadSkinPotion"},{"floor":6,"key":"DemoMod:LeadSkinPotion"},{"floor":16,"key":"Explosive Potion"},{"floor":18,"key":"FairyPotion"},{"floor":33,"key":"DuplicationPotion"}],"is_trial":false,"path_per_floor":["M","?","M","?","?","E","$","R","T","M","E","R","$","M","R","B",null,"M","M","?","$","?","R","R","R","T","R","?","T","M","$","R","B",null,"M"],"character_chosen":"THE_THORT","items_purchased":["thethorton:BusinessBash","Flash of Steel"],"campfire_rested":3,"item_purchase_floors":[7,21],"current_hp_per_floor":[65,65,64,61,61,59,59,59,59,54,33,53,53,48,48,31,68,34,15,15,15,37,57,57,57,57,57,57,57,20,20,40,1,68,0,0,0],"gold":274,"neow_bonus":"REMOVE_CARD","is_daily":false,"chose_seed":false,"campfire_upgraded":5,"win_rate":0.0,"timestamp":1611599553,"path_taken":["M","?","M","?","?","E","$","R","T","M","E","R","?","M","R","BOSS","M","M","?","$","?","R","R","R","T","R","?","?","M","?","R","BOSS","M"],"items_purchased_type":["Card","Card"],"build_version":"2020-12-22","purchased_purges":3,"victory":false,"max_hp_per_floor":[68,68,68,68,68,68,68,68,68,68,68,68,68,68,68,68,68,68,68,68,68,68,68,68,68,68,68,68,68,68,68,68,68,68,68,68,68],"card_choices":[{"not_picked":["thethorton:Distance","thethorton:LongTermPayoff"],"picked":"thethorton:PocketChange","floor":1},{"not_picked":["thethorton:DownPayment","thethorton:AngerMoment","thethorton:ElbowSmash"],"picked":"SKIP","floor":3},{"not_picked":["thethorton:Distance","thethorton:SicklyRun"],"picked":"thethorton:LongTermPayoff","floor":6},{"not_picked":["thethorton:StumblingSlap","thethorton:HitAhead"],"picked":"thethorton:GemGun","floor":10},{"not_picked":["thethorton:RunningKick","thethorton:HedgeFund"],"picked":"thethorton:MomentaryBreak","floor":11},{"not_picked":["thethorton:Rebalance","thethorton:AngerMoment"],"picked":"thethorton:PocketChange","floor":14},{"not_picked":["thethorton:Escape","thethorton:Fatigue"],"picked":"thethorton:Fortune","floor":16},{"not_picked":["thethorton:DockPay+1","thethorton:DualBap"],"picked":"thethorton:CashBash","floor":18},{"not_picked":["thethorton:PocketChange","thethorton:BookBash"],"picked":"thethorton:BusinessBurst+1","floor":19},{"not_picked":["thethorton:RunningKick","thethorton:WhirlingBriefcase"],"picked":"thethorton:PocketChange","floor":30},{"not_picked":["thethorton:CardboardBox","thethorton:DodgeAndRollAndRun"],"picked":"thethorton:AdministrativeActions","floor":33}],"player_experience":2711997,"relics_obtained":[{"floor":6,"key":"Pantograph"},{"floor":9,"key":"Gambling Chip"},{"floor":11,"key":"WingedGreaves"},{"floor":29,"key":"InkBottle"}],"event_choices":[{"damage_healed":0,"gold_gain":0,"player_choice":"Ignored","damage_taken":0,"max_hp_gain":0,"max_hp_loss":0,"event_name":"Shining Light","floor":2,"gold_loss":0},{"damage_healed":0,"gold_gain":0,"player_choice":"Success","damage_taken":3,"relics_obtained":["Akabeko"],"max_hp_gain":0,"max_hp_loss":0,"event_name":"Scrap Ooze","floor":4,"gold_loss":0},{"cards_removed":["thethorton:Defend"],"damage_healed":0,"gold_gain":0,"player_choice":"Forget","damage_taken":0,"max_hp_gain":0,"max_hp_loss":0,"event_name":"Living Wall","floor":5,"gold_loss":0},{"cards_removed":["thethorton:LongTermPayoff"],"damage_healed":0,"gold_gain":0,"player_choice":"Take \u0026 Give","damage_taken":0,"max_hp_gain":0,"max_hp_loss":0,"event_name":"betterNote:BetterNote","floor":20,"gold_loss":0,"cards_obtained":["Bandage Up"]},{"damage_healed":22,"gold_gain":0,"player_choice":"Heal","damage_taken":0,"max_hp_gain":0,"max_hp_loss":0,"event_name":"The Library","floor":22,"gold_loss":0},{"damage_healed":0,"gold_gain":0,"player_choice":"Inject Mutagens","damage_taken":0,"relics_obtained":["MutagenicStrength"],"max_hp_gain":0,"max_hp_loss":0,"event_name":"Drug Dealer","floor":28,"gold_loss":0}],"is_beta":false,"boss_relics":[{"not_picked":["DemoMod:WaxWing","DemoMod:RiddleOfLead"],"picked":"Empty Cage"},{"not_picked":["Cursed Key","thethorton:CrushedCigarette"],"picked":"beaked:SacredDeck"}],"items_purged_floors":[7,13,21],"is_endless":false,"potions_floor_spawned":[1,6,16,18,33],"killed_by":"Orb Walker","ascension_level":0}}