{"host":"fubl5olmpa6illow","time":1611606089,"event":{"mods":["BaseMod","Colored Map","Colored Powertips","Highlight Path","Minty Spire (QoL Compilation)","Quick Restart","Random Character Button","Relic Sorter","Relic Stats"],"gold_per_floor":[160,160,160,173,187,207,207,239,239,239,268,268,281,291,291,394,394,406,424,440,460,204,204,235,235,235,268,281,313,313,413,413,514,514,532,582,634,453,453,487,500,500,500,535,550,177,177,197,197,197,197,197,47,72,72,72],"floor_reached":55,"language":"ENG","playtime":6237,"items_purged":["Defend_G","Pain","Writhe","Clumsy"],"score":939,"play_id":"aeb8c103-7f20-4337-88cf-a021ef4b5f9a","local_time":"20210125212129","is_ascension_mode":true,"campfire_choices":[{"data":"Cloak And Dagger","floor":7,"key":"SMITH"},{"data":"Accuracy","floor":12,"key":"SMITH"},{"data":"Crippling Poison","floor":15,"key":"SMITH"},{"data":"Wraith Form v2","floor":23,"key":"SMITH"},{"floor":32,"key":"REST"},{"floor":42,"key":"RECALL"},{"data":"After Image","floor":47,"key":"SMITH"},{"floor":49,"key":"REST"},{"data":"PiercingWail","floor":52,"key":"SMITH"}],"circlet_count":0,"master_deck":["Strike_G","Strike_G","Strike_G","Strike_G","Defend_G","Defend_G","Defend_G","Defend_G+1","Survivor+1","Neutralize","Slice","Heel Hook+1","Deflect","Blade Dance","Cloak And Dagger+1","Crippling Poison+1","Accuracy+1","Endless Agony","All Out Attack","Wraith Form v2+1","Blur","PiercingWail+1","Cloak And Dagger","Concentrate+1","Noxious Fumes","Deflect+1","Dagger Spray+1","PiercingWail+1","Prepared+1","J.A.X.","Finisher","After Image+1","Well Laid Plans","Venomology","Prepared","Cloak And Dagger+1","Slice+1","Blade Dance+1","Prepared+1"],"relics":["Tiny House","StoneCalendar","HornCleat","Happy Flower","Bottled Lightning","WristBlade","TwistedFunnel","Bronze Scales","WarpedTongs","Gremlin Horn","Tiny Chest","WingedGreaves","Question Card","Cursed Key","Turnip","Vajra","War Paint","Toxic Egg 2","Ornamental Fan","Kunai","Toy Ornithopter"],"acts_visited":["Exordium","TheCity","TheBeyond","TheEnding"],"potions_floor_usage":[6,11,16,16,21,28,31,31,33,33,44,45,50,50,54,54,54,55,55,55],"damage_taken":[{"damage":4,"enemies":"Jaw Worm","floor":1,"turns":4},{"damage":3,"enemies":"Small Slimes","floor":4,"turns":4},{"damage":0,"enemies":"Cultist","floor":5,"turns":4},{"damage":0,"enemies":"3 Louse","floor":6,"turns":2},{"damage":11,"enemies":"3 Sentries","floor":8,"turns":10},{"damage":0,"enemies":"Lagavulin","floor":11,"turns":6},{"damage":0,"enemies":"Blue Slaver","floor":13,"turns":3},{"damage":2,"enemies":"2 Fungi Beasts","floor":14,"turns":3},{"damage":30,"enemies":"The Guardian","floor":16,"turns":8},{"damage":0,"enemies":"3 Byrds","floor":18,"turns":3},{"damage":3,"enemies":"Chosen","floor":19,"turns":4},{"damage":7,"enemies":"Snake Plant","floor":20,"turns":5},{"damage":0,"enemies":"Centurion and Healer","floor":21,"turns":5},{"damage":10,"enemies":"Gremlin Leader","floor":24,"turns":6},{"damage":14,"enemies":"Slavers","floor":27,"turns":3},{"damage":12,"enemies":"Shelled Parasite and Fungi","floor":28,"turns":3},{"damage":5,"enemies":"Gremlin Leader","floor":29,"turns":5},{"damage":5,"enemies":"Colosseum Slavers","floor":31,"turns":4},{"damage":4,"enemies":"Colosseum Nobs","floor":31,"turns":2},{"damage":29,"enemies":"Automaton","floor":33,"turns":9},{"damage":0,"enemies":"Orb Walker","floor":35,"turns":3},{"damage":3,"enemies":"Mind Bloom Boss Battle","floor":36,"turns":4},{"damage":13,"enemies":"Giant Head","floor":40,"turns":8},{"damage":2,"enemies":"3 Shapes","floor":41,"turns":3},{"damage":4,"enemies":"Reptomancer","floor":44,"turns":6},{"damage":18,"enemies":"Writhing Mass","floor":45,"turns":4},{"damage":29,"enemies":"Jaw Worm Horde","floor":48,"turns":3},{"damage":14,"enemies":"Donu and Deca","floor":50,"turns":9},{"damage":18,"enemies":"Shield and Spear","floor":54,"turns":6},{"damage":74,"enemies":"The Heart","floor":55,"turns":8}],"seed_played":"-7532936464156733196","potions_obtained":[{"floor":0,"key":"LiquidMemories"},{"floor":5,"key":"AttackPotion"},{"floor":8,"key":"Poison Potion"},{"floor":11,"key":"SpeedPotion"},{"floor":13,"key":"Strength Potion"},{"floor":16,"key":"DistilledChaos"},{"floor":19,"key":"Energy Potion"},{"floor":24,"key":"SkillPotion"},{"floor":28,"key":"FearPotion"},{"floor":31,"key":"Swift Potion"},{"floor":33,"key":"FearPotion"},{"floor":36,"key":"Fire Potion"}],"is_trial":false,"path_per_floor":["M","?","?","M","M","M","R","E","T","T","E","R","M","M","R","B",null,"M","M","M","M","$","R","E","?","T","E","M","E","?","?","R","B",null,"M","?","T","$","?","E","M","R","T","E","M","$","R","M","R","B",null,"R","$","E","B"],"character_chosen":"THE_SILENT","items_purchased":["Noxious Fumes","TwistedFunnel","Well Laid Plans","Kunai"],"campfire_rested":2,"item_purchase_floors":[22,22,38,46],"current_hp_per_floor":[71,56,49,46,46,46,46,35,35,35,35,35,35,33,33,3,75,75,72,65,65,65,65,55,55,55,41,29,24,24,15,37,8,75,75,72,72,72,72,59,57,57,57,53,35,35,35,6,28,14,75,75,75,57,0,0],"gold":72,"neow_bonus":"BOSS_RELIC","is_daily":false,"chose_seed":false,"campfire_upgraded":6,"win_rate":0.0,"timestamp":1611606089,"path_taken":["M","?","?","M","M","M","R","E","T","?","E","R","M","M","R","BOSS","M","M","M","M","$","R","E","?","T","E","?","E","?","?","R","BOSS","M","?","?","$","?","E","M","R","T","E","M","$","R","M","R","BOSS","R","$","E","BOSS"],"items_purchased_type":["Card","Relic","Card","Relic"],"build_version":"2020-12-22","purchased_purges":4,"victory":false,"max_hp_per_floor":[75,75,75,75,75,75,75,75,75,75,75,75,75,75,75,75,75,75,75,75,75,75,75,75,75,75,75,75,75,75,75,75,75,75,75,75,75,75,75,75,75,75,75,75,75,75,75,75,75,75,75,75,75,75,75,75],"relic_stats":{"Happy Flower":[41],"Gremlin Horn":[21,21],"counters":[30,147],"StoneCalendar":[256],"War Paint":["Concentrate","PiercingWail"],"Question Card":9,"Cursed Key":2,"WarpedTongs":[78],"Ornamental Fan":[100],"Bronze Scales":[328],"Tiny Chest":1,"Turnip":[2],"Kunai":[22],"obtain_stats":[{"TwistedFunnel":22,"Tiny House":0,"Happy Flower":10,"Gremlin Horn":27,"Vajra":37,"StoneCalendar":8,"War Paint":40,"Question Card":31,"Cursed Key":34,"WarpedTongs":25,"HornCleat":9,"WristBlade":17,"Ornamental Fan":44,"Bronze Scales":24,"Tiny Chest":29,"WingedGreaves":31,"Turnip":36,"Bottled Lightning":11,"Kunai":46,"Toxic Egg 2":43,"Toy Ornithopter":54,"Ring of the Snake":0},{"TwistedFunnel":13,"Tiny House":0,"Happy Flower":5,"Gremlin Horn":15,"Vajra":22,"StoneCalendar":5,"War Paint":23,"Question Card":19,"Cursed Key":20,"WarpedTongs":14,"HornCleat":5,"WristBlade":9,"Ornamental Fan":25,"Bronze Scales":14,"Tiny Chest":17,"WingedGreaves":19,"Turnip":22,"Bottled Lightning":6,"Kunai":26,"Toxic Egg 2":24,"Toy Ornithopter":29,"Ring of the Snake":0},{"TwistedFunnel":61,"Tiny House":0,"Happy Flower":24,"Gremlin Horn":70,"Vajra":100,"StoneCalendar":24,"War Paint":108,"Question Card":84,"Cursed Key":93,"WarpedTongs":67,"HornCleat":24,"WristBlade":44,"Ornamental Fan":117,"Bronze Scales":67,"Tiny Chest":78,"WingedGreaves":84,"Turnip":100,"Bottled Lightning":30,"Kunai":121,"Toxic Egg 2":111,"Toy Ornithopter":139,"Ring of the Snake":0}],"Toy Ornithopter":15},"card_choices":[{"not_picked":["Bane","Prepared"],"picked":"Slice","floor":0},{"not_picked":["Tactician","Quick Slash"],"picked":"Heel Hook","floor":1},{"not_picked":["Dodge and Roll","Deadly Poison"],"picked":"Deflect","floor":4},{"not_picked":["Bane","Sucker Punch"],"picked":"Blade Dance","floor":5},{"not_picked":["Dodge and Roll","Predator"],"picked":"Cloak And Dagger","floor":6},{"not_picked":["Venomology","Prepared"],"picked":"Crippling Poison","floor":8},{"not_picked":["Finisher","All Out Attack"],"picked":"Accuracy","floor":11},{"not_picked":["Flechettes","Slice"],"picked":"Endless Agony","floor":13},{"not_picked":["Blur","Catalyst"],"picked":"All Out Attack","floor":14},{"not_picked":["Night Terror","Unload"],"picked":"Wraith Form v2","floor":16},{"not_picked":["Escape Plan","Deflect"],"picked":"Blur","floor":18},{"not_picked":["Dash","Tactician"],"picked":"PiercingWail","floor":19},{"not_picked":["Reflex","Endless Agony"],"picked":"Cloak And Dagger","floor":20},{"not_picked":["Sucker Punch+1","Leg Sweep"],"picked":"Concentrate","floor":21},{"not_picked":["Calculated Gamble","Eviscerate"],"picked":"Deflect+1","floor":24},{"not_picked":["Deadly Poison","Sucker Punch+1"],"picked":"Dagger Spray+1","floor":27},{"not_picked":["Deflect","Deadly Poison"],"picked":"PiercingWail","floor":28},{"not_picked":["Deadly Poison","Bane"],"picked":"Prepared+1","floor":29},{"not_picked":["Blur","Quick Slash"],"picked":"Finisher","floor":31},{"not_picked":["Doppelganger","Grand Finale","Corpse Explosion"],"picked":"After Image","floor":33},{"not_picked":["Deflect","Skewer+1","Heel Hook","Dagger Spray+1"],"picked":"SKIP","floor":35},{"not_picked":["Deflect+1","Noxious Fumes+1","Prepared"],"picked":"Footwork","floor":36},{"not_picked":["Concentrate","Outmaneuver","Masterful Stab"],"picked":"Venomology","floor":40},{"not_picked":["Setup+1","Dodge and Roll","Dagger Spray+1"],"picked":"Prepared","floor":41},{"not_picked":["Acrobatics+1","Unload","Underhanded Strike"],"picked":"Cloak And Dagger+1","floor":44},{"not_picked":["Predator","Dagger Spray","Blur+1"],"picked":"Slice+1","floor":45},{"not_picked":["Slice+1","Dagger Throw","Dodge and Roll+1"],"picked":"Blade Dance+1","floor":48},{"not_picked":["Flechettes","Deadly Poison+1","Tools of the Trade"],"picked":"Prepared+1","floor":54}],"player_experience":336237,"relics_obtained":[{"floor":8,"key":"StoneCalendar"},{"floor":9,"key":"HornCleat"},{"floor":10,"key":"Happy Flower"},{"floor":11,"key":"Bottled Lightning"},{"floor":24,"key":"Bronze Scales"},{"floor":27,"key":"Gremlin Horn"},{"floor":29,"key":"Tiny Chest"},{"floor":31,"key":"WingedGreaves"},{"floor":31,"key":"Question Card"},{"floor":36,"key":"Turnip"},{"floor":37,"key":"Vajra"},{"floor":40,"key":"War Paint"},{"floor":43,"key":"Toxic Egg 2"},{"floor":44,"key":"Ornamental Fan"},{"floor":54,"key":"Toy Ornithopter"}],"event_choices":[{"damage_healed":0,"gold_gain":0,"player_choice":"Entered Light","damage_taken":15,"max_hp_gain":0,"max_hp_loss":0,"event_name":"Shining Light","floor":2,"gold_loss":0,"cards_upgraded":["Heel Hook","Survivor"]},{"cards_removed":["Strike_G"],"damage_healed":0,"gold_gain":0,"player_choice":"Card Removal","damage_taken":7,"max_hp_gain":0,"max_hp_loss":0,"event_name":"Golden Wing","floor":3,"gold_loss":0},{"damage_healed":0,"gold_gain":0,"player_choice":"Rummage","damage_taken":0,"relics_obtained":["WarpedTongs"],"max_hp_gain":0,"max_hp_loss":0,"event_name":"Accursed Blacksmith","floor":25,"gold_loss":0,"cards_obtained":["Pain"]},{"damage_healed":0,"gold_gain":0,"player_choice":"Obtain J.A.X.","damage_taken":0,"max_hp_gain":0,"max_hp_loss":0,"event_name":"Drug Dealer","floor":30,"gold_loss":0,"cards_obtained":["J.A.X."]},{"damage_healed":0,"gold_gain":0,"player_choice":"Fight","damage_taken":0,"max_hp_gain":0,"max_hp_loss":0,"event_name":"Colosseum","floor":31,"gold_loss":0},{"damage_healed":0,"gold_gain":0,"player_choice":"Fought Nobs","damage_taken":0,"max_hp_gain":0,"max_hp_loss":0,"event_name":"Colosseum","floor":31,"gold_loss":0},{"damage_healed":0,"gold_gain":0,"player_choice":"Fight","damage_taken":0,"max_hp_gain":0,"max_hp_loss":0,"event_name":"MindBloom","floor":36,"gold_loss":0},{"cards_removed":["Footwork"],"damage_healed":0,"gold_gain":0,"player_choice":"Removed Power","damage_taken":0,"max_hp_gain":0,"max_hp_loss":0,"event_name":"Falling","floor":39,"gold_loss":0}],"is_beta":false,"boss_relics":[{"not_picked":["Runic Dome","Astrolabe"],"picked":"WristBlade"},{"not_picked":["Sozu","HoveringKite"],"picked":"Cursed Key"}],"items_purged_floors":[22,38,46,53],"is_endless":false,"potions_floor_spawned":[5,8,11,13,16,19,24,27,28,31,31,33,36,44,48],"killed_by":"The Heart","ascension_level":3}}