{"host":"wn5psrz55l2vtftw","time":1611587247,"event":{"mods":["BaseMod","Colored Powertips","Good Game Mod","Minty Spire (QoL Compilation)","Relic Filter Mod","Spicy Shops","StSLib","UnlockEverythingMod"],"gold_per_floor":[115,115,115,130,143,143,169,119,119,119,119,44,62,337,337,432,432,443,455,57,57,75,90,17,17,44,44,60,60,74,74,74,178,178,194,211,227,1226,1241,1241,319,319,319,319,319,331,345,122,122,122,122,122,22,55,55],"floor_reached":56,"language":"ZHS","playtime":5015,"items_purged":["Wild Strike","Normality","Pommel Strike","Normality","Decay"],"score":1222,"play_id":"02429c3b-08b4-4522-bbbf-312d78bfe6d5","local_time":"20210125230727","daily_mods":["Draft"],"is_ascension_mode":false,"campfire_choices":[{"data":"True Grit","floor":6.0,"key":"SMITH"},{"data":"Rampage","floor":15.0,"key":"SMITH"},{"floor":25,"key":"RECALL"},{"data":"Juggernaut","floor":27,"key":"SMITH"},{"data":"Shrug It Off","floor":29,"key":"SMITH"},{"data":"Body Slam","floor":32,"key":"SMITH"},{"data":"Flame Barrier","floor":40,"key":"SMITH"},{"data":"Venomology","floor":42,"key":"SMITH"},{"data":"Shrug It Off","floor":44,"key":"SMITH"},{"data":"Iron Wave","floor":49,"key":"SMITH"},{"data":"Brutality","floor":52,"key":"SMITH"}],"circlet_count":0,"master_deck":["True Grit+1","Thunderclap+1","Iron Wave+1","Shrug It Off+1","Flame Barrier+1","Rage+1","Cleave+1","Metallicize","Shrug It Off+1","Rampage+1","Clothesline","Venomology+1","Bloodletting","Feed+1","Shrug It Off+1","Juggernaut+1","Uppercut+1","Warcry+1","Dropkick+1","Warcry+1","Body Slam+1","Battle Trance+1","Shrug It Off+1","Thinking Ahead+1","Brutality+1","Seeing Red+1","Body Slam+1"],"relics":["Burning Blood","REME:ComplimentaryCards","Ornamental Fan","Toxic Egg 2","Darkstone Periapt","Empty Cage","Bottled Tornado","Bag of Preparation","Nunchaku","MutagenicStrength","SlaversCollar","Whetstone","TungstenRod","PreservedInsect","Membership Card","Molten Egg 2","Smiling Mask","Happy Flower","Ancient Tea Set","Calipers","Pen Nib"],"acts_visited":["Exordium","TheCity","TheBeyond","TheEnding"],"potions_floor_usage":[22,23,33,33,35,39,46,47,50,50,50,50,54,55],"damage_taken":[{"damage":0.0,"enemies":"Jaw Worm","floor":1.0,"turns":4.0},{"damage":4.0,"enemies":"Small Slimes","floor":4.0,"turns":3.0},{"damage":2.0,"enemies":"2 Louse","floor":5.0,"turns":2.0},{"damage":6.0,"enemies":"Lagavulin","floor":7.0,"turns":10.0},{"damage":1.0,"enemies":"Lots of Slimes","floor":13.0,"turns":3.0},{"damage":42.0,"enemies":"Slime Boss","floor":16.0,"turns":14.0},{"damage":3.0,"enemies":"3 Byrds","floor":18.0,"turns":3.0},{"damage":8.0,"enemies":"Shell Parasite","floor":19.0,"turns":5.0},{"damage":9,"enemies":"Sentry and Sphere","floor":22,"turns":5},{"damage":9,"enemies":"Centurion and Healer","floor":23,"turns":9},{"damage":7,"enemies":"3 Cultists","floor":28,"turns":4},{"damage":25,"enemies":"Shelled Parasite and Fungi","floor":30,"turns":4},{"damage":46,"enemies":"Automaton","floor":33,"turns":8},{"damage":1,"enemies":"Orb Walker","floor":35,"turns":3},{"damage":48,"enemies":"3 Darklings","floor":36,"turns":6},{"damage":6,"enemies":"Writhing Mass","floor":37,"turns":4},{"damage":2,"enemies":"Spire Growth","floor":39,"turns":5},{"damage":21,"enemies":"Jaw Worm Horde","floor":46,"turns":8},{"damage":14,"enemies":"Sphere and 2 Shapes","floor":47,"turns":6},{"damage":77,"enemies":"Donu and Deca","floor":50,"turns":10},{"damage":3,"enemies":"Shield and Spear","floor":54,"turns":3},{"damage":35,"enemies":"The Heart","floor":55,"turns":8}],"seed_played":"1571703337676707654","potions_obtained":[{"floor":7.0,"key":"Fire Potion"},{"floor":16.0,"key":"LiquidMemories"},{"floor":22,"key":"LiquidBronze"},{"floor":23,"key":"EssenceOfSteel"},{"floor":33,"key":"Strength Potion"},{"floor":46,"key":"SpeedPotion"}],"is_trial":true,"path_per_floor":["M","?","?","M","M","R","E","?","T","?","?","$","M","?","R","B",null,"M","M","$","?","M","M","$","R","T","R","M","R","M","?","R","B",null,"M","M","M","?","M","R","$","R","T","R","?","M","M","$","R","B",null,"R","$","E","B",null],"character_chosen":"IRONCLAD","items_purchased":["Bottled Tornado","Bag of Preparation","Nunchaku","Whetstone","TungstenRod","PreservedInsect","Membership Card","Molten Egg 2","Thinking Ahead+1","Happy Flower","Seeing Red+1","Ancient Tea Set","Calipers"],"campfire_rested":0,"item_purchase_floors":[20,20,24,41,41,41,41,41,41,48,48,48,53],"current_hp_per_floor":[80,80,80,80,80,80,80,80,80,64,57,57,66,72,72,40,94,94,96,96,102,103,104,104,104,104,104,107,107,88,88,88,48,116,116,74,74,86,94,94,94,94,94,94,94,83,79,79,79,8,140,140,140,140,111],"gold":55,"neow_bonus":"","is_daily":false,"chose_seed":false,"campfire_upgraded":10,"win_rate":0.0,"timestamp":1611587247,"path_taken":["M","?","?","M","M","R","E","?","T","?","?","?","?","?","R","BOSS","M","?","$","?","?","M","$","R","T","R","M","R","M","?","R","BOSS","M","M","M","?","M","R","$","R","T","R","?","M","?","$","R","BOSS","R","$","E","BOSS"],"items_purchased_type":["Relic","Relic","Relic","Relic","Relic","Relic","Relic","Relic","Card","Relic","Card","Relic","Relic"],"build_version":"2020-12-22","purchased_purges":5,"victory":true,"max_hp_per_floor":[80,80,80,80,80,80,80,80,80,80,80,80,84,90,90,94,94,94,98,98,104,108,112,112,112,112,112,116,116,116,116,116,116,116,116,116,116,128,132,132,132,132,132,132,132,136,140,140,140,140,140,140,140,140,140],"card_choices":[{"not_picked":["Perfected Strike","Wild Strike"],"picked":"Twin Strike","floor":0.0},{"not_picked":["Carnage","Anger"],"picked":"True Grit","floor":0.0},{"not_picked":["Havoc","Searing Blow"],"picked":"Thunderclap","floor":0.0},{"not_picked":["Thunderclap","Warcry"],"picked":"Pommel Strike","floor":0.0},{"not_picked":["Evolve","Seeing Red"],"picked":"Iron Wave","floor":0.0},{"not_picked":["Headbutt","Shockwave"],"picked":"Shrug It Off","floor":0.0},{"not_picked":["Pommel Strike","Flex"],"picked":"Flame Barrier","floor":0.0},{"not_picked":["Shrug It Off","Thunderclap"],"picked":"Rage","floor":0.0},{"not_picked":["Warcry","Power Through"],"picked":"True Grit","floor":0.0},{"not_picked":["Iron Wave","Twin Strike"],"picked":"Cleave","floor":0.0},{"not_picked":["Havoc","Rage"],"picked":"Wild Strike","floor":0.0},{"not_picked":["Armaments","Iron Wave"],"picked":"Metallicize","floor":0.0},{"not_picked":["Armaments","Searing Blow"],"picked":"Shrug It Off","floor":0.0},{"not_picked":["Twin Strike","Pommel Strike"],"picked":"Rampage","floor":0.0},{"not_picked":["Sentinel","Headbutt"],"picked":"Clothesline","floor":0.0},{"not_picked":["Metallicize","Hemokinesis"],"picked":"Bloodletting","floor":1.0},{"not_picked":["Wild Strike","Sword Boomerang","Entrench"],"picked":"SKIP","floor":4.0},{"not_picked":["Twin Strike","Blood for Blood","Perfected Strike"],"picked":"SKIP","floor":5.0},{"not_picked":["Pommel Strike","Twin Strike"],"picked":"Feed","floor":7.0},{"not_picked":["Pummel","Bloodletting+1"],"picked":"Shrug It Off+1","floor":13.0},{"not_picked":["Limit Break+1","Berserk"],"picked":"Juggernaut","floor":16.0},{"not_picked":["Sentinel+1","Clash"],"picked":"Uppercut+1","floor":18.0},{"not_picked":["Inflame","Flex+1"],"picked":"Warcry+1","floor":19.0},{"not_picked":["Inflame","Perfected Strike"],"picked":"Dropkick+1","floor":22},{"not_picked":["Fiend Fire","Clash","Cleave"],"picked":"SKIP","floor":23},{"not_picked":["Metallicize","Iron Wave"],"picked":"Warcry+1","floor":28},{"not_picked":["Infernal Blade+1","Dual Wield+1"],"picked":"Body Slam","floor":30},{"not_picked":["True Grit+1","Uppercut+1","Heavy Blade+1"],"picked":"SKIP","floor":35},{"not_picked":["Rampage","Bloodletting+1"],"picked":"Battle Trance+1","floor":36},{"not_picked":["Rampage+1","Dual Wield+1"],"picked":"Shrug It Off+1","floor":37},{"not_picked":["True Grit+1","Clash+1","Demon Form"],"picked":"SKIP","floor":39},{"not_picked":["Havoc+1","Clothesline+1","Reckless Charge+1"],"picked":"SKIP","floor":46},{"not_picked":["Perfected Strike+1","Headbutt+1","Whirlwind+1"],"picked":"SKIP","floor":47},{"not_picked":["Searing Blow+1","Bloodletting+1"],"picked":"Body Slam+1","floor":54}],"player_experience":54927,"relics_obtained":[{"floor":7.0,"key":"Toxic Egg 2"},{"floor":9.0,"key":"Darkstone Periapt"},{"floor":43,"key":"Smiling Mask"},{"floor":54,"key":"Pen Nib"}],"event_choices":[{"damage_healed":0.0,"max_hp_gain":0.0,"max_hp_loss":0.0,"gold_gain":0.0,"event_name":"Big Fish","player_choice":"Box","floor":2.0,"gold_loss":0.0,"damage_taken":0.0,"relics_obtained":["Ornamental Fan"],"cards_obtained":["Regret"]},{"damage_healed":0.0,"max_hp_gain":0.0,"max_hp_loss":0.0,"gold_gain":0.0,"event_name":"Living Wall","player_choice":"Grow","floor":3.0,"gold_loss":0.0,"damage_taken":0.0,"cards_upgraded":["True Grit"]},{"cards_removed":["Regret"],"damage_healed":0.0,"max_hp_gain":0.0,"max_hp_loss":0.0,"gold_gain":0.0,"event_name":"The Cleric","player_choice":"Card Removal","floor":8.0,"gold_loss":50.0,"damage_taken":0.0},{"damage_healed":0.0,"max_hp_gain":0.0,"max_hp_loss":0.0,"gold_gain":0.0,"event_name":"Shining Light","player_choice":"Entered Light","floor":10.0,"gold_loss":0.0,"damage_taken":16.0,"cards_upgraded":["Rage","Feed"]},{"cards_removed":["True Grit"],"damage_healed":0.0,"max_hp_gain":0.0,"max_hp_loss":0.0,"gold_gain":0.0,"event_name":"Golden Wing","player_choice":"Card Removal","floor":11.0,"gold_loss":0.0,"damage_taken":7.0},{"damage_healed":0.0,"max_hp_gain":0.0,"max_hp_loss":0.0,"gold_gain":275.0,"event_name":"Golden Shrine","player_choice":"Desecrate","floor":14.0,"gold_loss":0.0,"damage_taken":0.0,"cards_obtained":["Regret"]},{"damage_healed":0.0,"max_hp_gain":0.0,"max_hp_loss":0.0,"gold_gain":0.0,"event_name":"Wheel of Change","player_choice":"Cursed","floor":21.0,"gold_loss":0.0,"damage_taken":0.0,"cards_obtained":["Decay"]},{"damage_healed":0,"gold_gain":0,"player_choice":"Inject Mutagens","damage_taken":0,"relics_obtained":["MutagenicStrength"],"max_hp_gain":0,"max_hp_loss":0,"event_name":"Drug Dealer","floor":31,"gold_loss":0},{"damage_healed":0,"gold_gain":999,"player_choice":"Gold","damage_taken":0,"max_hp_gain":0,"max_hp_loss":0,"event_name":"MindBloom","floor":38,"gold_loss":0,"cards_obtained":["Normality","Normality"]},{"damage_healed":0,"gold_gain":0,"player_choice":"1 cards matched","damage_taken":0,"max_hp_gain":0,"max_hp_loss":0,"event_name":"Match and Keep!","floor":45,"gold_loss":0,"cards_obtained":["Brutality"]}],"is_beta":false,"boss_relics":[{"not_picked":["Cursed Key","Black Star"],"picked":"Empty Cage"},{"not_picked":["Snecko Eye","Black Blood"],"picked":"SlaversCollar"}],"items_purged_floors":[12,41,48,53,53],"is_endless":false,"potions_floor_spawned":[7,16,19,22,23,33,37,46],"ascension_level":0}}