{"host":"xp5rvh2jwe2ejyfm","time":1611585302,"event":{"mods":["BaseMod","Downfall","Duelist Mod","GifTheSpireLib","Gremlin Mod","Hermit","Hubris","Minty Spire (QoL Compilation)","Robot Space Explorer","StSLib","The Blackbeard","The Clintock","The Construct","The Cursed","The Disciple","The Forsaken","The Hierophant","The Necromancer","The Runesmith","The Servant 0.9.4"],"gold_per_floor":[114,133,148,5,18,18,18,37,63,98,117,117,128,147,147,248,248,237,256,62,62,12,12,12],"floor_reached":23,"language":"ENG","playtime":950,"items_purged":[],"score":195,"play_id":"74e34fd5-da1b-4cd5-a57f-5e84afab4b67","local_time":"20210125093502","is_ascension_mode":false,"campfire_choices":[{"floor":6,"key":"REST"},{"floor":15,"key":"REST"}],"circlet_count":0,"master_deck":["theForsaken:TheForsaken_Strike","theForsaken:TheForsaken_Strike","theForsaken:TheForsaken_Strike","theForsaken:TheForsaken_Strike","theForsaken:TheForsaken_Defend","theForsaken:TheForsaken_Defend","theForsaken:TheForsaken_Defend","theForsaken:TheForsaken_Defend","theForsaken:Smite","theForsaken:Penitence","downfall:Malfunctioning","theForsaken:TearsOfSunlight+1","theForsaken:Bolster","theForsaken:Eulogy","theForsaken:FuryStrikes","theForsaken:Riposte","theForsaken:PreciseStrike","theForsaken:SpreadingPlague","theForsaken:Thunderbolt","theForsaken:QuickAttack","theForsaken:Thunderbolt","theForsaken:Confusion","theForsaken:FuryStrikes","theForsaken:ShieldBash","theForsaken:RainingSunlight","theForsaken:PowerUp"],"relics":["theForsaken:JudgementScales","HandDrill","Boot","PreservedInsect","FaceOfCleric","hubris:VirtuousBlindfold","Toolbox"],"acts_visited":["Exordium","TheCity"],"potions_floor_usage":[8,10,10,16],"damage_taken":[{"damage":12,"enemies":"2 Louse","floor":1,"turns":3},{"damage":25,"enemies":"Jaw Worm","floor":2,"turns":5},{"damage":6,"enemies":"Cultist","floor":3,"turns":5},{"damage":17,"enemies":"Blue Slaver","floor":5,"turns":5},{"damage":8,"enemies":"Gremlin Gang","floor":8,"turns":5},{"damage":36,"enemies":"3 Sentries","floor":10,"turns":16},{"damage":15,"enemies":"Looter","floor":11,"turns":4},{"damage":16,"enemies":"Large Slime","floor":13,"turns":6},{"damage":9,"enemies":"Blue Slaver","floor":14,"turns":3},{"damage":37,"enemies":"The Guardian","floor":16,"turns":11},{"damage":35,"enemies":"2 Thieves","floor":18,"turns":4},{"damage":43,"enemies":"Chosen","floor":19,"turns":5},{"damage":31,"enemies":"Book of Stabbing","floor":23,"turns":3}],"seed_played":"-5288697256208590281","potions_obtained":[{"floor":2,"key":"DistilledChaos"},{"floor":5,"key":"Fire Potion"},{"floor":8,"key":"Weak Potion"},{"floor":10,"key":"DistilledChaos"},{"floor":11,"key":"Strength Potion"},{"floor":16,"key":"FairyPotion"},{"floor":18,"key":"SteroidPotion"}],"is_trial":false,"path_per_floor":["M","M","M","$","M","R","?","M","T","E","M","?","M","M","R","B",null,"M","M","$","?","$","E"],"character_chosen":"THE_FORSAKEN","items_purchased":["HandDrill","Toolbox","theForsaken:RainingSunlight","theForsaken:PowerUp"],"campfire_rested":2,"item_purchase_floors":[4,20,20,22],"current_hp_per_floor":[54,35,30,30,18,37,37,34,34,65,53,53,42,34,54,45,68,38,23,23,23,23,0,0],"gold":12,"neow_bonus":"THREE_RARE_CARDS","is_daily":false,"chose_seed":false,"campfire_upgraded":0,"win_rate":0.0,"timestamp":1611585302,"path_taken":["M","M","M","$","M","R","?","M","T","E","M","?","?","M","R","BOSS","M","M","$","?","$","E"],"items_purchased_type":["Relic","Relic","Card","Card"],"build_version":"2020-12-22","purchased_purges":0,"victory":false,"max_hp_per_floor":[65,65,65,65,65,65,65,65,65,65,65,65,66,67,67,68,68,69,70,70,70,70,70,70],"card_choices":[{"not_picked":["theForsaken:Confusion","theForsaken:SacrificeSoul"],"picked":"theForsaken:TearsOfSunlight","floor":0},{"not_picked":["theForsaken:CowardsBrand","theForsaken:SpinAttack"],"picked":"theForsaken:Bolster","floor":1},{"not_picked":["theForsaken:BlessedWeapon","theForsaken:Backlash"],"picked":"theForsaken:Eulogy","floor":2},{"not_picked":["theForsaken:WardingHymn","theForsaken:ScorchingSunlight"],"picked":"theForsaken:FuryStrikes","floor":3},{"not_picked":["theForsaken:BlessedWeapon","theForsaken:BlightOfFamine"],"picked":"theForsaken:Riposte","floor":5},{"not_picked":["theForsaken:DarkBargain","theForsaken:HorrifyingStrike"],"picked":"theForsaken:PreciseStrike","floor":8},{"not_picked":["theForsaken:Tranquility","theForsaken:LightRoll"],"picked":"theForsaken:SpreadingPlague","floor":10},{"not_picked":["theForsaken:BlightOfFamine","theForsaken:StoreUp"],"picked":"theForsaken:Thunderbolt","floor":11},{"not_picked":["theForsaken:FuryStrikes","theForsaken:Preservation"],"picked":"theForsaken:QuickAttack","floor":13},{"not_picked":["theForsaken:Riposte","theForsaken:Terrorize"],"picked":"theForsaken:Thunderbolt","floor":14},{"not_picked":["theForsaken:DarkRift","theForsaken:CorruptedForm"],"picked":"theForsaken:Confusion","floor":16},{"not_picked":["theForsaken:QuickAttack","theForsaken:HorrifyingStrike"],"picked":"theForsaken:FuryStrikes","floor":18},{"not_picked":["theForsaken:Parry","theForsaken:FatRoll"],"picked":"theForsaken:ShieldBash","floor":19}],"player_experience":328579,"relics_obtained":[{"floor":9,"key":"Boot"},{"floor":10,"key":"PreservedInsect"}],"event_choices":[{"damage_healed":0,"gold_gain":0,"player_choice":"Searched \u00270\u0027 times","damage_taken":0,"max_hp_gain":0,"max_hp_loss":0,"event_name":"Dead Adventurer","floor":7,"gold_loss":0},{"damage_healed":0,"gold_gain":0,"player_choice":"Trade","damage_taken":0,"relics_obtained":["FaceOfCleric"],"max_hp_gain":0,"max_hp_loss":0,"event_name":"FaceTrader","floor":12,"gold_loss":0},{"damage_healed":0,"gold_gain":0,"player_choice":"Forge","damage_taken":0,"max_hp_gain":0,"max_hp_loss":0,"event_name":"Accursed Blacksmith","floor":21,"gold_loss":0,"cards_upgraded":["theForsaken:TearsOfSunlight"]}],"is_beta":false,"boss_relics":[{"not_picked":["Fusion Hammer","Astrolabe"],"picked":"hubris:VirtuousBlindfold"}],"items_purged_floors":[],"is_endless":false,"potions_floor_spawned":[2,5,8,10,11,16,18],"killed_by":"Book of Stabbing","ascension_level":0}}