{"host":"00f1p9ihhzi7hxfk","time":1611572201,"event":{"mods":["AchievementEnabler","BaseMod","Colored Map","Colored Powertips","Minty Spire (QoL Compilation)","Rare Cards Sparkle","Relic Stats"],"gold_per_floor":[116,135,148,168,180,211,211,229,229,229,248,248,248,261,261,392,392,415,434,447,20,20,38,38,61,61,75,75,75,98,98,98],"floor_reached":31,"language":"DEU","playtime":1896,"items_purged":[],"score":245,"play_id":"541ce387-375c-4b1c-a123-ec34c0c2b1d0","local_time":"20210125115641","is_ascension_mode":false,"campfire_choices":[{"data":"Armaments","floor":7,"key":"SMITH"},{"data":"Uppercut","floor":10,"key":"SMITH"},{"data":"1","floor":15,"key":"LIFT"},{"data":"Enlightenment","floor":24,"key":"SMITH"},{"data":"Demon Form","floor":28,"key":"SMITH"}],"circlet_count":0,"master_deck":["Strike_R","Strike_R","Strike_R","Strike_R","Defend_R","Defend_R","Defend_R","Defend_R","Bash","Limit Break+1","Headbutt","Uppercut+1","Cleave","Armaments+1","Demon Form+1","Spot Weakness+1","Heavy Blade","Enlightenment+1","Shrug It Off","Shrug It Off+1"],"relics":["Burning Blood","Girya","Self Forming Clay","Golden Idol","Coffee Dripper","Toy Ornithopter","Nilry\u0027s Codex","Omamori"],"acts_visited":["Exordium","TheCity"],"potions_floor_usage":[6,6,8,11,23,25],"damage_taken":[{"damage":3.0,"enemies":"Small Slimes","floor":1.0,"turns":3.0},{"damage":2.0,"enemies":"2 Louse","floor":2.0,"turns":3.0},{"damage":4.0,"enemies":"Cultist","floor":3.0,"turns":3.0},{"damage":10.0,"enemies":"Gremlin Gang","floor":4.0,"turns":4.0},{"damage":16.0,"enemies":"2 Fungi Beasts","floor":5.0,"turns":3.0},{"damage":26,"enemies":"Lagavulin","floor":6,"turns":4},{"damage":12,"enemies":"3 Louse","floor":8,"turns":2},{"damage":4,"enemies":"Exordium Wildlife","floor":11,"turns":5},{"damage":7,"enemies":"Blue Slaver","floor":14,"turns":4},{"damage":34,"enemies":"Hexaghost","floor":16,"turns":8},{"damage":16,"enemies":"Shell Parasite","floor":18,"turns":5},{"damage":0,"enemies":"Chosen","floor":19,"turns":4},{"damage":5,"enemies":"Centurion and Healer","floor":20,"turns":6},{"damage":10,"enemies":"Snecko","floor":23,"turns":4},{"damage":29,"enemies":"3 Cultists","floor":25,"turns":5},{"damage":17,"enemies":"Centurion and Healer","floor":27,"turns":5},{"damage":14,"enemies":"Cultist and Chosen","floor":30,"turns":6},{"damage":28,"enemies":"3 Cultists","floor":31,"turns":4}],"seed_played":"5599978919380884504","potions_obtained":[{"floor":2.0,"key":"Strength Potion"},{"floor":4.0,"key":"FearPotion"},{"floor":5.0,"key":"GamblersBrew"},{"floor":8,"key":"SpeedPotion"},{"floor":18,"key":"ElixirPotion"},{"floor":25,"key":"LiquidBronze"}],"is_trial":false,"path_per_floor":["M","M","M","M","M","E","R","M","T","R","M","?","?","M","R","B",null,"M","M","M","$","?","M","R","M","T","M","R","?","M","M"],"character_chosen":"IRONCLAD","items_purchased":["Heavy Blade","Toy Ornithopter","Enlightenment","SteroidPotion","LiquidMemories","Shrug It Off"],"campfire_rested":0,"item_purchase_floors":[21,21,21,21,21,21],"current_hp_per_floor":[80,80,80,76,66,46,46,40,40,40,42,42,42,41,41,13,74,64,70,71,71,55,56,56,38,38,27,27,27,19,0,0],"gold":98,"neow_bonus":"ONE_RANDOM_RARE_CARD","is_daily":false,"chose_seed":false,"campfire_upgraded":4,"win_rate":0.0,"timestamp":1611572201,"path_taken":["M","M","M","M","M","E","R","M","T","R","M","?","?","M","R","BOSS","M","M","M","$","?","M","R","M","T","M","R","?","M","?"],"items_purchased_type":["Card","Relic","Card","Potion","Potion","Card"],"build_version":"2020-12-22","purchased_purges":0,"victory":false,"max_hp_per_floor":[80,80,80,80,80,80,80,80,80,80,80,74,74,74,74,74,74,74,74,74,74,74,74,74,74,74,74,74,74,74,74,74],"relic_stats":{"counters":[18,78],"Self Forming Clay":[93],"Golden Idol":58,"obtain_stats":[{"Girya":6,"Self Forming Clay":9,"Golden Idol":12,"Nilry\u0027s Codex":22,"Coffee Dripper":17,"Omamori":26,"Burning Blood":0,"Toy Ornithopter":21},{"Girya":6,"Self Forming Clay":7,"Golden Idol":8,"Nilry\u0027s Codex":13,"Coffee Dripper":10,"Omamori":15,"Burning Blood":0,"Toy Ornithopter":13},{"Girya":20,"Self Forming Clay":22,"Golden Idol":27,"Nilry\u0027s Codex":54,"Coffee Dripper":39,"Omamori":63,"Burning Blood":0,"Toy Ornithopter":54}],"Burning Blood":93,"Toy Ornithopter":10},"card_choices":[{"not_picked":["Twin Strike","Sentinel"],"picked":"Headbutt","floor":1.0},{"not_picked":["Power Through","Dual Wield"],"picked":"Uppercut","floor":2.0},{"not_picked":["Warcry","Iron Wave"],"picked":"Cleave","floor":3.0},{"not_picked":["Cleave","Reckless Charge","Dropkick"],"picked":"SKIP","floor":4.0},{"not_picked":["Body Slam","Cleave"],"picked":"Armaments","floor":5.0},{"not_picked":["Headbutt","Hemokinesis","Wild Strike"],"picked":"SKIP","floor":6},{"not_picked":["Hemokinesis","Disarm","Iron Wave"],"picked":"SKIP","floor":8},{"not_picked":["Reckless Charge","Rage","Hemokinesis"],"picked":"SKIP","floor":11},{"not_picked":["Anger","Impervious","Rage"],"picked":"SKIP","floor":14},{"not_picked":["Immolate","Offering"],"picked":"Demon Form","floor":16},{"not_picked":["Cleave","Body Slam","Wild Strike+1"],"picked":"SKIP","floor":18},{"not_picked":["Entrench","Power Through","Thunderclap+1"],"picked":"SKIP","floor":19},{"not_picked":["Warcry","Dual Wield"],"picked":"Spot Weakness+1","floor":20},{"not_picked":["Bloodletting","Anger","Dual Wield"],"picked":"SKIP","floor":23},{"not_picked":["Perfected Strike","Second Wind+1","Dual Wield+1"],"picked":"SKIP","floor":25},{"not_picked":["Ghostly Armor","Dark Embrace","Entrench"],"picked":"SKIP","floor":27},{"not_picked":["Disarm","Pommel Strike"],"picked":"Shrug It Off+1","floor":30}],"player_experience":79053,"relics_obtained":[{"floor":6,"key":"Girya"},{"floor":9,"key":"Self Forming Clay"},{"floor":22,"key":"Nilry\u0027s Codex"},{"floor":26,"key":"Omamori"}],"event_choices":[{"damage_healed":0,"gold_gain":0,"player_choice":"Lose Max HP","damage_taken":0,"relics_obtained":["Golden Idol"],"max_hp_gain":0,"max_hp_loss":6,"event_name":"Golden Idol","floor":12,"gold_loss":0},{"damage_healed":0,"gold_gain":0,"player_choice":"Grow","damage_taken":0,"max_hp_gain":0,"max_hp_loss":0,"event_name":"Living Wall","floor":13,"gold_loss":0,"cards_upgraded":["Limit Break"]},{"damage_healed":0,"gold_gain":0,"player_choice":"Obtained Book","damage_taken":16,"max_hp_gain":0,"max_hp_loss":0,"event_name":"Cursed Tome","floor":22,"gold_loss":0},{"cards_removed":["Strike_R"],"damage_healed":0,"gold_gain":0,"player_choice":"Offered Basic","damage_taken":0,"max_hp_gain":0,"max_hp_loss":0,"event_name":"Bonfire Elementals","floor":29,"gold_loss":0}],"is_beta":false,"boss_relics":[{"not_picked":["SlaversCollar","Runic Pyramid"],"picked":"Coffee Dripper"}],"items_purged_floors":[],"is_endless":false,"potions_floor_spawned":[2,4,5,8,18,25],"killed_by":"3 Cultists","ascension_level":0}}