{"host":"0wzx847a4uibrodg","time":1611532870,"event":{"mods":["ATMod(°¢èªMod)","Act Like it!","Aspiration","BaseMod","Gensokyo","KomeijiMod","Minty Spire (QoL Compilation)","Quick Restart","Replay The Spire","Spicy Shops","StSLib","The Cursed","UnlockEverythingMod","¡¾ÒÅÎï¿¨ÅÆ¡¿REMEMod"],"gold_per_floor":[119,119,134,144,155,189,189,207,230,240,253,253,253,270,270,270,270],"floor_reached":16,"language":"ZHS","playtime":823,"items_purged":[],"score":130,"play_id":"bd32715f-6079-4fd2-b785-3050cdf22e91","local_time":"20210125080110","is_ascension_mode":true,"campfire_choices":[{"data":"AT_FamilyPortrait","floor":7.0,"key":"SMITH"},{"data":"Eruption","floor":12,"key":"SMITH"},{"floor":15,"key":"REST"}],"circlet_count":0,"master_deck":["Strike_P","Strike_P","Strike_P","Strike_P","Defend_P","Defend_P","Defend_P","Defend_P","Eruption+1","Vigilance","AT_FamilyPortrait+1","Seek","CarveReality","REME_MusicOfDeath","EmptyMind","Indignation","REME_MusicOfDeath","ClearTheMind","FlurryOfBlows","EmptyFist","MentalFortress+1","FlurryOfBlows"],"relics":["PureWater","AT_ATBox","REME_ComplimentaryCards","NeowsBlessing","aspiration:FrozenJewel","MealTicket"],"acts_visited":["Gensokyo:Gensokyo"],"potions_floor_usage":[16,16],"damage_taken":[{"damage":0.0,"enemies":"Gensokyo:2_Kodama","floor":1.0,"turns":1.0},{"damage":0.0,"enemies":"Gensokyo:3_Fairies","floor":3.0,"turns":2.0},{"damage":0.0,"enemies":"Gensokyo:Python","floor":4.0,"turns":1.0},{"damage":25.0,"enemies":"Gensokyo:3_Kodama","floor":5.0,"turns":4.0},{"damage":5.0,"enemies":"Gensokyo:Cirno","floor":6.0,"turns":8.0},{"damage":2,"enemies":"Gensokyo:5_Fairies","floor":8,"turns":6},{"damage":0,"enemies":"Gensokyo:LivingMonolith","floor":10,"turns":3},{"damage":10,"enemies":"Gensokyo:3_Kodama","floor":11,"turns":4},{"damage":1,"enemies":"Gensokyo:VengefulSpirit","floor":14,"turns":4},{"damage":62,"enemies":"Gensokyo:Reimu","floor":16,"turns":2}],"seed_played":"1603711566864997410","potions_obtained":[{"floor":5.0,"key":"PowerPotion"},{"floor":10,"key":"PowerPotion"},{"floor":11,"key":"Toxic Potion"}],"is_trial":false,"path_per_floor":["M","?","M","M","M","E","R","M","T","M","M","R","?","M","R","B"],"character_chosen":"WATCHER","items_purchased":[],"campfire_rested":1,"item_purchase_floors":[],"current_hp_per_floor":[72,72,72,72,50,45,45,43,43,43,33,33,33,32,54,0,0],"gold":270,"neow_bonus":"THREE_ENEMY_KILL","is_daily":false,"chose_seed":false,"campfire_upgraded":2,"win_rate":0.0,"timestamp":1611532870,"path_taken":["M","?","M","M","M","E","R","M","T","M","M","R","?","M","R","BOSS"],"items_purchased_type":[],"build_version":"2020-12-22","purchased_purges":0,"victory":false,"max_hp_per_floor":[72,72,72,72,75,75,75,75,75,75,75,75,75,75,75,75,75],"card_choices":[{"not_picked":["Consecrate","PathToVictory"],"picked":"CarveReality","floor":1.0},{"not_picked":["Nirvana","WreathOfFlame"],"picked":"REME_MusicOfDeath","floor":3.0},{"not_picked":["WreathOfFlame","Crescendo"],"picked":"EmptyMind","floor":4.0},{"not_picked":["Replay:DivineShield","Evaluate"],"picked":"Indignation","floor":5.0},{"not_picked":["WindmillStrike","EmptyFist"],"picked":"REME_MusicOfDeath","floor":6.0},{"not_picked":["PathToVictory","EmptyMind"],"picked":"ClearTheMind","floor":8},{"not_picked":["WaveOfTheHand","Evaluate"],"picked":"FlurryOfBlows","floor":10},{"not_picked":["Replay:AtTheReady","JustLucky"],"picked":"EmptyFist","floor":11},{"not_picked":["Protect","Consecrate"],"picked":"FlurryOfBlows","floor":14}],"player_experience":76392,"relics_obtained":[{"floor":6.0,"key":"aspiration:FrozenJewel"},{"floor":9,"key":"MealTicket"}],"event_choices":[],"is_beta":false,"boss_relics":[],"items_purged_floors":[],"is_endless":false,"potions_floor_spawned":[5,10,11],"killed_by":"Gensokyo:Reimu","ascension_level":5}}