{"host":"dvpvhz1t6etneyb3","time":1611600780,"event":{"mods":["AchievementEnabler","BaseMod","Colored Map","Highlight Path","Minty Spire (QoL Compilation)","Permanent Neow","Quick Restart"],"gold_per_floor":[118,132,57,71,81,115,126,126,126,126,153,153,153,153],"floor_reached":13,"language":"ENG","playtime":534,"items_purged":[],"score":190,"play_id":"e0f4f969-fc03-4ffb-aa08-f7eff1976d58","local_time":"20210125135300","is_ascension_mode":true,"campfire_choices":[{"floor":10.0,"key":"REST"}],"circlet_count":0,"master_deck":["AscendersBane","Strike_G","Strike_G","Strike_G","Strike_G","Defend_G","Defend_G","Defend_G","Defend_G","Defend_G","Survivor","Neutralize","Predator","Bouncing Flask","Malaise","Footwork","Dash"],"relics":["Ring of the Snake","Toy Ornithopter","Question Card","Pantograph"],"acts_visited":["Exordium"],"potions_floor_usage":[13,13],"damage_taken":[{"damage":6.0,"enemies":"Cultist","floor":1.0,"turns":6.0},{"damage":1.0,"enemies":"Small Slimes","floor":2.0,"turns":4.0},{"damage":0.0,"enemies":"2 Louse","floor":4.0,"turns":2.0},{"damage":12.0,"enemies":"Exordium Wildlife","floor":5.0,"turns":5.0},{"damage":35.0,"enemies":"3 Sentries","floor":6.0,"turns":14.0},{"damage":0.0,"enemies":"2 Fungi Beasts","floor":7.0,"turns":6.0},{"damage":14.0,"enemies":"Lagavulin","floor":11.0,"turns":9.0},{"damage":21,"enemies":"Gremlin Nob","floor":13,"turns":4}],"seed_played":"3569350207572045029","potions_obtained":[{"floor":0.0,"key":"LiquidMemories"},{"floor":0.0,"key":"LiquidMemories"},{"floor":0.0,"key":"Ancient Potion"},{"floor":5.0,"key":"EssenceOfSteel"},{"floor":11.0,"key":"PowerPotion"}],"is_trial":false,"path_per_floor":["M","M","?","M","M","E","M","?","T","R","E","?","E"],"character_chosen":"THE_SILENT","items_purchased":[],"campfire_rested":1,"item_purchase_floors":[],"current_hp_per_floor":[53,52,52,52,40,5,5,5,5,24,10,10,0,0],"gold":153,"neow_bonus":"THREE_SMALL_POTIONS","is_daily":false,"chose_seed":false,"campfire_upgraded":0,"win_rate":0.0,"timestamp":1611600780,"path_taken":["M","?","?","M","M","E","M","?","T","R","E","?","E"],"items_purchased_type":[],"build_version":"2020-12-22","purchased_purges":0,"victory":false,"max_hp_per_floor":[66,66,66,66,66,66,66,66,66,66,66,66,66,66],"card_choices":[{"not_picked":["Cloak And Dagger","PiercingWail","Acrobatics"],"picked":"SKIP","floor":1.0},{"not_picked":["Dagger Throw","Terror"],"picked":"Predator","floor":2.0},{"not_picked":["Setup","Bane"],"picked":"Bouncing Flask","floor":4.0},{"not_picked":["Slice","Deflect"],"picked":"Malaise","floor":5.0},{"not_picked":["Setup","PiercingWail"],"picked":"Footwork","floor":6.0},{"not_picked":["All Out Attack","Bane"],"picked":"Dash","floor":7.0},{"not_picked":["Setup","Heel Hook","Flying Knee","Skewer"],"picked":"SKIP","floor":11.0}],"player_experience":2069122,"relics_obtained":[{"floor":6.0,"key":"Toy Ornithopter"},{"floor":9.0,"key":"Question Card"},{"floor":11.0,"key":"Pantograph"}],"event_choices":[{"cards_removed":["Strike_G"],"damage_healed":0.0,"max_hp_gain":0.0,"max_hp_loss":0.0,"gold_gain":0.0,"event_name":"The Cleric","player_choice":"Card Removal","floor":3.0,"gold_loss":75.0,"damage_taken":0.0},{"damage_healed":0.0,"max_hp_gain":0.0,"max_hp_loss":0.0,"gold_gain":0.0,"event_name":"Shining Light","player_choice":"Ignored","floor":8.0,"gold_loss":0.0,"damage_taken":0.0},{"damage_healed":0.0,"max_hp_gain":0.0,"max_hp_loss":0.0,"gold_gain":0.0,"event_name":"Scrap Ooze","player_choice":"Fled","floor":12.0,"gold_loss":0.0,"damage_taken":0.0}],"is_beta":false,"boss_relics":[],"items_purged_floors":[],"is_endless":false,"potions_floor_spawned":[4,5,11],"killed_by":"Gremlin Nob","ascension_level":20}}