{"host":"pletss163z7s8pvv","time":1611615136,"event":{"mods":["AchievementEnabler","BaseMod","Better Altar","Better Match","Better Note","Better Sensory Stone","Better Skull","Better Third Choice","BetterRewards","CapriCore","ChefMod","Colored Map","Colored Powertips","Conspire","Energized Spire","Evolution","GifTheSpireLib","Hermit","Ironclad Rager","Marked Mod","Minty Spire (QoL Compilation)","Retaliation","Spicy Shops","StS++","StSLib","The Blue Laboratory","The Cursed","The Disciple","The Forsaken"],"gold_per_floor":[368,368,386,186,186,186,235,260,260,278,333,44,74,90,90,214,214,229,296,296,44,98,98,129,129,209,241,90,104,138,46,46,69,69],"floor_reached":33,"language":"ENG","playtime":1203,"items_purged":["Injury","Doubt"],"score":411,"play_id":"ce6e335d-f70f-4390-89ea-a98fe2bd16eb","local_time":"20210125165216","is_ascension_mode":false,"campfire_choices":[{"floor":6,"key":"REST"},{"floor":15,"key":"REST"},{"floor":23,"key":"RECALL"},{"floor":25,"key":"REST"},{"floor":32,"key":"REST"}],"circlet_count":0,"master_deck":["CrushJoints","CrushJoints","CrushJoints","CrushJoints","ThirdEye","ThirdEye","ThirdEye","ThirdEye","Eruption","Vigilance","DeceiveReality","Apotheosis+1","EmptyFist","conspire:SpireCoStock","conspire:SpireCoStock","conspire:SpireCoStock","conspire:SpireCoStock","Transmutation","Prostrate","Prostrate","Conclude","PathToVictory","CutThroughFate","WaveOfTheHand","StSpp:LatentStrike","WaveOfTheHand","StSpp:LatentStrike","Prostrate","StSpp:Faith","Judgement","StSpp:Renounce+1","CrushJoints","MarkedMod:FirstStrike+1","Devotion","FollowUp","JustLucky","MarkedMod:OneThousandNeedles","DeceiveReality","Weave","SashWhip","SashWhip","DeceiveReality","MarkedMod:Acupuncture","CutThroughFate","MarkedMod:OneThousandNeedles","Tantrum+1","EmptyBody","MentalFortress","FearNoEvil","FlurryOfBlows","ReachHeaven"],"relics":["PureWater","EVO:Axolotl","StSpp:BoiledEgg","Shovel","Art of War","Orrery","Oddly Smooth Stone","energizedSpire:StickyHand","Lee\u0027s Waffle","Shuriken"],"acts_visited":["Exordium","TheCity"],"potions_floor_usage":[11,16,16,33,33,33],"damage_taken":[{"damage":0,"enemies":"Jaw Worm","floor":1,"turns":2},{"damage":0,"enemies":"2 Louse","floor":3,"turns":2},{"damage":28,"enemies":"Gremlin Nob","floor":7,"turns":4},{"damage":0,"enemies":"Cultist","floor":8,"turns":3},{"damage":0,"enemies":"Exordium Thugs","floor":10,"turns":3},{"damage":0,"enemies":"3 Sentries","floor":11,"turns":10},{"damage":5,"enemies":"Lots of Slimes","floor":13,"turns":3},{"damage":4,"enemies":"Gremlin Gang","floor":14,"turns":3},{"damage":17,"enemies":"The Guardian","floor":16,"turns":8},{"damage":20,"enemies":"Spheric Guardian","floor":18,"turns":4},{"damage":5,"enemies":"3 Byrds","floor":19,"turns":4},{"damage":18,"enemies":"Shelled Parasite and Fungi","floor":22,"turns":9},{"damage":16,"enemies":"Snake Plant","floor":24,"turns":4},{"damage":5,"enemies":"Chosen and Byrds","floor":27,"turns":4},{"damage":4,"enemies":"Snecko","floor":29,"turns":5},{"damage":4,"enemies":"Centurion and Healer","floor":30,"turns":4},{"damage":98,"enemies":"Champ","floor":33,"turns":8}],"seed_played":"2240273497954665451","potions_obtained":[{"floor":1,"key":"blueLaboratory:FrostheartPotion"},{"floor":8,"key":"blueLaboratory:PressurePotion"},{"floor":10,"key":"blueLaboratory:SavagePotion"},{"floor":13,"key":"Regen Potion"},{"floor":16,"key":"blueLaboratory:FrostheartPotion"},{"floor":19,"key":"blueLaboratory:AlphaPotion"},{"floor":24,"key":"DDmod:CleansePotion"}],"is_trial":false,"path_per_floor":["M","?","M","?","?","R","E","M","T","M","E","$","M","M","R","B",null,"M","M","?","$","M","R","M","R","T","M","$","M","M","$","R","B"],"character_chosen":"WATCHER","items_purchased":["Orrery","Oddly Smooth Stone","Lee\u0027s Waffle","Shuriken","CutThroughFate","blueLaboratory:FaithlessPotion","ReachHeaven"],"campfire_rested":4,"item_purchase_floors":[12,12,21,21,28,31,31],"current_hp_per_floor":[51,51,51,51,51,72,44,44,44,44,44,44,39,35,56,54,72,52,47,47,79,61,61,45,68,68,63,63,59,55,55,78,0,0],"gold":69,"neow_bonus":"TWO_FIFTY_GOLD","is_daily":false,"chose_seed":false,"campfire_upgraded":0,"win_rate":0.0,"timestamp":1611615136,"path_taken":["M","?","M","?","?","R","E","M","T","?","E","$","M","M","R","BOSS","M","M","?","$","M","R","M","R","T","M","?","M","M","$","R","BOSS"],"items_purchased_type":["Relic","Relic","Relic","Relic","Card","Potion","Card"],"build_version":"2020-12-22","purchased_purges":2,"victory":false,"max_hp_per_floor":[72,72,72,72,72,72,72,72,72,72,72,72,72,72,72,72,72,72,72,72,79,79,79,79,79,79,79,79,79,79,79,79,79,79],"card_choices":[{"not_picked":["ThirdEye","CrushJoints"],"picked":"DeceiveReality","floor":1},{"not_picked":["Crescendo","FlyingSleeves"],"picked":"EmptyFist","floor":3},{"not_picked":["Mind Blast","Secret Weapon"],"picked":"Transmutation","floor":5},{"not_picked":["Indignation","Perseverance"],"picked":"Prostrate","floor":7},{"not_picked":["EmptyFist","FlurryOfBlows"],"picked":"Prostrate","floor":8},{"not_picked":["MarkedMod:GentlePulse","ThirdEye"],"picked":"Conclude","floor":10},{"not_picked":["MarkedMod:GentlePulse","Tantrum"],"picked":"PathToVictory","floor":11},{"not_picked":["SpiritShield","CrushJoints"],"picked":"CutThroughFate","floor":12},{"not_picked":["Halt","BattleHymn"],"picked":"WaveOfTheHand","floor":12},{"not_picked":["WindmillStrike","DeceiveReality"],"picked":"StSpp:LatentStrike","floor":12},{"not_picked":["EmptyBody","Halt"],"picked":"WaveOfTheHand","floor":12},{"not_picked":["Evaluate","Crescendo"],"picked":"StSpp:LatentStrike","floor":12},{"not_picked":["StSpp:LatentStrike","EmptyFist"],"picked":"Prostrate","floor":13},{"not_picked":["ForeignInfluence","CutThroughFate"],"picked":"StSpp:Faith","floor":14},{"not_picked":["StSpp:VitalPoint","Ragnarok"],"picked":"Judgement","floor":16},{"not_picked":["StSpp:Chanting","WindmillStrike+1","SashWhip"],"picked":"SKIP","floor":18},{"not_picked":["StSpp:Renounce+1","CrushJoints"],"picked":"MarkedMod:FirstStrike+1","floor":19},{"not_picked":["FollowUp","JustLucky"],"picked":"MarkedMod:OneThousandNeedles","floor":22},{"not_picked":["DeceiveReality","SashWhip"],"picked":"Weave","floor":24},{"not_picked":["SashWhip","MarkedMod:Acupuncture"],"picked":"DeceiveReality","floor":27},{"not_picked":["Tantrum+1","EmptyBody"],"picked":"MarkedMod:OneThousandNeedles","floor":29},{"not_picked":["MentalFortress","FearNoEvil"],"picked":"FlurryOfBlows","floor":30}],"player_experience":452157,"relics_obtained":[{"floor":7,"key":"StSpp:BoiledEgg"},{"floor":9,"key":"Shovel"},{"floor":11,"key":"Art of War"}],"event_choices":[{"damage_healed":51,"gold_gain":0,"player_choice":"Embrace","damage_taken":0,"max_hp_gain":0,"max_hp_loss":72,"event_name":"betterThird:BetterShining","floor":2,"gold_loss":0},{"damage_healed":0,"gold_gain":0,"player_choice":"Invest 4","damage_taken":0,"max_hp_gain":0,"max_hp_loss":0,"event_name":"conspire:Investor","floor":4,"gold_loss":0},{"damage_healed":0,"gold_gain":1,"player_choice":"1","damage_taken":0,"max_hp_gain":0,"max_hp_loss":0,"event_name":"betterStone:BetterStone","floor":5,"gold_loss":0},{"cards_removed":["Apotheosis"],"damage_healed":0,"gold_gain":0,"player_choice":"Take \u0026 Give","damage_taken":0,"max_hp_gain":0,"max_hp_loss":0,"event_name":"betterNote:BetterNote","floor":20,"gold_loss":0,"cards_obtained":["Devotion"]}],"is_beta":false,"boss_relics":[{"not_picked":["energizedSpire:RedRose","Cursed Key"],"picked":"energizedSpire:StickyHand"}],"items_purged_floors":[12,28],"is_endless":false,"potions_floor_spawned":[1,8,10,13,16,19,24],"killed_by":"Champ","ascension_level":0}}