{"host":"tq99ucv8ezzqzioe","time":1611593308,"event":{"mods":["BaseMod","Colored Map","Downfall","Highlight Path","Minty Spire (QoL Compilation)","StSLib"],"gold_per_floor":[112,62,73,73,83,83,93,21,21,21,35,35,63,75,75,178,178,192,192,291,291,206,206,218,23,50,75,75,75],"floor_reached":28,"language":"ENG","playtime":1049,"items_purged":["Strike_B"],"score":411,"play_id":"e4200539-ce09-4c49-b124-223a9d034276","local_time":"20210125114828","is_ascension_mode":true,"campfire_choices":[{"data":"Zap","floor":6,"key":"SMITH"},{"floor":15,"key":"REST"},{"floor":23,"key":"RECALL"}],"circlet_count":0,"master_deck":["Strike_B","Strike_B","Defend_B","Defend_B","Defend_B","Defend_B","Zap+1","Dualcast","Sunder","Capacitor","Defragment","Machine Learning","Leap","Ball Lightning","Leap","Electrodynamics","Loop","Thunder Strike"],"relics":["Cracked Core","Shuriken","Singing Bowl","Fusion Hammer","Smiling Mask","Runic Capacitor","Happy Flower","White Beast Statue"],"acts_visited":["Exordium","TheCity"],"potions_floor_usage":[7,11,13,13,16,28],"damage_taken":[{"damage":9,"enemies":"Jaw Worm","floor":1,"turns":3},{"damage":0,"enemies":"Cultist","floor":3,"turns":2},{"damage":0,"enemies":"2 Louse","floor":5,"turns":2},{"damage":14,"enemies":"Large Slime","floor":7,"turns":6},{"damage":7,"enemies":"3 Louse","floor":11,"turns":3},{"damage":28,"enemies":"3 Sentries","floor":13,"turns":7},{"damage":11,"enemies":"Looter","floor":14,"turns":3},{"damage":0,"enemies":"Slime Boss","floor":16,"turns":5},{"damage":2,"enemies":"Spheric Guardian","floor":18,"turns":3},{"damage":19,"enemies":"2 Thieves","floor":24,"turns":3},{"damage":25,"enemies":"Gremlin Leader","floor":27,"turns":6},{"damage":13,"enemies":"Cultist and Chosen","floor":28,"turns":5}],"seed_played":"-1863772069528014918","potions_obtained":[{"floor":1,"key":"champ:CounterPotion"},{"floor":3,"key":"SkillPotion"},{"floor":4,"key":"Energy Potion"},{"floor":11,"key":"sneckomod:MuddlingPotion"},{"floor":13,"key":"FocusPotion"},{"floor":24,"key":"Dexterity Potion"},{"floor":27,"key":"Block Potion"}],"is_trial":false,"path_per_floor":["M","?","M","?","M","R","M","$","T","?","M","?","E","M","R","B",null,"M","?","?","?","?","R","M","$","T","E","M"],"character_chosen":"DEFECT","items_purchased":["Leap","Ball Lightning","Runic Capacitor"],"campfire_rested":1,"item_purchase_floors":[8,8,25],"current_hp_per_floor":[66,66,66,66,66,66,52,52,52,49,42,42,14,3,27,27,68,68,52,52,52,52,52,35,35,35,12,0,0],"gold":75,"neow_bonus":"TEN_PERCENT_HP_BONUS","is_daily":false,"chose_seed":false,"campfire_upgraded":1,"win_rate":0.0,"timestamp":1611593308,"path_taken":["M","?","M","?","M","R","?","?","T","?","M","?","E","M","R","BOSS","M","?","?","?","?","R","M","$","T","E","M"],"items_purchased_type":["Card","Card","Relic"],"build_version":"2020-12-22","purchased_purges":1,"victory":false,"max_hp_per_floor":[82,82,82,82,82,82,82,82,82,82,82,82,82,82,82,82,82,84,89,89,89,89,89,91,91,91,93,93,93],"card_choices":[{"not_picked":["Turbo","Hologram"],"picked":"Sunder","floor":1},{"not_picked":["Sunder","Undo"],"picked":"Capacitor","floor":3},{"not_picked":["FTL","Static Discharge"],"picked":"Defragment","floor":5},{"not_picked":["Stack","Beam Cell"],"picked":"Machine Learning","floor":7},{"not_picked":["Sweeping Beam","Go for the Eyes"],"picked":"Leap","floor":11},{"not_picked":["Rebound","Compile Driver"],"picked":"Electrodynamics","floor":13},{"not_picked":["Reprogram","Double Energy"],"picked":"Loop","floor":14},{"not_picked":["Biased Cognition","Machine Learning"],"picked":"Thunder Strike","floor":16},{"not_picked":["Coolheaded","Stack","Blizzard"],"picked":"Singing Bowl","floor":18},{"not_picked":["Scrape","Stack","Beam Cell"],"picked":"Singing Bowl","floor":24},{"not_picked":["Gash","Aggregate","Steam+1"],"picked":"Singing Bowl","floor":27}],"player_experience":741228,"relics_obtained":[{"floor":13,"key":"Singing Bowl"},{"floor":26,"key":"Happy Flower"},{"floor":27,"key":"White Beast Statue"}],"event_choices":[{"cards_removed":["Strike_B"],"damage_healed":0,"gold_gain":0,"player_choice":"Card Removal","damage_taken":0,"max_hp_gain":0,"max_hp_loss":0,"event_name":"The Cleric","floor":2,"gold_loss":50},{"damage_healed":0,"gold_gain":0,"player_choice":"Got Potions","damage_taken":0,"max_hp_gain":0,"max_hp_loss":0,"event_name":"Lab","floor":4,"gold_loss":0},{"damage_healed":0,"gold_gain":0,"player_choice":"Success","damage_taken":3,"relics_obtained":["Shuriken"],"max_hp_gain":0,"max_hp_loss":0,"event_name":"Scrap Ooze","floor":10,"gold_loss":0},{"damage_healed":0,"gold_gain":0,"player_choice":"Ignored","damage_taken":0,"max_hp_gain":0,"max_hp_loss":0,"event_name":"Golden Idol","floor":12,"gold_loss":0},{"damage_healed":0,"gold_gain":0,"player_choice":"Shed Blood","damage_taken":21,"max_hp_gain":5,"max_hp_loss":0,"event_name":"Forgotten Altar","floor":19,"gold_loss":0},{"damage_healed":0,"gold_gain":99,"player_choice":"Stole From Cult","damage_taken":0,"max_hp_gain":0,"max_hp_loss":0,"event_name":"Nest","floor":20,"gold_loss":0},{"damage_healed":0,"gold_gain":0,"player_choice":"Ignored","damage_taken":0,"max_hp_gain":0,"max_hp_loss":0,"event_name":"Ghosts","floor":21,"gold_loss":0},{"damage_healed":0,"gold_gain":0,"player_choice":"Obtained Relic","damage_taken":0,"relics_obtained":["Smiling Mask"],"max_hp_gain":0,"max_hp_loss":0,"event_name":"Addict","floor":22,"gold_loss":85}],"is_beta":false,"boss_relics":[{"not_picked":["Velvet Choker","Tiny House"],"picked":"Fusion Hammer"}],"items_purged_floors":[25],"is_endless":false,"potions_floor_spawned":[1,3,11,13,24,27],"killed_by":"Cultist and Chosen","ascension_level":7}}