{"host":"khoyd8a1tvki7k1f","time":1611588539,"event":{"mods":["AchievementEnabler","BaseMod","Colored Powertips","Curses Come First","Downfall","Googly Eyes","Hermit","Highlight Path","Minty Spire (QoL Compilation)","Quick Restart","Relic Sorter","Robot Space Explorer","Shop Mod","StSLib","Synergy Search","The Bug Knight","The Cursed","The Disciple","The Hierophant","The Marked","The Necromancer","The Poker Player","The Runesmith","slay the spire mod where everything is the same but ironclad has a cowboy hat"],"gold_per_floor":[119,119,137,156,156,144,144,108,108,118,91,91,91,49,49,5,5],"floor_reached":16,"language":"ENG","playtime":718,"items_purged":[],"score":112,"play_id":"13b6a8cb-3009-44c1-9b76-cf80c5588fc0","local_time":"20210125092859","is_ascension_mode":false,"campfire_choices":[{"data":"hierophant:Patience","floor":7,"key":"SMITH"},{"floor":13,"key":"REST"},{"floor":15,"key":"REST"}],"circlet_count":0,"master_deck":["hierophant:Strike_Hierophant","hierophant:Strike_Hierophant","hierophant:Strike_Hierophant","hierophant:Punish","hierophant:Defend_Hierophant","hierophant:Defend_Hierophant","hierophant:Defend_Hierophant","hierophant:Defend_Hierophant","hierophant:ChurchCoffers","hierophant:HolyVerse","hierophant:HammerAndAnvil","hierophant:Patience+1","hierophant:WrathOfGod","hierophant:Zeal","hierophant:HammerAndAnvil","hierophant:Smite","hierophant:SealAway","hierophant:Cornucopia"],"relics":["hierophant:PropheticMaskRelic","NeowsBlessing","Toy Ornithopter","HornCleat","Unceasing Top"],"acts_visited":["Exordium"],"potions_floor_usage":[],"damage_taken":[{"damage":0,"enemies":"Jaw Worm","floor":1,"turns":1},{"damage":0,"enemies":"Small Slimes","floor":3,"turns":1},{"damage":0,"enemies":"Cultist","floor":4,"turns":1},{"damage":26,"enemies":"3 Sentries","floor":6,"turns":10},{"damage":18,"enemies":"Red Slaver","floor":8,"turns":2},{"damage":2,"enemies":"Blue Slaver","floor":10,"turns":4},{"damage":15,"enemies":"Looter","floor":11,"turns":3},{"damage":23,"enemies":"Lagavulin","floor":14,"turns":4},{"damage":39,"enemies":"Hexaghost","floor":16,"turns":9}],"seed_played":"2617040758315900013","potions_obtained":[{"floor":6,"key":"Swift Potion"},{"floor":11,"key":"AttackPotion"},{"floor":14,"key":"SmokeBomb"}],"is_trial":false,"path_per_floor":["M","?","M","M","?","E","R","M","T","M","M","?","R","E","R","B"],"character_chosen":"HIEROPHANT","items_purchased":[],"campfire_rested":2,"item_purchase_floors":[],"current_hp_per_floor":[75,68,68,68,73,47,47,29,29,27,12,12,36,13,37,0,0],"gold":5,"neow_bonus":"THREE_ENEMY_KILL","is_daily":false,"chose_seed":false,"campfire_upgraded":1,"win_rate":0.0,"timestamp":1611588539,"path_taken":["M","?","M","M","?","E","R","M","T","M","?","?","R","E","R","BOSS"],"items_purchased_type":[],"build_version":"2020-12-22","purchased_purges":0,"victory":false,"max_hp_per_floor":[75,75,75,75,80,80,80,80,80,80,80,80,80,80,80,80,80],"card_choices":[{"not_picked":["hierophant:HammerAndAnvil","hierophant:Racketeering"],"picked":"hierophant:HolyVerse","floor":1},{"not_picked":["hierophant:AuricBeam","hierophant:Doomsaying"],"picked":"hierophant:HammerAndAnvil","floor":3},{"not_picked":["hierophant:Mercenaries","hierophant:FaithHealing"],"picked":"hierophant:Patience","floor":4},{"not_picked":["hierophant:SolarFlare","hierophant:Remorse"],"picked":"hierophant:WrathOfGod","floor":6},{"not_picked":["hierophant:Doubloon","hierophant:OrnateBuckler"],"picked":"hierophant:Zeal","floor":8},{"not_picked":["hierophant:Refuge","hierophant:AuricBeam"],"picked":"hierophant:HammerAndAnvil","floor":10},{"not_picked":["hierophant:SealAway","hierophant:Sermon"],"picked":"hierophant:Smite","floor":11},{"not_picked":["hierophant:Sermon","hierophant:Mercenaries","hierophant:Exaltation"],"picked":"SKIP","floor":14}],"player_experience":339691,"relics_obtained":[{"floor":6,"key":"Toy Ornithopter"},{"floor":9,"key":"HornCleat"},{"floor":14,"key":"Unceasing Top"}],"event_choices":[{"cards_removed":["hierophant:Strike_Hierophant"],"damage_healed":0,"gold_gain":0,"player_choice":"Card Removal","damage_taken":7,"max_hp_gain":0,"max_hp_loss":0,"event_name":"Golden Wing","floor":2,"gold_loss":0},{"damage_healed":0,"gold_gain":0,"player_choice":"Donut","damage_taken":0,"max_hp_gain":5,"max_hp_loss":0,"event_name":"Big Fish","floor":5,"gold_loss":0},{"damage_healed":0,"gold_gain":0,"player_choice":"2 cards matched","damage_taken":0,"max_hp_gain":0,"max_hp_loss":0,"event_name":"Match and Keep!","floor":12,"gold_loss":0,"cards_obtained":["hierophant:SealAway","hierophant:Cornucopia"]}],"is_beta":false,"boss_relics":[],"items_purged_floors":[],"is_endless":false,"potions_floor_spawned":[6,11,14],"killed_by":"Hexaghost","ascension_level":0}}