{"host":"w01zow3jg16g8jdh","time":1611582337,"event":{"mods":["AchievementEnabler","BaseMod","DeckTracker","Keyboard Shortcuts","Minty Spire (QoL Compilation)","Permanent Neow","StSLib","SuperFastMode"],"gold_per_floor":[109,121,121,137,157,157,169,196,196,24,24,24],"floor_reached":11,"language":"KOR","playtime":187,"items_purged":[],"score":150,"play_id":"3abd288d-c3e4-4392-977f-9219de29399a","local_time":"20210125224537","is_ascension_mode":true,"campfire_choices":[{"floor":6.0,"key":"REST"}],"circlet_count":0,"master_deck":["AscendersBane","Strike_P","Strike_P","Strike_P","Strike_P","Defend_P","Defend_P","Defend_P","Defend_P","Eruption","Vigilance","Scrawl","EmptyBody","Adaptation"],"relics":["PureWater","Regal Pillow","Akabeko","Sundial","Membership Card"],"acts_visited":["Exordium"],"potions_floor_usage":[8,8],"damage_taken":[{"damage":0.0,"enemies":"Small Slimes","floor":1.0,"turns":2.0},{"damage":2.0,"enemies":"Jaw Worm","floor":2.0,"turns":3.0},{"damage":0.0,"enemies":"Cultist","floor":4.0,"turns":3.0},{"damage":17.0,"enemies":"Large Slime","floor":5.0,"turns":11.0},{"damage":8.0,"enemies":"Gremlin Gang","floor":7.0,"turns":4.0},{"damage":21,"enemies":"Gremlin Nob","floor":8,"turns":3},{"damage":30,"enemies":"Lagavulin","floor":11,"turns":4}],"seed_played":"7512189839733101602","potions_obtained":[{"floor":1.0,"key":"Weak Potion"},{"floor":4.0,"key":"Energy Potion"},{"floor":5.0,"key":"AttackPotion"},{"floor":7.0,"key":"Energy Potion"}],"is_trial":false,"path_per_floor":["M","M","?","M","M","R","M","E","T","$","E"],"character_chosen":"WATCHER","items_purchased":["Membership Card"],"campfire_rested":1,"item_purchase_floors":[10],"current_hp_per_floor":[43,41,23,23,6,41,33,12,12,12,0,0],"gold":24,"neow_bonus":"THREE_RARE_CARDS","is_daily":false,"chose_seed":false,"campfire_upgraded":0,"win_rate":0.0,"timestamp":1611582337,"path_taken":["M","M","?","M","M","R","M","E","T","?","E"],"items_purchased_type":["Relic"],"build_version":"2020-12-22","purchased_purges":0,"victory":false,"max_hp_per_floor":[68,68,68,68,68,68,68,68,68,68,68,68],"card_choices":[{"not_picked":["ConjureBlade","Alpha"],"picked":"Scrawl","floor":0.0},{"not_picked":["WreathOfFlame","Evaluate","SignatureMove"],"picked":"SKIP","floor":1.0},{"not_picked":["Collect","FlyingSleeves"],"picked":"EmptyBody","floor":2.0},{"not_picked":["EmptyBody","WindmillStrike","ClearTheMind"],"picked":"SKIP","floor":4.0},{"not_picked":["JustLucky","Crescendo","FlyingSleeves"],"picked":"SKIP","floor":5.0},{"not_picked":["Perseverance","EmptyBody","BowlingBash"],"picked":"SKIP","floor":7.0},{"not_picked":["Pray","Establishment"],"picked":"Adaptation","floor":8}],"player_experience":318237,"relics_obtained":[{"floor":8,"key":"Akabeko"},{"floor":9,"key":"Sundial"}],"event_choices":[{"damage_healed":0.0,"max_hp_gain":0.0,"max_hp_loss":0.0,"gold_gain":0.0,"event_name":"Scrap Ooze","player_choice":"Success","floor":3.0,"gold_loss":0.0,"damage_taken":18.0,"relics_obtained":["Regal Pillow"]}],"is_beta":false,"boss_relics":[],"items_purged_floors":[],"is_endless":false,"potions_floor_spawned":[1,4,5,7],"killed_by":"Lagavulin","ascension_level":20}}