{"host":"d04ovr8ey3ifzg49","time":1611556234,"event":{"mods":["2.2 Compatiblity","Act Like it!","Ascension Reborn","Aspiration","BaseMod","Beaked The Cultist","Better Match","Better Note","Better Sensory Stone","Better Third Choice","BetterRewards","Duelist Mod","Evolution","GifTheSpireLib","Gold Saver","Gremlin Mod","Hubris","Infinite Spire","Mimic Mod","Minty Spire (QoL Compilation)","Relic Filter Mod","Reliquary","Shop Mod","Spire Arcade","StS++","StSLib","The Bladedancer","The Blue Laboratory","The Cursed","The Gatherer","The Hierophant","The Runesmith","The Valiant","The Wild Card","TheHeartMod","Wandering Minibosses"],"gold_per_floor":[118,43,43,43,61,93,106,120,153,3,16,32,65,65,65,161,161,178,192,36,47,47,47,47],"floor_reached":23,"language":"ENG","playtime":2442,"items_purged":[],"score":228,"play_id":"3908840f-6d7a-4f96-8e7c-482509978304","local_time":"20210124223034","is_ascension_mode":true,"campfire_choices":[{"floor":15,"key":"RECALL"}],"circlet_count":0,"master_deck":["theWildCard:BasicStrike","theWildCard:BasicStrike","theWildCard:BasicStrike","theWildCard:BasicStrike","theWildCard:BasicDefend","theWildCard:BasicDefend","theWildCard:BasicDefend","theWildCard:BasicDefend","theWildCard:CallToAdventure+1","theWildCard:Arsene+1","theWildCard:ArchaicAssault+1","theWildCard:PaleRider+1","Flash of Steel+1","theWildCard:SeveringSlash","theWildCard:MagicMettle","theWildCard:StalwartBlade","theWildCard:TheUniverse","theWildCard:MagicalMight","theWildCard:EnergizedStroke","theWildCard:StingingStrike","theWildCard:ArcanaArtistry","theWildCard:Ruination","theWildCard:SeveringSlash","theWildCard:MagicMettle"],"relics":["theWildCard:VelvetContract","EVO:Axolotl","NeowsBlessing","Pen Nib","infinitespire:Satchel","Sozu","reliquary:Stiletto"],"acts_visited":["Exordium","TheCity"],"potions_floor_usage":[23],"damage_taken":[{"damage":0,"enemies":"Jaw Worm","floor":1,"turns":1},{"damage":0,"enemies":"Cultist","floor":5,"turns":1},{"damage":0,"enemies":"Gremlin Nob","floor":6,"turns":1},{"damage":0,"enemies":"2 Louse","floor":7,"turns":2},{"damage":5,"enemies":"Gremlin Gang","floor":8,"turns":4},{"damage":3,"enemies":"Large Slime","floor":9,"turns":4},{"damage":0,"enemies":"Large Slime","floor":11,"turns":2},{"damage":1,"enemies":"Exordium Wildlife","floor":12,"turns":2},{"damage":11,"enemies":"3 Sentries","floor":13,"turns":6},{"damage":35,"enemies":"The Guardian","floor":16,"turns":9},{"damage":5,"enemies":"Spheric Guardian","floor":18,"turns":3},{"damage":10,"enemies":"2 Thieves","floor":19,"turns":2},{"damage":18,"enemies":"Shelled Parasite and Fungi","floor":21,"turns":2},{"damage":31,"enemies":"Book of Stabbing","floor":23,"turns":3}],"seed_played":"8070011285595970418","potions_obtained":[{"floor":1,"key":"FearPotion"},{"floor":8,"key":"Strength Potion"},{"floor":11,"key":"Regen Potion"},{"floor":12,"key":"blueLaboratory:FruitPunch"}],"is_trial":false,"path_per_floor":["M","?","?","?","M","E","M","M","MIM","$","M","M","E","?","R","B",null,"M","M","$","M","?","E"],"character_chosen":"THE_WILD_CARD","items_purchased":["infinitespire:Satchel","reliquary:Stiletto"],"campfire_rested":0,"item_purchase_floors":[10,20],"current_hp_per_floor":[60,60,48,48,48,48,48,43,40,40,40,39,44,44,44,17,60,55,45,45,27,27,0,0],"gold":47,"neow_bonus":"THREE_ENEMY_KILL","is_daily":false,"chose_seed":false,"campfire_upgraded":0,"win_rate":0.0,"timestamp":1611556234,"path_taken":["M","?","?","?","M","E","M","?","MIM","?","?","M","E","?","R","BOSS","M","?","$","M","?","E"],"items_purchased_type":["Relic","Relic"],"build_version":"2020-12-22","purchased_purges":0,"victory":false,"max_hp_per_floor":[60,60,60,60,60,60,60,60,60,60,60,60,60,60,60,60,60,60,60,60,60,60,62,62],"card_choices":[{"not_picked":["theWildCard:ManOfManyFaces","theWildCard:ArcaneArts"],"picked":"theWildCard:ArchaicAssault","floor":1},{"not_picked":["theWildCard:Patience+1","theWildCard:SacrificialStroke+1"],"picked":"theWildCard:PaleRider+1","floor":2},{"not_picked":["hubris:Ssssneak+1","Enlightenment+1"],"picked":"Flash of Steel+1","floor":2},{"not_picked":["theWildCard:Abstinence","theWildCard:Polydeuces"],"picked":"theWildCard:SeveringSlash","floor":5},{"not_picked":["theWildCard:Polydeuces","theWildCard:ManOfManyFaces"],"picked":"theWildCard:MagicMettle","floor":6},{"not_picked":["theWildCard:MasterPlan","theWildCard:MagicMettle"],"picked":"theWildCard:StalwartBlade","floor":7},{"not_picked":["theWildCard:MaskChange","theWildCard:EnergyTheft"],"picked":"theWildCard:TheUniverse","floor":8},{"not_picked":["theWildCard:PaleRider","theWildCard:MaskChange"],"picked":"theWildCard:MagicalMight","floor":9},{"not_picked":["theWildCard:MagicMettle","theWildCard:ArcaneArts"],"picked":"theWildCard:EnergizedStroke","floor":11},{"not_picked":["theWildCard:Polydeuces","theWildCard:BladeOfGenerations"],"picked":"theWildCard:StingingStrike","floor":12},{"not_picked":["theWildCard:BladeOfGenerations","theWildCard:Metatron"],"picked":"theWildCard:ArcanaArtistry","floor":13},{"not_picked":["theWildCard:TheUniverse","theWildCard:Desolation"],"picked":"theWildCard:Ruination","floor":16},{"not_picked":["theWildCard:StingingStrike","theWildCard:ManOfManyFaces"],"picked":"theWildCard:SeveringSlash","floor":18},{"not_picked":["theWildCard:PaleRider+1","theWildCard:BladeOfGenerations+1"],"picked":"theWildCard:MagicMettle","floor":19},{"not_picked":["theWildCard:Proficiency","theWildCard:Sakuya","theWildCard:CryOfAgony"],"picked":"SKIP","floor":21}],"player_experience":116787,"relics_obtained":[{"floor":6,"key":"Pen Nib"}],"event_choices":[{"damage_healed":0,"gold_gain":0,"player_choice":"2","damage_taken":0,"max_hp_gain":0,"max_hp_loss":0,"event_name":"betterMatch:BetterMatch","floor":2,"gold_loss":0,"cards_obtained":["betterMatch:CommonCard","betterMatch:ColorlessUncommonCard"]},{"damage_healed":60,"gold_gain":0,"player_choice":"Upgrade","damage_taken":12,"max_hp_gain":0,"max_hp_loss":60,"event_name":"betterThird:BetterShining","floor":3,"gold_loss":0,"cards_upgraded":["theWildCard:CallToAdventure","theWildCard:ArchaicAssault"]},{"damage_healed":0,"gold_gain":0,"player_choice":"Ignored","damage_taken":0,"max_hp_gain":0,"max_hp_loss":0,"event_name":"Purifier","floor":4,"gold_loss":0},{"damage_healed":0,"gold_gain":0,"player_choice":"Upgraded","damage_taken":0,"max_hp_gain":0,"max_hp_loss":0,"event_name":"Upgrade Shrine","floor":14,"gold_loss":0,"cards_upgraded":["theWildCard:Arsene"]},{"cards_removed":["theWildCard:Ruination"],"damage_healed":0,"gold_gain":0,"player_choice":"Give","damage_taken":0,"max_hp_gain":0,"max_hp_loss":0,"event_name":"betterNote:BetterNote","floor":22,"gold_loss":0,"cards_obtained":["Defend_R"]}],"is_beta":false,"boss_relics":[{"not_picked":["beaked:SacredDeck","Coffee Dripper"],"picked":"Sozu"}],"items_purged_floors":[],"is_endless":false,"potions_floor_spawned":[1,8,11,12,13,18],"killed_by":"Book of Stabbing","ascension_level":0}}