{"host":"edc6wmn2qug8wnvl","time":1611562845,"event":{"mods":["AchievementEnabler","BaseMod","Colored Map","Colored Powertips","Minty Spire (QoL Compilation)","StSLib"],"gold_per_floor":[116,116,116,128,147,177,192,95,118,130,142,213,225,249,261,369,381,406,429,460,472,472],"floor_reached":21,"language":"ENG","playtime":1266,"items_purged":[],"score":181,"play_id":"250eeb61-04be-4f53-b857-606786bb1794","local_time":"20210125002045","is_ascension_mode":false,"campfire_choices":[{"data":"Enlightenment","floor":10,"key":"SMITH"},{"floor":13,"key":"REST"},{"floor":15,"key":"REST"}],"circlet_count":0,"master_deck":["Strike_B","Strike_B","Strike_B","Strike_B","Defend_B+1","Defend_B","Defend_B","Defend_B","Zap","Dualcast","Skim","Hologram","Tempest+1","Enlightenment+1","Hyperbeam","Auto Shields"],"relics":["Busted Crown","Vajra","MawBank","Bronze Scales","Velvet Choker"],"acts_visited":["Exordium","TheCity"],"potions_floor_usage":[6,6,12,18,20],"damage_taken":[{"damage":0,"enemies":"Cultist","floor":1,"turns":4},{"damage":0,"enemies":"2 Louse","floor":4,"turns":3},{"damage":7,"enemies":"Small Slimes","floor":5,"turns":4},{"damage":20,"enemies":"Gremlin Nob","floor":6,"turns":4},{"damage":0,"enemies":"3 Louse","floor":7,"turns":5},{"damage":22,"enemies":"3 Sentries","floor":12,"turns":5},{"damage":5,"enemies":"Lots of Slimes","floor":14,"turns":4},{"damage":37,"enemies":"The Guardian","floor":16,"turns":12},{"damage":25,"enemies":"2 Thieves","floor":18,"turns":4},{"damage":14,"enemies":"Shell Parasite","floor":19,"turns":6},{"damage":25,"enemies":"Centurion and Healer","floor":20,"turns":7},{"damage":15,"enemies":"Masked Bandits","floor":21,"turns":2}],"seed_played":"-2934127701824946566","potions_obtained":[{"floor":1,"key":"DistilledChaos"},{"floor":5,"key":"Swift Potion"},{"floor":7,"key":"Ancient Potion"},{"floor":16,"key":"PowerPotion"},{"floor":18,"key":"SteroidPotion"}],"is_trial":false,"path_per_floor":["M","?","?","M","M","E","M","$","T","R","?","?","R","M","R","B",null,"M","M","M","?"],"character_chosen":"DEFECT","items_purchased":["Enlightenment"],"campfire_rested":2,"item_purchase_floors":[8],"current_hp_per_floor":[75,75,75,75,68,48,48,48,48,48,48,26,48,43,65,28,75,50,36,11,0,0],"gold":472,"neow_bonus":"BOSS_RELIC","is_daily":false,"chose_seed":false,"campfire_upgraded":1,"win_rate":0.0,"timestamp":1611562845,"path_taken":["M","?","?","M","M","E","?","$","T","R","?","?","R","M","R","BOSS","M","M","M","?"],"items_purchased_type":["Card"],"build_version":"2020-12-22","purchased_purges":0,"victory":false,"max_hp_per_floor":[75,75,75,75,75,75,75,75,75,75,75,75,75,75,75,75,75,75,75,75,75,75],"card_choices":[{"not_picked":["Lockon"],"picked":"SKIP","floor":1},{"not_picked":["Blizzard"],"picked":"SKIP","floor":4},{"not_picked":[],"picked":"Skim","floor":5},{"not_picked":[],"picked":"Hologram","floor":6},{"not_picked":[],"picked":"Tempest","floor":7},{"not_picked":["Blizzard"],"picked":"SKIP","floor":14},{"not_picked":[],"picked":"Hyperbeam","floor":16},{"not_picked":[],"picked":"Auto Shields","floor":18},{"not_picked":["Rip and Tear"],"picked":"SKIP","floor":19},{"not_picked":["Cold Snap"],"picked":"SKIP","floor":20}],"player_experience":31292,"relics_obtained":[{"floor":6,"key":"Vajra"},{"floor":9,"key":"MawBank"},{"floor":12,"key":"Bronze Scales"}],"event_choices":[{"damage_healed":0,"gold_gain":0,"player_choice":"Leave","damage_taken":0,"max_hp_gain":0,"max_hp_loss":0,"event_name":"The Cleric","floor":2,"gold_loss":0},{"damage_healed":0,"gold_gain":0,"player_choice":"Upgraded","damage_taken":0,"max_hp_gain":0,"max_hp_loss":0,"event_name":"Upgrade Shrine","floor":3,"gold_loss":0,"cards_upgraded":["Defend_B"]},{"damage_healed":0,"gold_gain":0,"player_choice":"Grow","damage_taken":0,"max_hp_gain":0,"max_hp_loss":0,"event_name":"Living Wall","floor":11,"gold_loss":0,"cards_upgraded":["Tempest"]},{"damage_healed":0,"gold_gain":0,"player_choice":"Searched \u00271\u0027 times","damage_taken":0,"max_hp_gain":0,"max_hp_loss":0,"event_name":"Dead Adventurer","floor":12,"gold_loss":0},{"damage_healed":0,"gold_gain":0,"player_choice":"Fought Bandits","damage_taken":0,"max_hp_gain":0,"max_hp_loss":0,"event_name":"Masked Bandits","floor":21,"gold_loss":0}],"is_beta":false,"boss_relics":[{"not_picked":["SlaversCollar","Empty Cage"],"picked":"Velvet Choker"}],"items_purged_floors":[],"is_endless":false,"potions_floor_spawned":[1,5,7,16,18],"killed_by":"Masked Bandits","ascension_level":0}}