{"host":"8fnghcq8tvbg6z9e","time":1611575536,"event":{"mods":["BaseMod","Downfall","Minty Spire (QoL Compilation)","Quick Restart","StSLib"],"gold_per_floor":[119,119,20,20,37,69,69,81,81,81,93,93,104,119,119,214,214,228,228,228,80,100,125,135,64,88,114,114,213,213,226,226,327,327,342,342,69,88,88,114,114,114],"floor_reached":41,"language":"ZHS","playtime":1759,"items_purged":["Strike_R","Defend_R","Defend_R"],"score":509,"play_id":"565a3c01-cb17-4bc4-9956-90b2319233e4","local_time":"20210125195216","is_ascension_mode":false,"campfire_choices":[{"data":"Berserk","floor":7.0,"key":"SMITH"},{"data":"Evolve","floor":10.0,"key":"SMITH"},{"floor":12.0,"key":"RECALL"},{"data":"Shockwave","floor":15.0,"key":"SMITH"},{"floor":28.0,"key":"REST"},{"data":"Dark Embrace","floor":32.0,"key":"SMITH"}],"circlet_count":0,"master_deck":["Strike_R","Strike_R","Strike_R","Bash","Wild Strike","Armaments","Berserk+1","Evolve+1","Sentinel+1","Shockwave+1","Offering+1","True Grit+1","Limit Break+1","Pommel Strike+1","Feel No Pain","Dark Embrace+1","Sentinel+1","True Grit","Spot Weakness+1"],"relics":["Black Blood","NeowsBlessing","StrikeDummy","Astrolabe","MutagenicStrength","Letter Opener","War Paint","Bronze Scales","Brimstone","Mercury Hourglass"],"acts_visited":["Exordium","TheCity","TheBeyond"],"potions_floor_usage":[38,40],"damage_taken":[{"damage":0.0,"enemies":"Cultist","floor":1.0,"turns":1.0},{"damage":0.0,"enemies":"Jaw Worm","floor":5.0,"turns":1.0},{"damage":0.0,"enemies":"Gremlin Nob","floor":6.0,"turns":1.0},{"damage":5.0,"enemies":"Small Slimes","floor":8.0,"turns":3.0},{"damage":2.0,"enemies":"2 Fungi Beasts","floor":11.0,"turns":4.0},{"damage":6.0,"enemies":"3 Louse","floor":13.0,"turns":3.0},{"damage":6.0,"enemies":"Looter","floor":14.0,"turns":4.0},{"damage":28.0,"enemies":"Slime Boss","floor":16.0,"turns":8.0},{"damage":10.0,"enemies":"3 Byrds","floor":18.0,"turns":6.0},{"damage":24.0,"enemies":"Shell Parasite","floor":22.0,"turns":2.0},{"damage":28.0,"enemies":"Book of Stabbing","floor":23.0,"turns":3.0},{"damage":24.0,"enemies":"3 Cultists","floor":24.0,"turns":4.0},{"damage":21.0,"enemies":"Slavers","floor":27.0,"turns":3.0},{"damage":15.0,"enemies":"Snake Plant","floor":31.0,"turns":3.0},{"damage":21.0,"enemies":"Champ","floor":33.0,"turns":8.0},{"damage":26.0,"enemies":"3 Shapes","floor":35.0,"turns":7.0},{"damage":10,"enemies":"Orb Walker","floor":38,"turns":2},{"damage":58,"enemies":"Nemesis","floor":40,"turns":7},{"damage":15,"enemies":"2 Orb Walkers","floor":41,"turns":2}],"seed_played":"-2509391743574660350","potions_obtained":[{"floor":6.0,"key":"champ:CounterPotion"},{"floor":11.0,"key":"Ancient Potion"},{"floor":13.0,"key":"Explosive Potion"},{"floor":14.0,"key":"SneckoOil"},{"floor":23.0,"key":"SteroidPotion"},{"floor":24.0,"key":"SteroidPotion"},{"floor":27.0,"key":"Weak Potion"},{"floor":33.0,"key":"SkillPotion"},{"floor":38,"key":"Ancient Potion"},{"floor":40,"key":"BlessingOfTheForge"}],"is_trial":false,"path_per_floor":["M","?","$","?","M","E","R","M","T","R","M","R","M","M","R","B",null,"M","?","?","$","M","E","M","$","T","E","R","?","?","M","R","B",null,"M","?","$","M","?","E","?"],"character_chosen":"IRONCLAD","items_purchased":["Wild Strike","BloodPotion","Dark Embrace","Brimstone"],"campfire_rested":1,"item_purchase_floors":[3,21,25,37],"current_hp_per_floor":[80,85,85,85,85,85,85,85,85,85,85,85,85,85,85,63,85,81,81,81,81,63,58,40,40,40,25,50,50,50,41,41,26,85,71,71,71,73,73,27,12,12],"gold":114,"neow_bonus":"THREE_ENEMY_KILL","is_daily":false,"chose_seed":false,"campfire_upgraded":4,"win_rate":0.0,"timestamp":1611575536,"path_taken":["M","?","$","?","M","E","R","M","T","R","M","R","M","?","R","BOSS","M","?","?","$","M","E","M","$","T","E","R","?","?","M","R","BOSS","M","?","$","M","?","E","?"],"items_purchased_type":["Card","Potion","Card","Relic"],"build_version":"2020-12-22","purchased_purges":3,"victory":false,"max_hp_per_floor":[80,85,85,85,85,85,85,85,85,85,85,85,85,85,85,85,85,85,85,85,85,85,85,85,85,85,85,85,85,85,85,85,85,85,85,85,85,85,85,85,85,85],"card_choices":[{"not_picked":["Twin Strike","Iron Wave","Cleave"],"picked":"SKIP","floor":1.0},{"not_picked":["Searing Blow","Thunderclap"],"picked":"Armaments","floor":5.0},{"not_picked":["Carnage","Iron Wave"],"picked":"Berserk","floor":6.0},{"not_picked":["Searing Blow","Dropkick"],"picked":"Evolve","floor":8.0},{"not_picked":["Anger","Warcry","Armaments"],"picked":"SKIP","floor":11.0},{"not_picked":["Ghostly Armor","Sword Boomerang"],"picked":"Sentinel","floor":13.0},{"not_picked":["Iron Wave","Armaments"],"picked":"Shockwave","floor":14.0},{"not_picked":["Double Tap","Corruption"],"picked":"Offering","floor":16.0},{"not_picked":["Searing Blow","Blood for Blood","Iron Wave"],"picked":"SKIP","floor":18.0},{"not_picked":["Searing Blow+1","Blood for Blood"],"picked":"Pommel Strike+1","floor":22.0},{"not_picked":["Twin Strike","Sword Boomerang","Shockwave"],"picked":"SKIP","floor":23.0},{"not_picked":["Armaments","Spot Weakness"],"picked":"Feel No Pain","floor":24.0},{"not_picked":["Exhume","Anger"],"picked":"Sentinel+1","floor":27.0},{"not_picked":["Whirlwind+1","Entrench","Body Slam"],"picked":"SKIP","floor":31.0},{"not_picked":["Sword Boomerang","Pummel+1"],"picked":"True Grit","floor":35.0},{"not_picked":["Heavy Blade","Rampage+1"],"picked":"Spot Weakness+1","floor":38},{"not_picked":["Dropkick","Fiend Fire","Seeing Red"],"picked":"SKIP","floor":40}],"player_experience":178721,"relics_obtained":[{"floor":6.0,"key":"StrikeDummy"},{"floor":23.0,"key":"Letter Opener"},{"floor":26.0,"key":"War Paint"},{"floor":27.0,"key":"Bronze Scales"},{"floor":40,"key":"Mercury Hourglass"}],"event_choices":[{"damage_healed":0.0,"max_hp_gain":5.0,"max_hp_loss":0.0,"gold_gain":0.0,"event_name":"Big Fish","player_choice":"Donut","floor":2.0,"gold_loss":0.0,"damage_taken":0.0},{"damage_healed":0.0,"max_hp_gain":0.0,"max_hp_loss":0.0,"gold_gain":0.0,"cards_transformed":["Strike_R"],"event_name":"Transmorgrifier","player_choice":"Transformed","floor":4.0,"gold_loss":0.0,"damage_taken":0.0,"cards_obtained":["Intimidate"]},{"damage_healed":0.0,"max_hp_gain":0.0,"max_hp_loss":0.0,"gold_gain":0.0,"event_name":"Drug Dealer","player_choice":"Inject Mutagens","floor":19.0,"gold_loss":0.0,"damage_taken":0.0,"relics_obtained":["MutagenicStrength"]},{"damage_healed":0.0,"max_hp_gain":0.0,"max_hp_loss":0.0,"gold_gain":0.0,"event_name":"Vampires","player_choice":"Ignored","floor":20.0,"gold_loss":0.0,"damage_taken":0.0},{"damage_healed":0.0,"max_hp_gain":0.0,"max_hp_loss":0.0,"gold_gain":99.0,"event_name":"Nest","player_choice":"Stole From Cult","floor":29.0,"gold_loss":0.0,"damage_taken":0.0},{"damage_healed":0.0,"max_hp_gain":0.0,"max_hp_loss":0.0,"gold_gain":0.0,"event_name":"Tomb of Lord Red Mask","player_choice":"Ignored","floor":36.0,"gold_loss":0.0,"damage_taken":0.0},{"cards_removed":["Fiend Fire"],"damage_healed":0,"gold_gain":0,"player_choice":"Removed Attack","damage_taken":0,"max_hp_gain":0,"max_hp_loss":0,"event_name":"Falling","floor":39,"gold_loss":0},{"damage_healed":0,"gold_gain":0,"player_choice":"Fight","damage_taken":0,"max_hp_gain":0,"max_hp_loss":0,"event_name":"Mysterious Sphere","floor":41,"gold_loss":0}],"is_beta":false,"boss_relics":[{"not_picked":["Pandora\u0027s Box","Velvet Choker"],"picked":"Astrolabe"},{"not_picked":["Coffee Dripper","Black Star"],"picked":"Black Blood"}],"items_purged_floors":[3,21,37],"is_endless":false,"potions_floor_spawned":[6,11,13,14,23,24,27,33,38,40],"killed_by":"2 Orb Walkers","ascension_level":0}}