{"host":"y89x8uui45kcjy42","time":1611547121,"event":{"mods":["2.2 Compatiblity","BaseMod","CapriCore","Colored Map","Colored Powertips","Custom Start","Friendly Minions","Keyboard Shortcuts","Minty Spire (QoL Compilation)","Relic Stats","Slay the Relics Exporter","StSLib","SuperFastMode","Uncapped"],"gold_per_floor":[110,70,0,12,28,28,28,28,55,87,103,103,103,128,128,200,200,216,10,24,74,105,105,136,136,159,187,187,187,221,94,94,170,170,189,189,147,160,160,160,160,160,184,184,184,216,31,62,62,62,62,62,62,20,45,45,45],"floor_reached":56,"language":"KOR","playtime":1450,"items_purged":["Establishment"],"score":2168,"play_id":"94acf4da-96ef-475e-bf33-a4d56075c978","local_time":"20210125125841","is_ascension_mode":true,"campfire_choices":[{"data":"Eruption","floor":6.0,"key":"SMITH"},{"data":"TalkToTheHand","floor":7.0,"key":"SMITH"},{"data":"CrushJoints","floor":8.0,"key":"SMITH"},{"data":"Wallop","floor":12.0,"key":"SMITH"},{"data":"TalkToTheHand","floor":13.0,"key":"SMITH"},{"data":"Evaluate","floor":15.0,"key":"SMITH"},{"data":"Tantrum","floor":23.0,"key":"SMITH"},{"data":"Consecrate","floor":25.0,"key":"SMITH"},{"data":"FollowUp","floor":28.0,"key":"SMITH"},{"data":"DevaForm","floor":29.0,"key":"SMITH"},{"data":"Fasting2","floor":32.0,"key":"SMITH"},{"data":"Madness","floor":40.0,"key":"SMITH"},{"data":"Madness","floor":41.0,"key":"SMITH"},{"data":"Omniscience","floor":42.0,"key":"SMITH"},{"data":"FearNoEvil","floor":45.0,"key":"SMITH"},{"floor":49.0,"key":"RECALL"},{"data":"Vigilance","floor":53.0,"key":"SMITH"}],"circlet_count":0,"master_deck":["Eruption+1","Vigilance+1","Evaluate+1","TalkToTheHand+1","FearNoEvil+1","FollowUp+1","CrushJoints+1","Consecrate+1","TalkToTheHand+1","Wallop+1","DevaForm+1","Tantrum+1","Fasting2+1","Omniscience+1","Madness+1","Madness+1","MentalFortress+1","MentalFortress+1"],"relics":["PureWater","Potion Belt","Membership Card","CaptainsWheel","Ornamental Fan","Orrery","Happy Flower","Potion Belt","Calipers","VioletLotus","Coffee Dripper","Lee\u0027s Waffle","Ginger","Singing Bowl","Medical Kit","Red Mask","Bag of Preparation","Pen Nib","Du-Vu Doll","Blood Vial","DollysMirror","Cursed Key","Omamori","WingedGreaves","PreservedInsect","Bottled Lightning","Torii","Sling","Art of War","Akabeko"],"acts_visited":["Exordium","TheCity","TheBeyond","TheEnding"],"potions_floor_usage":[56,56],"damage_taken":[{"damage":0.0,"enemies":"Jaw Worm","floor":1.0,"turns":3.0},{"damage":0.0,"enemies":"Cultist","floor":4.0,"turns":4.0},{"damage":0.0,"enemies":"2 Louse","floor":5.0,"turns":3.0},{"damage":0.0,"enemies":"Gremlin Nob","floor":10.0,"turns":3.0},{"damage":0.0,"enemies":"2 Fungi Beasts","floor":11.0,"turns":2.0},{"damage":6.0,"enemies":"3 Sentries","floor":14.0,"turns":4.0},{"damage":4.0,"enemies":"The Guardian","floor":16.0,"turns":5.0},{"damage":8.0,"enemies":"Shell Parasite","floor":18.0,"turns":2.0},{"damage":6.0,"enemies":"Masked Bandits","floor":22.0,"turns":3.0},{"damage":2.0,"enemies":"Book of Stabbing","floor":24.0,"turns":4.0},{"damage":9.0,"enemies":"Slavers","floor":27.0,"turns":3.0},{"damage":0.0,"enemies":"Book of Stabbing","floor":30.0,"turns":3.0},{"damage":0.0,"enemies":"Automaton","floor":33.0,"turns":6.0},{"damage":0.0,"enemies":"Orb Walker","floor":35.0,"turns":3.0},{"damage":8.0,"enemies":"3 Shapes","floor":38.0,"turns":3.0},{"damage":47.0,"enemies":"Reptomancer","floor":46.0,"turns":4.0},{"damage":1.0,"enemies":"Nemesis","floor":48.0,"turns":4.0},{"damage":58.0,"enemies":"Awakened One","floor":50.0,"turns":10.0},{"damage":28.0,"enemies":"Time Eater","floor":51.0,"turns":10.0},{"damage":77.0,"enemies":"Shield and Spear","floor":55.0,"turns":4.0},{"damage":31,"enemies":"The Heart","floor":56,"turns":3}],"seed_played":"9110134916549737831","potions_obtained":[{"floor":2.0,"key":"Ambrosia"},{"floor":2.0,"key":"SpeedPotion"},{"floor":2.0,"key":"Fire Potion"},{"floor":4.0,"key":"DuplicationPotion"},{"floor":14.0,"key":"CultistPotion"},{"floor":18.0,"key":"StancePotion"},{"floor":27.0,"key":"Strength Potion"},{"floor":30.0,"key":"BlessingOfTheForge"}],"is_trial":false,"path_per_floor":["M","?","$","M","M","R","R","R","T","E","M","R","R","E","R","B",null,"M","$","$","?","?","R","E","R","T","E","R","R","E","$","R","B",null,"M","?","$","M","$","R","R","R","T","?","R","E","$","E","R","B","B",null,"R","$","E","B"],"character_chosen":"WATCHER","items_purchased":["TalkToTheHand","FearNoEvil","CaptainsWheel","Ornamental Fan","Orrery","Lee\u0027s Waffle","Ginger","Singing Bowl","DevaForm","Tantrum","Medical Kit","DollysMirror","Fasting2","DuplicationPotion","Torii","Sling","Ancient Potion"],"campfire_rested":0,"item_purchase_floors":[3,3,3,3,3,19,19,19,19,19,20,31,31,37,47,47,54],"current_hp_per_floor":[67,67,67,67,67,67,67,67,67,67,67,67,67,61,61,57,70,62,81,81,81,77,77,77,77,77,70,70,70,72,72,72,74,85,89,73,73,69,69,69,69,69,69,69,69,26,26,29,29,97,69,90,90,90,17,0,0],"gold":45,"neow_bonus":"TEN_PERCENT_HP_BONUS","is_daily":false,"chose_seed":false,"campfire_upgraded":16,"win_rate":0.0,"timestamp":1611547121,"path_taken":["M","?","$","M","?","R","R","R","T","E","?","R","R","E","R","BOSS","M","$","$","?","?","R","E","R","T","E","R","R","E","$","R","BOSS","M","?","$","M","$","R","R","R","T","?","R","E","$","E","R","BOSS","BOSS","R","$","E","BOSS"],"items_purchased_type":["Card","Card","Relic","Relic","Relic","Relic","Relic","Relic","Card","Card","Relic","Relic","Card","Potion","Relic","Relic","Potion"],"build_version":"2020-12-22","purchased_purges":1,"victory":false,"max_hp_per_floor":[74,74,74,74,74,74,74,74,74,74,74,74,74,74,74,74,74,74,81,81,81,83,83,85,85,85,87,87,87,89,89,89,89,89,91,91,91,93,93,93,93,93,93,93,93,95,95,97,97,97,97,97,97,97,99,99,99],"relic_stats":{"Lee\u0027s Waffle":19,"Happy Flower":[24],"Singing Bowl":18,"Torii":13,"counters":[21,86],"Pen Nib":[14],"PreservedInsect":188,"Bag of Preparation":[22],"Ginger":[9],"Medical Kit":[8],"Cursed Key":1,"Blood Vial":16,"Ornamental Fan":[196],"VioletLotus":[18],"Art of War":[0],"obtain_stats":[{"Calipers":16,"Singing Bowl":19,"Torii":47,"Bag of Preparation":24,"Ginger":19,"Cursed Key":34,"Sling":47,"Blood Vial":30,"DollysMirror":31,"WingedGreaves":2,"VioletLotus":17,"Red Mask":22,"Potion Belt":2,"Lee\u0027s Waffle":19,"Happy Flower":10,"Pen Nib":26,"PreservedInsect":43,"Omamori":34,"Medical Kit":20,"Akabeko":55,"Du-Vu Doll":27,"CaptainsWheel":3,"Ornamental Fan":3,"Orrery":3,"Coffee Dripper":17,"Art of War":48,"Membership Card":2,"Bottled Lightning":46,"PureWater":0},{"Calipers":7,"Singing Bowl":8,"Torii":16,"Bag of Preparation":10,"Ginger":8,"Cursed Key":13,"Sling":16,"Blood Vial":12,"DollysMirror":12,"WingedGreaves":1,"VioletLotus":7,"Red Mask":9,"Potion Belt":1,"Lee\u0027s Waffle":8,"Happy Flower":4,"Pen Nib":10,"PreservedInsect":15,"Omamori":13,"Medical Kit":8,"Akabeko":20,"Du-Vu Doll":11,"CaptainsWheel":1,"Ornamental Fan":1,"Orrery":1,"Coffee Dripper":7,"Art of War":17,"Membership Card":1,"Bottled Lightning":16,"PureWater":0},{"Calipers":24,"Singing Bowl":26,"Torii":55,"Bag of Preparation":33,"Ginger":26,"Cursed Key":45,"Sling":55,"Blood Vial":39,"DollysMirror":39,"WingedGreaves":3,"VioletLotus":24,"Red Mask":29,"Potion Belt":3,"Lee\u0027s Waffle":26,"Happy Flower":13,"Pen Nib":33,"PreservedInsect":51,"Omamori":45,"Medical Kit":26,"Akabeko":83,"Du-Vu Doll":36,"CaptainsWheel":3,"Ornamental Fan":3,"Orrery":3,"Coffee Dripper":24,"Art of War":59,"Membership Card":3,"Bottled Lightning":55,"PureWater":0}]},"card_choices":[{"not_picked":["ThirdEye","FlyingSleeves"],"picked":"Evaluate","floor":1.0},{"not_picked":["BowlingBash","Nirvana"],"picked":"Establishment","floor":3.0},{"not_picked":["WreathOfFlame","Crescendo"],"picked":"FollowUp","floor":3.0},{"not_picked":["SashWhip","BattleHymn"],"picked":"CrushJoints","floor":3.0},{"not_picked":["Protect","EmptyFist"],"picked":"Consecrate","floor":3.0},{"not_picked":["Halt","ForeignInfluence"],"picked":"TalkToTheHand","floor":4.0},{"not_picked":["WreathOfFlame","Wish","Protect"],"picked":"SKIP","floor":5.0},{"not_picked":["Nirvana","FlyingSleeves"],"picked":"Wallop","floor":10.0},{"not_picked":["EmptyBody","Pray","Consecrate"],"picked":"SKIP","floor":11.0},{"not_picked":["WreathOfFlame","Prostrate","CutThroughFate"],"picked":"SKIP","floor":14.0},{"not_picked":["ClearTheMind","Swivel","EmptyBody"],"picked":"SKIP","floor":18.0},{"not_picked":["BattleHymn","EmptyBody","SandsOfTime"],"picked":"Singing Bowl","floor":22.0},{"not_picked":["Protect","DeceiveReality","BowlingBash"],"picked":"Singing Bowl","floor":24.0},{"not_picked":["Wish","Consecrate","EmptyFist"],"picked":"Singing Bowl","floor":27.0},{"not_picked":["Swivel","WaveOfTheHand+1","Pray"],"picked":"Singing Bowl","floor":30.0},{"not_picked":["Judgement","Wish"],"picked":"Omniscience","floor":33.0},{"not_picked":["CrushJoints","FlurryOfBlows","Wireheading"],"picked":"Singing Bowl","floor":35.0},{"not_picked":["EmptyFist+1","EmptyBody","DeceiveReality+1"],"picked":"Singing Bowl","floor":38.0},{"not_picked":["FlyingSleeves+1","JustLucky","Halt"],"picked":"Singing Bowl","floor":46.0},{"not_picked":["Blasphemy","Worship+1","Wireheading"],"picked":"Singing Bowl","floor":48.0},{"not_picked":["BowlingBash","FlyingSleeves","PathToVictory"],"picked":"Singing Bowl","floor":55.0}],"player_experience":648489,"relics_obtained":[{"floor":10.0,"key":"Happy Flower"},{"floor":14.0,"key":"Potion Belt"},{"floor":22.0,"key":"Red Mask"},{"floor":24.0,"key":"Bag of Preparation"},{"floor":26.0,"key":"Pen Nib"},{"floor":27.0,"key":"Du-Vu Doll"},{"floor":30.0,"key":"Blood Vial"},{"floor":43.0,"key":"PreservedInsect"},{"floor":46.0,"key":"Bottled Lightning"},{"floor":48.0,"key":"Art of War"},{"floor":55.0,"key":"Akabeko"}],"event_choices":[{"damage_healed":0.0,"max_hp_gain":0.0,"max_hp_loss":0.0,"gold_gain":0.0,"event_name":"The Woman in Blue","player_choice":"Bought 3 Potions","floor":2.0,"gold_loss":0.0,"damage_taken":0.0},{"damage_healed":0.0,"max_hp_gain":0.0,"max_hp_loss":0.0,"gold_gain":50.0,"event_name":"Nest","player_choice":"Stole From Cult","floor":21.0,"gold_loss":0.0,"damage_taken":0.0},{"damage_healed":0.0,"max_hp_gain":0.0,"max_hp_loss":0.0,"gold_gain":0.0,"event_name":"Masked Bandits","player_choice":"Fought Bandits","floor":22.0,"gold_loss":0.0,"damage_taken":0.0},{"damage_healed":0.0,"max_hp_gain":0.0,"max_hp_loss":0.0,"gold_gain":0.0,"event_name":"Winding Halls","player_choice":"Embrace Madness","floor":36.0,"gold_loss":0.0,"damage_taken":16.0,"cards_obtained":["Madness","Madness"]},{"cards_removed":["TalkToTheHand"],"damage_healed":0.0,"max_hp_gain":0.0,"max_hp_loss":0.0,"gold_gain":0.0,"event_name":"Falling","player_choice":"Removed Attack","floor":44.0,"gold_loss":0.0,"damage_taken":0.0}],"is_beta":false,"boss_relics":[{"not_picked":["Coffee Dripper","Pandora\u0027s Box"],"picked":"VioletLotus"},{"not_picked":["Fusion Hammer","Runic Dome"],"picked":"Cursed Key"}],"items_purged_floors":[47],"is_endless":false,"potions_floor_spawned":[4,10,14,18,27,30],"killed_by":"The Heart","ascension_level":20}}