{"host":"opyh6vr790e42ffe","time":1611603490,"event":{"mods":["BaseMod","Bestiary","Colored Map","Highlight Path","Minty Spire (QoL Compilation)","Relic Stats","StSLib"],"gold_per_floor":[364,43,43,60,77,77,101,101,126,126,161,178,188,223,223,324,324,342,352,51,51,0,0,32,54,66,106,134,146,158,170,170],"floor_reached":31,"language":"ENG","playtime":1879,"items_purged":["Strike_G"],"score":348,"play_id":"3e0a27a6-49a0-4ddd-9a36-8bf17c245bbe","local_time":"20210125113810","is_ascension_mode":true,"campfire_choices":[{"data":"Underhanded Strike","floor":6.0,"key":"SMITH"},{"floor":8.0,"key":"REST"},{"data":"Mayhem","floor":10.0,"key":"SMITH"},{"floor":15.0,"key":"REST"},{"data":"Bullet Time","floor":23,"key":"SMITH"},{"data":"Acrobatics","floor":29,"key":"SMITH"}],"circlet_count":0,"master_deck":["Survivor","Neutralize","Underhanded Strike+1","Acrobatics","Mayhem+1","Predator","Outmaneuver","Caltrops","Caltrops","Underhanded Strike","Footwork","PiercingWail","Bullet Time+1","Sucker Punch","Unload","Night Terror","Calculated Gamble","All Out Attack","Flying Knee","Storm of Steel","Endless Agony","Flying Knee","Concentrate","Dagger Throw","Escape Plan","Endless Agony","Acrobatics+1","Dash","Night Terror"],"relics":["Ring of the Snake","Bag of Preparation","Odd Mushroom","Juzu Bracelet","Happy Flower","Kunai","Pandora\u0027s Box","Strawberry","Pen Nib","MawBank","Eternal Feather","Paper Crane"],"acts_visited":["Exordium","TheCity"],"potions_floor_usage":[27,30,30],"damage_taken":[{"damage":2.0,"enemies":"2 Louse","floor":1.0,"turns":4.0},{"damage":1.0,"enemies":"Small Slimes","floor":4.0,"turns":4.0},{"damage":1.0,"enemies":"Cultist","floor":5.0,"turns":3.0},{"damage":43.0,"enemies":"The Mushroom Lair","floor":7.0,"turns":6.0},{"damage":27.0,"enemies":"3 Sentries","floor":11.0,"turns":8.0},{"damage":1.0,"enemies":"Looter","floor":12.0,"turns":3.0},{"damage":0.0,"enemies":"2 Fungi Beasts","floor":13.0,"turns":2.0},{"damage":17.0,"enemies":"Gremlin Nob","floor":14.0,"turns":4.0},{"damage":7.0,"enemies":"The Guardian","floor":16.0,"turns":12.0},{"damage":0.0,"enemies":"Shell Parasite","floor":18.0,"turns":3.0},{"damage":0,"enemies":"Chosen","floor":19,"turns":3},{"damage":28,"enemies":"Gremlin Leader","floor":24,"turns":5},{"damage":0,"enemies":"3 Cultists","floor":25,"turns":3},{"damage":37,"enemies":"Slavers","floor":27,"turns":5},{"damage":0,"enemies":"Snecko","floor":28,"turns":3},{"damage":26,"enemies":"Book of Stabbing","floor":30,"turns":3},{"damage":8,"enemies":"Sentry and Sphere","floor":31,"turns":3}],"seed_played":"-1642433859524151868","potions_obtained":[{"floor":4.0,"key":"Strength Potion"},{"floor":7.0,"key":"Regen Potion"},{"floor":12.0,"key":"EssenceOfSteel"},{"floor":14.0,"key":"SteroidPotion"},{"floor":16.0,"key":"ColorlessPotion"},{"floor":19,"key":"Regen Potion"},{"floor":27,"key":"SmokeBomb"}],"is_trial":false,"path_per_floor":["M","$","?","M","M","R","?","R","T","R","E","M","M","E","R","B",null,"M","M","$","?","?","R","E","M","T","E","M","R","E","M"],"character_chosen":"THE_SILENT","items_purchased":["Acrobatics","Mayhem","Escape Plan","Endless Agony","Acrobatics","Strawberry"],"campfire_rested":2,"item_purchase_floors":[2,2,20,20,20,20],"current_hp_per_floor":[61,61,58,57,56,56,13,31,31,31,19,18,18,1,19,12,63,63,63,70,70,70,70,42,42,42,19,19,34,8,0,0],"gold":170,"neow_bonus":"TWO_FIFTY_GOLD","is_daily":false,"chose_seed":false,"campfire_upgraded":4,"win_rate":0.0,"timestamp":1611603490,"path_taken":["M","$","?","M","M","R","?","R","T","R","E","M","M","E","R","BOSS","M","M","$","?","?","R","E","M","T","E","M","R","E","M"],"items_purchased_type":["Card","Card","Card","Card","Card","Relic"],"build_version":"2020-12-22","purchased_purges":1,"victory":false,"max_hp_per_floor":[63,63,63,63,63,63,63,63,63,63,63,63,63,63,63,63,63,63,63,70,70,70,70,70,70,70,70,70,70,70,70,70],"relic_stats":{"Happy Flower":[16],"counters":[17,74],"Pandora\u0027s Box":["Sucker Punch","Unload","Night Terror","Calculated Gamble","All Out Attack","Flying Knee","Storm of Steel","Endless Agony","Flying Knee"],"Eternal Feather":15,"Pen Nib":[8],"Bag of Preparation":[32],"Juzu Bracelet":0,"Kunai":[30],"MawBank":84,"obtain_stats":[{"Happy Flower":11,"Strawberry":20,"Pandora\u0027s Box":17,"Eternal Feather":26,"Pen Nib":22,"Bag of Preparation":3,"Juzu Bracelet":9,"Kunai":14,"Odd Mushroom":7,"Paper Crane":27,"MawBank":24,"Ring of the Snake":0},{"Happy Flower":5,"Strawberry":11,"Pandora\u0027s Box":9,"Eternal Feather":13,"Pen Nib":11,"Bag of Preparation":1,"Juzu Bracelet":4,"Kunai":8,"Odd Mushroom":4,"Paper Crane":14,"MawBank":12,"Ring of the Snake":0},{"Happy Flower":25,"Strawberry":52,"Pandora\u0027s Box":46,"Eternal Feather":60,"Pen Nib":52,"Bag of Preparation":4,"Juzu Bracelet":17,"Kunai":34,"Odd Mushroom":17,"Paper Crane":65,"MawBank":57,"Ring of the Snake":0}],"Ring of the Snake":[37]},"card_choices":[{"not_picked":["Acrobatics","Flying Knee"],"picked":"Underhanded Strike","floor":1.0},{"not_picked":["Bane","Prepared"],"picked":"Predator","floor":4.0},{"not_picked":["Blade Dance","Poisoned Stab"],"picked":"Outmaneuver","floor":5.0},{"not_picked":["Prepared","Dodge and Roll"],"picked":"Caltrops","floor":7.0},{"not_picked":["Bane","Distraction"],"picked":"Caltrops","floor":11.0},{"not_picked":["Storm of Steel","Distraction"],"picked":"Underhanded Strike","floor":12.0},{"not_picked":["Accuracy","Heel Hook"],"picked":"Footwork","floor":13.0},{"not_picked":["Acrobatics","Sucker Punch"],"picked":"PiercingWail","floor":14.0},{"not_picked":["A Thousand Cuts","After Image"],"picked":"Bullet Time","floor":16.0},{"not_picked":["Flying Knee","Finisher"],"picked":"Concentrate","floor":18},{"not_picked":["Flying Knee","All Out Attack"],"picked":"Dagger Throw","floor":19},{"not_picked":["Distraction","Poisoned Stab"],"picked":"Dash","floor":24},{"not_picked":["Poisoned Stab","Infinite Blades","Distraction"],"picked":"SKIP","floor":25},{"not_picked":["Phantasmal Killer","Sucker Punch"],"picked":"Night Terror","floor":27},{"not_picked":["Deflect","Deadly Poison","Underhanded Strike"],"picked":"SKIP","floor":28}],"player_experience":2476410,"relics_obtained":[{"floor":7.0,"key":"Odd Mushroom"},{"floor":9.0,"key":"Juzu Bracelet"},{"floor":11.0,"key":"Happy Flower"},{"floor":14.0,"key":"Kunai"},{"floor":24,"key":"MawBank"},{"floor":26,"key":"Eternal Feather"},{"floor":27,"key":"Paper Crane"}],"event_choices":[{"damage_healed":0.0,"max_hp_gain":0.0,"max_hp_loss":0.0,"gold_gain":0.0,"event_name":"Scrap Ooze","player_choice":"Success","floor":3.0,"gold_loss":0.0,"damage_taken":3.0,"relics_obtained":["Bag of Preparation"]},{"damage_healed":0.0,"max_hp_gain":0.0,"max_hp_loss":0.0,"gold_gain":0.0,"event_name":"Mushrooms","player_choice":"Fought Mushrooms","floor":7.0,"gold_loss":0.0,"damage_taken":0.0},{"damage_healed":0,"gold_gain":0,"player_choice":"Ignored","damage_taken":0,"max_hp_gain":0,"max_hp_loss":0,"event_name":"Vampires","floor":21,"gold_loss":0},{"damage_healed":0,"gold_gain":0,"player_choice":"Paid Gold","damage_taken":0,"relics_obtained":["Pen Nib"],"max_hp_gain":0,"max_hp_loss":0,"event_name":"WeMeetAgain","floor":22,"gold_loss":51}],"is_beta":false,"boss_relics":[{"not_picked":["Ring of the Serpent","Ectoplasm"],"picked":"Pandora\u0027s Box"}],"items_purged_floors":[2],"is_endless":false,"potions_floor_spawned":[4,7,12,14,16,19,24,27,30],"killed_by":"Sentry and Sphere","ascension_level":3}}