{"host":"7j2n82b2zha9fuyn","time":1611552390,"event":{"mods":["BaseMod","Block Reminder","Minty Spire (QoL Compilation)","Replay The Spire","StSLib"],"gold_per_floor":[118,138,138,151,24,24,38,64,112,112,125,153,153,172,172,243,243,253,12,12,12,41,53,53],"floor_reached":23,"language":"ENG","playtime":15323,"items_purged":["Strike_G"],"score":382,"play_id":"77b01895-0576-4c82-ad64-842575d4bbb3","local_time":"20210124222630","is_ascension_mode":true,"campfire_choices":[{"data":"Footwork","floor":6.0,"key":"SMITH"},{"data":"Eviscerate","floor":10.0,"key":"SMITH"},{"floor":13.0,"key":"REST"},{"data":"Cloak And Dagger","floor":15.0,"key":"SMITH"}],"circlet_count":0,"master_deck":["AscendersBane","Strike_G","Strike_G","Strike_G","Strike_G","Defend_G","Defend_G","Defend_G","Defend_G","Defend_G","Survivor","Neutralize","Eviscerate+1","Flying Knee","Blade Dance","Footwork+1","Poisoned Stab+1","Acrobatics","PiercingWail","Cloak And Dagger+1","Dagger Throw","Backflip","RitualDagger","Calculated Gamble"],"relics":["Ring of the Snake","Eternal Feather","Replay:Wax Seal","ReplayTheSpireMod:TigerMarble","Snake Skull","Sozu","Replay:Bandana"],"acts_visited":["Exordium","TheCity"],"potions_floor_usage":[],"damage_taken":[{"damage":0.0,"enemies":"2 Louse","floor":1.0,"turns":4.0},{"damage":7.0,"enemies":"Jaw Worm","floor":2.0,"turns":6.0},{"damage":1.0,"enemies":"Cultist","floor":4.0,"turns":4.0},{"damage":8.0,"enemies":"Exordium Wildlife","floor":7.0,"turns":6.0},{"damage":28.0,"enemies":"Lagavulin","floor":8.0,"turns":9.0},{"damage":0.0,"enemies":"2 Fungi Beasts","floor":11.0,"turns":4.0},{"damage":27.0,"enemies":"Gremlin Nob","floor":12.0,"turns":4.0},{"damage":0.0,"enemies":"3 Louse","floor":14.0,"turns":4.0},{"damage":54.0,"enemies":"Fading Forest","floor":16.0,"turns":11.0},{"damage":15.0,"enemies":"Shell Parasite","floor":18.0,"turns":6.0},{"damage":9.0,"enemies":"2 Thieves","floor":22.0,"turns":4.0},{"damage":41,"enemies":"Slavers","floor":23,"turns":3}],"seed_played":"6822516871469746462","potions_obtained":[{"floor":1.0,"key":"Fire Potion"},{"floor":4.0,"key":"PowerPotion"},{"floor":11.0,"key":"SkillPotion"}],"is_trial":false,"path_per_floor":["M","M","?","M","$","R","M","E","T","R","M","E","R","M","R","B",null,"M","$","?","?","M","E"],"character_chosen":"THE_SILENT","items_purchased":["Footwork","Poisoned Stab+1","Replay:Bandana"],"campfire_rested":1,"item_purchase_floors":[5,5,19],"current_hp_per_floor":[65,58,53,52,52,61,53,25,25,37,37,10,43,43,55,13,57,42,42,42,36,27,0,0],"gold":53,"neow_bonus":"TEN_PERCENT_HP_BONUS","is_daily":false,"chose_seed":false,"campfire_upgraded":3,"win_rate":0.0,"timestamp":1611552390,"path_taken":["M","M","?","M","$","R","M","E","T","R","M","E","R","M","R","BOSS","M","$","?","?","M","E"],"items_purchased_type":["Card","Card","Relic"],"build_version":"2020-12-22","purchased_purges":1,"victory":false,"max_hp_per_floor":[72,72,72,72,72,72,72,72,72,72,72,72,72,72,72,72,72,72,72,72,72,72,72,72],"card_choices":[{"not_picked":["Dodge and Roll","Hidden Blade"],"picked":"Eviscerate","floor":1.0},{"not_picked":["Escape Plan","Underhanded Strike"],"picked":"Flying Knee","floor":2.0},{"not_picked":["Dodge and Roll","Backflip"],"picked":"Blade Dance","floor":4.0},{"not_picked":["Sucker Punch","Predator"],"picked":"Acrobatics","floor":7.0},{"not_picked":["Blade Dance","Atom Bomb"],"picked":"PiercingWail","floor":8.0},{"not_picked":["Blade Dance","Outmaneuver"],"picked":"Cloak And Dagger","floor":11.0},{"not_picked":["Flying Knee","Finisher"],"picked":"Dagger Throw","floor":12.0},{"not_picked":["Underhanded Strike","Quick Slash","Deadly Poison"],"picked":"SKIP","floor":14.0},{"not_picked":["ReplayTheSpireMod:Tripwire","Sucker Punch"],"picked":"Backflip","floor":18.0},{"not_picked":["Quick Slash","Blade Dance"],"picked":"Calculated Gamble","floor":22.0}],"player_experience":1913067,"relics_obtained":[{"floor":8.0,"key":"Replay:Wax Seal"},{"floor":9.0,"key":"ReplayTheSpireMod:TigerMarble"},{"floor":12.0,"key":"Snake Skull"}],"event_choices":[{"damage_healed":0.0,"max_hp_gain":0.0,"max_hp_loss":0.0,"gold_gain":0.0,"event_name":"Scrap Ooze","player_choice":"Success","floor":3.0,"gold_loss":0.0,"damage_taken":5.0,"relics_obtained":["Eternal Feather"]},{"damage_healed":0.0,"max_hp_gain":0.0,"max_hp_loss":0.0,"gold_gain":0.0,"event_name":"The Mausoleum","player_choice":"Ignored","floor":20.0,"gold_loss":0.0,"damage_taken":0.0},{"damage_healed":0.0,"max_hp_gain":0.0,"max_hp_loss":0.0,"gold_gain":0.0,"event_name":"Nest","player_choice":"Joined the Cult","floor":21.0,"gold_loss":0.0,"damage_taken":6.0,"cards_obtained":["RitualDagger"]}],"is_beta":false,"boss_relics":[{"not_picked":["WristBlade","Abe\u0027s Treasure"],"picked":"Sozu"}],"items_purged_floors":[19],"is_endless":false,"potions_floor_spawned":[1,4,11,18],"killed_by":"Slavers","ascension_level":18}}