{"host":"h9c2ptiayi21rmia","time":1611549329,"event":{"mods":["AchievementEnabler","Aspiration","BaseMod","Better Altar","Better Match","Better Note","Better Sensory Stone","Better Skull","Better Third Choice","Better Vampires","Block Reminder","ChefMod","Dio Mod","Evolution","Hermit","Hubris","JesterMod","Jorbs\u0027s Wanderer Trilogy","Kratos Character Expansion","Minty Spire (QoL Compilation)","Permanent Neow","Relic Stats","Replay The Spire","Shade Mod","Small Relic Pack","Spicy Shops","StS++","StSLib","The Dragon Tamer","The Marked","TheSwordswoman"],"gold_per_floor":[214,234,234,254,254,282,282,315,315,315,334,334,334,346,346,443,443,443,443],"floor_reached":18,"language":"ENG","playtime":1018,"items_purged":[],"score":170,"play_id":"5d87f5aa-559d-4a70-a7a3-c4d0b5066165","local_time":"20210124233529","is_ascension_mode":false,"campfire_choices":[{"floor":7.0,"key":"REST"},{"floor":10.0,"key":"REST"},{"floor":15.0,"key":"DIG"}],"circlet_count":0,"master_deck":["dioMod:StreetSign","dioMod:StreetSign","dioMod:Strike","dioMod:Strike","Bite+1","dioMod:Defend","dioMod:Defend","dioMod:Defend","dioMod:Defend+1","dioMod:LaserVision+1","dioMod:BloodSuck","dioMod:Muda","dioMod:CutDeep","dioMod:DaggerToss","dioMod:MudaMudaMuda","Injury","dioMod:Minions","dioMod:PathToHeaven"],"relics":["dioMod:JoestarBlood","EVO:Axolotl","Eternal Feather","Gremlin Food","Iron Hammer","aspiration:Lifesprig","Mirror","Molten Egg 2","Ancient Tea Set"],"acts_visited":["Exordium","TheCity"],"potions_floor_usage":[],"damage_taken":[{"damage":11.0,"enemies":"Jaw Worm","floor":1.0,"turns":2.0},{"damage":0.0,"enemies":"Cultist","floor":2.0,"turns":2.0},{"damage":2.0,"enemies":"Small Slimes","floor":4.0,"turns":2.0},{"damage":21.0,"enemies":"3 Sentries","floor":6.0,"turns":6.0},{"damage":39.0,"enemies":"Lagavulin","floor":8.0,"turns":6.0},{"damage":6.0,"enemies":"Blue Slaver","floor":11.0,"turns":4.0},{"damage":10.0,"enemies":"Looter","floor":14.0,"turns":2.0},{"damage":36.0,"enemies":"Slime Boss","floor":16.0,"turns":6.0},{"damage":27,"enemies":"Shell Parasite","floor":18,"turns":4}],"seed_played":"-5419529359953396679","potions_obtained":[{"floor":6.0,"key":"Strength Potion"},{"floor":8.0,"key":"FearPotion"},{"floor":11.0,"key":"ColorlessPotion"},{"floor":16.0,"key":"Weak Potion"}],"is_trial":false,"path_per_floor":["M","M","?","M","?","E","R","E","T","R","M","T","?","M","R","B",null,"M"],"character_chosen":"THE_DEFAULT","items_purchased":[],"campfire_rested":2,"item_purchase_floors":[],"current_hp_per_floor":[69,74,74,75,75,65,75,55,55,75,72,72,72,65,74,66,75,48,48],"gold":443,"neow_bonus":"HUNDRED_GOLD","is_daily":false,"chose_seed":false,"campfire_upgraded":0,"win_rate":0.0,"timestamp":1611549329,"path_taken":["M","M","?","?","?","E","R","E","T","R","M","?","?","M","R","BOSS","M"],"items_purchased_type":[],"build_version":"2020-12-22","purchased_purges":0,"victory":false,"max_hp_per_floor":[75,75,75,75,75,75,75,75,75,75,75,75,75,75,75,75,75,75,75],"relic_stats":{"counters":[9,34],"Eternal Feather":21,"obtain_stats":[{"Gremlin Food":6,"aspiration:Lifesprig":9,"dioMod:VampireBlood":0,"dioMod:JoestarBlood":17,"Eternal Feather":3,"Molten Egg 2":13,"Iron Hammer":8,"EVO:Axolotl":0,"Mirror":12,"Ancient Tea Set":15},{"Gremlin Food":4,"aspiration:Lifesprig":5,"dioMod:VampireBlood":0,"dioMod:JoestarBlood":8,"Eternal Feather":2,"Molten Egg 2":6,"Iron Hammer":5,"EVO:Axolotl":0,"Mirror":6,"Ancient Tea Set":7},{"Gremlin Food":12,"aspiration:Lifesprig":18,"dioMod:VampireBlood":0,"dioMod:JoestarBlood":30,"Eternal Feather":4,"Molten Egg 2":22,"Iron Hammer":18,"EVO:Axolotl":0,"Mirror":22,"Ancient Tea Set":24}]},"card_choices":[{"not_picked":["dioMod:VengefulMuda","dioMod:CautiousMuda"],"picked":"dioMod:LaserVision","floor":1.0},{"not_picked":["dioMod:StreetSign","dioMod:ComposedMuda"],"picked":"dioMod:BloodSuck","floor":2.0},{"not_picked":["dioMod:RoadRoller","dioMod:BlendIn"],"picked":"dioMod:Muda","floor":4.0},{"not_picked":["dioMod:SlashThroughTime","dioMod:BloodSuck"],"picked":"dioMod:CutDeep","floor":6.0},{"not_picked":["dioMod:DarkRebirth","dioMod:HeavyLifting"],"picked":"dioMod:DaggerToss","floor":8.0},{"not_picked":["dioMod:CautiousMuda","dioMod:SadisticLaugh"],"picked":"dioMod:MudaMudaMuda","floor":11.0},{"not_picked":["dioMod:SecretPlan","dioMod:Freeze"],"picked":"dioMod:Minions","floor":14.0},{"not_picked":["dioMod:KonoDioDa","dioMod:Regeneration"],"picked":"dioMod:PathToHeaven","floor":16.0}],"player_experience":298242,"relics_obtained":[{"floor":3.0,"key":"Eternal Feather"},{"floor":6.0,"key":"Gremlin Food"},{"floor":8.0,"key":"Iron Hammer"},{"floor":9.0,"key":"aspiration:Lifesprig"},{"floor":12.0,"key":"Mirror"},{"floor":15.0,"key":"Ancient Tea Set"}],"event_choices":[{"damage_healed":0.0,"max_hp_gain":0.0,"max_hp_loss":0.0,"gold_gain":0.0,"event_name":"Wheel of Change","player_choice":"Relic","floor":3.0,"gold_loss":0.0,"damage_taken":0.0}],"is_beta":false,"boss_relics":[{"not_picked":["Snecko Eye","Coffee Dripper"],"picked":"dioMod:JoestarBlood"}],"items_purged_floors":[],"is_endless":false,"potions_floor_spawned":[6,8,11,16],"killed_by":"Shell Parasite","ascension_level":0}}