{"host":"snn1c4qsf0fj7fzf","time":1611590907,"event":{"mods":["AchievementEnabler","Aspiration","Astrologer","BaseMod","Colored Powertips","Downfall","Hermit","Infinite Spire","Lobotomy","Marisa????????","Minty Spire (QoL Compilation)","Random Character Button","Rare Cards Sparkle","Reimu??????","Reliquary","Replay The Spire","Shop Mod","Spire Arcade","StSLib","The Administrix","The Cursed","The Gatherer","The Hierophant","The Poker Player","The Runesmith","Wandering Minibosses"],"gold_per_floor":[115,190,190,201,201,201,201],"floor_reached":6,"language":"ENG","playtime":203,"items_purged":[],"score":37,"play_id":"ae6d8b03-eed9-4eb3-9258-5da91b976261","local_time":"20210126000827","is_ascension_mode":true,"campfire_choices":[],"circlet_count":0,"master_deck":["Strike_B","Strike_B","Strike_B","Strike_B","Defend_B","Defend_B","Defend_B","Defend_B","Zap","Dualcast+1","Conserve Battery","ReplayTheSpireMod:Calculation Training"],"relics":["Cracked Core","aspiration:Nostalgia","champ:ChampionCrown","Pet Ghost"],"acts_visited":[],"potions_floor_usage":[],"damage_taken":[{"damage":1,"enemies":"Cultist","floor":1,"turns":3},{"damage":17,"enemies":"Jaw Worm","floor":4,"turns":6},{"damage":36,"enemies":"Gremlin Nob","floor":6,"turns":4}],"seed_played":"5478293819081352859","potions_obtained":[{"floor":4,"key":"PotionOfCapacity"}],"is_trial":false,"path_per_floor":["M","?","?","M","?","E"],"character_chosen":"DEFECT","items_purchased":[],"campfire_rested":0,"item_purchase_floors":[],"current_hp_per_floor":[74,63,63,46,21,0,0],"gold":201,"neow_bonus":"NOSTALGIA","is_daily":false,"chose_seed":false,"campfire_upgraded":0,"win_rate":0.0,"timestamp":1611590907,"path_taken":["M","?","?","M","?","E"],"items_purchased_type":[],"build_version":"2020-12-22","purchased_purges":0,"victory":false,"max_hp_per_floor":[75,75,75,75,75,75,75],"card_choices":[{"not_picked":["Panic Button","Redo"],"picked":"Conserve Battery","floor":1},{"not_picked":["Leap","Barrage"],"picked":"ReplayTheSpireMod:Calculation Training","floor":4}],"player_experience":319813,"relics_obtained":[],"event_choices":[{"damage_healed":0,"gold_gain":75,"player_choice":"Gather Gold","damage_taken":11,"max_hp_gain":0,"max_hp_loss":0,"event_name":"World of Goop","floor":2,"gold_loss":0},{"damage_healed":0,"gold_gain":0,"player_choice":"Success","damage_taken":25,"relics_obtained":["Pet Ghost"],"max_hp_gain":0,"max_hp_loss":0,"event_name":"Scrap Ooze","floor":5,"gold_loss":0}],"is_beta":false,"boss_relics":[],"items_purged_floors":[],"is_endless":false,"potions_floor_spawned":[4],"killed_by":"Gremlin Nob","ascension_level":2}}