{"host":"7ignn9ecrhg4n0rm","time":1611596358,"event":{"mods":["BaseMod","Minty Spire (QoL Compilation)","Relic Stats","StSLib"],"gold_per_floor":[119,133,143,143,93,119,119,119,119],"floor_reached":8,"language":"ENG","playtime":355,"items_purged":[],"score":95,"play_id":"f4c0fc0b-60ed-46a3-a0c1-5267f1568c31","local_time":"20210125093918","is_ascension_mode":true,"campfire_choices":[{"data":"Bullet Time","floor":7,"key":"SMITH"}],"circlet_count":0,"master_deck":["AscendersBane","Strike_G","Strike_G","Strike_G","Strike_G","Defend_G","Defend_G","Defend_G","Defend_G","Defend_G","Survivor","Neutralize","Bullet Time+1","Eviscerate","Escape Plan","Cloak And Dagger","Infinite Blades"],"relics":["Ring of the Snake","Anchor","Mummified Hand"],"acts_visited":["Exordium"],"potions_floor_usage":[8],"damage_taken":[{"damage":1,"enemies":"Cultist","floor":1,"turns":5},{"damage":0,"enemies":"2 Louse","floor":2,"turns":3},{"damage":0,"enemies":"Small Slimes","floor":3,"turns":3},{"damage":31,"enemies":"Lagavulin","floor":6,"turns":8},{"damage":68,"enemies":"Gremlin Nob","floor":8,"turns":5}],"seed_played":"2929209264660601423","potions_obtained":[{"floor":1,"key":"Block Potion"}],"is_trial":false,"path_per_floor":["M","M","M","?","?","E","R","E"],"character_chosen":"THE_SILENT","items_purchased":[],"campfire_rested":0,"item_purchase_floors":[],"current_hp_per_floor":[58,58,58,55,55,24,24,0,0],"gold":119,"neow_bonus":"ONE_RANDOM_RARE_CARD","is_daily":false,"chose_seed":false,"campfire_upgraded":1,"win_rate":0.0,"timestamp":1611596358,"path_taken":["M","?","M","?","?","E","R","E"],"items_purchased_type":[],"build_version":"2020-12-22","purchased_purges":0,"victory":false,"max_hp_per_floor":[66,66,66,66,66,66,66,66,66],"relic_stats":{"counters":[5,24],"Mummified Hand":[1],"obtain_stats":[{"Anchor":4,"Mummified Hand":6,"Ring of the Snake":0},{"Anchor":3,"Mummified Hand":4,"Ring of the Snake":0},{"Anchor":11,"Mummified Hand":19,"Ring of the Snake":0}],"Ring of the Snake":[10]},"card_choices":[{"not_picked":["Flechettes","Outmaneuver"],"picked":"Eviscerate","floor":1},{"not_picked":["Poisoned Stab","Deflect"],"picked":"Escape Plan","floor":2},{"not_picked":["Flechettes","Slice"],"picked":"Cloak And Dagger","floor":3},{"not_picked":["Deadly Poison","Blade Dance"],"picked":"Infinite Blades","floor":6}],"player_experience":232987,"relics_obtained":[{"floor":6,"key":"Mummified Hand"}],"event_choices":[{"damage_healed":0,"gold_gain":0,"player_choice":"Success","damage_taken":3,"relics_obtained":["Anchor"],"max_hp_gain":0,"max_hp_loss":0,"event_name":"Scrap Ooze","floor":4,"gold_loss":0},{"cards_removed":["Strike_G"],"damage_healed":0,"gold_gain":0,"player_choice":"Card Removal","damage_taken":0,"max_hp_gain":0,"max_hp_loss":0,"event_name":"The Cleric","floor":5,"gold_loss":50}],"is_beta":false,"boss_relics":[],"items_purged_floors":[],"is_endless":false,"potions_floor_spawned":[1],"killed_by":"Gremlin Nob","ascension_level":14}}