{"host":"2ica2wc1gg7guzbw","time":1611600281,"event":{"mods":["BaseMod","Colored Map","Minty Spire (QoL Compilation)","Replay The Spire","Shop Mod","StSLib"],"gold_per_floor":[117,117,132,407,421,447,457,457,457],"floor_reached":8,"language":"RUS","playtime":209,"items_purged":[],"score":116,"play_id":"5eebe34f-ba0e-468a-90d6-dfde9711dc01","local_time":"20210125224441","is_ascension_mode":true,"campfire_choices":[],"circlet_count":0,"master_deck":["AscendersBane","Strike_B","Strike_B","Strike_B","Strike_B","Defend_B","Defend_B","Defend_B","Defend_B","Zap","Dualcast","Compile Driver+1","White Noise","Regret","Doom and Gloom","ReplayTheSpireMod:Fabricate Wheel"],"relics":["Cracked Core","NeowsBlessing","HornCleat"],"acts_visited":["Exordium"],"potions_floor_usage":[8],"damage_taken":[{"damage":0.0,"enemies":"Jaw Worm","floor":1.0,"turns":1.0},{"damage":0.0,"enemies":"2 Louse","floor":3.0,"turns":1.0},{"damage":0.0,"enemies":"Cultist","floor":5.0,"turns":1.0},{"damage":27.0,"enemies":"Lagavulin","floor":6.0,"turns":5.0},{"damage":6.0,"enemies":"2 Fungi Beasts","floor":7.0,"turns":3.0},{"damage":11,"enemies":"Replay:BlueRogue","floor":8,"turns":3}],"seed_played":"-5187066210012600589","potions_obtained":[{"floor":3.0,"key":"SkillPotion"},{"floor":7.0,"key":"SpeedPotion"}],"is_trial":false,"path_per_floor":["M","?","M","?","M","E","M","E"],"character_chosen":"DEFECT","items_purchased":[],"campfire_rested":0,"item_purchase_floors":[],"current_hp_per_floor":[64,64,64,64,64,37,31,20,20],"gold":457,"neow_bonus":"THREE_ENEMY_KILL","is_daily":false,"chose_seed":false,"campfire_upgraded":0,"win_rate":0.0,"timestamp":1611600281,"path_taken":["M","?","M","?","M","E","?","E"],"items_purchased_type":[],"build_version":"2020-12-22","purchased_purges":0,"victory":false,"max_hp_per_floor":[71,71,71,71,71,71,71,71,71],"card_choices":[{"not_picked":["Steam","Leap"],"picked":"Compile Driver","floor":1.0},{"not_picked":["BasicCrystalCard","ReplayGash"],"picked":"White Noise","floor":3.0},{"not_picked":["Steam","Redo","BasicCrystalCard"],"picked":"SKIP","floor":5.0},{"not_picked":["Self Repair","Go for the Eyes"],"picked":"Doom and Gloom","floor":6.0},{"not_picked":["FTL","Rebound"],"picked":"ReplayTheSpireMod:Fabricate Wheel","floor":7.0}],"player_experience":931311,"relics_obtained":[{"floor":6.0,"key":"HornCleat"}],"event_choices":[{"damage_healed":0.0,"max_hp_gain":0.0,"max_hp_loss":0.0,"gold_gain":0.0,"event_name":"Living Wall","player_choice":"Grow","floor":2.0,"gold_loss":0.0,"damage_taken":0.0,"cards_upgraded":["Compile Driver"]},{"damage_healed":0.0,"max_hp_gain":0.0,"max_hp_loss":0.0,"gold_gain":275.0,"event_name":"Golden Shrine","player_choice":"Desecrate","floor":4.0,"gold_loss":0.0,"damage_taken":0.0,"cards_obtained":["Regret"]}],"is_beta":false,"boss_relics":[],"items_purged_floors":[],"is_endless":false,"potions_floor_spawned":[3,7],"killed_by":"Replay:BlueRogue","ascension_level":20}}