{"host":"3uci9gpt6cwo3y1o","time":1611562365,"event":{"mods":["BaseMod","Energized Spire","Minty Spire (QoL Compilation)","MostiFishMod","Relic Filter Mod","Replay The Spire","StSLib","TestMod","¡¾ÒÅÎï¿¨ÅÆ¡¿REMEMod"],"gold_per_floor":[115,190,190,200,200,225,242,274,274,309,324,341,341,341,359,119,119,221,221,221,221],"floor_reached":20,"language":"ZHS","playtime":828,"items_purged":["Defend_P"],"score":476,"play_id":"38820bfc-e8d9-4018-b608-ecf64eb97ce2","local_time":"20210125161245","is_ascension_mode":true,"campfire_choices":[{"floor":17,"key":"RECALL"}],"circlet_count":0,"master_deck":["AscendersBane","Strike_P","Strike_P","Strike_P","Strike_P","Defend_P","Defend_P","Defend_P","Eruption","Vigilance","Vault","ClearTheMind","InnerPeace","MostiFishMod:FlowState","Indignation","Prostrate","FearNoEvil+1","ReplayTheSpireMod:Private Reserves+1","Vault+1"],"relics":["PureWater","DaveBox","testmod-TestBox","REME_ComplimentaryCards","PatriotShield","testmod-RainbowHikingShoes","SynthV:TestCard","White Beast Statue","Pen Nib","Ornamental Fan","Golden Egg","BloodWine"],"acts_visited":["Exordium","TheCity"],"potions_floor_usage":[],"damage_taken":[{"damage":0.0,"enemies":"Cultist","floor":1.0,"turns":2.0},{"damage":0.0,"enemies":"2 Louse","floor":4.0,"turns":1.0},{"damage":0.0,"enemies":"Gremlin Nob","floor":6.0,"turns":2.0},{"damage":0.0,"enemies":"Jaw Worm","floor":7.0,"turns":1.0},{"damage":0.0,"enemies":"Lagavulin","floor":8.0,"turns":3.0},{"damage":0.0,"enemies":"3 Sentries","floor":10.0,"turns":3.0},{"damage":0.0,"enemies":"Exordium Thugs","floor":11.0,"turns":2.0},{"damage":0.0,"enemies":"2 Fungi Beasts","floor":12.0,"turns":1.0},{"damage":0.0,"enemies":"3 Louse","floor":15.0,"turns":4.0},{"damage":0,"enemies":"Fading Forest","floor":18,"turns":11},{"damage":0,"enemies":"Spheric Guardian","floor":20,"turns":1}],"seed_played":"-6693904364165766795","potions_obtained":[{"floor":1.0,"key":"Elixir"},{"floor":7.0,"key":"SpeedPotion"},{"floor":8.0,"key":"SmokeBomb"},{"floor":10.0,"key":"Energy Potion"},{"floor":11.0,"key":"Milkshake"},{"floor":12.0,"key":"Adrenaline Potion"}],"is_trial":false,"path_per_floor":["M","?","?","M","T","E","M","E","T","E","M","M","PTL","PTL","M","$","R","B",null,"M"],"character_chosen":"WATCHER","items_purchased":["FearNoEvil","ReplayTheSpireMod:Private Reserves"],"campfire_rested":0,"item_purchase_floors":[16,16],"current_hp_per_floor":[72,61,66,66,66,66,66,66,66,66,66,66,66,66,66,66,66,66,80,80,80],"gold":221,"neow_bonus":"TEN_PERCENT_HP_BONUS","is_daily":false,"chose_seed":false,"campfire_upgraded":0,"win_rate":0.0,"timestamp":1611562365,"path_taken":["M","?","?","M","?","E","M","E","T","E","M","?","PTL","PTL","M","$","R","BOSS","M"],"items_purchased_type":["Card","Card"],"build_version":"2020-12-22","purchased_purges":1,"victory":false,"max_hp_per_floor":[79,79,84,84,84,84,84,84,84,84,84,84,84,84,84,84,84,84,84,84,84],"card_choices":[{"not_picked":["Consecrate","PathToVictory","Evaluate"],"picked":"SKIP","floor":1.0},{"not_picked":["FlurryOfBlows","Evaluate","Sanctity","BattleHymn"],"picked":"ClearTheMind","floor":4.0},{"not_picked":["REME_WorshipGod","Replay:AtTheReady","CutThroughFate","ForeignInfluence"],"picked":"InnerPeace","floor":6.0},{"not_picked":["CutThroughFate","MostiFishMod:Nomercy","Replay:ManipulateFuture","BowlingBash","ThirdEye"],"picked":"SKIP","floor":7.0},{"not_picked":["FlurryOfBlows","Sanctity","SashWhip","PathToVictory"],"picked":"MostiFishMod:FlowState","floor":8.0},{"not_picked":["PathToVictory","Crescendo","WaveOfTheHand","MostiFishMod:Adaptation"],"picked":"Indignation","floor":10.0},{"not_picked":["CarveReality","Study","Perseverance","EmptyBody","MostiFishMod:Speedup"],"picked":"SKIP","floor":11.0},{"not_picked":["PathToVictory","Collect","FollowUp","JustLucky","Replay:Anticipation"],"picked":"SKIP","floor":12.0},{"not_picked":["EmptyMind","FollowUp","EmptyFist","REME_Repentance"],"picked":"Prostrate","floor":15.0},{"not_picked":["MostiFishMod:Dust","MostiFishMod:StarWish","Replay:AllIn","MostiFishMod:StarHerder"],"picked":"Vault","floor":18}],"player_experience":875862,"relics_obtained":[{"floor":1.0,"key":"SynthV:TestCard"},{"floor":6.0,"key":"White Beast Statue"},{"floor":8.0,"key":"Pen Nib"},{"floor":9.0,"key":"Ornamental Fan"},{"floor":10.0,"key":"Golden Egg"}],"event_choices":[{"damage_healed":0.0,"max_hp_gain":0.0,"max_hp_loss":0.0,"gold_gain":75.0,"event_name":"World of Goop","player_choice":"Gather Gold","floor":2.0,"gold_loss":0.0,"damage_taken":11.0},{"damage_healed":0.0,"max_hp_gain":5.0,"max_hp_loss":0.0,"gold_gain":0.0,"event_name":"Big Fish","player_choice":"Donut","floor":3.0,"gold_loss":0.0,"damage_taken":0.0}],"is_beta":false,"boss_relics":[{"not_picked":["Replay:Wanted Poster","GreenFoldingFan"],"picked":"BloodWine"}],"items_purged_floors":[16],"is_endless":false,"potions_floor_spawned":[1,7,8,10,11,12,15,18],"killed_by":"Spheric Guardian","ascension_level":10}}