{"host":"q0ahhcf6jhp3yzzb","time":1611550461,"event":{"mods":["BaseMod","Downfall","Minty Spire (QoL Compilation)","Relic Stats","StSLib"],"gold_per_floor":[99,99,9,9,26,55,67,79,117,139,151,187,99,145,176,286,298,310,342,8,22,22,33,106,106,106,106,121,149,149,181,191,294,294,294,304,327,83,103,103,103,116,151,162,162,181,181,200,210,210],"floor_reached":51,"language":"ENG","playtime":3085,"items_purged":["downfall:Malfunctioning"],"score":760,"play_id":"57794d81-da7e-4489-8288-ee016eb14ce1","local_time":"20210124215421","is_ascension_mode":false,"campfire_choices":[{"data":"Guardian:TwinSlam","floor":1.0,"key":"SMITH"},{"data":"Guardian:CurlUp","floor":8.0,"key":"SMITH"},{"data":"Guardian:RefractedBeam","floor":13.0,"key":"SMITH"},{"data":"Guardian:FierceBash","floor":18.0,"key":"SMITH"},{"data":"downfall:Bewildered","floor":26.0,"key":"PURGE"},{"data":"Guardian:TimeSifter","floor":35.0,"key":"SMITH"},{"data":"Guardian:TemporalShield","floor":40,"key":"SMITH"},{"floor":45,"key":"REST"},{"floor":47,"key":"REST"}],"circlet_count":0,"master_deck":["Guardian:Strike_Guardian+1","Guardian:Strike_Guardian+1","Guardian:Defend_Guardian","Guardian:Defend_Guardian","Guardian:Defend_Guardian+1","Guardian:Defend_Guardian","Guardian:CurlUp+1","Guardian:TwinSlam+1","Guardian:DecasProtection","Guardian:RefractedBeam+2","Guardian:Planning","Guardian:Reroute+1","Guardian:FierceBash+1","Guardian:Incinerate","Guardian:TimeSifter+1","Guardian:ChargeCore+1","Guardian:Recover","Guardian:TemporalShield+1","Guardian:Incinerate","Guardian:ShieldCharger+1","Guardian:DonusPower+1","Guardian:AncientConstruct","Guardian:ShieldSpikes","Guardian:Repulse+1","Guardian:PiercingHide+1","Guardian:TemporalShield+1","Guardian:Preprogram+1"],"relics":["Guardian:ModeShifter","Ice Cream","MawBank","TungstenRod","Centennial Puzzle","downfall:HeartBlessingBlue","Peace Pipe","SlaversCollar","Incense Burner","HornCleat","sneckomod:BabySnecko","Bag of Preparation","StrikeDummy","Sozu","Whetstone","Guardian:BottledStasis","Molten Egg 2","Blue Candle"],"acts_visited":["Exordium","TheCity","TheBeyond"],"potions_floor_usage":[43,50,50],"damage_taken":[{"damage":0.0,"enemies":"downfall:FleeingMerchant","floor":3.0,"turns":4.0},{"damage":0.0,"enemies":"2 Louse","floor":5.0,"turns":2.0},{"damage":9.0,"enemies":"Lagavulin","floor":6.0,"turns":7.0},{"damage":15.0,"enemies":"Gremlin Nob","floor":9.0,"turns":4.0},{"damage":0.0,"enemies":"Small Slimes","floor":10.0,"turns":2.0},{"damage":22.0,"enemies":"3 Sentries","floor":14.0,"turns":8.0},{"damage":4.0,"enemies":"Jaw Worm","floor":15.0,"turns":2.0},{"damage":13.0,"enemies":"IC_STATUS_ARCHETYPE","floor":16.0,"turns":6.0},{"damage":11.0,"enemies":"Shell Parasite","floor":19.0,"turns":6.0},{"damage":0.0,"enemies":"downfall:FleeingMerchant","floor":20.0,"turns":4.0},{"damage":9.0,"enemies":"Chosen","floor":21.0,"turns":5.0},{"damage":19.0,"enemies":"Centurion and Healer","floor":23.0,"turns":7.0},{"damage":0.0,"enemies":"Snecko","floor":28.0,"turns":3.0},{"damage":1.0,"enemies":"Slavers","floor":29.0,"turns":6.0},{"damage":0.0,"enemies":"Gremlin Leader","floor":31.0,"turns":7.0},{"damage":0.0,"enemies":"Shelled Parasite and Fungi","floor":32.0,"turns":5.0},{"damage":15.0,"enemies":"SI_MIRROR_ARCHETYPE","floor":33.0,"turns":5.0},{"damage":4.0,"enemies":"Orb Walker","floor":36.0,"turns":3.0},{"damage":0,"enemies":"downfall:FleeingMerchant","floor":38,"turns":4},{"damage":3,"enemies":"3 Darklings","floor":39,"turns":4},{"damage":0,"enemies":"Spire Growth","floor":42,"turns":4},{"damage":28,"enemies":"Nemesis","floor":43,"turns":5},{"damage":19,"enemies":"4 Shapes","floor":44,"turns":6},{"damage":2,"enemies":"Sphere and 2 Shapes","floor":46,"turns":5},{"damage":11,"enemies":"Jaw Worm Horde","floor":48,"turns":7},{"damage":0,"enemies":"Spire Growth","floor":49,"turns":6},{"damage":12,"enemies":"DF_ARCHETYPE_ORBS","floor":50,"turns":8}],"seed_played":"-2447656686385211604","potions_obtained":[{"floor":6.0,"key":"SpeedPotion"},{"floor":9.0,"key":"Fruit Juice"},{"floor":15.0,"key":"hexamod:SoulburnPotion"},{"floor":19.0,"key":"Ancient Potion"},{"floor":28.0,"key":"hexamod:SoulburnPotion"},{"floor":29.0,"key":"CultistPotion"},{"floor":32.0,"key":"LiquidMemories"},{"floor":33.0,"key":"SpeedPotion"}],"is_trial":false,"path_per_floor":["R","?","$","?","M","E","T","R","E","M","?","T","R","E","M","B",null,"R","M","$","M","?","M","T","?","R","?","M","E","?","E","M","B",null,"R","M","?","$","M","R","T","M","E","M","R","M","R","M","M","B",null],"character_chosen":"GUARDIAN","items_purchased":["Incense Burner","Guardian:Recover","Guardian:BottledStasis","Guardian:ShieldSpikes"],"campfire_rested":2,"item_purchase_floors":[20,20,38,38],"current_hp_per_floor":[80,80,80,77,77,68,68,68,53,53,79,79,89,67,63,50,90,90,79,79,70,70,51,51,51,51,51,56,55,55,55,55,40,95,95,91,91,91,88,88,88,88,60,41,69,67,95,84,84,72],"gold":210,"neow_bonus":"TRANSFORM_CARD","is_daily":false,"chose_seed":false,"campfire_upgraded":6,"win_rate":0.0,"timestamp":1611550461,"path_taken":["R","?","$","?","?","E","T","R","E","M","?","?","R","E","M","BOSS","R","M","$","M","?","M","T","?","R","?","?","E","?","E","M","BOSS","R","M","?","$","M","R","T","M","E","M","R","M","R","M","M","BOSS"],"items_purchased_type":["Relic","Card","Relic","Card"],"build_version":"2020-12-22","purchased_purges":1,"victory":true,"max_hp_per_floor":[80,80,80,80,80,80,80,80,80,80,80,80,90,90,90,90,90,90,90,90,90,90,90,90,90,90,90,95,95,95,95,95,95,95,95,95,95,95,95,95,95,95,95,95,95,95,95,95,95,95],"relic_stats":{"Peace Pipe":1,"Sozu":4,"Centennial Puzzle":[45],"counters":[27,135],"Blue Candle":[0],"Bag of Preparation":[26],"Whetstone":["Guardian:RefractedBeam","Guardian:Reroute"],"MawBank":168,"obtain_stats":[{"Ice Cream":4,"Guardian:BottledStasis":38,"Blue Candle":43,"Guardian:ModeShifter":0,"Incense Burner":20,"Bag of Preparation":29,"Whetstone":37,"MawBank":6,"Peace Pipe":14,"Sozu":34,"SlaversCollar":17,"sneckomod:BabySnecko":25,"Centennial Puzzle":9,"HornCleat":24,"downfall:HeartBlessingBlue":13,"Molten Egg 2":41,"StrikeDummy":31,"TungstenRod":7},{"Ice Cream":1,"Guardian:BottledStasis":19,"Blue Candle":22,"Guardian:ModeShifter":0,"Incense Burner":10,"Bag of Preparation":14,"Whetstone":18,"MawBank":3,"Peace Pipe":6,"Sozu":17,"SlaversCollar":8,"sneckomod:BabySnecko":12,"Centennial Puzzle":4,"HornCleat":12,"downfall:HeartBlessingBlue":5,"Molten Egg 2":20,"StrikeDummy":15,"TungstenRod":3},{"Ice Cream":4,"Guardian:BottledStasis":90,"Blue Candle":103,"Guardian:ModeShifter":0,"Incense Burner":45,"Bag of Preparation":66,"Whetstone":86,"MawBank":13,"Peace Pipe":27,"Sozu":83,"SlaversCollar":35,"sneckomod:BabySnecko":57,"Centennial Puzzle":17,"HornCleat":57,"downfall:HeartBlessingBlue":19,"Molten Egg 2":94,"StrikeDummy":73,"TungstenRod":13}],"TungstenRod":34},"card_choices":[{"not_picked":["Guardian:Suspension","Guardian:Clone"],"picked":"Guardian:DecasProtection","floor":3.0},{"not_picked":["Guardian:Gem_Green","Guardian:PrimingBeam"],"picked":"Guardian:RefractedBeam","floor":5.0},{"not_picked":["Guardian:PiercingHide","Guardian:Harden"],"picked":"Guardian:Gem_Yellow","floor":6.0},{"not_picked":["Guardian:Gem_Green","Guardian:Gem_Cyan"],"picked":"Guardian:Planning","floor":9.0},{"not_picked":["Guardian:ChargeCore","Guardian:TimeCapacitor"],"picked":"Guardian:Reroute","floor":10.0},{"not_picked":["Guardian:Planning","Guardian:MultiBeam"],"picked":"Guardian:FierceBash","floor":14.0},{"not_picked":["Guardian:Suspension","Guardian:EvasiveProtocol"],"picked":"Guardian:Incinerate","floor":15.0},{"not_picked":["Guardian:FierceBash","Guardian:StasisStrike"],"picked":"Guardian:TimeSifter","floor":16.0},{"not_picked":["Guardian:CrystalBeam","Guardian:Recover+1"],"picked":"Guardian:ChargeCore+1","floor":19.0},{"not_picked":["Guardian:CrystalBeam","Guardian:ExploitGems"],"picked":"Guardian:Gem_Red","floor":20.0},{"not_picked":["Guardian:Repulse","Guardian:TimeBomb"],"picked":"Guardian:TemporalShield","floor":21.0},{"not_picked":["Guardian:Gem_Cyan","Guardian:PrismaticBarrier"],"picked":"Guardian:Incinerate","floor":23.0},{"not_picked":["Guardian:PiercingHide+1","Guardian:PrismaticBarrier"],"picked":"Guardian:ShieldCharger+1","floor":28.0},{"not_picked":["Guardian:PrimingBeam","Guardian:BaubleBeam","Guardian:Gem_Crimson"],"picked":"SKIP","floor":29.0},{"not_picked":["Guardian:WalkerClaw","Guardian:PiercingHide","Guardian:Gem_Lightblue"],"picked":"SKIP","floor":31.0},{"not_picked":["Guardian:CrystalBeam+1","Guardian:Planning"],"picked":"Guardian:DonusPower+1","floor":32.0},{"not_picked":["Guardian:TimeSifter","Guardian:FastForward"],"picked":"Guardian:AncientConstruct","floor":33.0},{"not_picked":["Guardian:ArmoredProtocol+1","Guardian:FloatingOrbs+1","Guardian:Gem_Red"],"picked":"SKIP","floor":36},{"not_picked":["Guardian:BodySlam","Guardian:Planning"],"picked":"Guardian:Gem_Purple","floor":38},{"not_picked":["Guardian:Gem_Blue","Guardian:WalkerClaw","Guardian:TemporalStrike"],"picked":"SKIP","floor":39},{"not_picked":["Guardian:ShieldSpikes+1","Guardian:TemporalShield+1"],"picked":"Guardian:Repulse+1","floor":42},{"not_picked":["Guardian:Gem_Cyan","Guardian:ChargeCore+1"],"picked":"Guardian:PiercingHide+1","floor":43},{"not_picked":["Guardian:Gem_Blue","Guardian:Harden+1"],"picked":"Guardian:Gem_Cyan","floor":44},{"not_picked":["Guardian:BodySlam+1","Guardian:BronzeArmor"],"picked":"Guardian:TemporalShield+1","floor":46},{"not_picked":["Guardian:ShieldSpikes","Guardian:PolyBeam+1"],"picked":"Guardian:Preprogram+1","floor":48},{"not_picked":["Guardian:PrismaticBarrier","Guardian:Gem_Green","Guardian:FloatingOrbs"],"picked":"SKIP","floor":49}],"player_experience":835400,"relics_obtained":[{"floor":6.0,"key":"MawBank"},{"floor":7.0,"key":"TungstenRod"},{"floor":9.0,"key":"Centennial Puzzle"},{"floor":14.0,"key":"Peace Pipe"},{"floor":24.0,"key":"HornCleat"},{"floor":29.0,"key":"Bag of Preparation"},{"floor":31.0,"key":"StrikeDummy"},{"floor":37,"key":"Whetstone"},{"floor":41,"key":"Molten Egg 2"},{"floor":43,"key":"Blue Candle"}],"event_choices":[{"damage_healed":0.0,"max_hp_gain":0.0,"max_hp_loss":0.0,"gold_gain":0.0,"event_name":"Scrap Ooze","player_choice":"Success","floor":4.0,"gold_loss":0.0,"damage_taken":3.0,"relics_obtained":["Ice Cream"]},{"damage_healed":26.0,"max_hp_gain":0.0,"max_hp_loss":0.0,"gold_gain":0.0,"event_name":"Big Fish","player_choice":"Banana","floor":11.0,"gold_loss":0.0,"damage_taken":0.0}],"is_beta":false,"boss_relics":[{"not_picked":["Philosopher\u0027s Stone","Empty Cage"],"picked":"SlaversCollar"},{"not_picked":["Guardian:StasisSlotReductionRelic","Runic Dome"],"picked":"Sozu"}],"items_purged_floors":[3],"is_endless":false,"potions_floor_spawned":[6,9,15,19,28,29,32,33,36,43,44,46,48],"ascension_level":0}}