{"host":"3qkmyeoym75lj4wn","time":1611610017,"event":{"mods":["2.2 Compatiblity","BaseMod","Block Reminder","Colored Powertips","Highlight Path","Minty Spire (QoL Compilation)","Permanent Neow","Potion Indicator Mod","Rare Cards Sparkle","Relic Stats","StSLib","Unceasing Turn Reminder"],"gold_per_floor":[109,109,128,139,153,153,185,185,185,82,101,22,42,53,53,130,130,142,142,20,20,20,20,20],"floor_reached":23,"language":"ENG","playtime":1024,"items_purged":[],"score":382,"play_id":"98935c57-0ee4-4091-8493-3788da7d0e95","local_time":"20210125212657","is_ascension_mode":true,"campfire_choices":[{"data":"Metallicize","floor":6,"key":"SMITH"},{"floor":8,"key":"REST"},{"data":"Bash","floor":15,"key":"SMITH"}],"circlet_count":0,"master_deck":["AscendersBane","Strike_R","Strike_R","Strike_R","Strike_R","Defend_R","Defend_R","Defend_R","Defend_R","Bash+1","Metallicize+1","Cleave","Thunderclap","Shrug It Off","Twin Strike","Armaments","Offering","Seeing Red","Corruption","Sentinel","Dropkick","Feel No Pain"],"relics":["Burning Blood","MealTicket","White Beast Statue","Busted Crown"],"acts_visited":["Exordium","TheCity"],"potions_floor_usage":[7,12,13,14,16,16,18,23],"damage_taken":[{"damage":14,"enemies":"Jaw Worm","floor":1,"turns":3},{"damage":3,"enemies":"Cultist","floor":3,"turns":5},{"damage":5,"enemies":"2 Louse","floor":4,"turns":4},{"damage":10,"enemies":"Blue Slaver","floor":5,"turns":5},{"damage":60,"enemies":"3 Sentries","floor":7,"turns":23},{"damage":6,"enemies":"3 Louse","floor":11,"turns":4},{"damage":3,"enemies":"Lots of Slimes","floor":13,"turns":3},{"damage":32,"enemies":"Exordium Thugs","floor":14,"turns":4},{"damage":46,"enemies":"The Guardian","floor":16,"turns":15},{"damage":29,"enemies":"Spheric Guardian","floor":18,"turns":8},{"damage":68,"enemies":"Slavers","floor":23,"turns":3}],"seed_played":"4450267468032743637","potions_obtained":[{"floor":1,"key":"EssenceOfSteel"},{"floor":3,"key":"BloodPotion"},{"floor":11,"key":"Fire Potion"},{"floor":13,"key":"FearPotion"},{"floor":14,"key":"Explosive Potion"},{"floor":16,"key":"Block Potion"},{"floor":18,"key":"Fire Potion"},{"floor":22,"key":"Swift Potion"}],"is_trial":false,"path_per_floor":["M","?","M","M","M","R","E","R","T","$","M","$","M","M","R","B",null,"M","?","$","?","?","E"],"character_chosen":"IRONCLAD","items_purchased":["Twin Strike","Armaments","LiquidBronze","Sentinel","Dropkick"],"campfire_rested":1,"item_purchase_floors":[10,10,12,20,20],"current_hp_per_floor":[67,67,70,71,67,67,13,37,37,52,52,82,82,56,56,16,66,43,43,58,58,58,0,0],"gold":20,"neow_bonus":"TEN_PERCENT_HP_BONUS","is_daily":false,"chose_seed":false,"campfire_upgraded":2,"win_rate":0.0,"timestamp":1611610017,"path_taken":["M","?","M","M","M","R","E","R","T","?","M","$","?","?","R","BOSS","M","?","$","?","?","E"],"items_purchased_type":["Card","Card","Potion","Card","Card"],"build_version":"2020-12-22","purchased_purges":0,"victory":false,"max_hp_per_floor":[82,82,82,82,82,82,82,82,82,82,82,82,82,82,82,82,82,82,82,82,82,82,82,82],"relic_stats":{"Busted Crown":2,"counters":[11,77],"MealTicket":45,"obtain_stats":[{"Busted Crown":17,"MealTicket":7,"Burning Blood":0,"White Beast Statue":9},{"Busted Crown":9,"MealTicket":5,"Burning Blood":0,"White Beast Statue":5},{"Busted Crown":66,"MealTicket":40,"Burning Blood":0,"White Beast Statue":40}],"Burning Blood":57},"card_choices":[{"not_picked":["Feel No Pain","Blood for Blood"],"picked":"Metallicize","floor":1},{"not_picked":["True Grit","Whirlwind","Havoc"],"picked":"SKIP","floor":3},{"not_picked":["Twin Strike","Havoc"],"picked":"Thunderclap","floor":4},{"not_picked":["Headbutt","Clash"],"picked":"Shrug It Off","floor":5},{"not_picked":["Second Wind","Evolve","Havoc"],"picked":"SKIP","floor":7},{"not_picked":["Anger","Headbutt"],"picked":"Offering","floor":11},{"not_picked":["Sword Boomerang","Flex"],"picked":"Seeing Red","floor":13},{"not_picked":["Clash","Shrug It Off","Juggernaut"],"picked":"SKIP","floor":14},{"not_picked":["Immolate","Barricade"],"picked":"Corruption","floor":16},{"not_picked":["Pommel Strike"],"picked":"SKIP","floor":18}],"player_experience":1702787,"relics_obtained":[{"floor":7,"key":"MealTicket"},{"floor":9,"key":"White Beast Statue"}],"event_choices":[{"damage_healed":0,"gold_gain":0,"cards_transformed":["Strike_R"],"player_choice":"Transformed","damage_taken":0,"max_hp_gain":0,"max_hp_loss":0,"event_name":"Transmorgrifier","floor":2,"gold_loss":0,"cards_obtained":["Cleave"]},{"damage_healed":0,"gold_gain":0,"player_choice":"Ignored","damage_taken":0,"max_hp_gain":0,"max_hp_loss":0,"event_name":"Ghosts","floor":19,"gold_loss":0},{"damage_healed":0,"gold_gain":0,"player_choice":"Read","damage_taken":0,"max_hp_gain":0,"max_hp_loss":0,"event_name":"The Library","floor":21,"gold_loss":0,"cards_obtained":["Feel No Pain"]},{"damage_healed":0,"gold_gain":0,"player_choice":"Got Potions","damage_taken":0,"max_hp_gain":0,"max_hp_loss":0,"event_name":"Lab","floor":22,"gold_loss":0}],"is_beta":false,"boss_relics":[{"not_picked":["SlaversCollar","Runic Dome"],"picked":"Busted Crown"}],"items_purged_floors":[],"is_endless":false,"potions_floor_spawned":[1,3,11,13,14,16,18],"killed_by":"Slavers","ascension_level":20}}