{"host":"sc0o2qwpf9j16a4i","time":1611613115,"event":{"mods":["AchievementEnabler","BaseMod","BetterRewards","Block Reminder","Colored Map","Colored Powertips","Custom Start","Highlight Path","Minty Spire (QoL Compilation)","Relic Stats"],"gold_per_floor":[111,186,186,32,51,108,118,118,145,155,169,198,44,77,77,182,182,219,67,67,67,79,95,125,168,194,214,214,67,111,142,142,287,287,330,385,385,1384,824,855,915,915,915,690,735,799,812,812,812,812],"floor_reached":51,"language":"ENG","playtime":2561,"items_purged":[],"score":1043,"play_id":"6558d8db-03fc-4b58-be6d-f1682e071319","local_time":"20210126001835","daily_mods":["Shiny","Diverse","Night Terrors"],"is_ascension_mode":false,"campfire_choices":[{"floor":15.0,"key":"REST"},{"floor":28,"key":"REST"},{"data":"Omniscience","floor":32,"key":"SMITH"},{"data":"Wish","floor":42,"key":"SMITH"},{"data":"Limit Break","floor":49,"key":"SMITH"}],"circlet_count":0,"master_deck":["Judgement","ConjureBlade","MasterReality","Brilliance+1","Devotion","Blasphemy","Ragnarok","LessonLearned","Scrawl","Vault","Alpha","Wish+1","Omniscience+1","Establishment","SpiritShield","DevaForm","DeusExMachina","Multi-Cast","Hyperbeam","Thunder Strike+1","Biased Cognition","Machine Learning","Electrodynamics","Buffer","Rainbow+1","Seek","Meteor Strike","Echo Form+1","All For One+1","Reboot","Amplify","Creative AI+1","Fission","Core Surge","Venomology","Corpse Explosion","Malaise","Phantasmal Killer","Die Die Die","Adrenaline","Envenom","Doppelganger","Burst","Wraith Form v2","Tools of the Trade","Night Terror","Unload","After Image","Bullet Time","Storm of Steel","Glass Knife","A Thousand Cuts","Grand Finale","Double Tap","Demon Form","Feed","Limit Break+1","Corruption","Barricade+1","Fiend Fire","Berserk","Impervious","Juggernaut","Brutality","Reaper","Exhume","Offering","Immolate","Cold Snap","Adrenaline","Noxious Fumes","Cold Snap+1","Protect","Calculated Gamble","Corpse Explosion","Well Laid Plans+1","Spot Weakness","Burning Pact+1","Stack","Biased Cognition","Disarm","Leg Sweep+1","Bludgeon","Meditate","Pain"],"relics":["Cracked Core","Nunchaku","DollysMirror","Toy Ornithopter","Shuriken","DataDisk","Happy Flower","OrangePellets","PreservedInsect","SlaversCollar","Bag of Preparation","MutagenicStrength","Enchiridion","Blue Candle","Omamori","Strange Spoon","Bronze Scales","Snecko Eye","WingedGreaves","Lee\u0027s Waffle","Orichalcum","Blood Vial","StrikeDummy","Bottled Flame","Mercury Hourglass","Membership Card","Lantern","Whetstone","WarpedTongs"],"acts_visited":["Exordium","TheCity","TheBeyond"],"potions_floor_usage":[25,33,35,36,39,46,47,47,50,50],"damage_taken":[{"damage":0.0,"enemies":"2 Louse","floor":1.0,"turns":2.0},{"damage":4.0,"enemies":"Jaw Worm","floor":5.0,"turns":2.0},{"damage":9.0,"enemies":"Lagavulin","floor":6.0,"turns":7.0},{"damage":0.0,"enemies":"Small Slimes","floor":7.0,"turns":2.0},{"damage":14.0,"enemies":"Gremlin Gang","floor":10.0,"turns":2.0},{"damage":0.0,"enemies":"Exordium Thugs","floor":11.0,"turns":3.0},{"damage":11.0,"enemies":"Gremlin Nob","floor":12.0,"turns":5.0},{"damage":16.0,"enemies":"Lagavulin","floor":14.0,"turns":6.0},{"damage":39.0,"enemies":"Hexaghost","floor":16.0,"turns":7.0},{"damage":30.0,"enemies":"2 Thieves","floor":18.0,"turns":4.0},{"damage":16.0,"enemies":"3 Byrds","floor":22.0,"turns":3.0},{"damage":5.0,"enemies":"Centurion and Healer","floor":23.0,"turns":3.0},{"damage":12.0,"enemies":"Book of Stabbing","floor":24.0,"turns":4.0},{"damage":0,"enemies":"Snake Plant","floor":25,"turns":3},{"damage":16,"enemies":"Cultist and Chosen","floor":27,"turns":2},{"damage":4,"enemies":"Sentry and Sphere","floor":30,"turns":3},{"damage":0,"enemies":"Slavers","floor":31,"turns":1},{"damage":16,"enemies":"Champ","floor":33,"turns":10},{"damage":7,"enemies":"3 Shapes","floor":35,"turns":4},{"damage":15,"enemies":"2 Orb Walkers","floor":36,"turns":4},{"damage":4,"enemies":"Giant Head","floor":40,"turns":5},{"damage":0,"enemies":"Reptomancer","floor":41,"turns":4},{"damage":10,"enemies":"3 Darklings","floor":45,"turns":3},{"damage":0,"enemies":"Giant Head","floor":46,"turns":5},{"damage":4,"enemies":"Writhing Mass","floor":47,"turns":4},{"damage":22,"enemies":"Awakened One","floor":50,"turns":9}],"seed_played":"8755513552691651702","potions_obtained":[{"floor":5.0,"key":"EssenceOfSteel"},{"floor":6.0,"key":"Weak Potion"},{"floor":12.0,"key":"Strength Potion"},{"floor":16.0,"key":"EssenceOfDarkness"},{"floor":22.0,"key":"Strength Potion"},{"floor":24.0,"key":"FearPotion"},{"floor":33,"key":"SkillPotion"},{"floor":36,"key":"FocusPotion"},{"floor":40,"key":"Energy Potion"}],"is_trial":true,"path_per_floor":["M","?","?","$","M","E","M","?","T","M","M","E","$","E","R","B",null,"M","$","?","?","M","M","E","M","T","M","R","$","M","E","R","B",null,"M","?","?","?","$","E","E","R","T","$","M","E","M","?","R","B",null],"character_chosen":"DEFECT","items_purchased":["DollysMirror","OrangePellets","Bag of Preparation","Strange Spoon","Lee\u0027s Waffle","Orichalcum","Blood Vial","Fruit Juice","Membership Card","Lantern"],"campfire_rested":2,"item_purchase_floors":[4,13,19,29,39,39,39,39,44,44],"current_hp_per_floor":[75,64,46,46,42,33,33,33,33,29,29,18,18,6,70,31,70,43,43,43,27,11,6,12,17,17,31,68,68,64,64,64,67,68,61,68,68,68,83,79,83,83,83,83,73,80,83,83,83,69],"gold":812,"neow_bonus":"","is_daily":false,"chose_seed":false,"campfire_upgraded":3,"win_rate":0.0,"timestamp":1611613115,"path_taken":["M","?","?","$","M","E","M","?","T","M","?","E","$","E","R","BOSS","M","?","?","?","M","M","E","M","T","M","R","$","M","E","R","BOSS","M","?","?","?","$","E","E","R","T","$","M","E","?","?","R","BOSS"],"items_purchased_type":["Relic","Relic","Relic","Relic","Relic","Relic","Relic","Potion","Relic","Relic"],"build_version":"2020-12-22","purchased_purges":0,"victory":true,"max_hp_per_floor":[75,75,75,75,75,75,75,75,75,75,75,75,75,75,70,70,70,73,73,73,73,73,73,73,73,73,73,68,68,68,68,68,68,68,68,71,71,71,83,83,83,83,83,83,83,83,83,83,83,86],"relic_stats":{"Lee\u0027s Waffle":10,"Happy Flower":[28],"counters":[26,107],"Blue Candle":[0],"PreservedInsect":389,"Bag of Preparation":[31],"Whetstone":["Thunder Strike","All For One"],"Orichalcum":[66],"Mercury Hourglass":[75],"WarpedTongs":[9],"Blood Vial":6,"OrangePellets":[47],"Strange Spoon":[81],"Nunchaku":[12],"Shuriken":[11],"Bronze Scales":[94],"Snecko Eye":[27,36,21,21],"obtain_stats":[{"Lantern":44,"Enchiridion":21,"Bag of Preparation":19,"Whetstone":46,"Blood Vial":39,"Nunchaku":3,"DollysMirror":4,"WingedGreaves":36,"Cracked Core":0,"Lee\u0027s Waffle":39,"Happy Flower":12,"Blue Candle":24,"PreservedInsect":14,"Omamori":26,"Orichalcum":39,"Mercury Hourglass":43,"WarpedTongs":48,"OrangePellets":13,"SlaversCollar":17,"Strange Spoon":29,"DataDisk":9,"Bottled Flame":41,"Shuriken":8,"MutagenicStrength":20,"Bronze Scales":31,"Snecko Eye":34,"Membership Card":44,"StrikeDummy":40,"Toy Ornithopter":6},{"Lantern":22,"Enchiridion":10,"Bag of Preparation":10,"Whetstone":24,"Blood Vial":20,"Nunchaku":1,"DollysMirror":1,"WingedGreaves":20,"Cracked Core":0,"Lee\u0027s Waffle":20,"Happy Flower":7,"Blue Candle":13,"PreservedInsect":8,"Omamori":14,"Orichalcum":20,"Mercury Hourglass":22,"WarpedTongs":25,"OrangePellets":7,"SlaversCollar":9,"Strange Spoon":15,"DataDisk":4,"Bottled Flame":22,"Shuriken":4,"MutagenicStrength":10,"Bronze Scales":17,"Snecko Eye":18,"Membership Card":22,"StrikeDummy":21,"Toy Ornithopter":3},{"Lantern":86,"Enchiridion":40,"Bag of Preparation":40,"Whetstone":94,"Blood Vial":77,"Nunchaku":2,"DollysMirror":2,"WingedGreaves":77,"Cracked Core":0,"Lee\u0027s Waffle":77,"Happy Flower":23,"Blue Candle":50,"PreservedInsect":29,"Omamori":53,"Orichalcum":77,"Mercury Hourglass":86,"WarpedTongs":98,"OrangePellets":23,"SlaversCollar":36,"Strange Spoon":55,"DataDisk":13,"Bottled Flame":86,"Shuriken":13,"MutagenicStrength":40,"Bronze Scales":59,"Snecko Eye":69,"Membership Card":86,"StrikeDummy":82,"Toy Ornithopter":11}],"Toy Ornithopter":49},"card_choices":[{"not_picked":["Crescendo","Cloak And Dagger"],"picked":"Cold Snap","floor":1.0},{"not_picked":["Rip and Tear","Sweeping Beam","Fusion"],"picked":"SKIP","floor":5.0},{"not_picked":["Bane","Loop"],"picked":"Noxious Fumes","floor":6.0},{"not_picked":["Havoc","Backflip"],"picked":"Cold Snap","floor":7.0},{"not_picked":["Headbutt","JustLucky"],"picked":"Protect","floor":10.0},{"not_picked":["Brutality","Anger","Warcry"],"picked":"SKIP","floor":11.0},{"not_picked":["Clash","Burst"],"picked":"Calculated Gamble","floor":12.0},{"not_picked":["Cleave","Steam","Streamline"],"picked":"SKIP","floor":14.0},{"not_picked":["Electrodynamics","After Image"],"picked":"Corpse Explosion","floor":16.0},{"not_picked":["FlyingSleeves+1","Anger"],"picked":"Well Laid Plans+1","floor":18.0},{"not_picked":["Sword Boomerang","EmptyFist","Headbutt"],"picked":"SKIP","floor":22.0},{"not_picked":["Poisoned Stab+1","Rage","Dagger Throw"],"picked":"SKIP","floor":23.0},{"not_picked":["Skim","ReachHeaven+1","Pray+1"],"picked":"SKIP","floor":24.0},{"not_picked":["Heavy Blade","Flying Knee","EmptyBody+1"],"picked":"SKIP","floor":25},{"not_picked":["Setup+1","Backstab"],"picked":"Spot Weakness","floor":27},{"not_picked":["Deadly Poison+1","Expertise"],"picked":"Burning Pact+1","floor":30},{"not_picked":["Searing Blow","White Noise"],"picked":"Stack","floor":31},{"not_picked":["Core Surge","Demon Form"],"picked":"Biased Cognition","floor":33},{"not_picked":["Go for the Eyes+1","Pommel Strike"],"picked":"Disarm","floor":35},{"not_picked":["Tactician+1","Armaments"],"picked":"Leg Sweep+1","floor":36},{"not_picked":["Leap+1","Tantrum+1"],"picked":"Bludgeon","floor":40},{"not_picked":["PiercingWail+1","Swivel"],"picked":"Meditate","floor":41},{"not_picked":["Redo","Iron Wave+1","Warcry"],"picked":"SKIP","floor":45},{"not_picked":["Flechettes","DeceiveReality","Setup+1"],"picked":"SKIP","floor":46},{"not_picked":["EmptyFist","Rebound+1","Slice+1"],"picked":"SKIP","floor":47}],"player_experience":973623,"relics_obtained":[{"floor":6.0,"key":"Toy Ornithopter"},{"floor":8.0,"key":"Shuriken"},{"floor":9.0,"key":"DataDisk"},{"floor":12.0,"key":"Happy Flower"},{"floor":14.0,"key":"PreservedInsect"},{"floor":21.0,"key":"Enchiridion"},{"floor":24.0,"key":"Blue Candle"},{"floor":26,"key":"Omamori"},{"floor":31,"key":"Bronze Scales"},{"floor":36,"key":"WingedGreaves"},{"floor":40,"key":"StrikeDummy"},{"floor":41,"key":"Bottled Flame"},{"floor":43,"key":"Mercury Hourglass"},{"floor":46,"key":"Whetstone"}],"event_choices":[{"damage_healed":0.0,"max_hp_gain":0.0,"max_hp_loss":0.0,"gold_gain":75.0,"event_name":"World of Goop","player_choice":"Gather Gold","floor":2.0,"gold_loss":0.0,"damage_taken":11.0},{"damage_healed":0.0,"max_hp_gain":0.0,"max_hp_loss":0.0,"gold_gain":0.0,"event_name":"Scrap Ooze","player_choice":"Success","floor":3.0,"gold_loss":0.0,"damage_taken":18.0,"relics_obtained":["Nunchaku"]},{"damage_healed":0.0,"max_hp_gain":0.0,"max_hp_loss":0.0,"gold_gain":0.0,"event_name":"Wheel of Change","player_choice":"Relic","floor":8.0,"gold_loss":0.0,"damage_taken":0.0},{"damage_healed":0.0,"max_hp_gain":0.0,"max_hp_loss":0.0,"gold_gain":0.0,"event_name":"Drug Dealer","player_choice":"Inject Mutagens","floor":20.0,"gold_loss":0.0,"damage_taken":0.0,"relics_obtained":["MutagenicStrength"]},{"damage_healed":0.0,"max_hp_gain":0.0,"max_hp_loss":0.0,"gold_gain":0.0,"event_name":"Cursed Tome","player_choice":"Obtained Book","floor":21.0,"gold_loss":0.0,"damage_taken":16.0},{"damage_healed":0,"gold_gain":0,"player_choice":"Fight","damage_taken":0,"max_hp_gain":0,"max_hp_loss":0,"event_name":"Mysterious Sphere","floor":36,"gold_loss":0},{"cards_removed":["Bludgeon"],"damage_healed":0,"gold_gain":0,"player_choice":"Removed Attack","damage_taken":0,"max_hp_gain":0,"max_hp_loss":0,"event_name":"Falling","floor":37,"gold_loss":0},{"damage_healed":0,"gold_gain":999,"player_choice":"Gold","damage_taken":0,"max_hp_gain":0,"max_hp_loss":0,"event_name":"MindBloom","floor":38,"gold_loss":0,"cards_obtained":["Normality","Normality"]},{"damage_healed":0,"gold_gain":0,"player_choice":"Rummage","damage_taken":0,"relics_obtained":["WarpedTongs"],"max_hp_gain":0,"max_hp_loss":0,"event_name":"Accursed Blacksmith","floor":48,"gold_loss":0,"cards_obtained":["Pain"]}],"is_beta":false,"boss_relics":[{"not_picked":["Runic Dome","Empty Cage"],"picked":"SlaversCollar"},{"not_picked":["Cursed Key","Coffee Dripper"],"picked":"Snecko Eye"}],"items_purged_floors":[],"is_endless":false,"potions_floor_spawned":[5,6,12,16,22,24,33,36,40,41],"ascension_level":0}}