{"host":"s5t6tedanf5l3voc","time":1611536541,"event":{"mods":["BaseMod","BetterRewards","Colored Powertips","GifTheSpireLib","Googly Eyes","Infinite Spire","Minty Spire (QoL Compilation)","Shop Mod","StSLib","The Animator"],"gold_per_floor":[283,310,585,607,607,607,649,649,649,686,686,713,678,212,212,298,298,320,343,380,396,396,434,434,472,472,472,472,490,515,515,515,596,596,620,631,659,677,692,737,737,737,737,85,110,150,161,191,191,207,218,218,218,630,640,640],"floor_reached":55,"language":"ENG","playtime":5374,"items_purged":["animator:Strike"],"score":2483,"play_id":"86b929a6-766f-4462-a269-e9b074591aad","local_time":"20210124170221","is_ascension_mode":true,"campfire_choices":[{"floor":6.0,"key":"REST"},{"data":"Regret","floor":8.0,"key":"PURGE"},{"floor":15.0,"key":"RECALL"},{"data":"animator:Shiro","floor":24.0,"key":"SMITH"},{"data":"animator:Strike","floor":27.0,"key":"PURGE"},{"data":"animator:Kaijin","floor":32.0,"key":"SMITH"},{"floor":41.0,"key":"REST"},{"floor":49.0,"key":"REST"},{"floor":53.0,"key":"REST"}],"circlet_count":0,"master_deck":["AscendersBane","animator:Strike_Kancolle","animator:Defend_Kancolle","animator:Strike","animator:Defend","animator:Defend","animator:Defend","animator:Shimakaze+1","animator:PandorasActor","animator:Kaijin","animator:Hibiki","animator:Geryuganshoop+1","animator:HiiragiShinya","animator:HinaKagiyama","animator:Curse_Dizziness","animator:PinaCoLada","animator:ItamiYouji","animator:Shimakaze","animator:Geryuganshoop","animator:Shiro","animator:HiiragiShinya","animator:Melzalgald","animator:Darkness","animator:Vanir","animator:Rimuru","animator:Rimuru","animator:Melzalgald","animator:HiiragiShinya","animator:Raven","Parasite","animator:Kazuma","animator:Azekura","animator:Hibiki","animator:Mitsuba","animator:Yuuichirou","animator:Eve+1","animator:Bozes","animator:Mitsuba"],"relics":["animator:TheEgnaroPiece","animator:AncientMedallion"],"acts_visited":["Exordium","TheCity","TheBeyond","TheEnding","EYB:TheUnnamedReign"],"potions_floor_usage":[],"damage_taken":[{"damage":0.0,"enemies":"Small Slimes","floor":1.0,"turns":3.0},{"damage":0.0,"enemies":"Cultist","floor":2.0,"turns":3.0},{"damage":7.0,"enemies":"Jaw Worm","floor":4.0,"turns":3.0},{"damage":2.0,"enemies":"3 Sentries","floor":7.0,"turns":5.0},{"damage":12.0,"enemies":"Lagavulin","floor":10.0,"turns":4.0},{"damage":0.0,"enemies":"3 Louse","floor":12.0,"turns":2.0},{"damage":8.0,"enemies":"Hexaghost","floor":16.0,"turns":7.0},{"damage":2.0,"enemies":"2 Thieves","floor":18.0,"turns":3.0},{"damage":0.0,"enemies":"Spheric Guardian","floor":19.0,"turns":4.0},{"damage":16.0,"enemies":"Chosen and Byrds","floor":20.0,"turns":4.0},{"damage":11.0,"enemies":"Shelled Parasite and Fungi","floor":21.0,"turns":4.0},{"damage":0.0,"enemies":"animator:HornedBat","floor":23.0,"turns":7.0},{"damage":19.0,"enemies":"Book of Stabbing","floor":25.0,"turns":5.0},{"damage":0.0,"enemies":"Centurion and Healer","floor":29.0,"turns":5.0},{"damage":10.0,"enemies":"Sentry and Sphere","floor":30.0,"turns":4.0},{"damage":21.0,"enemies":"Collector","floor":33.0,"turns":6.0},{"damage":3.0,"enemies":"3 Darklings","floor":35.0,"turns":4.0},{"damage":0.0,"enemies":"Orb Walker","floor":36.0,"turns":3.0},{"damage":17.0,"enemies":"Maw","floor":37.0,"turns":5.0},{"damage":20.0,"enemies":"Spire Growth","floor":38.0,"turns":4.0},{"damage":20.0,"enemies":"Writhing Mass","floor":39.0,"turns":4.0},{"damage":18.0,"enemies":"Giant Head","floor":40.0,"turns":5.0},{"damage":0.0,"enemies":"4 Shapes","floor":45.0,"turns":3.0},{"damage":52.0,"enemies":"Reptomancer","floor":46.0,"turns":4.0},{"damage":0.0,"enemies":"3 Darklings","floor":47.0,"turns":3.0},{"damage":0.0,"enemies":"Mind Bloom Boss Battle","floor":48.0,"turns":3.0},{"damage":15.0,"enemies":"infinitespire:MassOfShapes","floor":50.0,"turns":7.0},{"damage":20.0,"enemies":"Time Eater","floor":51.0,"turns":7.0},{"damage":103,"enemies":"animator:TRIPLE_SHAPES_WEAK","floor":55,"turns":5}],"seed_played":"-2900349611936864495","potions_obtained":[{"floor":4.0,"key":"SkillPotion"},{"floor":7.0,"key":"Dexterity Potion"},{"floor":10.0,"key":"PowerPotion"}],"is_trial":false,"path_per_floor":["M","M","?","M","?","R","E","R","T","E","?","M","?","$","R","B",null,"M","M","M","M","?","E","R","E","T","R","?","M","M","AVR","R","B",null,"M","M","M","M","M","E","R","?","T","$","M","E","M","?","R","B","B",null,"R","??","M"],"character_chosen":"THE_ANIMATOR","items_purchased":["Molten Egg 2","animator:PandorasActor","animator:Kaijin","Paper Frog","animator:CerealBox","CloakClasp","Bronze Scales","animator:Hibiki+1","Boot","Blood Vial","animator:ItamiYouji+1","animator:Shimakaze+1","Orichalcum","animator:Geryuganshoop","Lee\u0027s Waffle","animator:Hibiki+1","animator:Mitsuba+1","Whetstone"],"campfire_rested":4,"item_purchase_floors":[0,0,0,0,0,0,0,0,0,0,14,14,14,14,44,44,44,44],"current_hp_per_floor":[20,22,22,17,17,35,35,35,35,25,25,27,42,42,42,36,54,54,57,43,34,34,37,37,20,20,20,20,22,26,34,34,17,58,59,63,57,45,29,15,40,40,40,91,93,49,53,63,92,98,100,102,103,91,0,0],"gold":640,"neow_bonus":"","is_daily":false,"chose_seed":false,"campfire_upgraded":2,"win_rate":0.0,"timestamp":1611536541,"path_taken":["M","M","?","?","?","R","E","R","T","E","?","?","?","$","R","BOSS","M","M","M","M","?","E","R","E","T","R","?","M","M","AVR","R","BOSS","M","M","M","M","M","E","R","?","T","$","M","E","?","?","R","BOSS","BOSS","R","??","M"],"items_purchased_type":["Relic","Card","Card","Relic","Relic","Relic","Relic","Card","Relic","Relic","Card","Card","Relic","Card","Relic","Card","Card","Relic"],"build_version":"2020-12-22","purchased_purges":1,"victory":false,"max_hp_per_floor":[60,60,60,60,60,60,60,60,60,60,60,60,60,60,60,60,60,60,61,61,61,61,62,62,62,62,62,62,62,62,70,70,72,72,74,76,78,80,82,84,84,84,84,91,93,95,97,99,99,101,103,103,103,91,91,91],"card_choices":[{"not_picked":["animator:Sebas","animator:ZankiKiguchi+1"],"picked":"animator:Geryuganshoop","floor":1.0},{"not_picked":["animator:Elsword+1","animator:DolaSchwi+1"],"picked":"animator:HiiragiShinya","floor":2.0},{"not_picked":["animator:ChlammyZell","animator:Rena","animator:KrulTepes+1"],"picked":"SKIP","floor":4.0},{"not_picked":["animator:Sonic","animator:Elsword+1"],"picked":"animator:PinaCoLada","floor":10.0},{"not_picked":["animator:Bozes+1","animator:Verdia","animator:Rena"],"picked":"SKIP","floor":12.0},{"not_picked":["animator:HigakiRinne","animator:Shizu+1"],"picked":"animator:Shiro","floor":16.0},{"not_picked":["animator:Vanir+1","animator:Kaijin"],"picked":"animator:HiiragiShinya","floor":18.0},{"not_picked":["animator:Sonic","animator:SilverFang"],"picked":"animator:Melzalgald+1","floor":19.0},{"not_picked":["animator:Souei","animator:SilverFang"],"picked":"animator:Darkness","floor":20.0},{"not_picked":["animator:Melzalgald+1","animator:Entoma+1","animator:KrulTepes+1"],"picked":"SKIP","floor":21.0},{"not_picked":["animator:Raven+1","animator:HiiragiShinya"],"picked":"animator:Vanir+1","floor":23.0},{"not_picked":["animator:Kaijin","animator:Ain+1","animator:Mikaela+1"],"picked":"SKIP","floor":29.0},{"not_picked":["animator:TukaLunaMarceau","animator:Benimaru+1","animator:Vanir+1"],"picked":"SKIP","floor":30.0},{"not_picked":["animator:Sora","animator:PinaCoLada"],"picked":"animator:Rimuru","floor":33.0},{"not_picked":["animator:Mitsuba+1","animator:PandorasActor"],"picked":"animator:Melzalgald+1","floor":35.0},{"not_picked":["animator:Mikaela+1","animator:KrulTepes+1"],"picked":"animator:HiiragiShinya","floor":36.0},{"not_picked":["animator:Hakurou+1","animator:Millim+1","animator:Sonic"],"picked":"SKIP","floor":37.0},{"not_picked":["animator:Yoichi","animator:LeleiLaLalena"],"picked":"animator:Raven+1","floor":38.0},{"not_picked":["animator:Mitsurugi+1","animator:Shion+1","animator:TukaLunaMarceau"],"picked":"SKIP","floor":39.0},{"not_picked":["animator:Darkness","animator:Vanir+1"],"picked":"animator:Kazuma","floor":40.0},{"not_picked":["animator:Aisha+1","animator:Hakurou+1"],"picked":"animator:Azekura","floor":41.0},{"not_picked":["animator:Shuna","animator:Mitsurugi+1"],"picked":"animator:Yuuichirou+1","floor":45.0},{"not_picked":["animator:Azekura+1","animator:TukaLunaMarceau","animator:Vanir+1"],"picked":"SKIP","floor":46.0},{"not_picked":["animator:Yoichi","animator:TukaLunaMarceau","animator:Sonic"],"picked":"SKIP","floor":47.0},{"not_picked":["animator:Evileye","animator:TukaLunaMarceau"],"picked":"animator:Eve","floor":48.0},{"not_picked":["animator:HiiragiShinya+1","animator:LeleiLaLalena+1"],"picked":"animator:Bozes+1","floor":49.0},{"not_picked":["animator:Millim+1","animator:LeleiLaLalena"],"picked":"animator:Mitsuba+1","floor":53.0}],"player_experience":915324,"relics_obtained":[{"floor":7.0,"key":"Peace Pipe"},{"floor":10.0,"key":"animator:WornHelmet"},{"floor":23.0,"key":"infinitespire:WardingShard"},{"floor":25.0,"key":"animator:HallowedScabbard"},{"floor":26.0,"key":"Letter Opener"},{"floor":34.0,"key":"Dream Catcher"},{"floor":34.0,"key":"infinitespire:Midas Blood"},{"floor":34.0,"key":"Du-Vu Doll"},{"floor":40.0,"key":"Bird Faced Urn"},{"floor":43.0,"key":"Paper Crane"},{"floor":46.0,"key":"infinitespire:ShieldingShard"},{"floor":48.0,"key":"infinitespire:Joker Card"},{"floor":54.0,"key":"animator:TheEgnaroPiece"},{"floor":54.0,"key":"animator:AncientMedallion"}],"event_choices":[{"damage_healed":0.0,"max_hp_gain":0.0,"max_hp_loss":0.0,"gold_gain":275.0,"event_name":"Golden Shrine","player_choice":"Desecrate","floor":3.0,"gold_loss":0.0,"damage_taken":0.0,"cards_obtained":["Regret"]},{"damage_healed":0.0,"max_hp_gain":0.0,"max_hp_loss":0.0,"gold_gain":0.0,"event_name":"Match and Keep!","player_choice":"0 cards matched","floor":11.0,"gold_loss":0.0,"damage_taken":0.0,"cards_obtained":[]},{"damage_healed":15.0,"max_hp_gain":0.0,"max_hp_loss":0.0,"gold_gain":0.0,"event_name":"The Cleric","player_choice":"Healed","floor":13.0,"gold_loss":35.0,"damage_taken":0.0},{"damage_healed":0.0,"max_hp_gain":0.0,"max_hp_loss":0.0,"gold_gain":0.0,"event_name":"The Library","player_choice":"Read","floor":28.0,"gold_loss":0.0,"damage_taken":0.0,"cards_obtained":["animator:Rimuru"]},{"damage_healed":0.0,"max_hp_gain":0.0,"max_hp_loss":0.0,"gold_gain":0.0,"event_name":"Lab","player_choice":"Got Potions","floor":42.0,"gold_loss":0.0,"damage_taken":0.0},{"damage_healed":0.0,"max_hp_gain":0.0,"max_hp_loss":0.0,"gold_gain":0.0,"event_name":"MindBloom","player_choice":"Fight","floor":48.0,"gold_loss":0.0,"damage_taken":0.0}],"is_beta":false,"boss_relics":[{"not_picked":["Astrolabe","Busted Crown"],"picked":"Sozu"},{"not_picked":["Fusion Hammer","Velvet Choker"],"picked":"Calling Bell"}],"items_purged_floors":[44],"is_endless":false,"potions_floor_spawned":[4,7,10,18,23,25,29,30,35,38,39,45,47],"killed_by":"animator:TRIPLE_SHAPES_WEAK","ascension_level":20}}