{"host":"e5rkqgceakcp3dm7","time":1611565627,"event":{"mods":["A Magickal Journey","Act Like it!","Arknights The Spire","BaseMod","Better Vampires","Gensokyo","Hallownest","Lobotomy","LobotomyExtend","Minty Spire (QoL Compilation)","Remilia£®¿Ÿ√◊¿Ú—«£©","StSLib","The Bug Knight","Youmu£®ªÍ∆«—˝√Œ£©"],"gold_per_floor":[115,115,115,115,10,42,57,72,72,72,85,114,114,148,148,216,216,235,228,228,239,239,96,96],"floor_reached":23,"language":"ZHS","playtime":2319,"items_purged":[],"score":211,"play_id":"71c66ca7-7857-416f-bef5-23c4a8091aa6","local_time":"20210125170707","is_ascension_mode":false,"campfire_choices":[{"data":"ats:Closed Bolt Burst Fire","floor":10.0,"key":"SMITH"},{"data":"ats:Wolf Pack","floor":15.0,"key":"SMITH"}],"circlet_count":0,"master_deck":["ats:Strike C","ats:Strike G","ats:Armor Crushing Shot","ats:Defend+1","ats:Defend","ats:Emotion Absorption+1","ats:Closed Bolt Burst Fire+1","ats:Apocalypse","ats:Blood Oath","ats:Shell Defense","Bloodbath","ats:Support Order","MHz","ats:Demon Strength","ats:Overload","ats:Wolf Pack+1","Freischutz","ats:Counter Healing Mode","QueenOfHatred","ats:Defend Order","Scorched","OldLady","ats:Dogmatic Field","ats:Consecutive Shot Auto","Mercenary","ats:Revitalization","ats:Explosion Area Strengthen","ats:Very Hot Blade+1","ats:Overload+1"],"relics":["ats:Sanity","CogitoBucket","LetterFromLob","War Paint","Gensokyo:CelestialsFlawlessClothing","ats:Originium","PreservedInsect","Gremlin Horn","InkBottle","BackwardClock","Boot","Black Star","AspirationHeart"],"acts_visited":["Exordium","Gensokyo:Gensokyo"],"potions_floor_usage":[23],"damage_taken":[{"damage":2.0,"enemies":"Gensokyo:3_Fairies","floor":1.0,"turns":5.0},{"damage":33.0,"enemies":"Gensokyo:Mamizou","floor":6.0,"turns":8.0},{"damage":11.0,"enemies":"Gensokyo:Gryphon","floor":7.0,"turns":4.0},{"damage":5.0,"enemies":"Gensokyo:2_Kodama","floor":8.0,"turns":3.0},{"damage":6.0,"enemies":"Gensokyo:Gryphon_and_Rabbit","floor":11.0,"turns":3.0},{"damage":46.0,"enemies":"Gensokyo:Cirno","floor":12.0,"turns":5.0},{"damage":24.0,"enemies":"Gensokyo:Kitsune","floor":13.0,"turns":4.0},{"damage":21.0,"enemies":"Gensokyo:Mamizou","floor":14.0,"turns":10.0},{"damage":46.0,"enemies":"Gensokyo:Reimu","floor":16.0,"turns":7.0},{"damage":5.0,"enemies":"Hallownest:3_Youths","floor":18.0,"turns":3.0},{"damage":20.0,"enemies":"Hallownest:2_Mistakes","floor":19.0,"turns":4.0},{"damage":0.0,"enemies":"Hallownest:monsterShrumalOgre","floor":21.0,"turns":1.0},{"damage":192,"enemies":"Hallownest:eliteSoulWarrior","floor":23,"turns":10}],"seed_played":"-5039712537455739178","potions_obtained":[{"floor":7.0,"key":"SkillPotion"},{"floor":8.0,"key":"Explosive Potion"},{"floor":14.0,"key":"DistilledChaos"},{"floor":16.0,"key":"Strength Potion"},{"floor":21.0,"key":"PowerPotion"}],"is_trial":false,"path_per_floor":["M","?","T","?","$","E","M","M","T","R","M","E","M","E","R","B",null,"M","M","?","M","?","E"],"character_chosen":"DOCTOR_CLASS","items_purchased":["ats:Apocalypse","ats:Blood Oath"],"campfire_rested":0,"item_purchase_floors":[5,5],"current_hp_per_floor":[70,42,42,24,24,24,31,37,37,37,45,26,21,52,52,40,72,72,52,52,65,61,0,0],"gold":96,"neow_bonus":"","is_daily":false,"chose_seed":false,"campfire_upgraded":2,"win_rate":0.0,"timestamp":1611565627,"path_taken":["M","?","?","?","?","E","M","M","T","R","?","E","M","E","R","BOSS","M","M","?","M","?","E"],"items_purchased_type":["Card","Card"],"build_version":"2020-12-22","purchased_purges":0,"victory":false,"max_hp_per_floor":[72,72,72,72,72,72,72,72,72,72,72,72,72,72,72,72,72,72,72,72,82,82,82,82],"card_choices":[{"not_picked":["ats:Hammer On","ats:Absolute Focus"],"picked":"ats:Closed Bolt Burst Fire","floor":1.0},{"not_picked":["Variant","PlagueDoctor"],"picked":"PunishingBird","floor":1.0},{"not_picked":["ats:Hammer On","ats:Cat Scratch"],"picked":"ats:Shell Defense","floor":6.0},{"not_picked":["BeautyBeast","Laetitia"],"picked":"Bloodbath","floor":6.0},{"not_picked":["ats:Serious Mode","ats:Explosion Area Strengthen"],"picked":"ats:Support Order","floor":7.0},{"not_picked":["FieryBird","MeatLantern"],"picked":"MHz","floor":7.0},{"not_picked":["BigBird","UniverseFragment"],"picked":"Yin","floor":8.0},{"not_picked":["ats:Beaten Up","ats:Durian"],"picked":"ats:Demon Strength","floor":8.0},{"not_picked":["ats:Hammer On","ats:Consecutive Shot Auto"],"picked":"ats:Overload","floor":11.0},{"not_picked":["ats:Ambush","ats:Calcification"],"picked":"ats:Wolf Pack","floor":12.0},{"not_picked":["OldLady","Wellcheers"],"picked":"Freischutz","floor":12.0},{"not_picked":["ats:Closed Bolt Burst Fire","ats:Very Hot Blade"],"picked":"ats:Counter Healing Mode","floor":13.0},{"not_picked":["BigBadWolf","DreamingCurrent"],"picked":"QueenOfHatred","floor":13.0},{"not_picked":["ats:Explosion Area Strengthen","ats:Beaten Up"],"picked":"ats:Defend Order","floor":14.0},{"not_picked":["MeatLantern","BeautyBeast"],"picked":"Scorched","floor":14.0},{"not_picked":["BeautyBeast","WallGazer"],"picked":"OldLady","floor":16.0},{"not_picked":["ats:Durian","ats:Wolf Pack"],"picked":"ats:Dogmatic Field","floor":16.0},{"not_picked":["ats:Cat Scratch","ats:Guard Mode"],"picked":"ats:Consecutive Shot Auto","floor":18.0},{"not_picked":["LaLuna","BlackArmy"],"picked":"Mercenary","floor":18.0},{"not_picked":["ats:Absolute Focus","ats:Counter Healing Mode"],"picked":"ats:Revitalization","floor":19.0},{"not_picked":["Porccubus","UniverseFragment"],"picked":"BigBird","floor":19.0},{"not_picked":["ats:Consecutive Shot Auto","ats:Revitalization"],"picked":"ats:Explosion Area Strengthen","floor":20.0},{"not_picked":["ats:Beaten Up+1","ats:Revitalization"],"picked":"ats:Very Hot Blade+1","floor":20.0},{"not_picked":["ats:Literary Storm","ats:Steam Pump"],"picked":"ats:Overload+1","floor":21.0},{"not_picked":["WhitesApple","Alriune"],"picked":"LongBird","floor":21.0}],"player_experience":198994,"relics_obtained":[{"floor":1.0,"key":"LetterFromLob"},{"floor":3.0,"key":"War Paint"},{"floor":6.0,"key":"ats:Originium"},{"floor":6.0,"key":"PreservedInsect"},{"floor":9.0,"key":"Gremlin Horn"},{"floor":12.0,"key":"ats:Originium"},{"floor":12.0,"key":"InkBottle"},{"floor":14.0,"key":"ats:Originium"},{"floor":14.0,"key":"Boot"}],"event_choices":[],"is_beta":false,"boss_relics":[{"not_picked":["Pandora\u0027s Box","Coffee Dripper"],"picked":"Black Star"}],"items_purged_floors":[],"is_endless":false,"potions_floor_spawned":[7,8,14,16,21],"killed_by":"Hallownest:eliteSoulWarrior","ascension_level":0}}