{"host":"qekv59dthhdg54sz","time":1611560814,"event":{"mods":["AchievementEnabler","BaseMod","Colored Map","DeckTracker","KOR Keyword Fix","Minty Spire (QoL Compilation)","Rare Cards Sparkle","StSLib","SuperFastMode"],"gold_per_floor":[111,111,111,61,61,88,88,120,193,221,237,237,264,275,275,377,427,440,459,384,404,420,420,439,470,470,470,480,59,72,20,20,125,125,142,162,162,79,134,162,188,188,238,238,113,129,160,189,189,189],"floor_reached":51,"language":"KOR","playtime":2128,"items_purged":["Strike_R","Strike_R","Twin Strike"],"score":1260,"play_id":"25fdceb0-7da0-40cd-8449-79896098ca4e","local_time":"20210125164654","is_ascension_mode":true,"campfire_choices":[{"data":"Headbutt","floor":7.0,"key":"SMITH"},{"data":"Pommel Strike","floor":12.0,"key":"SMITH"},{"data":"Sever Soul","floor":15.0,"key":"SMITH"},{"data":"Demon Form","floor":23.0,"key":"SMITH"},{"data":"Reaper","floor":27.0,"key":"SMITH"},{"data":"Bash","floor":32.0,"key":"SMITH"},{"data":"Corruption","floor":42.0,"key":"SMITH"},{"data":"Fiend Fire","floor":49.0,"key":"SMITH"}],"circlet_count":0,"master_deck":["Defend_R+1","Headbutt+1","Pommel Strike+1","Battle Trance+1","Sever Soul+1","Seeing Red+1","Reaper+1","Shrug It Off+1","Shrug It Off+1","Demon Form+1","Burning Pact+1","Seeing Red+1","Exhume+1","Master of Strategy+1","True Grit+1","Fiend Fire+1","Havoc+1","Metallicize+1","Feed+1","Feel No Pain+1","Purity+1","Corruption+1","Body Slam+1"],"relics":["Burning Blood","NeowsBlessing","Oddly Smooth Stone","Lizard Tail","Akabeko","Toxic Egg 2","Dead Branch","Odd Mushroom","Tiny House","Blood Vial","Blue Candle","Bag of Preparation","Astrolabe","WingedGreaves","Unceasing Top","Vajra","Nunchaku","Pen Nib","Sundial"],"acts_visited":["Exordium","TheCity","TheBeyond"],"potions_floor_usage":[],"damage_taken":[{"damage":0.0,"enemies":"2 Louse","floor":1.0,"turns":1.0},{"damage":0.0,"enemies":"Lagavulin","floor":6.0,"turns":1.0},{"damage":0.0,"enemies":"3 Sentries","floor":8.0,"turns":2.0},{"damage":16.0,"enemies":"Gremlin Nob","floor":10.0,"turns":3.0},{"damage":0.0,"enemies":"Jaw Worm","floor":11.0,"turns":2.0},{"damage":15.0,"enemies":"The Mushroom Lair","floor":13.0,"turns":4.0},{"damage":0.0,"enemies":"Small Slimes","floor":14.0,"turns":2.0},{"damage":20.0,"enemies":"Slime Boss","floor":16.0,"turns":7.0},{"damage":19.0,"enemies":"Spheric Guardian","floor":18.0,"turns":5.0},{"damage":3.0,"enemies":"Chosen","floor":19.0,"turns":3.0},{"damage":12.0,"enemies":"Snake Plant","floor":21.0,"turns":6.0},{"damage":12.0,"enemies":"3 Cultists","floor":22.0,"turns":4.0},{"damage":28.0,"enemies":"Centurion and Healer","floor":24.0,"turns":6.0},{"damage":0.0,"enemies":"Gremlin Leader","floor":25.0,"turns":5.0},{"damage":6.0,"enemies":"Chosen and Byrds","floor":28.0,"turns":4.0},{"damage":8.0,"enemies":"Snake Plant","floor":30.0,"turns":4.0},{"damage":24.0,"enemies":"Collector","floor":33.0,"turns":8.0},{"damage":8.0,"enemies":"3 Shapes","floor":35.0,"turns":4.0},{"damage":3.0,"enemies":"Orb Walker","floor":36.0,"turns":2.0},{"damage":9.0,"enemies":"2 Orb Walkers","floor":39.0,"turns":3.0},{"damage":87.0,"enemies":"Reptomancer","floor":40.0,"turns":7.0},{"damage":10.0,"enemies":"Transient","floor":46.0,"turns":5.0},{"damage":8.0,"enemies":"Giant Head","floor":47.0,"turns":4.0},{"damage":6.0,"enemies":"Reptomancer","floor":48.0,"turns":4.0},{"damage":22,"enemies":"Awakened One","floor":50,"turns":8}],"seed_played":"1440327051381739846","potions_obtained":[{"floor":6.0,"key":"SkillPotion"},{"floor":11.0,"key":"SmokeBomb"},{"floor":13.0,"key":"FearPotion"},{"floor":14.0,"key":"BlessingOfTheForge"},{"floor":25.0,"key":"DistilledChaos"},{"floor":30.0,"key":"PowerPotion"},{"floor":35.0,"key":"DistilledChaos"}],"is_trial":false,"path_per_floor":["M","?","?","?","T","E","R","E","T","E","M","R","?","M","R","B",null,"M","M","$","M","M","R","M","E","T","R","M","$","M","$","R","B",null,"M","M","?","$","?","E","T","R","T","?","$","M","E","E","R","B",null],"character_chosen":"IRONCLAD","items_purchased":["Master of Strategy+1","Bag of Preparation","True Grit+1","Purity+1"],"campfire_rested":0,"item_purchase_floors":[29,29,31,38],"current_hp_per_floor":[78,71,71,71,71,77,77,80,80,70,76,76,67,73,73,59,80,67,70,70,70,82,82,72,85,85,85,85,85,83,83,83,85,85,83,85,85,85,89,57,57,57,57,57,57,68,83,85,85,71],"gold":189,"neow_bonus":"THREE_ENEMY_KILL","is_daily":false,"chose_seed":false,"campfire_upgraded":8,"win_rate":0.0,"timestamp":1611560814,"path_taken":["M","?","?","?","?","E","R","E","T","E","M","R","?","M","R","BOSS","M","M","$","M","M","R","M","E","T","R","M","$","M","$","R","BOSS","M","M","?","$","?","E","?","R","T","?","$","?","E","E","R","BOSS"],"items_purchased_type":["Card","Relic","Card","Card"],"build_version":"2020-12-22","purchased_purges":3,"victory":true,"max_hp_per_floor":[80,80,80,80,80,80,80,80,80,80,80,80,80,80,80,80,85,85,85,85,85,85,85,85,85,85,85,85,85,85,85,85,85,85,85,85,85,85,89,89,89,89,89,89,89,89,89,89,89,89],"card_choices":[{"not_picked":["Warcry","Cleave"],"picked":"Twin Strike","floor":1.0},{"not_picked":["Havoc","Shockwave"],"picked":"Headbutt","floor":6.0},{"not_picked":["Heavy Blade","Metallicize"],"picked":"Pommel Strike","floor":8.0},{"not_picked":["Cleave","Immolate"],"picked":"Battle Trance+1","floor":10.0},{"not_picked":["True Grit+1","Metallicize"],"picked":"Sever Soul","floor":11.0},{"not_picked":["Pommel Strike","Warcry+1"],"picked":"Seeing Red+1","floor":14.0},{"not_picked":["Immolate","Offering+1"],"picked":"Reaper","floor":16.0},{"not_picked":["Wild Strike","Carnage","Armaments+1"],"picked":"SKIP","floor":18.0},{"not_picked":["Body Slam","Sword Boomerang+1"],"picked":"Shrug It Off+1","floor":19.0},{"not_picked":["Warcry+1","Sword Boomerang"],"picked":"Shrug It Off+1","floor":21.0},{"not_picked":["Sword Boomerang","Hemokinesis"],"picked":"Demon Form","floor":22.0},{"not_picked":["Pommel Strike+1","Armaments+1"],"picked":"Burning Pact+1","floor":24.0},{"not_picked":["Thunderclap","Sword Boomerang+1"],"picked":"Seeing Red+1","floor":25.0},{"not_picked":["Anger","Fire Breathing+1"],"picked":"Exhume+1","floor":28.0},{"not_picked":["Burning Pact+1","Evolve","Iron Wave"],"picked":"SKIP","floor":30.0},{"not_picked":["Berserk","Double Tap+1"],"picked":"Fiend Fire","floor":33.0},{"not_picked":["Thunderclap","Power Through+1"],"picked":"Feel No Pain+1","floor":35.0},{"not_picked":["Pummel+1","Rupture","Shockwave+1"],"picked":"SKIP","floor":36.0},{"not_picked":["Cleave","Iron Wave+1"],"picked":"Corruption","floor":40.0},{"not_picked":["Heavy Blade+1","Spot Weakness+1"],"picked":"Body Slam+1","floor":46.0},{"not_picked":["True Grit+1","Combust","Infernal Blade+1"],"picked":"SKIP","floor":47.0},{"not_picked":["Reaper","Rampage","Heavy Blade+1"],"picked":"SKIP","floor":48.0}],"player_experience":829975,"relics_obtained":[{"floor":5.0,"key":"Oddly Smooth Stone"},{"floor":6.0,"key":"Lizard Tail"},{"floor":8.0,"key":"Akabeko"},{"floor":9.0,"key":"Toxic Egg 2"},{"floor":10.0,"key":"Dead Branch"},{"floor":13.0,"key":"Odd Mushroom"},{"floor":25.0,"key":"Blood Vial"},{"floor":26.0,"key":"Blue Candle"},{"floor":39.0,"key":"WingedGreaves"},{"floor":40.0,"key":"Unceasing Top"},{"floor":41.0,"key":"Vajra"},{"floor":43.0,"key":"Nunchaku"},{"floor":47.0,"key":"Pen Nib"},{"floor":48.0,"key":"Sundial"}],"event_choices":[{"cards_removed":["Strike_R"],"damage_healed":0.0,"max_hp_gain":0.0,"max_hp_loss":0.0,"gold_gain":0.0,"event_name":"Golden Wing","player_choice":"Card Removal","floor":2.0,"gold_loss":0.0,"damage_taken":7.0},{"cards_removed":["Defend_R"],"damage_healed":0.0,"max_hp_gain":0.0,"max_hp_loss":0.0,"gold_gain":0.0,"event_name":"Living Wall","player_choice":"Forget","floor":3.0,"gold_loss":0.0,"damage_taken":0.0},{"cards_removed":["Strike_R"],"damage_healed":0.0,"max_hp_gain":0.0,"max_hp_loss":0.0,"gold_gain":0.0,"event_name":"The Cleric","player_choice":"Card Removal","floor":4.0,"gold_loss":50.0,"damage_taken":0.0},{"damage_healed":0.0,"max_hp_gain":0.0,"max_hp_loss":0.0,"gold_gain":0.0,"event_name":"Mushrooms","player_choice":"Fought Mushrooms","floor":13.0,"gold_loss":0.0,"damage_taken":0.0},{"cards_removed":["Bash"],"damage_healed":0.0,"max_hp_gain":0.0,"max_hp_loss":0.0,"gold_gain":0.0,"event_name":"Falling","player_choice":"Removed Attack","floor":37.0,"gold_loss":0.0,"damage_taken":0.0},{"damage_healed":0.0,"max_hp_gain":0.0,"max_hp_loss":0.0,"gold_gain":0.0,"event_name":"Mysterious Sphere","player_choice":"Fight","floor":39.0,"gold_loss":0.0,"damage_taken":0.0},{"damage_healed":0.0,"max_hp_gain":0.0,"max_hp_loss":0.0,"gold_gain":0.0,"event_name":"Tomb of Lord Red Mask","player_choice":"Ignored","floor":44.0,"gold_loss":0.0,"damage_taken":0.0}],"is_beta":false,"boss_relics":[{"not_picked":["Philosopher\u0027s Stone","Cursed Key"],"picked":"Tiny House"},{"not_picked":["Runic Pyramid","Busted Crown"],"picked":"Astrolabe"}],"items_purged_floors":[20,29,45],"is_endless":false,"potions_floor_spawned":[6,11,13,14,18,24,25,30,35,48],"ascension_level":7}}