{"host":"nwn35qnkx0z3pgqg","time":1611540055,"event":{"mods":["BaseMod","BetterRewards","Colored Powertips","Downfall","Duelist Mod","Gremlin Mod","Hubris","Marisa????????","Minty Spire (QoL Compilation)","Replay The Spire","Shop Mod","StSLib","SuperFastMode","The Animator","The Poker Player","The Senshi","Waifu the Spire"],"gold_per_floor":[110,63,81,95,108,108,108,139,162,0,35,55,55,55,55,186,186,209,209,209,200,200,200,200,200,200,239,239,277,290,290,290],"floor_reached":31,"language":"ENG","playtime":910,"items_purged":[],"score":309,"play_id":"942820ff-85ae-4b1e-82a1-0abd6926d6c2","local_time":"20210125123055","is_ascension_mode":true,"campfire_choices":[{"data":"Body Slam","floor":6,"key":"SMITH"},{"floor":15,"key":"REST"},{"floor":23,"key":"RECALL"},{"data":"Twin Strike","floor":25,"key":"SMITH"},{"data":"Heavy Blade","floor":28,"key":"SMITH"}],"circlet_count":0,"master_deck":["Strike_R","Strike_R+1","Strike_R","Strike_R","Strike_R","Defend_R","Defend_R","Defend_R","Defend_R","Bash","Heavy Blade+1","Body Slam+1","Inflame+1","Armaments","Iron Wave","Swift Strike","Metallicize","Flex","Bludgeon","Twin Strike+1","Heavy Blade+1","Sword Boomerang","Rampage+1"],"relics":["Black Blood","Red Skull","Whetstone","hubris:Icosahedron","Golden Idol","Blue Candle","Question Card","Letter Opener","Blood Vial"],"acts_visited":["Exordium","TheCity"],"potions_floor_usage":[16,16,29,29,30,31],"damage_taken":[{"damage":6,"enemies":"Cultist","floor":1,"turns":3},{"damage":3,"enemies":"Jaw Worm","floor":3,"turns":5},{"damage":2,"enemies":"Small Slimes","floor":4,"turns":4},{"damage":11,"enemies":"Looter","floor":5,"turns":4},{"damage":36,"enemies":"3 Sentries","floor":8,"turns":11},{"damage":15,"enemies":"Lagavulin","floor":11,"turns":6},{"damage":0,"enemies":"Large Slime","floor":12,"turns":3},{"damage":41,"enemies":"Fading Forest","floor":16,"turns":11},{"damage":13,"enemies":"Chosen","floor":18,"turns":5},{"damage":28,"enemies":"2 Thieves","floor":21,"turns":4},{"damage":30,"enemies":"theDuelist:KaibaA2","floor":27,"turns":6},{"damage":64,"enemies":"Gremlin Leader","floor":29,"turns":7},{"damage":10,"enemies":"Snecko","floor":30,"turns":3},{"damage":32,"enemies":"theDuelist:KaibaA2","floor":31,"turns":2}],"seed_played":"7762500513840096634","potions_obtained":[{"floor":3,"key":"Swift Potion"},{"floor":8,"key":"Swift Potion"},{"floor":12,"key":"Energy Potion"},{"floor":16,"key":"CultistPotion"},{"floor":18,"key":"champ:CounterPotion"},{"floor":29,"key":"DistilledChaos"}],"is_trial":false,"path_per_floor":["M","$","M","M","M","R","?","E","T","$","E","M","?","?","R","B",null,"M","?","?","M","?","R","?","R","T","E","R","E","M","E"],"character_chosen":"IRONCLAD","items_purchased":["Body Slam","Swift Strike","Metallicize"],"campfire_rested":1,"item_purchase_floors":[2,10,10],"current_hp_per_floor":[88,88,88,88,83,83,83,53,53,53,44,50,50,28,54,29,88,87,87,87,71,66,66,88,88,88,70,70,18,22,0,0],"gold":290,"neow_bonus":"TEN_PERCENT_HP_BONUS","is_daily":false,"chose_seed":false,"campfire_upgraded":3,"win_rate":0.0,"timestamp":1611540055,"path_taken":["M","?","M","M","M","R","?","E","T","$","E","M","?","?","R","BOSS","M","?","?","?","?","R","?","R","T","E","R","E","?","E"],"items_purchased_type":["Card","Card","Card"],"build_version":"2020-12-22","purchased_purges":0,"victory":false,"max_hp_per_floor":[88,88,88,88,88,88,88,88,88,88,88,88,88,88,88,88,88,88,88,88,88,88,88,88,88,88,88,88,88,88,88,88],"card_choices":[{"not_picked":["Blood for Blood","Warcry"],"picked":"Heavy Blade","floor":1},{"not_picked":["Havoc","Flame Barrier","Replay:Undeath\u0027s Touch"],"picked":"SKIP","floor":3},{"not_picked":["Feel No Pain","Clash"],"picked":"Inflame","floor":4},{"not_picked":["Sword Boomerang","hubris:SharpeningStone"],"picked":"Armaments","floor":5},{"not_picked":["hubris:StunningStrike","Run Through"],"picked":"Iron Wave","floor":8},{"not_picked":["Sentinel","Warcry"],"picked":"Flex","floor":11},{"not_picked":["ReplayTheSpireMod:Strike From Hell","hubris:ReadiedAction","Fire Breathing"],"picked":"SKIP","floor":12},{"not_picked":["Fiend Fire","Brutality"],"picked":"Bludgeon","floor":16},{"not_picked":["Uppercut+1","Power Through","Feel No Pain"],"picked":"SKIP","floor":18},{"not_picked":["Headbutt","ReplayTheSpireMod:Strike From Hell"],"picked":"Twin Strike","floor":21},{"not_picked":["Feed","Flame Barrier","Bloodletting+1"],"picked":"Heavy Blade","floor":27},{"not_picked":["ReplayTheSpireMod:LeadingStrike","Pummel","Clothesline"],"picked":"Sword Boomerang","floor":29},{"not_picked":["Seeing Red+1","ReplayTheSpireMod:Strike From Hell+1","Shockwave+1"],"picked":"Rampage+1","floor":30}],"player_experience":122416,"relics_obtained":[{"floor":8,"key":"Red Skull"},{"floor":11,"key":"Whetstone"},{"floor":26,"key":"Question Card"},{"floor":27,"key":"Letter Opener"},{"floor":29,"key":"Blood Vial"}],"event_choices":[{"damage_healed":0,"gold_gain":0,"player_choice":"Take Damage","damage_taken":22,"relics_obtained":["Golden Idol"],"max_hp_gain":0,"max_hp_loss":0,"event_name":"Golden Idol","floor":14,"gold_loss":0},{"damage_healed":0,"gold_gain":0,"player_choice":"Ignored","damage_taken":0,"max_hp_gain":0,"max_hp_loss":0,"event_name":"Vampires","floor":19,"gold_loss":0},{"damage_healed":0,"gold_gain":0,"player_choice":"Forge","damage_taken":0,"max_hp_gain":0,"max_hp_loss":0,"event_name":"Accursed Blacksmith","floor":20,"gold_loss":0,"cards_upgraded":["Inflame"]},{"damage_healed":29,"gold_gain":0,"player_choice":"Heal","damage_taken":0,"max_hp_gain":0,"max_hp_loss":0,"event_name":"The Library","floor":24,"gold_loss":0}],"is_beta":false,"boss_relics":[{"not_picked":["Philosopher\u0027s Stone","Mark of Pain"],"picked":"Black Blood"}],"items_purged_floors":[],"is_endless":false,"potions_floor_spawned":[3,8,12,16,18,29],"killed_by":"theDuelist:KaibaA2","ascension_level":2}}