{"host":"ELF","time":1611577105,"event":{"mods":["BaseMod","Bestiary","Minty Spire (QoL Compilation)","Relic Stats","Slay the Relics Exporter"],"gold_per_floor":[114,16,16,34,34,34,44,44,44,76,41,51,51,80,80,154,154,170,186,211,211,211,211],"floor_reached":22,"language":"ENG","playtime":5779,"items_purged":[],"score":384,"play_id":"77949039-6c44-4f8d-95bb-ba6dbdbe3448","local_time":"20210125061825","is_ascension_mode":true,"campfire_choices":[{"data":"Seek","floor":6.0,"key":"SMITH"},{"data":"Sunder","floor":8.0,"key":"SMITH"},{"floor":15,"key":"REST"}],"circlet_count":0,"master_deck":["AscendersBane","Strike_B","Strike_B","Strike_B","Strike_B","Defend_B+1","Defend_B","Defend_B","Defend_B","Zap","Dualcast","Turbo","Cold Snap","Doom and Gloom+1","Seek+1","Zap","Ball Lightning","Sunder+1","Leap","Defragment","Machine Learning","Double Energy","Undo","Hello World"],"relics":["Cracked Core","NeowsBlessing","The Courier","Kunai","Lantern","Snecko Eye","Red Mask"],"acts_visited":["Exordium","TheCity"],"potions_floor_usage":[14,14,20],"damage_taken":[{"damage":0.0,"enemies":"Small Slimes","floor":1.0,"turns":1.0},{"damage":0.0,"enemies":"Cultist","floor":4.0,"turns":1.0},{"damage":0.0,"enemies":"2 Louse","floor":7.0,"turns":1.0},{"damage":23.0,"enemies":"3 Sentries","floor":10.0,"turns":4.0},{"damage":0.0,"enemies":"Large Slime","floor":12.0,"turns":4.0},{"damage":20,"enemies":"Lagavulin","floor":14,"turns":5},{"damage":19,"enemies":"The Guardian","floor":16,"turns":13},{"damage":25,"enemies":"3 Byrds","floor":18,"turns":5},{"damage":9,"enemies":"Chosen","floor":19,"turns":4},{"damage":1,"enemies":"Masked Bandits","floor":20,"turns":2},{"damage":28,"enemies":"Snake Plant","floor":22,"turns":3}],"seed_played":"-1445778385615142439","potions_obtained":[{"floor":7.0,"key":"SteroidPotion"},{"floor":10.0,"key":"Ancient Potion"},{"floor":14,"key":"AttackPotion"},{"floor":19,"key":"PotionOfCapacity"}],"is_trial":false,"path_per_floor":["M","$","?","M","?","R","M","R","T","E","?","M","?","E","R","B",null,"M","M","?","?","M"],"character_chosen":"DEFECT","items_purchased":["Cold Snap","Doom and Gloom"],"campfire_rested":1,"item_purchase_floors":[2,2],"current_hp_per_floor":[64,64,64,64,57,57,57,57,57,34,51,51,30,10,31,12,56,31,22,21,21,0,0],"gold":211,"neow_bonus":"THREE_ENEMY_KILL","is_daily":false,"chose_seed":false,"campfire_upgraded":2,"win_rate":0.0,"timestamp":1611577105,"path_taken":["M","$","?","?","?","R","M","R","T","E","?","M","?","E","R","BOSS","M","M","?","?","M"],"items_purchased_type":["Card","Card"],"build_version":"2020-12-18","purchased_purges":0,"victory":false,"max_hp_per_floor":[71,71,71,71,71,71,71,71,71,71,71,71,71,71,71,71,71,71,71,71,71,71,71],"relic_stats":{"counters":[11,43],"Snecko Eye":[28,24,19,24],"Kunai":[3],"obtain_stats":[{"Lantern":14,"NeowsBlessing":0,"Snecko Eye":17,"The Courier":9,"Red Mask":20,"Kunai":10,"Cracked Core":0},{"Lantern":6,"NeowsBlessing":0,"Snecko Eye":7,"The Courier":3,"Red Mask":10,"Kunai":4,"Cracked Core":0},{"Lantern":16,"NeowsBlessing":0,"Snecko Eye":29,"The Courier":3,"Red Mask":40,"Kunai":7,"Cracked Core":0}]},"card_choices":[{"not_picked":["Beam Cell","Steam"],"picked":"Turbo","floor":1.0},{"not_picked":["Blizzard","Rebound"],"picked":"Ball Lightning","floor":4.0},{"not_picked":["Stack","Leap"],"picked":"Sunder","floor":7.0},{"not_picked":["Meteor Strike","Stack"],"picked":"Leap","floor":10.0},{"not_picked":["Hologram","Rebound","Conserve Battery"],"picked":"SKIP","floor":12.0},{"not_picked":["Steam Power","Machine Learning"],"picked":"Defragment","floor":14},{"not_picked":["Reboot","All For One"],"picked":"Machine Learning","floor":16},{"not_picked":["Go for the Eyes","BootSequence"],"picked":"Double Energy","floor":18},{"not_picked":["Storm","Chill"],"picked":"Undo","floor":19},{"not_picked":["Ball Lightning","Beam Cell"],"picked":"Hello World","floor":20}],"player_experience":3274651,"relics_obtained":[{"floor":9.0,"key":"The Courier"},{"floor":10.0,"key":"Kunai"},{"floor":14,"key":"Lantern"},{"floor":20,"key":"Red Mask"}],"event_choices":[{"damage_healed":0.0,"max_hp_gain":0.0,"max_hp_loss":0.0,"gold_gain":0.0,"event_name":"Match and Keep!","player_choice":"3 cards matched","floor":3.0,"gold_loss":0.0,"damage_taken":0.0,"cards_obtained":["Injury","Seek","Zap"]},{"cards_removed":["Injury"],"damage_healed":0.0,"max_hp_gain":0.0,"max_hp_loss":0.0,"gold_gain":0.0,"event_name":"Golden Wing","player_choice":"Card Removal","floor":5.0,"gold_loss":0.0,"damage_taken":7.0},{"damage_healed":17.0,"max_hp_gain":0.0,"max_hp_loss":0.0,"gold_gain":0.0,"event_name":"The Cleric","player_choice":"Healed","floor":11.0,"gold_loss":35.0,"damage_taken":0.0},{"damage_healed":0.0,"max_hp_gain":0.0,"max_hp_loss":0.0,"gold_gain":0.0,"event_name":"Shining Light","player_choice":"Entered Light","floor":13.0,"gold_loss":0.0,"damage_taken":21.0,"cards_upgraded":["Defend_B","Doom and Gloom"]},{"damage_healed":0,"gold_gain":0,"player_choice":"Fought Bandits","damage_taken":0,"max_hp_gain":0,"max_hp_loss":0,"event_name":"Masked Bandits","floor":20,"gold_loss":0},{"damage_healed":0,"gold_gain":0,"player_choice":"Ignored","damage_taken":0,"max_hp_gain":0,"max_hp_loss":0,"event_name":"Ghosts","floor":21,"gold_loss":0}],"is_beta":true,"boss_relics":[{"not_picked":["Black Star","Sozu"],"picked":"Snecko Eye"}],"items_purged_floors":[],"is_endless":false,"potions_floor_spawned":[7,10,14,19],"killed_by":"Snake Plant","ascension_level":20}}