{"host":"qgpqu878cmwvz894","time":1611548997,"event":{"mods":["AchievementEnabler","BaseMod","Colored Map","Hermit","Minty Spire (QoL Compilation)","Rare Cards Sparkle","StSLib","SuperFastMode"],"gold_per_floor":[117,117,89,14,33,33,88,102,102,2,2,16,16,43,43,147,147,157,157,4,19,30,30,30,41,41,41,41],"floor_reached":27,"language":"KOR","playtime":924,"items_purged":["hermit:Defend_Hermit","hermit:Defend_Hermit"],"score":211,"play_id":"ee5fdad9-15d9-4d60-82bf-93eb14b48ecb","local_time":"20210125132957","is_ascension_mode":false,"campfire_choices":[{"data":"hermit:HighCaliber","floor":6,"key":"SMITH"},{"data":"hermit:NoHoldsBarred","floor":11,"key":"SMITH"},{"floor":15,"key":"REST"},{"data":"hermit:CursedWeapon","floor":23,"key":"SMITH"}],"circlet_count":0,"master_deck":["hermit:Strike_Hermit","hermit:Strike_Hermit","hermit:Strike_Hermit","hermit:Strike_Hermit","hermit:Defend_Hermit+1","hermit:Defend_Hermit","hermit:Snapshot","hermit:Quickdraw+1","hermit:HighCaliber+1","hermit:NoHoldsBarred+1","hermit:Headshot","hermit:Deadeye","hermit:Magnum","hermit:TrackingShot","hermit:BigShot","hermit:CursedWeapon+1","hermit:Dive+1","hermit:Headshot"],"relics":["hermit:Momento","Blue Candle","Torii","SlaversCollar","Blood Vial","Nloth\u0027s Gift","hermit:RyeStalk"],"acts_visited":["Exordium","TheCity"],"potions_floor_usage":[14,16,25],"damage_taken":[{"damage":0,"enemies":"2 Louse","floor":1,"turns":1},{"damage":0,"enemies":"Small Slimes","floor":5,"turns":1},{"damage":0,"enemies":"Jaw Worm","floor":8,"turns":1},{"damage":0,"enemies":"Lots of Slimes","floor":12,"turns":1},{"damage":17,"enemies":"3 Sentries","floor":14,"turns":5},{"damage":62,"enemies":"The Guardian","floor":16,"turns":8},{"damage":6,"enemies":"Shell Parasite","floor":18,"turns":4},{"damage":2,"enemies":"Chosen","floor":21,"turns":3},{"damage":27,"enemies":"Snake Plant","floor":22,"turns":4},{"damage":33,"enemies":"Centurion and Healer","floor":25,"turns":4},{"damage":23,"enemies":"Snecko","floor":27,"turns":4}],"seed_played":"1209134057840834019","potions_obtained":[{"floor":5,"key":"SkillPotion"},{"floor":14,"key":"Energy Potion"},{"floor":22,"key":"Fire Potion"}],"is_trial":false,"path_per_floor":["M","?","?","$","M","R","?","M","T","$","R","M","$","E","R","B",null,"M","?","$","M","M","R","?","M","T","M"],"character_chosen":"HERMIT","items_purchased":["hermit:BigShot","Blood Vial"],"campfire_rested":1,"item_purchase_floors":[20,20],"current_hp_per_floor":[75,60,60,60,60,60,60,60,60,60,60,60,60,43,65,17,75,69,69,69,69,44,44,44,13,13,0,0],"gold":41,"neow_bonus":"THREE_ENEMY_KILL","is_daily":false,"chose_seed":false,"campfire_upgraded":3,"win_rate":0.0,"timestamp":1611548997,"path_taken":["M","?","?","$","M","R","?","M","T","?","R","?","?","E","R","BOSS","M","?","$","?","M","R","?","?","T","M"],"items_purchased_type":["Card","Relic"],"build_version":"2020-12-22","purchased_purges":2,"victory":false,"max_hp_per_floor":[75,75,75,75,75,75,75,75,75,75,75,75,75,75,75,75,75,75,75,75,75,75,75,75,75,75,75,75],"card_choices":[{"not_picked":["hermit:ItchyTrigger","hermit:CalledShot"],"picked":"hermit:Quickdraw","floor":1},{"not_picked":["hermit:HoleUp","hermit:LowProfile","hermit:HighCaliber"],"picked":"SKIP","floor":5},{"not_picked":["hermit:HoleUp","hermit:LowProfile"],"picked":"hermit:HighCaliber","floor":5},{"not_picked":["hermit:Dive","hermit:FullyLoaded"],"picked":"hermit:NoHoldsBarred","floor":8},{"not_picked":["hermit:CalledShot","hermit:HoleUp"],"picked":"hermit:Headshot","floor":12},{"not_picked":["hermit:WideOpen","hermit:TakeAim"],"picked":"hermit:Deadeye","floor":14},{"not_picked":["hermit:HeroicBravado","hermit:Dissolve"],"picked":"hermit:Magnum","floor":16},{"not_picked":["hermit:LoneWolf","hermit:Snipe+1"],"picked":"hermit:TrackingShot","floor":18},{"not_picked":["hermit:Desperado","hermit:Enervate"],"picked":"hermit:CursedWeapon","floor":21},{"not_picked":["hermit:Snipe","hermit:Manifest"],"picked":"hermit:Dive+1","floor":22},{"not_picked":["hermit:Quickdraw+1","hermit:Vantage"],"picked":"hermit:Headshot","floor":25}],"player_experience":132222,"relics_obtained":[{"floor":9,"key":"Blue Candle"},{"floor":14,"key":"Torii"},{"floor":26,"key":"hermit:RyeStalk"}],"event_choices":[{"damage_healed":0,"gold_gain":0,"player_choice":"Entered Light","damage_taken":15,"max_hp_gain":0,"max_hp_loss":0,"event_name":"Shining Light","floor":2,"gold_loss":0,"cards_upgraded":["hermit:Quickdraw","hermit:Defend_Hermit"]},{"damage_healed":0,"gold_gain":0,"player_choice":"Left Gold","damage_taken":0,"max_hp_gain":0,"max_hp_loss":0,"event_name":"World of Goop","floor":3,"gold_loss":28},{"damage_healed":0,"gold_gain":55,"player_choice":"Gained Gold","damage_taken":0,"max_hp_gain":0,"max_hp_loss":0,"event_name":"Golden Wing","floor":7,"gold_loss":0},{"cards_removed":["hermit:Covet"],"damage_healed":0,"gold_gain":0,"player_choice":"Offered Basic","damage_taken":0,"max_hp_gain":0,"max_hp_loss":0,"event_name":"Bonfire Elementals","floor":19,"gold_loss":0},{"damage_healed":0,"gold_gain":0,"player_choice":"Traded Relic","damage_taken":0,"relics_obtained":["Nloth\u0027s Gift"],"max_hp_gain":0,"max_hp_loss":0,"event_name":"N\u0027loth","floor":24,"relics_lost":["NeowsBlessing"],"gold_loss":0}],"is_beta":false,"boss_relics":[{"not_picked":["Snecko Eye","Coffee Dripper"],"picked":"SlaversCollar"}],"items_purged_floors":[4,10],"is_endless":false,"potions_floor_spawned":[5,14,22],"killed_by":"Snecko","ascension_level":0}}