{"host":"rx4dvj46as2nh7wl","time":1611546728,"event":{"mods":["100% Spire Juice","ATMod(°¢èªMod)","Act Like it!","BaseMod","BetterRewards","Defective Defect","Dota2Spire","Friendly Minions","Gensokyo","GifTheSpireLib","HololiveMod","Hubris","KomeijiMod","Lobotomy","Minty Spire (QoL Compilation)","Permanent Neow","Relic Stats","Replay The Spire","Spicy Shops","StSLib","The Alterego","WarShipGirlsR/Õ½½¢ÉÙÅ®R mod","Yakumo Yukari mod"],"gold_per_floor":[117,128,27,27,17,51,70,31,31,49,78,96,108,138,18,122,122,134,153,153,165,45,45,45],"floor_reached":23,"language":"ZHS","playtime":2243,"items_purged":[],"score":249,"play_id":"b1244fe3-b2e4-40b3-8fd1-13233d45806c","local_time":"20210125115208","is_ascension_mode":true,"campfire_choices":[],"circlet_count":0,"master_deck":["Moonworks:Strike","Moonworks:Strike","Moonworks:Strike","Moonworks:Strike","Moonworks:Defend","Moonworks:Defend","Moonworks:Defend","Moonworks:Defend","Moonworks:Ambush","Moonworks:LongDistanceShot","AT_DarkMatter","VoidDream","Moonworks:SakisCookie","SingingMachine","Moonworks:IndiscriminateFireSupport","Moonworks:DevilHand","LaLuna","Moonworks:ReproductionOfRecords","ShyLook","Moonworks:MiracleRedBeanIceCream","Moonworks:NicePresent","Moonworks:NicePresent","DreamingCurrent","Moonworks:SweetBattle","Moonworks:ShieldCounter","LittleHelper","Moonworks:DeployBits","Moonworks:CloudOfSeagulls","UniverseFragment","QueenOfHatred","Moonworks:CloudOfSeagulls","Moonworks:AnotherUltimateWeapon","Moonworks:PlushieMaster","Yin","Moonworks:NicePresent+1","Moonworks:Flamethrower"],"relics":["Moonworks:BrokenBomb","Moonworks:Homemark","AT_ATBox","CogitoBucket","hubris:SphereOfDissonance","Question Card","FleshIdol","Moonworks:LittleGull","Dota2Spire:UrnOfShadows","Dota2Spire:Bloodstone"],"acts_visited":["Gensokyo:Gensokyo","TheCity"],"potions_floor_usage":[18,18],"damage_taken":[{"damage":0,"enemies":"Gensokyo:2_Kodama","floor":1,"turns":3},{"damage":0,"enemies":"Gensokyo:3_Fairies","floor":2,"turns":4},{"damage":4,"enemies":"Gensokyo:Gryphon","floor":3,"turns":2},{"damage":8,"enemies":"Gensokyo:Cirno","floor":6,"turns":4},{"damage":4,"enemies":"Gensokyo:VengefulSpirit","floor":7,"turns":3},{"damage":0,"enemies":"Gensokyo:2_Rabbits","floor":10,"turns":1},{"damage":60,"enemies":"Gensokyo:Mamizou","floor":11,"turns":9},{"damage":6,"enemies":"Gensokyo:LivingMonolith","floor":12,"turns":2},{"damage":0,"enemies":"Gensokyo:3_Kodama","floor":13,"turns":1},{"damage":43,"enemies":"Gensokyo:Cirno","floor":14,"turns":6},{"damage":57,"enemies":"Gensokyo:Kokoro","floor":16,"turns":8},{"damage":41,"enemies":"Spheric Guardian","floor":18,"turns":4},{"damage":9,"enemies":"3 Byrds","floor":19,"turns":3},{"damage":79,"enemies":"3 Cultists","floor":21,"turns":5},{"damage":66,"enemies":"Slavers","floor":23,"turns":3}],"seed_played":"3693592492061217449","potions_obtained":[{"floor":2,"key":"SkillPotion"},{"floor":3,"key":"DistilledChaos"},{"floor":7,"key":"Dexterity Potion"},{"floor":13,"key":"Venom Potion"}],"is_trial":false,"path_per_floor":["M","M","M","?","?","E","M","$","T","M","E","M","M","E","R","B",null,"M","M","?","M","?","E"],"character_chosen":"THE_STARBREAKER","items_purchased":["Moonworks:NicePresent"],"campfire_rested":0,"item_purchase_floors":[8],"current_hp_per_floor":[60,60,56,56,56,48,46,46,46,48,41,47,47,43,43,41,60,36,56,56,33,33,0,0],"gold":45,"neow_bonus":"","is_daily":false,"chose_seed":false,"campfire_upgraded":0,"win_rate":0.0,"timestamp":1611546728,"path_taken":["M","M","M","?","?","E","M","?","T","M","E","M","M","E","R","BOSS","M","M","?","M","?","E"],"items_purchased_type":["Card"],"build_version":"2020-12-22","purchased_purges":0,"victory":false,"max_hp_per_floor":[60,60,60,60,60,60,60,60,60,60,60,60,60,60,60,60,60,60,60,60,60,60,60,60],"relic_stats":{"counters":[17,60],"Question Card":22,"obtain_stats":[{"Yang_Lob":18,"CogitoBucket":0,"AT_ATBox":0,"Dota2Spire:UrnOfShadows":14,"Moonworks:LittleGull":11,"Moonworks:Homemark":0,"hubris:SphereOfDissonance":6,"FleshIdol":10,"Dota2Spire:Bloodstone":17,"Question Card":9,"Moonworks:BrokenBomb":0},{"Yang_Lob":14,"CogitoBucket":0,"AT_ATBox":0,"Dota2Spire:UrnOfShadows":11,"Moonworks:LittleGull":8,"Moonworks:Homemark":0,"hubris:SphereOfDissonance":4,"FleshIdol":7,"Dota2Spire:Bloodstone":12,"Question Card":5,"Moonworks:BrokenBomb":0},{"Yang_Lob":49,"CogitoBucket":0,"AT_ATBox":0,"Dota2Spire:UrnOfShadows":36,"Moonworks:LittleGull":27,"Moonworks:Homemark":0,"hubris:SphereOfDissonance":13,"FleshIdol":18,"Dota2Spire:Bloodstone":44,"Question Card":16,"Moonworks:BrokenBomb":0}]},"card_choices":[{"not_picked":["BeautyBeast","WallGazer"],"picked":"VoidDream","floor":1},{"not_picked":["Moonworks:LulusLuckyEgg","Moonworks:NicePresent"],"picked":"Moonworks:SakisCookie","floor":1},{"not_picked":["FairyFestival","CherryBlossoms"],"picked":"SingingMachine","floor":2},{"not_picked":["Moonworks:BigMagnum","Moonworks:DeployBits"],"picked":"Moonworks:IndiscriminateFireSupport","floor":2},{"not_picked":["Moonworks:ImOnFire","Moonworks:ReproductionOfRecords"],"picked":"Moonworks:DevilHand","floor":3},{"not_picked":["MHz","ShyLook"],"picked":"LaLuna","floor":3},{"not_picked":[],"picked":"Moonworks:ReproductionOfRecords","floor":5},{"not_picked":["Moonworks:SakisCookie","Moonworks:ExtendedPhotonRifle","Moonworks:Dash"],"picked":"SKIP","floor":6},{"not_picked":["MeatLantern","UniverseFragment"],"picked":"ShyLook","floor":7},{"not_picked":["Moonworks:CloudOfSeagulls","Moonworks:SinkOrSwim"],"picked":"Moonworks:MiracleRedBeanIceCream","floor":7},{"not_picked":["Freischutz","PunishingBird"],"picked":"DreamingCurrent","floor":10},{"not_picked":["Moonworks:TacticalRetreat","Moonworks:JonathanRush","Moonworks:CloudOfSeagulls"],"picked":"Moonworks:SweetBattle","floor":10},{"not_picked":["Moonworks:ScrambledEve","Moonworks:AngelHand","Moonworks:DeployBits"],"picked":"Moonworks:ShieldCounter","floor":11},{"not_picked":["MHz","Scorched"],"picked":"LittleHelper","floor":11},{"not_picked":["Moonworks:LulusLuckyEgg","Moonworks:ScrambledEve","Moonworks:NicePresent"],"picked":"Moonworks:DeployBits","floor":12},{"not_picked":["Moonworks:DeployBits","Moonworks:ImOnFire","Moonworks:RedAndBlue"],"picked":"Moonworks:CloudOfSeagulls","floor":13},{"not_picked":["MHz","BigBadWolf"],"picked":"UniverseFragment","floor":13},{"not_picked":["WallGazer","FieryBird"],"picked":"QueenOfHatred","floor":14},{"not_picked":["Moonworks:Assault","Moonworks:RagingMadness","Moonworks:SakisCookie"],"picked":"Moonworks:CloudOfSeagulls","floor":14},{"not_picked":["Moonworks:IntelligenceOfficer","Moonworks:MixPhenomenon","Moonworks:BigMagnum"],"picked":"Moonworks:AnotherUltimateWeapon","floor":15},{"not_picked":["Moonworks:LeapThroughSpace","Moonworks:EvilMastermind","Moonworks:WeAreWaruda"],"picked":"Moonworks:PlushieMaster","floor":16},{"not_picked":["SnowQueen","Porccubus"],"picked":"Yin","floor":18},{"not_picked":["Moonworks:EvilSpyWorkPreparation","Moonworks:DeployBits","Moonworks:CloudOfSeagulls"],"picked":"Moonworks:NicePresent+1","floor":18},{"not_picked":["Moonworks:BackdoorTrade","Moonworks:IndiscriminateFireSupport","Moonworks:CloudOfSeagulls","Moonworks:LulusLuckyEgg"],"picked":"SKIP","floor":19},{"not_picked":["Moonworks:BigMagnum","Moonworks:IntelligenceOfficer+1","Moonworks:Assault+1"],"picked":"Moonworks:Flamethrower","floor":21}],"player_experience":169713,"relics_obtained":[{"floor":6,"key":"hubris:SphereOfDissonance"},{"floor":9,"key":"Question Card"},{"floor":11,"key":"Moonworks:LittleGull"},{"floor":14,"key":"Dota2Spire:UrnOfShadows"}],"event_choices":[],"is_beta":false,"boss_relics":[{"not_picked":["Philosopher\u0027s Stone","hubris:Backtick"],"picked":"Dota2Spire:Bloodstone"}],"items_purged_floors":[],"is_endless":false,"potions_floor_spawned":[2,3,7,10,13,16],"killed_by":"Slavers","ascension_level":1}}