{"host":"x6h2w7w5b570y81k","time":1611604682,"event":{"mods":["AchievementEnabler","Act Like it!","BaseMod","Colored Map","Colored Powertips","Downfall","Friendly Minions","Minty Spire (QoL Compilation)","StSLib","The Animator"],"gold_per_floor":[99,99,114,289,289,289,316,316,331,370,370,411,437,437,461,461,461,461],"floor_reached":16,"language":"DEU","playtime":1176,"items_purged":[],"score":108,"play_id":"7e97881d-1a2e-4ed9-bedd-da72afcc0214","local_time":"20210125205802","is_ascension_mode":false,"campfire_choices":[{"data":"bronze:Replicate","floor":1,"key":"SMITH"},{"data":"bronze:Goto","floor":6,"key":"SMITH"},{"data":"bronze:Turbo","floor":8,"key":"SMITH"},{"data":"bronze:Overload","floor":11,"key":"SMITH"}],"circlet_count":0,"master_deck":["bronze:Strike","bronze:Strike","bronze:Strike","bronze:Strike","bronze:Defend","bronze:Defend","bronze:Defend","bronze:Defend","bronze:Replicate+1","bronze:Goto+1","bronze:Turbo+1","bronze:Overload+1","bronze:WhirlingStrike","bronze:CutThrough","bronze:Repair","bronze:Frontload"],"relics":["bronze:BronzeCore","downfall:BrokenWingStatue","Bag of Preparation","CeramicFish","FossilizedHelix","PreservedInsect"],"acts_visited":["Exordium"],"potions_floor_usage":[16],"damage_taken":[{"damage":3,"enemies":"2 Louse","floor":3,"turns":3},{"damage":1,"enemies":"Jaw Worm","floor":9,"turns":3},{"damage":24,"enemies":"Gremlin Nob","floor":10,"turns":4},{"damage":17,"enemies":"3 Sentries","floor":12,"turns":5},{"damage":0,"enemies":"Small Slimes","floor":13,"turns":2},{"damage":8,"enemies":"Exordium Wildlife","floor":15,"turns":4},{"damage":35,"enemies":"WA_ARCHETYPE_RETAIN","floor":16,"turns":14}],"seed_played":"9157730282303729504","potions_obtained":[{"floor":3,"key":"bronze:FreeFunctionsPotion"},{"floor":10,"key":"SmokeBomb"}],"is_trial":false,"path_per_floor":["R","?","M","?","?","R","T","R","M","E","R","E","M","?","M","B"],"character_chosen":"THE_AUTOMATON","items_purchased":[],"campfire_rested":0,"item_purchase_floors":[],"current_hp_per_floor":[77,77,74,74,74,74,74,74,73,49,49,32,32,29,28,0,0,0],"gold":461,"neow_bonus":"TEN_PERCENT_HP_BONUS","is_daily":false,"chose_seed":false,"campfire_upgraded":4,"win_rate":0.0,"timestamp":1611604682,"path_taken":["R","?","M","?","?","R","T","R","M","E","R","E","M","?","M","BOSS"],"items_purchased_type":[],"build_version":"2020-12-22","purchased_purges":0,"victory":false,"max_hp_per_floor":[77,77,77,77,77,77,77,77,77,77,77,77,77,77,77,77,77,77],"card_choices":[{"not_picked":["bronze:Invalidate","bronze:ChildClass"],"picked":"bronze:Turbo","floor":3},{"not_picked":["bronze:Philosophize","bronze:Shield"],"picked":"bronze:Overload","floor":9},{"not_picked":["bronze:Optimize","bronze:BronzeArmor"],"picked":"bronze:WhirlingStrike","floor":10},{"not_picked":["bronze:Turbo","bronze:ForceShield"],"picked":"bronze:CutThrough","floor":12},{"not_picked":["bronze:Overheat","bronze:DarkDash"],"picked":"bronze:Repair","floor":13},{"not_picked":["bronze:Shield","bronze:ClassDefault"],"picked":"bronze:Frontload","floor":15}],"player_experience":240456,"relics_obtained":[{"floor":7,"key":"Bag of Preparation"},{"floor":10,"key":"CeramicFish"},{"floor":12,"key":"FossilizedHelix"}],"event_choices":[{"cards_removed":["Doubt"],"damage_healed":0,"gold_gain":0,"player_choice":"Forget","damage_taken":0,"max_hp_gain":0,"max_hp_loss":0,"event_name":"Living Wall","floor":5,"gold_loss":0},{"damage_healed":0,"gold_gain":0,"player_choice":"Success","damage_taken":3,"relics_obtained":["PreservedInsect"],"max_hp_gain":0,"max_hp_loss":0,"event_name":"Scrap Ooze","floor":14,"gold_loss":0}],"is_beta":false,"boss_relics":[],"items_purged_floors":[],"is_endless":false,"potions_floor_spawned":[3,10],"killed_by":"WA_ARCHETYPE_RETAIN","ascension_level":0}}