{"host":"y1ofzq2uwmwk6jkg","time":1611578567,"event":{"mods":["AchievementEnabler","Act Like it!","BaseMod","Colored Powertips","Downfall","Gensokyo","Hallownest","Marisa£®ÏF”Í°°ƒß¿Ì…≥£©","Minty Spire (QoL Compilation)","Pale of the Ancients","Remilia£®¿Ÿ√◊¿Ú—«£©","Replay The Spire","StSLib","The Bug Knight","The Cursed","The Poker Player","The Servant 0.9.4","Youmu£®ªÍ∆«—˝√Œ£©"],"gold_per_floor":[110,110,285,285,3,35,52,52,75,85,85,105,105,135,135,234,234,246,226,243,243,44,72,72,99,111,123,160,172,184,216,216],"floor_reached":31,"language":"ZHS","playtime":766,"items_purged":["Doubt"],"score":389,"play_id":"06cea379-4ce7-47ee-8b51-1d9f7ebd0415","local_time":"20210125204247","is_ascension_mode":true,"campfire_choices":[{"floor":8.0,"key":"REST"},{"data":"VampireSweep","floor":13.0,"key":"SMITH"},{"floor":15.0,"key":"REST"},{"floor":24.0,"key":"REST"},{"floor":27.0,"key":"REST"},{"floor":29.0,"key":"REST"}],"circlet_count":1,"master_deck":["Strike_RM+1","Strike_RM+1","Strike_RM+1","Strike_RM+1","Defend_RM+1","Defend_RM+1","Defend_RM+1","Defend_RM+1","RedMoon+1","ScarletShoot","KillingBlow+1","ScarletDream","CharismaGuard","StarOfDavid","VampireSweep+1","RedNightlessCastle","SuperhumanBloodyKnife","BloodHunter","DemonKingCradle","NightDance","ScarletCoffin","KillingBlow+1","UltimateOffering+1","ScarletNetherworld","EmergencyRegeneration+1","BlasphemousPunishment+1"],"relics":["ScarletHat","Circlet","ReplayTheSpireMod:Ninjato","ReplayTheSpireMod:TigerMarble","Pen Nib","ReplayTheSpireMod:Lightbulb","Centennial Puzzle","Black Star","DollysMirror","ReplayTheSpireMod:Shallot","Toxic Egg 2","Happy Flower","MawBank","Bottled Lightning","Orichalcum","Gungnir","Letter Opener"],"acts_visited":[],"potions_floor_usage":[],"damage_taken":[{"damage":0.0,"enemies":"2 Louse","floor":1.0,"turns":2.0},{"damage":0.0,"enemies":"Gremlin Nob","floor":6.0,"turns":2.0},{"damage":18.0,"enemies":"Small Slimes","floor":7.0,"turns":2.0},{"damage":0.0,"enemies":"Cultist","floor":10.0,"turns":3.0},{"damage":3.0,"enemies":"Large Slime","floor":12.0,"turns":3.0},{"damage":31.0,"enemies":"Lagavulin","floor":14.0,"turns":4.0},{"damage":33.0,"enemies":"Slime Boss","floor":16.0,"turns":6.0},{"damage":0.0,"enemies":"Spheric Guardian","floor":18.0,"turns":2.0},{"damage":14.0,"enemies":"2 Thieves","floor":20.0,"turns":2.0},{"damage":41.0,"enemies":"Slavers","floor":23.0,"turns":5.0},{"damage":49.0,"enemies":"Gremlin Leader","floor":25.0,"turns":3.0},{"damage":46.0,"enemies":"Book of Stabbing","floor":28.0,"turns":6.0},{"damage":59.0,"enemies":"Snake Plant","floor":31.0,"turns":2.0}],"seed_played":"272008149878134238","potions_obtained":[{"floor":1.0,"key":"Weak Potion"},{"floor":10.0,"key":"SkillPotion"},{"floor":16.0,"key":"Strength Potion"},{"floor":19.0,"key":"SmokeBomb"},{"floor":28.0,"key":"Explosive Potion"},{"floor":31,"key":"Adrenaline Potion"}],"is_trial":false,"path_per_floor":["M","?","?","?","$","E","M","R","T","M","?","M","R","E","R","B",null,"M","?","M","?","$","E","R","E","T","R","E","R","T","M"],"character_chosen":"REMILIA","items_purchased":["ReplayTheSpireMod:TigerMarble","CharismaGuard","DollysMirror"],"campfire_rested":5,"item_purchase_floors":[5,5,22],"current_hp_per_floor":[54,36,36,21,21,39,21,43,43,46,46,43,43,12,34,15,75,75,75,63,63,63,28,50,30,30,52,9,31,31,16,16],"gold":216,"neow_bonus":"THREE_RARE_CARDS","is_daily":false,"chose_seed":false,"campfire_upgraded":1,"win_rate":0.0,"timestamp":1611578567,"path_taken":["M","?","?","?","$","E","M","R","T","M","?","M","R","E","R","BOSS","M","?","?","?","$","E","R","E","T","R","E","R","?","M"],"items_purchased_type":["Relic","Card","Relic"],"build_version":"2020-12-22","purchased_purges":1,"victory":false,"max_hp_per_floor":[75,75,75,75,75,75,75,75,75,75,75,75,75,75,75,75,75,75,75,75,75,75,75,75,75,75,75,75,75,75,75,75],"card_choices":[{"not_picked":["ScarletMeister","HeartBreak"],"picked":"KillingBlow","floor":0.0},{"not_picked":["NightDance","BloodAndWine"],"picked":"ScarletDream","floor":1.0},{"not_picked":["BloodyCatastrophe","NightDance"],"picked":"StarOfDavid","floor":6.0},{"not_picked":["UnderTheZenith","EndlessAdversity"],"picked":"VampireSweep","floor":7.0},{"not_picked":["EndlessAdversity","BloodHunter"],"picked":"RedNightlessCastle","floor":10.0},{"not_picked":["RedNightlessCastle","TwelveNightmare"],"picked":"SuperhumanBloodyKnife","floor":12.0},{"not_picked":["UltimateOffering","Stigmanizer"],"picked":"BloodHunter","floor":14.0},{"not_picked":["TricksterDevil","ScarletNetherworld"],"picked":"DemonKingCradle","floor":16.0},{"not_picked":["ScarletCoffin","VampireClaw"],"picked":"NightDance","floor":18.0},{"not_picked":["ForecastOfChange","FavorOfDestiny"],"picked":"ScarletCoffin","floor":20.0},{"not_picked":["BloodyTrap+1","ScarletDevil"],"picked":"UltimateOffering+1","floor":23.0},{"not_picked":["BadLadyScramble+1","ReincarnationDial+1"],"picked":"ScarletNetherworld","floor":25.0},{"not_picked":["FavorOfDestiny","StarOfDavid"],"picked":"EmergencyRegeneration+1","floor":28.0},{"not_picked":["ScarletImprint","VampireKiss"],"picked":"BlasphemousPunishment+1","floor":31}],"player_experience":680268,"relics_obtained":[{"floor":6.0,"key":"Pen Nib"},{"floor":9.0,"key":"ReplayTheSpireMod:Lightbulb"},{"floor":14.0,"key":"Centennial Puzzle"},{"floor":23.0,"key":"ReplayTheSpireMod:Shallot"},{"floor":23.0,"key":"Toxic Egg 2"},{"floor":25.0,"key":"Happy Flower"},{"floor":25.0,"key":"MawBank"},{"floor":26.0,"key":"Bottled Lightning"},{"floor":28.0,"key":"Orichalcum"},{"floor":28.0,"key":"Gungnir"},{"floor":30.0,"key":"Letter Opener"}],"event_choices":[{"damage_healed":0.0,"max_hp_gain":0.0,"max_hp_loss":0.0,"gold_gain":0.0,"event_name":"Scrap Ooze","player_choice":"Success","floor":2.0,"gold_loss":0.0,"damage_taken":18.0,"relics_obtained":["ReplayTheSpireMod:Ninjato"]},{"damage_healed":0.0,"max_hp_gain":0.0,"max_hp_loss":0.0,"gold_gain":175.0,"event_name":"Liars Game","player_choice":"AGREE","floor":3.0,"gold_loss":0.0,"damage_taken":0.0,"cards_obtained":["Doubt"]},{"damage_healed":0.0,"max_hp_gain":0.0,"max_hp_loss":0.0,"gold_gain":0.0,"event_name":"Shining Light","player_choice":"Entered Light","floor":4.0,"gold_loss":0.0,"damage_taken":15.0,"cards_upgraded":["Strike_RM","RedMoon"]},{"damage_healed":0.0,"max_hp_gain":0.0,"max_hp_loss":0.0,"gold_gain":0.0,"event_name":"Living Wall","player_choice":"Grow","floor":11.0,"gold_loss":0.0,"damage_taken":0.0,"cards_upgraded":["KillingBlow"]},{"damage_healed":0.0,"max_hp_gain":0.0,"max_hp_loss":0.0,"gold_gain":0.0,"event_name":"The Woman in Blue","player_choice":"Bought 1 Potion","floor":19.0,"gold_loss":0.0,"damage_taken":0.0},{"damage_healed":0.0,"max_hp_gain":0.0,"max_hp_loss":0.0,"gold_gain":0.0,"event_name":"Back to Basics","player_choice":"Simplicity","floor":21.0,"gold_loss":0.0,"damage_taken":0.0,"cards_upgraded":[]}],"is_beta":false,"boss_relics":[{"not_picked":["Runic Pyramid","Replay:Bronze Core"],"picked":"Black Star"}],"items_purged_floors":[5],"is_endless":false,"potions_floor_spawned":[1,10,16,20,28,31],"killed_by":"Snake Plant","ascension_level":4}}