{"host":"dwyzfvnzfcqffr30","time":1611587151,"event":{"mods":["2.2 Compatiblity","Act Like it!","Aspiration","BaseMod","Beaked The Cultist","Better Altar","Better Match","Better Note","Better Sensory Stone","Better Skull","Better Third Choice","Clockwork Mod","Colored Map","Colored Powertips","Conspire","Elementarium","GifTheSpireLib","Halation","Hermit","Hubris","Infinite Spire","Ironclad Rager","Jedi Mod","Menagerie","Mimic Mod","Minty Spire (QoL Compilation)","Permanent Neow","Random Character Button","Reliquary","Replay The Spire","Spicy Shops","Spikes Relics","StSLib","Stuff the Spire","The Construct","The Disciple","The Druid","The Marked","TheFirefly","Trackpad","Wandering Minibosses"],"gold_per_floor":[19,19,36,46,59,89,107,141,214,257,257,257,290,350,350,392,392,436,29,41,55,70,101,101,101,128,161,161,161,185,210,210,241,241,275,275,275,311,311,311,342,342,342,339,370,414,573,644,23,58,58,58,58,58,6,37,37,37],"floor_reached":57,"language":"ENG","playtime":5876,"items_purged":["Decay","Inflame+1"],"score":1606,"play_id":"d0da1b0d-72b5-43ae-82a7-c19ca22443ff","local_time":"20210125070551","is_ascension_mode":true,"campfire_choices":[{"floor":12,"key":"RECALL"},{"floor":15,"key":"REST"},{"data":"Perfected Strike+1","floor":32,"key":"SMITH"},{"data":"Disarm+1","floor":40,"key":"SMITH"},{"data":"conspire:Banana+1","floor":51,"key":"SMITH"},{"data":"conspire:Banana+2","floor":54,"key":"SMITH"}],"circlet_count":0,"master_deck":["AscendersBane","Bash+1","Twin Strike+1","Twin Strike+1","Twin Strike+1","Twin Strike+1","Twin Strike+1","Iron Wave+1","Iron Wave+1","Iron Wave+1","Iron Wave+1","Apotheosis+1","MasterReality+1","Disarm+2","Pommel Strike+1","infinitespire:OneForAll+1","Invigoration+1","Intimidate+1","Reaper+1","jedi:harder+1","beaked:AwakenedForm+1","Perfected Strike+2","Flex+1","Cleave+1","Limit Break+1","infinitespire:UltimateForm+1","infinitespire:Gouge+1","conspire:Banana+3","StuffTheSpire:Coldhearted+1"],"relics":["Burning Blood","Toxic Egg 2","Molten Egg 2","Frozen Egg 2","Quantum Egg","infinitespire:EvilPickle","SacredBark","conspire:InfiniteJournal","Bottled Tornado","halation:OrihimeAndHikoboshiSamaAndTears","Lantern","Bag of Preparation","hubris:Icosahedron","Replay:Mystery Machine","beaked:SacredDeck","aspiration:StickyExplosives_weak","reliquary:Buckler","Matryoshka","reliquary:SilkGlove","StuffTheSpire:Barrel","conspire:GiftBox","StuffTheSpire:Tea","Elementarium:ElementariumTrophy","trackpad:DemonHeart","halation:QuantumPhysicsTextbook","aspiration:DefectSkillbook","reliquary:OuijaBoard","aspiration:TomeofQuesting","PreservedInsect","infinitespire:Beetle Shell","reliquary:RoseTintedGlasses","reliquary:Knoch","jedi:fakemustache","hubris:ToyBattleship","Happy Flower","Replay:Ringing Soul"],"acts_visited":["Menagerie:Menagerie","Elementarium:Elementarium","TheBeyond","TheEnding"],"potions_floor_usage":[10,21,22,23,41,52,52,57],"damage_taken":[{"damage":0,"enemies":"Menagerie:MonstrousExperiment","floor":1,"turns":2},{"damage":3,"enemies":"Menagerie:WhisperingWraith","floor":3,"turns":3},{"damage":0,"enemies":"Menagerie:2_RABBITS","floor":5,"turns":3},{"damage":14,"enemies":"Menagerie:VoidReaper","floor":6,"turns":5},{"damage":10,"enemies":"Menagerie:EntropyWarlock","floor":7,"turns":2},{"damage":0,"enemies":"Menagerie:MaskedSummoner","floor":8,"turns":9},{"damage":15,"enemies":"Menagerie:VoidReaper","floor":10,"turns":3},{"damage":12,"enemies":"Menagerie:RedMage","floor":13,"turns":3},{"damage":12,"enemies":"Menagerie:Chimera","floor":16,"turns":5},{"damage":2,"enemies":"Elementarium:Cyclone","floor":18,"turns":4},{"damage":0,"enemies":"Elementarium:2_ELEMENTALS","floor":20,"turns":2},{"damage":7,"enemies":"Elementarium:Hydrostalker","floor":21,"turns":3},{"damage":6,"enemies":"Elementarium:STONE_GOLEMS","floor":22,"turns":2},{"damage":39,"enemies":"Elementarium:ElementalPortal","floor":23,"turns":6},{"damage":9,"enemies":"Elementarium:FIRE_NOBILITY","floor":27,"turns":4},{"damage":2,"enemies":"Elementarium:CYCLONE_AND_LIVING_STORMCLOUD","floor":30,"turns":3},{"damage":7,"enemies":"Elementarium:Hydrostalker","floor":31,"turns":3},{"damage":10,"enemies":"Elementarium:GoldenDragon","floor":33,"turns":3},{"damage":0,"enemies":"3 Darklings","floor":35,"turns":1},{"damage":0,"enemies":"Orb Walker","floor":38,"turns":2},{"damage":16,"enemies":"Spire Growth","floor":41,"turns":3},{"damage":14,"enemies":"Nemesis","floor":44,"turns":3},{"damage":0,"enemies":"Transient","floor":45,"turns":3},{"damage":0,"enemies":"Transient","floor":46,"turns":5},{"damage":0,"enemies":"Giant Head","floor":47,"turns":2},{"damage":10,"enemies":"Reptomancer","floor":48,"turns":3},{"damage":7,"enemies":"Nemesis","floor":50,"turns":3},{"damage":23,"enemies":"Time Eater","floor":52,"turns":4},{"damage":0,"enemies":"Shield and Spear","floor":56,"turns":3},{"damage":54,"enemies":"The Heart","floor":57,"turns":3}],"seed_played":"-4963033728885813247","potions_obtained":[{"floor":5,"key":"jedi:tentaclejuice"},{"floor":6,"key":"jedi:StrikingPotion"},{"floor":13,"key":"Energy Potion"},{"floor":14,"key":"Flashbang"},{"floor":31,"key":"SteroidPotion"},{"floor":33,"key":"Weak Potion"},{"floor":41,"key":"LiquidBronze"}],"is_trial":false,"path_per_floor":["M","?","M","$","M","E","M","E","T","E","?","R","M","?","R","B",null,"M","$","M","M","M","E","?","?","T","E","?","AVR","M","M","R","B",null,"M","?","AVR","M","HB","R","M","PTL","PTL","E","MIM","M","E","E","$","E","R","B",null,"R","$","E","B"],"character_chosen":"IRONCLAD","items_purchased":["halation:OrihimeAndHikoboshiSamaAndTears","aspiration:StickyExplosives_weak","reliquary:Buckler","reliquary:RoseTintedGlasses","reliquary:Knoch","jedi:fakemustache","conspire:Banana+1","hubris:ToyBattleship","Strength Potion"],"campfire_rested":1,"item_purchase_floors":[4,19,19,49,49,49,49,49,55],"current_hp_per_floor":[56,59,62,62,68,60,56,62,62,53,53,53,47,47,67,61,66,68,68,68,67,67,68,68,74,74,71,74,74,74,73,73,69,73,74,55,55,61,37,37,27,27,27,28,37,37,37,33,37,40,40,26,39,39,43,50,0,0],"gold":37,"neow_bonus":"IRONCLAD_BERSERKER","is_daily":false,"chose_seed":false,"campfire_upgraded":4,"win_rate":0.0,"timestamp":1611587151,"path_taken":["M","?","M","$","M","E","?","E","T","E","?","R","M","?","R","BOSS","M","$","M","M","M","E","?","?","T","E","?","AVR","M","?","R","BOSS","M","?","AVR","M","HB","R","M","PTL","PTL","E","MIM","M","E","E","$","E","R","BOSS","R","$","E","BOSS"],"items_purchased_type":["Relic","Relic","Relic","Relic","Relic","Relic","Card","Relic","Potion"],"build_version":"2020-12-22","purchased_purges":2,"victory":false,"max_hp_per_floor":[68,68,68,68,68,68,68,68,68,68,68,68,68,68,68,68,68,68,68,68,68,68,68,68,74,74,74,74,74,74,74,74,74,74,74,74,74,74,37,37,37,37,37,37,37,37,37,37,37,40,40,43,43,43,43,50,54,54],"card_choices":[{"not_picked":["Entrench+1","Iron Wave+1"],"picked":"Disarm+1","floor":1},{"not_picked":["Iron Wave+1","Sever Soul+1"],"picked":"Pommel Strike+1","floor":3},{"not_picked":["Havoc+1","StuffTheSpire:Incineration+1"],"picked":"infinitespire:OneForAll+1","floor":5},{"not_picked":["Disarm+1","StuffTheSpire:Incineration+1","Anger+1"],"picked":"SKIP","floor":6},{"not_picked":["StuffTheSpire:Slingshot+1","Iron Wave+1"],"picked":"Invigoration+1","floor":7},{"not_picked":["Warcry+1","Sword Boomerang+1"],"picked":"Inflame+1","floor":8},{"not_picked":["StuffTheSpire:Pyroclast+1","True Grit+1","Sentinel+1"],"picked":"SKIP","floor":10},{"not_picked":["StuffTheSpire:Pyroclast+1","True Grit+1","Sentinel+1"],"picked":"SKIP","floor":10},{"not_picked":["Warcry+1","Sword Boomerang+1"],"picked":"Intimidate+1","floor":13},{"not_picked":["Wild Strike+1","Havoc+1"],"picked":"Reaper+1","floor":14},{"not_picked":["Offering+1","jedi:strikingstrike+1"],"picked":"jedi:harder+1","floor":16},{"not_picked":["conspire:Charge+1","Body Slam+1","Fire Breathing+1"],"picked":"SKIP","floor":18},{"not_picked":["Sentinel+1","Seeing Red+1"],"picked":"Perfected Strike+1","floor":20},{"not_picked":["Infernal Blade+1","Sword Boomerang+1","Warcry+1"],"picked":"SKIP","floor":21},{"not_picked":["Twin Strike+1","hubris:StunningStrike+1","Heavy Blade+1"],"picked":"SKIP","floor":22},{"not_picked":["Bludgeon+1","Shrug It Off+1"],"picked":"Flex+1","floor":23},{"not_picked":["Double Tap+1","Fiend Fire+1"],"picked":"Limit Break+1","floor":27},{"not_picked":["Cleave+1","Replay:Undeath\u0027s Touch+1","conspire:Charge+1"],"picked":"SKIP","floor":27},{"not_picked":["Run Through+1","Battle Trance+1","Clothesline+1"],"picked":"SKIP","floor":30},{"not_picked":["Life Link+1","StuffTheSpire:RockThrow+1","Havoc+1"],"picked":"SKIP","floor":31},{"not_picked":["ReplayTheSpireMod:Strike From Hell+1","Body Slam+1","StuffTheSpire:Pyroclast+1"],"picked":"SKIP","floor":35},{"not_picked":["infinitespire:FutureSight","infinitespire:Oblivion"],"picked":"infinitespire:Gouge","floor":36},{"not_picked":["StuffTheSpire:RockThrow+1","Streamline+1","True Grit+1","ReplayTheSpireMod:Strike From Hell+1"],"picked":"SKIP","floor":38},{"not_picked":["StuffTheSpire:RockThrow+1","Streamline+1","True Grit+1","ReplayTheSpireMod:Strike From Hell+1"],"picked":"SKIP","floor":38},{"not_picked":["jedi:hate+1","Clash+1","Doom and Gloom+1","Barrage+1"],"picked":"SKIP","floor":41},{"not_picked":["Wild Strike+1","ReplayTheSpireMod:GoodbyeWorld+1","StuffTheSpire:Slingshot+1","Genetic Algorithm+1"],"picked":"SKIP","floor":44},{"not_picked":["Barrage+1","Clothesline+1","Genetic Algorithm+1","Leap+1"],"picked":"SKIP","floor":46},{"not_picked":["conspire:ExplosiveBarrier+1","conspire:Purge+1","conspire:HitWhereItHurts+1","jedi:BurstFrost+1"],"picked":"SKIP","floor":47},{"not_picked":["ICR:FrostFall+1","Cleave+1","Melter+1","Perfected Strike+1"],"picked":"SKIP","floor":48},{"not_picked":["Sunder+1","ReplayTheSpireMod:System Scan+1","Rebound+1","jedi:BurstDark+1"],"picked":"SKIP","floor":50},{"not_picked":["StuffTheSpire:NuclearReactor+1","Redo+1","ReplayTheSpireMod:System Scan+1"],"picked":"StuffTheSpire:Coldhearted+1","floor":56}],"player_experience":2240024,"relics_obtained":[{"floor":6,"key":"Lantern"},{"floor":8,"key":"Bag of Preparation"},{"floor":14,"key":"Replay:Mystery Machine"},{"floor":23,"key":"Matryoshka"},{"floor":26,"key":"reliquary:SilkGlove"},{"floor":26,"key":"StuffTheSpire:Barrel"},{"floor":27,"key":"conspire:GiftBox"},{"floor":45,"key":"reliquary:OuijaBoard"},{"floor":45,"key":"aspiration:TomeofQuesting"},{"floor":47,"key":"PreservedInsect"},{"floor":48,"key":"infinitespire:Beetle Shell"},{"floor":50,"key":"Happy Flower"},{"floor":56,"key":"Replay:Ringing Soul"}],"event_choices":[{"damage_healed":0,"gold_gain":0,"player_choice":"Simplicity","damage_taken":0,"max_hp_gain":0,"max_hp_loss":9,"event_name":"betterThird:BetterWriting","floor":0,"gold_loss":0},{"damage_healed":0,"gold_gain":0,"player_choice":"Graft","damage_taken":0,"max_hp_gain":6,"max_hp_loss":0,"event_name":"Elementarium:SculptureGarden","floor":25,"gold_loss":0}],"is_beta":false,"boss_relics":[{"not_picked":["jedi:battlestandard","halation:MonkeysPaw"],"picked":"beaked:SacredDeck"},{"not_picked":["Abe\u0027s Treasure","halation:ForbiddenBikini"],"picked":"trackpad:DemonHeart"}],"items_purged_floors":[29,37],"is_endless":false,"potions_floor_spawned":[5,6,8,13,18,20,31,33,35,41,48],"killed_by":"The Heart","ascension_level":15}}