{"host":"lnt5dzsuhru0aonl","time":1611570386,"event":{"mods":["2.2 Compatiblity","BaseMod","Colored Map","Colored Powertips","DeckTracker","Keyboard Shortcuts","Minty Spire (QoL Compilation)","Permanent Neow","Rare Cards Sparkle","StSLib","SuperFastMode","everything is the same but u backflip on backflip"],"gold_per_floor":[360,376,14,14,24,24,24,24,100,100,115,2,33,33,33,105,105,122,122,122,122,18,18,18],"floor_reached":23,"language":"KOR","playtime":370,"items_purged":[],"score":370,"play_id":"b82889b1-39fa-4bf2-a69c-e67d2f202952","local_time":"20210125192626","is_ascension_mode":true,"campfire_choices":[{"data":"Zap","floor":6.0,"key":"SMITH"},{"data":"Sunder","floor":8.0,"key":"SMITH"},{"data":"Conserve Battery","floor":10.0,"key":"SMITH"},{"data":"Defragment","floor":15.0,"key":"SMITH"}],"circlet_count":0,"master_deck":["AscendersBane","Strike_B","Strike_B","Defend_B","Defend_B","Defend_B","Defend_B","Zap+1","Dualcast","Sunder+1","Conserve Battery+1","Self Repair","Hologram","Cold Snap","Defragment+1","Coolheaded","Electrodynamics","Steam","Stack","Electrodynamics","Defragment","Compile Driver"],"relics":["Cracked Core","Mercury Hourglass","Letter Opener","Strawberry","Sozu"],"acts_visited":["Exordium","TheCity"],"potions_floor_usage":[23],"damage_taken":[{"damage":7.0,"enemies":"Jaw Worm","floor":1.0,"turns":3.0},{"damage":6.0,"enemies":"Cultist","floor":2.0,"turns":3.0},{"damage":0.0,"enemies":"2 Louse","floor":5.0,"turns":1.0},{"damage":10.0,"enemies":"Looter","floor":11.0,"turns":3.0},{"damage":15.0,"enemies":"3 Sentries","floor":13.0,"turns":4.0},{"damage":22.0,"enemies":"Hexaghost","floor":16.0,"turns":10.0},{"damage":10.0,"enemies":"3 Byrds","floor":18.0,"turns":2.0},{"damage":48,"enemies":"Gremlin Leader","floor":23,"turns":4}],"seed_played":"-4937283556755326391","potions_obtained":[{"floor":1.0,"key":"FocusPotion"},{"floor":16.0,"key":"SteroidPotion"}],"is_trial":false,"path_per_floor":["M","M","$","?","M","R","$","R","T","R","M","$","E","?","R","B",null,"M","?","?","?","$","E"],"character_chosen":"DEFECT","items_purchased":["Self Repair","Mercury Hourglass","Hologram","Defragment","Coolheaded","Defragment","Compile Driver"],"campfire_rested":0,"item_purchase_floors":[3,3,3,12,12,22,22],"current_hp_per_floor":[57,51,51,51,51,51,51,51,51,51,48,48,47,52,52,37,66,63,63,41,41,41,0,0],"gold":18,"neow_bonus":"TWO_FIFTY_GOLD","is_daily":false,"chose_seed":false,"campfire_upgraded":4,"win_rate":0.0,"timestamp":1611570386,"path_taken":["M","M","$","?","M","R","$","R","T","R","?","$","E","?","R","BOSS","M","?","?","?","?","E"],"items_purchased_type":["Card","Relic","Card","Card","Card","Card","Card"],"build_version":"2020-12-22","purchased_purges":0,"victory":false,"max_hp_per_floor":[64,64,64,64,64,64,64,64,64,64,64,64,71,76,76,76,76,76,76,81,81,81,81,81],"card_choices":[{"not_picked":["Compile Driver","Chaos"],"picked":"Sunder","floor":1.0},{"not_picked":["Turbo","Gash"],"picked":"Conserve Battery","floor":2.0},{"not_picked":["Doom and Gloom","Rebound"],"picked":"Cold Snap","floor":5.0},{"not_picked":["Tempest","Streamline","Stack"],"picked":"SKIP","floor":11.0},{"not_picked":["Beam Cell","Cold Snap","Rebound"],"picked":"SKIP","floor":13.0},{"not_picked":["Rainbow","Hyperbeam"],"picked":"Electrodynamics","floor":16.0},{"not_picked":["Hologram","Rebound"],"picked":"Steam","floor":18.0}],"player_experience":759292,"relics_obtained":[{"floor":9.0,"key":"Letter Opener"},{"floor":13.0,"key":"Strawberry"}],"event_choices":[{"damage_healed":0.0,"max_hp_gain":0.0,"max_hp_loss":0.0,"gold_gain":0.0,"event_name":"Match and Keep!","player_choice":"0 cards matched","floor":4.0,"gold_loss":0.0,"damage_taken":0.0,"cards_obtained":[]},{"damage_healed":0.0,"max_hp_gain":5.0,"max_hp_loss":0.0,"gold_gain":0.0,"event_name":"Big Fish","player_choice":"Donut","floor":14.0,"gold_loss":0.0,"damage_taken":0.0},{"damage_healed":0.0,"max_hp_gain":0.0,"max_hp_loss":0.0,"gold_gain":0.0,"event_name":"The Mausoleum","player_choice":"Ignored","floor":19.0,"gold_loss":0.0,"damage_taken":0.0},{"damage_healed":0.0,"max_hp_gain":5.0,"max_hp_loss":0.0,"gold_gain":0.0,"event_name":"Forgotten Altar","player_choice":"Shed Blood","floor":20.0,"gold_loss":0.0,"damage_taken":27.0},{"damage_healed":0.0,"max_hp_gain":0.0,"max_hp_loss":0.0,"gold_gain":0.0,"cards_transformed":["Strike_B","Strike_B"],"event_name":"Drug Dealer","player_choice":"Became Test Subject","floor":21.0,"gold_loss":0.0,"damage_taken":0.0,"cards_obtained":["Stack","Electrodynamics"]}],"is_beta":false,"boss_relics":[{"not_picked":["Velvet Choker","Coffee Dripper"],"picked":"Sozu"}],"items_purged_floors":[],"is_endless":false,"potions_floor_spawned":[1,16],"killed_by":"Gremlin Leader","ascension_level":20}}