{"host":"a1eatafr7pisesky","time":1611572961,"event":{"mods":["AchievementEnabler","BaseMod","Colored Map","Keyboard Shortcuts","Minty Spire (QoL Compilation)","Say the Spire","StSLib","SuperFastMode","everything is the same but u backflip on backflip"],"gold_per_floor":[116,116,41,55,55,86,86,96,142,172,190,190,202,212,212,312,312,323,323,323,333,152,181,181,212,237,249,249,249],"floor_reached":28,"language":"KOR","playtime":870,"items_purged":["Strike_G","Defend_G"],"score":415,"play_id":"2f48b7ea-c2ea-4377-b2f4-c3f406a989b7","local_time":"20210125200921","is_ascension_mode":true,"campfire_choices":[{"floor":7.0,"key":"REST"},{"floor":15.0,"key":"REST"},{"data":"Night Terror","floor":24.0,"key":"SMITH"}],"circlet_count":0,"master_deck":["AscendersBane","Defend_G","Survivor","Neutralize","Poisoned Stab","Masterful Stab","Dagger Spray","Blade Dance","Crippling Poison","Blade Dance","After Image","Cloak And Dagger","Night Terror+1","Distraction+1","Dagger Spray+1","Escape Plan+1","Footwork","Adrenaline","PiercingWail","Terror+1"],"relics":["Ring of the Snake","Oddly Smooth Stone","Blood Vial","MealTicket","Astrolabe","Omamori","Nunchaku","Bag of Marbles"],"acts_visited":["Exordium","TheCity"],"potions_floor_usage":[28],"damage_taken":[{"damage":0.0,"enemies":"Small Slimes","floor":1.0,"turns":2.0},{"damage":0.0,"enemies":"2 Louse","floor":4.0,"turns":2.0},{"damage":27.0,"enemies":"3 Sentries","floor":6.0,"turns":6.0},{"damage":4.0,"enemies":"Cultist","floor":8.0,"turns":3.0},{"damage":23.0,"enemies":"Lagavulin","floor":10.0,"turns":5.0},{"damage":12.0,"enemies":"Large Slime","floor":11.0,"turns":4.0},{"damage":0.0,"enemies":"2 Fungi Beasts","floor":13.0,"turns":3.0},{"damage":3.0,"enemies":"Lots of Slimes","floor":14.0,"turns":2.0},{"damage":18.0,"enemies":"The Guardian","floor":16.0,"turns":15.0},{"damage":9.0,"enemies":"Chosen","floor":18.0,"turns":8.0},{"damage":10.0,"enemies":"2 Thieves","floor":21.0,"turns":3.0},{"damage":5.0,"enemies":"Book of Stabbing","floor":23.0,"turns":7.0},{"damage":45.0,"enemies":"Gremlin Leader","floor":25.0,"turns":9.0},{"damage":0.0,"enemies":"Centurion and Healer","floor":27.0,"turns":6.0},{"damage":9,"enemies":"Slavers","floor":28,"turns":1}],"seed_played":"-6050344164964607844","potions_obtained":[{"floor":4.0,"key":"Poison Potion"},{"floor":10.0,"key":"DistilledChaos"},{"floor":11.0,"key":"AttackPotion"},{"floor":14.0,"key":"EssenceOfSteel"},{"floor":16.0,"key":"Weak Potion"},{"floor":21.0,"key":"CultistPotion"},{"floor":27.0,"key":"GamblersBrew"}],"is_trial":false,"path_per_floor":["M","?","$","M","?","E","R","M","T","E","M","?","M","M","R","B",null,"M","?","?","M","$","E","R","E","T","M","E"],"character_chosen":"THE_SILENT","items_purchased":["Footwork"],"campfire_rested":2,"item_purchase_floors":[22],"current_hp_per_floor":[63,63,63,63,56,29,47,43,43,22,12,12,14,13,31,15,51,44,44,44,36,51,48,48,5,5,7,0,0],"gold":249,"neow_bonus":"TRANSFORM_TWO_CARDS","is_daily":false,"chose_seed":false,"campfire_upgraded":1,"win_rate":0.0,"timestamp":1611572961,"path_taken":["M","?","$","M","?","E","R","M","T","E","M","?","?","M","R","BOSS","M","?","?","M","$","E","R","E","T","M","E"],"items_purchased_type":["Card"],"build_version":"2020-12-22","purchased_purges":2,"victory":false,"max_hp_per_floor":[63,63,63,63,63,63,63,63,63,63,63,63,63,63,63,63,63,63,63,63,63,63,63,63,63,63,63,63,63],"card_choices":[{"not_picked":["Quick Slash","Poisoned Stab"],"picked":"Dagger Spray","floor":1.0},{"not_picked":["Backflip","Eviscerate"],"picked":"Blade Dance","floor":4.0},{"not_picked":["Outmaneuver","Bouncing Flask"],"picked":"Crippling Poison","floor":6.0},{"not_picked":["Quick Slash","Dodge and Roll"],"picked":"Blade Dance","floor":8.0},{"not_picked":["Wraith Form v2","Catalyst"],"picked":"After Image","floor":10.0},{"not_picked":["Bane","Catalyst"],"picked":"Cloak And Dagger","floor":11.0},{"not_picked":["Masterful Stab","Quick Slash","Sucker Punch"],"picked":"SKIP","floor":13.0},{"not_picked":["Poisoned Stab","Expertise","Predator"],"picked":"SKIP","floor":14.0},{"not_picked":["Corpse Explosion","Bullet Time"],"picked":"Night Terror","floor":16.0},{"not_picked":["Acrobatics+1","Quick Slash","Deadly Poison"],"picked":"SKIP","floor":18.0},{"not_picked":["Sucker Punch+1","Flechettes+1"],"picked":"Escape Plan+1","floor":21.0},{"not_picked":["After Image","Cloak And Dagger"],"picked":"Adrenaline","floor":23.0},{"not_picked":["Backstab","All Out Attack"],"picked":"PiercingWail","floor":25.0},{"not_picked":["Cloak And Dagger","Blade Dance"],"picked":"Terror+1","floor":27.0}],"player_experience":352021,"relics_obtained":[{"floor":6.0,"key":"Oddly Smooth Stone"},{"floor":9.0,"key":"Blood Vial"},{"floor":10.0,"key":"MealTicket"},{"floor":23.0,"key":"Omamori"},{"floor":25.0,"key":"Nunchaku"},{"floor":26.0,"key":"Bag of Marbles"}],"event_choices":[{"cards_removed":["Defend_G"],"damage_healed":0.0,"max_hp_gain":0.0,"max_hp_loss":0.0,"gold_gain":0.0,"event_name":"Living Wall","player_choice":"Forget","floor":2.0,"gold_loss":0.0,"damage_taken":0.0},{"cards_removed":["Strike_G"],"damage_healed":0.0,"max_hp_gain":0.0,"max_hp_loss":0.0,"gold_gain":0.0,"event_name":"Golden Wing","player_choice":"Card Removal","floor":5.0,"gold_loss":0.0,"damage_taken":7.0},{"damage_healed":0.0,"max_hp_gain":0.0,"max_hp_loss":0.0,"gold_gain":0.0,"event_name":"The Woman in Blue","player_choice":"Bought 0 Potions","floor":12.0,"gold_loss":0.0,"damage_taken":0.0},{"damage_healed":0.0,"max_hp_gain":0.0,"max_hp_loss":0.0,"gold_gain":0.0,"event_name":"Vampires","player_choice":"Ignored","floor":19.0,"gold_loss":0.0,"damage_taken":0.0},{"cards_removed":["Dodge and Roll"],"damage_healed":0.0,"max_hp_gain":0.0,"max_hp_loss":0.0,"gold_gain":0.0,"event_name":"Purifier","player_choice":"Purged","floor":20.0,"gold_loss":0.0,"damage_taken":0.0}],"is_beta":false,"boss_relics":[{"not_picked":["Pandora\u0027s Box","Cursed Key"],"picked":"Astrolabe"}],"items_purged_floors":[3,22],"is_endless":false,"potions_floor_spawned":[4,10,11,14,16,21,27],"killed_by":"Slavers","ascension_level":11}}