{"host":"y1oqg7uy0jc6f5mb","time":1611562640,"event":{"mods":["BaseMod","Better Altar","Better Match","Better Note","Better Sensory Stone","Better Skull","Better Third Choice","BetterRewards","Block Reminder","Colored Map","Colored Powertips","Custom Start","DeckTracker","Displayed Cursed Tome","Highlight Path","Ironclad Rager","Minty Spire (QoL Compilation)","Permanent Neow","Quick Restart","Relic Sorter","Relic Stats","Replay The Spire","Shop Mod","StSLib","The Blue Laboratory"],"gold_per_floor":[115,8,25,25,35,35,70,70,70,70,92,127,155,194,194,305,305,294,294,319,339,345,345],"floor_reached":22,"language":"ENG","playtime":2929,"items_purged":["Strike_G","Defend_G","Delirium"],"score":457,"play_id":"0046ea5d-ed93-4b6a-9bec-97576c229086","local_time":"20210125161720","is_ascension_mode":true,"campfire_choices":[{"data":"Footwork","floor":6.0,"key":"SMITH"},{"data":"ReplayTheSpireMod:Speed Training","floor":8,"key":"SMITH"},{"floor":10,"key":"DIG"},{"floor":15,"key":"REST"}],"circlet_count":0,"master_deck":["Strike_G","Strike_G","Strike_G","Strike_G","Defend_G","Defend_G","Defend_G","Defend_G","Survivor","Neutralize","Footwork+1","PiercingWail","Blur","Quick Slash","Deflect","Fluid Movement","Escape Plan","Terror","Acrobatics","ReplayTheSpireMod:Speed Training+1","Deflect","Dagger Spray","Outmaneuver","Bouncing Flask","Leg Sweep","Phantasmal Killer","Underhanded Strike+1","Escape Plan","Acrobatics"],"relics":["Ring of the Snake","Membership Card","Art of War","Tiny Chest","ReplayTheSpireMod:CursedCoin","Nunchaku","Pear","Shovel","Replay:Bandana","Replay:Wax Seal","Bronze Scales","HoveringKite","The Courier"],"acts_visited":["Exordium","TheCity"],"potions_floor_usage":[14,21],"damage_taken":[{"damage":0.0,"enemies":"Cultist","floor":1.0,"turns":5.0},{"damage":3.0,"enemies":"2 Louse","floor":3.0,"turns":3.0},{"damage":0.0,"enemies":"Jaw Worm","floor":5.0,"turns":5.0},{"damage":14,"enemies":"3 Sentries","floor":7,"turns":17},{"damage":14,"enemies":"Lots of Slimes","floor":11,"turns":9},{"damage":0,"enemies":"2 Fungi Beasts","floor":12,"turns":5},{"damage":10,"enemies":"Blue Slaver","floor":13,"turns":5},{"damage":12,"enemies":"Gremlin Nob","floor":14,"turns":5},{"damage":15,"enemies":"Hexaghost","floor":16,"turns":12},{"damage":18,"enemies":"2 Thieves","floor":18,"turns":4},{"damage":40,"enemies":"Chosen","floor":20,"turns":8},{"damage":0,"enemies":"Centurion and Healer","floor":21,"turns":11},{"damage":10,"enemies":"Snake Plant","floor":22,"turns":1}],"seed_played":"-8600041190347056279","potions_obtained":[{"floor":3.0,"key":"Elixir"},{"floor":5.0,"key":"blueLaboratory:AbyssPotion"},{"floor":12,"key":"Block Potion"},{"floor":20,"key":"Reflective Coating"}],"is_trial":false,"path_per_floor":["M","$","M","?","M","R","E","R","T","R","M","M","M","E","R","B",null,"M","T","M","M","M"],"character_chosen":"THE_SILENT","items_purchased":["Membership Card","Footwork","PiercingWail","Blur","Art of War","Quick Slash","Tiny Chest","ReplayTheSpireMod:CursedCoin","Nunchaku","Fluid Movement","Escape Plan","Terror"],"campfire_rested":1,"item_purchase_floors":[0,0,0,0,0,0,0,2,2,2,2,2],"current_hp_per_floor":[63,63,60,70,70,70,56,56,56,56,42,42,32,20,44,29,67,49,49,9,9,0,0],"gold":345,"neow_bonus":"","is_daily":false,"chose_seed":false,"campfire_upgraded":2,"win_rate":0.0,"timestamp":1611562640,"path_taken":["M","?","M","?","M","R","E","R","T","R","M","M","?","E","R","BOSS","M","?","M","M","M"],"items_purchased_type":["Relic","Card","Card","Card","Relic","Card","Relic","Relic","Relic","Card","Card","Card"],"build_version":"2020-12-22","purchased_purges":3,"victory":false,"max_hp_per_floor":[70,70,70,80,80,80,80,80,80,80,80,80,80,80,80,80,80,80,80,80,80,80,80],"relic_stats":{"Nunchaku":[11],"Shovel":1,"counters":[19,123],"Bronze Scales":[114],"HoveringKite":[9],"Tiny Chest":1,"Art of War":[17],"obtain_stats":[{"Replay:Accelerometer":9,"Pear":4,"ReplayTheSpireMod:CursedCoin":2,"HoveringKite":17,"The Courier":19,"Nunchaku":2,"Replay:Bandana":9,"Shovel":7,"betterThird:SlimedRelic":3,"Bronze Scales":14,"Tiny Chest":0,"Snack Pack":7,"Art of War":0,"Membership Card":0,"Replay:Wax Seal":10,"Ring of the Snake":0},{"Replay:Accelerometer":3,"Pear":8,"ReplayTheSpireMod:CursedCoin":7,"HoveringKite":15,"The Courier":16,"Nunchaku":7,"Replay:Bandana":10,"Shovel":10,"betterThird:SlimedRelic":2,"Bronze Scales":14,"Tiny Chest":6,"Snack Pack":3,"Art of War":6,"Membership Card":6,"Replay:Wax Seal":10,"Ring of the Snake":0},{"Replay:Accelerometer":20,"Pear":41,"ReplayTheSpireMod:CursedCoin":38,"HoveringKite":99,"The Courier":103,"Nunchaku":38,"Replay:Bandana":63,"Shovel":63,"betterThird:SlimedRelic":8,"Bronze Scales":87,"Tiny Chest":33,"Snack Pack":20,"Art of War":33,"Membership Card":33,"Replay:Wax Seal":63,"Ring of the Snake":0}],"Ring of the Snake":[38]},"card_choices":[{"not_picked":["Flying Knee","Dagger Spray"],"picked":"Deflect","floor":1.0},{"not_picked":["Toxin Wave","Cloak And Dagger"],"picked":"Acrobatics","floor":3.0},{"not_picked":["Dagger Throw","PiercingWail"],"picked":"ReplayTheSpireMod:Speed Training","floor":5.0},{"not_picked":["Cloak And Dagger","Terror"],"picked":"Deflect","floor":7},{"not_picked":["Bouncing Flask","Dodge and Roll"],"picked":"Dagger Spray","floor":11},{"not_picked":["Quick Slash","PiercingWail"],"picked":"Outmaneuver","floor":12},{"not_picked":["Blade Dance","Slice"],"picked":"Bouncing Flask","floor":13},{"not_picked":["Terror","Replay:Poison Smokescreen"],"picked":"Leg Sweep","floor":14},{"not_picked":["Bullet Time","Storm of Steel"],"picked":"Phantasmal Killer","floor":16},{"not_picked":["Draining Mist","Deadly Poison"],"picked":"Underhanded Strike+1","floor":18},{"not_picked":["Sucker Punch","Dodge and Roll"],"picked":"Escape Plan","floor":20},{"not_picked":["Malaise","Terror"],"picked":"Acrobatics","floor":21}],"player_experience":199242,"relics_obtained":[{"floor":7,"key":"Shovel"},{"floor":9,"key":"Replay:Bandana"},{"floor":10,"key":"Replay:Wax Seal"},{"floor":14,"key":"Bronze Scales"},{"floor":19,"key":"The Courier"}],"event_choices":[{"damage_healed":0.0,"max_hp_gain":0.0,"max_hp_loss":0.0,"gold_gain":0.0,"event_name":"WeMeetAgain","player_choice":"Gave Potion","floor":4.0,"gold_loss":0.0,"damage_taken":0.0,"relics_obtained":["Pear"]}],"is_beta":false,"boss_relics":[{"not_picked":["SacredBark","Painkiller Herb"],"picked":"HoveringKite"}],"items_purged_floors":[0,0,2],"is_endless":false,"potions_floor_spawned":[3,5,12,20],"killed_by":"Snake Plant","ascension_level":9}}