{"host":"guzbs4v8630hpsy6","time":1611579196,"event":{"mods":["2.2 Compatiblity","AchievementEnabler","BaseMod","Block Reminder","DeckTracker","Highlight Path","Minty Spire (QoL Compilation)","Relic Stats","SuperFastMode"],"gold_per_floor":[109,127,144,162,162,162,195,45,71,71,97,97,111,211,211,211,211],"floor_reached":16,"language":"ENG","playtime":419,"items_purged":[],"score":149,"play_id":"7e934b8f-d824-4fee-b37a-e57badde16ec","local_time":"20210125205316","is_ascension_mode":true,"campfire_choices":[{"data":"Consume","floor":6,"key":"SMITH"},{"floor":10,"key":"REST"},{"data":"Doom and Gloom","floor":12,"key":"SMITH"},{"data":"Leap","floor":15,"key":"SMITH"}],"circlet_count":0,"master_deck":["Strike_B","Strike_B","Strike_B","Defend_B","Defend_B","Defend_B","Defend_B","Zap","Dualcast","Undo","Ball Lightning","Sweeping Beam","Consume+1","Doom and Gloom+1","Leap+1"],"relics":["Inserter","Juzu Bracelet","PreservedInsect","Smiling Mask","Akabeko"],"acts_visited":["Exordium"],"potions_floor_usage":[13],"damage_taken":[{"damage":1,"enemies":"Cultist","floor":1,"turns":4},{"damage":9,"enemies":"Small Slimes","floor":2,"turns":4},{"damage":0,"enemies":"2 Louse","floor":3,"turns":3},{"damage":1,"enemies":"Looter","floor":4,"turns":5},{"damage":37,"enemies":"Gremlin Nob","floor":7,"turns":4},{"damage":20,"enemies":"3 Sentries","floor":11,"turns":6},{"damage":12,"enemies":"Large Slime","floor":13,"turns":4},{"damage":38,"enemies":"Slime Boss","floor":16,"turns":6}],"seed_played":"6138561847964567541","potions_obtained":[{"floor":1,"key":"Regen Potion"},{"floor":3,"key":"Dexterity Potion"},{"floor":4,"key":"DuplicationPotion"}],"is_trial":false,"path_per_floor":["M","M","M","M","?","R","E","$","T","R","E","R","M","?","R","B"],"character_chosen":"DEFECT","items_purchased":["PreservedInsect"],"campfire_rested":1,"item_purchase_floors":[8],"current_hp_per_floor":[67,58,58,57,57,57,20,20,20,42,22,22,22,22,22,0,0],"gold":211,"neow_bonus":"BOSS_RELIC","is_daily":false,"chose_seed":false,"campfire_upgraded":3,"win_rate":0.0,"timestamp":1611579196,"path_taken":["M","?","M","M","?","R","E","?","T","R","E","R","M","?","R","BOSS"],"items_purchased_type":["Relic"],"build_version":"2020-12-22","purchased_purges":0,"victory":false,"max_hp_per_floor":[75,75,75,75,75,75,75,75,75,75,75,75,75,75,75,75,75],"relic_stats":{"Inserter":[18],"counters":[8,36],"PreservedInsect":30,"Juzu Bracelet":1,"Smiling Mask":0,"obtain_stats":[{"Inserter":0,"PreservedInsect":8,"Juzu Bracelet":7,"Cracked Core":0,"Smiling Mask":9,"Akabeko":11},{"Inserter":0,"PreservedInsect":5,"Juzu Bracelet":5,"Cracked Core":0,"Smiling Mask":5,"Akabeko":6},{"Inserter":0,"PreservedInsect":20,"Juzu Bracelet":20,"Cracked Core":0,"Smiling Mask":20,"Akabeko":26}]},"card_choices":[{"not_picked":["Loop","Stack"],"picked":"Undo","floor":1},{"not_picked":["Skim","Gash"],"picked":"Ball Lightning","floor":2},{"not_picked":["Capacitor","Barrage"],"picked":"Sweeping Beam","floor":3},{"not_picked":["Compile Driver","Stack"],"picked":"Consume","floor":4},{"not_picked":["Streamline","Recycle"],"picked":"Doom and Gloom","floor":7},{"not_picked":["Beam Cell","Skim","Hello World"],"picked":"SKIP","floor":11},{"not_picked":["Sunder","White Noise"],"picked":"Leap","floor":13}],"player_experience":516760,"relics_obtained":[{"floor":7,"key":"Juzu Bracelet"},{"floor":9,"key":"Smiling Mask"},{"floor":11,"key":"Akabeko"}],"event_choices":[{"cards_removed":["Strike_B"],"damage_healed":0,"gold_gain":0,"player_choice":"Offered Basic","damage_taken":0,"max_hp_gain":0,"max_hp_loss":0,"event_name":"Bonfire Elementals","floor":5,"gold_loss":0},{"damage_healed":0,"gold_gain":100,"player_choice":"Pray","damage_taken":0,"max_hp_gain":0,"max_hp_loss":0,"event_name":"Golden Shrine","floor":14,"gold_loss":0}],"is_beta":false,"boss_relics":[],"items_purged_floors":[],"is_endless":false,"potions_floor_spawned":[1,3,4],"killed_by":"Slime Boss","ascension_level":7}}