{"host":"CK","time":1611550578,"event":{"mods":["2.2 Compatiblity","BaseMod","Bestiary","Block Reminder","Colored Powertips","DeckTracker","Displayed Cursed Tome","Minty Spire (QoL Compilation)","Permanent Neow","Slay-I","Unknown Chances"],"gold_per_floor":[111,131,143,156,2,2,15,44,44,44,44,64,64,84,84,179,179,197,97,117,133,133,133,172,172,250,88,107,107,132,155,155,248,248,273,606,661,661,344,377,377,267,267,292,303,11,11,24,24,24],"floor_reached":51,"language":"ENG","playtime":6054,"items_purged":["Strike_B","Defend_B","Strike_B","Static Discharge"],"score":1493,"play_id":"926da48f-0679-49d1-ab39-74d8d781edcc","local_time":"20210124205618","is_ascension_mode":true,"campfire_choices":[{"data":"Streamline","floor":6,"key":"SMITH"},{"data":"Reinforced Body","floor":10,"key":"SMITH"},{"data":"Dualcast","floor":15,"key":"SMITH"},{"data":"Hologram","floor":23,"key":"SMITH"},{"data":"Seek","floor":29,"key":"SMITH"},{"data":"Beam Cell","floor":32,"key":"SMITH"},{"data":"Hologram","floor":41,"key":"SMITH"},{"data":"Go for the Eyes","floor":47,"key":"SMITH"},{"data":"Aggregate","floor":49,"key":"SMITH"}],"circlet_count":0,"master_deck":["AscendersBane","Defend_B","Defend_B","Zap","Dualcast+1","Auto Shields","Streamline+1","Steam","Glacier","Reinforced Body+1","Cold Snap","Go for the Eyes+1","Ball Lightning","Hologram+1","Conserve Battery","Cold Snap","Beam Cell+1","All For One","Seek+1","Stack","Hologram+1","Hyperbeam","Conserve Battery+1","Stack","Undo","Aggregate+1","Loop","Self Repair+1","Hologram+1","Go for the Eyes+1","FTL+1","Stack","All For One","Fusion","Force Field+1","Conserve Battery","All For One","Recycle","Rebound","Stack"],"relics":["Cracked Core","Prayer Wheel","Eternal Feather","Tiny Chest","Nuclear Battery","Ornamental Fan","Strawberry","Frozen Egg 2","Snecko Eye","Dead Branch","Turnip","Pen Nib","Singing Bowl","The Courier","Orichalcum","Ice Cream"],"acts_visited":["Exordium","TheCity","TheBeyond"],"potions_floor_usage":[8,16,21,24,24,31,33,50,50],"damage_taken":[{"damage":4,"enemies":"Jaw Worm","floor":1,"turns":4},{"damage":0,"enemies":"Cultist","floor":2,"turns":3},{"damage":2,"enemies":"2 Louse","floor":3,"turns":3},{"damage":1,"enemies":"Exordium Wildlife","floor":4,"turns":6},{"damage":12,"enemies":"Large Slime","floor":7,"turns":5},{"damage":4,"enemies":"Gremlin Nob","floor":8,"turns":5},{"damage":0,"enemies":"Looter","floor":12,"turns":4},{"damage":0,"enemies":"Blue Slaver","floor":14,"turns":4},{"damage":15,"enemies":"The Guardian","floor":16,"turns":16},{"damage":13,"enemies":"Shell Parasite","floor":18,"turns":2},{"damage":2,"enemies":"Chosen","floor":20,"turns":8},{"damage":32,"enemies":"Snecko","floor":21,"turns":8},{"damage":8,"enemies":"Slavers","floor":24,"turns":5},{"damage":14,"enemies":"Snake Plant","floor":28,"turns":4},{"damage":0,"enemies":"Centurion and Healer","floor":30,"turns":3},{"damage":14,"enemies":"Shelled Parasite and Fungi","floor":31,"turns":4},{"damage":21,"enemies":"Champ","floor":33,"turns":20},{"damage":0,"enemies":"3 Darklings","floor":35,"turns":1},{"damage":29,"enemies":"2 Orb Walkers","floor":37,"turns":7},{"damage":4,"enemies":"Nemesis","floor":40,"turns":11},{"damage":0,"enemies":"Giant Head","floor":44,"turns":2},{"damage":0,"enemies":"3 Shapes","floor":45,"turns":2},{"damage":0,"enemies":"Spire Growth","floor":48,"turns":2},{"damage":11,"enemies":"Awakened One","floor":50,"turns":8}],"seed_played":"3758987256576774234","potions_obtained":[{"floor":2,"key":"PowerPotion"},{"floor":12,"key":"PotionOfCapacity"},{"floor":14,"key":"SmokeBomb"},{"floor":16,"key":"Energy Potion"},{"floor":20,"key":"Strength Potion"},{"floor":21,"key":"SteroidPotion"},{"floor":24,"key":"Explosive Potion"},{"floor":30,"key":"AttackPotion"},{"floor":31,"key":"Strength Potion"},{"floor":37,"key":"LiquidBronze"},{"floor":44,"key":"ColorlessPotion"}],"is_trial":false,"path_per_floor":["M","M","M","M","$","R","M","E","T","R","?","M","?","M","R","B",null,"M","$","M","M","T","R","E","?","T","$","M","R","M","M","R","B",null,"M","?","?","T","$","E","R","?","T","E","M","$","R","M","R","B",null],"character_chosen":"DEFECT","items_purchased":["Self Repair","Self Repair+1","Pen Nib","Ice Cream","Rebound"],"campfire_rested":0,"item_purchase_floors":[5,27,39,46,46],"current_hp_per_floor":[42,42,40,39,39,39,34,37,37,46,46,53,53,60,64,56,62,49,49,54,29,29,44,50,50,50,50,43,61,61,64,71,67,70,70,70,58,58,58,71,71,71,71,73,75,75,75,77,77,76],"gold":24,"neow_bonus":"ONE_RARE_RELIC","is_daily":false,"chose_seed":false,"campfire_upgraded":9,"win_rate":0.0,"timestamp":1611550578,"path_taken":["M","M","M","M","$","R","M","E","T","R","?","?","?","M","R","BOSS","M","$","M","M","?","R","E","?","T","$","M","R","M","M","R","BOSS","M","?","?","?","?","E","R","?","T","E","M","$","R","M","R","BOSS"],"items_purchased_type":["Card","Card","Relic","Relic","Card"],"build_version":"2020-12-18","purchased_purges":4,"victory":true,"max_hp_per_floor":[71,71,71,71,71,71,71,71,71,71,71,71,64,64,64,64,64,64,64,64,64,64,64,71,71,71,71,71,71,71,71,71,71,71,71,71,71,71,71,71,71,71,71,73,75,75,75,77,77,77],"card_choices":[{"not_picked":["Reinforced Body","Coolheaded"],"picked":"Auto Shields","floor":1},{"not_picked":["Hologram","Barrage"],"picked":"Streamline","floor":1},{"not_picked":["Scrape","Leap"],"picked":"Steam","floor":2},{"not_picked":["Stack","Gash"],"picked":"Glacier","floor":2},{"not_picked":["Leap","Sweeping Beam"],"picked":"Reinforced Body","floor":3},{"not_picked":["Stack","Gash"],"picked":"Cold Snap","floor":3},{"not_picked":["Creative AI","Barrage"],"picked":"Go for the Eyes","floor":4},{"not_picked":["Melter","Coolheaded"],"picked":"Ball Lightning","floor":4},{"not_picked":["Double Energy","Auto Shields","Rebound"],"picked":"SKIP","floor":7},{"not_picked":["Capacitor","Doom and Gloom","Go for the Eyes"],"picked":"SKIP","floor":7},{"not_picked":["Redo","Rebound","Coolheaded"],"picked":"SKIP","floor":8},{"not_picked":["Coolheaded","Steam"],"picked":"Conserve Battery","floor":12},{"not_picked":["Compile Driver","Force Field"],"picked":"Cold Snap","floor":12},{"not_picked":["Rip and Tear","Cold Snap"],"picked":"Beam Cell","floor":14},{"not_picked":["Rebound","Hologram"],"picked":"All For One","floor":14},{"not_picked":["Meteor Strike","Echo Form"],"picked":"Seek","floor":16},{"not_picked":["Loop","Redo"],"picked":"Stack","floor":18},{"not_picked":["Coolheaded","Streamline"],"picked":"Hologram","floor":18},{"not_picked":["Beam Cell","Auto Shields"],"picked":"Hyperbeam","floor":20},{"not_picked":["Melter","Turbo"],"picked":"Conserve Battery+1","floor":20},{"not_picked":["Steam","Auto Shields"],"picked":"Stack","floor":21},{"not_picked":["Hologram","Steam Power"],"picked":"Undo","floor":21},{"not_picked":["Heatsinks+1","Go for the Eyes"],"picked":"Aggregate","floor":24},{"not_picked":["Blizzard+1","Force Field"],"picked":"Hologram+1","floor":28},{"not_picked":["Lockon","Reboot"],"picked":"Go for the Eyes+1","floor":28},{"not_picked":["Melter","Beam Cell"],"picked":"FTL","floor":30},{"not_picked":["Melter","Static Discharge+1","Redo"],"picked":"SKIP","floor":30},{"not_picked":["Conserve Battery+1","Compile Driver+1"],"picked":"Stack","floor":31},{"not_picked":["Scrape","Compile Driver","Turbo"],"picked":"SKIP","floor":31},{"not_picked":["Rainbow","Multi-Cast"],"picked":"All For One","floor":33},{"not_picked":["Go for the Eyes+1","Chill"],"picked":"Fusion","floor":35},{"not_picked":["Cold Snap","Reprogram"],"picked":"Force Field+1","floor":35},{"not_picked":["Gash","Self Repair+1"],"picked":"Conserve Battery","floor":37},{"not_picked":["Ball Lightning","Barrage"],"picked":"All For One","floor":40},{"not_picked":["Core Surge","Go for the Eyes","Self Repair+1"],"picked":"Singing Bowl","floor":44},{"not_picked":["Go for the Eyes","Barrage","Beam Cell"],"picked":"Singing Bowl","floor":45},{"not_picked":["Sweeping Beam","Auto Shields"],"picked":"Recycle","floor":45},{"not_picked":["Auto Shields","Scrape","FTL"],"picked":"Singing Bowl","floor":48},{"not_picked":["Barrage","Chill"],"picked":"Stack","floor":48}],"player_experience":1197173,"relics_obtained":[{"floor":8,"key":"Eternal Feather"},{"floor":9,"key":"Tiny Chest"},{"floor":22,"key":"Ornamental Fan"},{"floor":24,"key":"Strawberry"},{"floor":26,"key":"Frozen Egg 2"},{"floor":37,"key":"Dead Branch"},{"floor":38,"key":"Turnip"},{"floor":40,"key":"Singing Bowl"},{"floor":43,"key":"The Courier"},{"floor":44,"key":"Orichalcum"}],"event_choices":[{"damage_healed":0,"gold_gain":0,"cards_transformed":["Strike_B"],"player_choice":"Transformed","damage_taken":0,"max_hp_gain":0,"max_hp_loss":0,"event_name":"Transmorgrifier","floor":11,"gold_loss":0,"cards_obtained":["Hologram"]},{"damage_healed":0,"gold_gain":0,"player_choice":"Lose Max HP","damage_taken":0,"relics_obtained":["Golden Idol"],"max_hp_gain":0,"max_hp_loss":7,"event_name":"Golden Idol","floor":13,"gold_loss":0},{"damage_healed":0,"gold_gain":0,"cards_transformed":["Strike_B","Defend_B"],"player_choice":"Became Test Subject","damage_taken":0,"max_hp_gain":0,"max_hp_loss":0,"event_name":"Drug Dealer","floor":25,"gold_loss":0,"cards_obtained":["Loop","Static Discharge"]},{"damage_healed":0,"gold_gain":333,"player_choice":"Gave Idol","damage_taken":0,"max_hp_gain":0,"max_hp_loss":0,"event_name":"The Moai Head","floor":36,"relics_lost":["Golden Idol"],"gold_loss":0},{"damage_healed":0,"gold_gain":0,"player_choice":"Fight","damage_taken":0,"max_hp_gain":0,"max_hp_loss":0,"event_name":"Mysterious Sphere","floor":37,"gold_loss":0},{"cards_removed":["Self Repair"],"damage_healed":0,"gold_gain":0,"player_choice":"Upgrade and Remove","damage_taken":0,"max_hp_gain":0,"max_hp_loss":0,"event_name":"Designer","floor":42,"gold_loss":110,"cards_upgraded":["FTL"]}],"is_beta":true,"boss_relics":[{"not_picked":["Runic Pyramid","Runic Dome"],"picked":"Nuclear Battery"},{"not_picked":["Black Star","Velvet Choker"],"picked":"Snecko Eye"}],"items_purged_floors":[5,19,27,39],"is_endless":false,"potions_floor_spawned":[2,12,14,16,20,21,24,30,31,37,44,45,48],"ascension_level":19}}