{"host":"hbvn1mkfq2iixsau","time":1611609671,"event":{"mods":["AchievementEnabler","Act Like it!","BaseMod","Better Altar","Better Match","Better Sensory Stone","Better Skull","Better Third Choice","Challenge The Spire","Colored Map","Displayed Cursed Tome","Minty Spire (QoL Compilation)","Quick Restart","Relic Stats","Shop Mod","StSLib","The Jungle"],"gold_per_floor":[115,40,40,51,16,42,42,56,56,75,85,114,125,125,125,228,228,246,246,246,265,278,309,28,53,53,53,65,109,134,179,191,303,315,338,362,60,60,60,60,89,89,89,104,119,158,173,223,223,223,223,223,20,58,58],"floor_reached":56,"language":"ENG","playtime":3675,"items_purged":["Madness"],"score":1496,"play_id":"50ad0cfe-7d5e-40bb-90c7-0a6ca8f845fd","local_time":"20210125232110","is_ascension_mode":true,"campfire_choices":[{"data":"Infinite Blades","floor":7.0,"key":"SMITH"},{"floor":15,"key":"DIG"},{"floor":27,"key":"DIG"},{"floor":32,"key":"DIG"},{"floor":40,"key":"DIG"},{"floor":42,"key":"DIG"},{"floor":49,"key":"RECALL"},{"floor":52,"key":"DIG"}],"circlet_count":0,"master_deck":["Strike_G","Strike_G","Strike_G","Strike_G","Strike_G","Defend_G","Defend_G","Defend_G","Defend_G","Defend_G","Survivor","Neutralize+1","Backstab","Terror+1","Finesse","Storm of Steel","Infinite Blades+1","Slice","Quick Slash","Slice+1","Flying Knee","After Image+1","Cloak And Dagger+1","Slice+1","Adrenaline","Cloak And Dagger","Infinite Blades+1","Blade Dance","Envenom+1","Accuracy+1","Dramatic Entrance","Madness","Slice+1","Quick Slash","Storm of Steel"],"relics":["Black Star","Ginger","Akabeko","Frozen Egg 2","CaptainsWheel","WristBlade","Blood Vial","Bloody Idol","MerchantsRug","Torii","White Beast Statue","Bird Faced Urn","Eternal Feather","Meat on the Bone","Lizard Tail","InkBottle","Happy Flower","SacredBark","Vajra","Kunai","Boot","Shuriken","Toy Ornithopter","CeramicFish","Tingsha","Gremlin Horn","Bottled Tornado","FossilizedHelix","Ninja Scroll"],"acts_visited":["Exordium","TheCity","TheBeyond","TheEnding"],"potions_floor_usage":[12,16,53,55],"damage_taken":[{"damage":0.0,"enemies":"2 Louse","floor":1.0,"turns":3.0},{"damage":0.0,"enemies":"Cultist","floor":4.0,"turns":3.0},{"damage":20.0,"enemies":"Gremlin Nob","floor":6.0,"turns":4.0},{"damage":4,"enemies":"Jaw Worm","floor":8,"turns":3},{"damage":2,"enemies":"Exordium Thugs","floor":10,"turns":3},{"damage":5,"enemies":"Red Slaver","floor":11,"turns":2},{"damage":0,"enemies":"3 Sentries","floor":12,"turns":5},{"damage":0,"enemies":"Gremlin Gang","floor":13,"turns":3},{"damage":17,"enemies":"The Guardian","floor":16,"turns":5},{"damage":7,"enemies":"3 Byrds","floor":18,"turns":4},{"damage":0,"enemies":"Chosen","floor":21,"turns":3},{"damage":0,"enemies":"Centurion and Healer","floor":22,"turns":4},{"damage":0,"enemies":"Gremlin Leader","floor":23,"turns":3},{"damage":7,"enemies":"Book of Stabbing","floor":25,"turns":3},{"damage":29,"enemies":"Slavers","floor":29,"turns":5},{"damage":8,"enemies":"Shelled Parasite and Fungi","floor":30,"turns":2},{"damage":7,"enemies":"Book of Stabbing","floor":31,"turns":4},{"damage":13,"enemies":"Champ","floor":33,"turns":7},{"damage":9,"enemies":"Orb Walker","floor":35,"turns":3},{"damage":6,"enemies":"3 Shapes","floor":36,"turns":3},{"damage":20,"enemies":"Nemesis","floor":41,"turns":5},{"damage":0,"enemies":"Transient","floor":44,"turns":5},{"damage":1,"enemies":"Maw","floor":45,"turns":3},{"damage":9,"enemies":"Giant Head","floor":46,"turns":4},{"damage":1,"enemies":"3 Darklings","floor":47,"turns":3},{"damage":0,"enemies":"Mind Bloom Boss Battle","floor":48,"turns":3},{"damage":18,"enemies":"Donu and Deca","floor":50,"turns":7},{"damage":23,"enemies":"Shield and Spear","floor":54,"turns":5},{"damage":90,"enemies":"The Heart","floor":55,"turns":6}],"seed_played":"3583575661579106142","potions_obtained":[{"floor":1.0,"key":"Strength Potion"},{"floor":6.0,"key":"GamblersBrew"},{"floor":8,"key":"Weak Potion"},{"floor":11,"key":"CultistPotion"},{"floor":13,"key":"GhostInAJar"},{"floor":16,"key":"CunningPotion"},{"floor":22,"key":"FairyPotion"},{"floor":29,"key":"EntropicBrew"},{"floor":30,"key":"LiquidMemories"},{"floor":35,"key":"DistilledChaos"},{"floor":41,"key":"FairyPotion"},{"floor":46,"key":"FairyPotion"},{"floor":54,"key":"Poison Potion"}],"is_trial":false,"path_per_floor":["M","?","?","M","$","E","R","M","T","M","M","E","M","T","R","B",null,"M","?","?","M","M","E","$","E","T","R","?","E","M","E","R","B",null,"M","M","$","?","?","R","E","R","T","M","M","E","M","?","R","B",null,"R","$","E","B",null],"character_chosen":"THE_SILENT","items_purchased":["Infinite Blades","MerchantsRug","Infinite Blades+1","Torii","Vajra","Accuracy+1","Dramatic Entrance","Bottled Tornado","Fruit Juice","Quick Slash"],"campfire_rested":0,"item_purchase_floors":[5,24,24,24,37,37,37,53,53,53],"current_hp_per_floor":[70,70,70,70,70,50,50,46,46,44,39,39,39,39,39,22,70,63,10,33,40,47,54,70,68,68,70,70,46,56,67,70,62,70,68,70,70,61,70,77,64,77,77,77,77,77,77,77,77,63,77,77,87,76,52],"gold":58,"neow_bonus":"BOSS_RELIC","is_daily":false,"chose_seed":false,"campfire_upgraded":1,"win_rate":0.0,"timestamp":1611609670,"path_taken":["M","?","?","?","?","E","R","M","T","M","?","E","?","?","R","BOSS","M","?","?","?","M","E","$","E","T","R","?","E","M","E","R","BOSS","M","M","$","?","?","R","E","R","T","M","M","E","?","?","R","BOSS","R","$","E","BOSS"],"items_purchased_type":["Card","Relic","Card","Relic","Relic","Card","Card","Relic","Potion","Card"],"build_version":"2020-12-22","purchased_purges":1,"victory":true,"max_hp_per_floor":[70,70,70,70,70,70,70,70,70,70,70,70,70,70,70,70,70,70,70,70,70,70,70,70,70,70,70,70,70,70,70,70,70,70,70,70,70,70,70,77,77,77,77,77,77,77,77,77,77,77,77,77,87,87,87],"relic_stats":{"Torii":18,"Happy Flower":[18],"Gremlin Horn":[1,1],"counters":[29,113],"CeramicFish":27,"Eternal Feather":18,"Tingsha":[12],"Ginger":[8],"Boot":[10],"Blood Vial":12,"Lizard Tail":0,"Shuriken":[41],"Bloody Idol":105,"Bird Faced Urn":[35],"Black Star":9,"Kunai":[41],"obtain_stats":[{"Torii":24,"Gremlin Horn":52,"SacredBark":34,"CeramicFish":46,"Vajra":37,"Ginger":6,"Whetstone":32,"Bottled Tornado":53,"Smiling Mask":23,"Boot":41,"Blood Vial":19,"Lizard Tail":29,"Shovel":9,"WristBlade":17,"Sundial":23,"Ninja Scroll":54,"Strawberry":40,"Kunai":41,"InkBottle":31,"Ring of the Snake":0,"MerchantsRug":24,"Happy Flower":31,"Dead Branch":6,"Eternal Feather":26,"Tingsha":48,"Orichalcum":12,"Frozen Egg 2":14,"MawBank":27,"Akabeko":12,"White Beast Statue":25,"CaptainsWheel":15,"Shuriken":42,"Bloody Idol":19,"Bird Faced Urn":25,"Black Star":0,"Toy Ornithopter":46,"FossilizedHelix":54,"Meat on the Bone":29},{"Torii":13,"Gremlin Horn":27,"SacredBark":18,"CeramicFish":24,"Vajra":20,"Ginger":3,"Whetstone":17,"Bottled Tornado":27,"Smiling Mask":13,"Boot":21,"Blood Vial":10,"Lizard Tail":15,"Shovel":4,"WristBlade":9,"Sundial":13,"Ninja Scroll":28,"Strawberry":20,"Kunai":21,"InkBottle":17,"Ring of the Snake":0,"MerchantsRug":13,"Happy Flower":17,"Dead Branch":3,"Eternal Feather":14,"Tingsha":26,"Orichalcum":7,"Frozen Egg 2":8,"MawBank":14,"Akabeko":7,"White Beast Statue":14,"CaptainsWheel":8,"Shuriken":21,"Bloody Idol":10,"Bird Faced Urn":14,"Black Star":0,"Toy Ornithopter":24,"FossilizedHelix":28,"Meat on the Bone":15},{"Torii":45,"Gremlin Horn":102,"SacredBark":66,"CeramicFish":89,"Vajra":72,"Ginger":10,"Whetstone":59,"Bottled Tornado":102,"Smiling Mask":45,"Boot":77,"Blood Vial":35,"Lizard Tail":53,"Shovel":13,"WristBlade":31,"Sundial":45,"Ninja Scroll":107,"Strawberry":72,"Kunai":77,"InkBottle":59,"Ring of the Snake":0,"MerchantsRug":45,"Happy Flower":59,"Dead Branch":10,"Eternal Feather":48,"Tingsha":95,"Orichalcum":23,"Frozen Egg 2":26,"MawBank":48,"Akabeko":23,"White Beast Statue":48,"CaptainsWheel":26,"Shuriken":77,"Bloody Idol":35,"Bird Faced Urn":48,"Black Star":0,"Toy Ornithopter":89,"FossilizedHelix":107,"Meat on the Bone":53}],"InkBottle":[39],"Toy Ornithopter":3,"Meat on the Bone":0},"card_choices":[{"not_picked":["Flechettes","Blade Dance"],"picked":"Backstab","floor":1.0},{"not_picked":["Masterful Stab+1","Flechettes+1"],"picked":"Terror+1","floor":2.0},{"not_picked":["Panacea","Enlightenment"],"picked":"Finesse","floor":3.0},{"not_picked":["Backflip","PiercingWail"],"picked":"Storm of Steel","floor":4.0},{"not_picked":["Crippling Poison","Malaise"],"picked":"Slice","floor":6.0},{"not_picked":["Dash","Dagger Throw"],"picked":"Quick Slash","floor":8},{"not_picked":["Eviscerate","Distraction","Heel Hook"],"picked":"SKIP","floor":10},{"not_picked":["Outmaneuver","Masterful Stab"],"picked":"Slice","floor":11},{"not_picked":["Heel Hook","Predator"],"picked":"Flying Knee","floor":12},{"not_picked":["Underhanded Strike","Heel Hook","Acrobatics"],"picked":"SKIP","floor":13},{"not_picked":["Corpse Explosion","Burst"],"picked":"After Image+1","floor":16},{"not_picked":["PiercingWail","Calculated Gamble+1"],"picked":"Cloak And Dagger+1","floor":18},{"not_picked":["Endless Agony","Underhanded Strike"],"picked":"Slice+1","floor":21},{"not_picked":["Terror","Quick Slash"],"picked":"Adrenaline","floor":22},{"not_picked":["Flechettes","Footwork+1"],"picked":"Cloak And Dagger","floor":23},{"not_picked":["PiercingWail+1","Deflect"],"picked":"Blade Dance","floor":25},{"not_picked":["Backflip","Sucker Punch","Quick Slash"],"picked":"SKIP","floor":29},{"not_picked":["Quick Slash","Underhanded Strike+1","Dagger Throw"],"picked":"SKIP","floor":30},{"not_picked":["Tools of the Trade+1","Crippling Poison","Dodge and Roll"],"picked":"SKIP","floor":31},{"not_picked":["Storm of Steel","Grand Finale"],"picked":"Envenom+1","floor":33},{"not_picked":["Cloak And Dagger","Sucker Punch+1","Dagger Spray+1"],"picked":"SKIP","floor":35},{"not_picked":["Sucker Punch+1","Catalyst","Deadly Poison"],"picked":"SKIP","floor":36},{"not_picked":["Dodge and Roll+1","Expertise+1","Concentrate+1"],"picked":"SKIP","floor":41},{"not_picked":["Underhanded Strike+1","Concentrate+1","Poisoned Stab+1"],"picked":"SKIP","floor":44},{"not_picked":["Dodge and Roll","Escape Plan+1","Outmaneuver+1"],"picked":"SKIP","floor":45},{"not_picked":["Tactician+1","Footwork+1"],"picked":"Slice+1","floor":46},{"not_picked":["Prepared","Poisoned Stab","Bane+1"],"picked":"SKIP","floor":47},{"not_picked":["Underhanded Strike+1","Acrobatics+1"],"picked":"Storm of Steel","floor":54}],"player_experience":244101,"relics_obtained":[{"floor":6.0,"key":"Dead Branch"},{"floor":6.0,"key":"Ginger"},{"floor":9,"key":"Shovel"},{"floor":12,"key":"Orichalcum"},{"floor":12,"key":"Akabeko"},{"floor":14,"key":"Frozen Egg 2"},{"floor":15,"key":"CaptainsWheel"},{"floor":23,"key":"Smiling Mask"},{"floor":23,"key":"Sundial"},{"floor":25,"key":"White Beast Statue"},{"floor":25,"key":"Bird Faced Urn"},{"floor":26,"key":"Eternal Feather"},{"floor":27,"key":"MawBank"},{"floor":29,"key":"Meat on the Bone"},{"floor":29,"key":"Lizard Tail"},{"floor":31,"key":"InkBottle"},{"floor":31,"key":"Happy Flower"},{"floor":32,"key":"Whetstone"},{"floor":40,"key":"Strawberry"},{"floor":41,"key":"Kunai"},{"floor":41,"key":"Boot"},{"floor":42,"key":"Shuriken"},{"floor":46,"key":"Toy Ornithopter"},{"floor":46,"key":"CeramicFish"},{"floor":48,"key":"Tingsha"},{"floor":52,"key":"Gremlin Horn"},{"floor":54,"key":"FossilizedHelix"},{"floor":54,"key":"Ninja Scroll"}],"event_choices":[{"damage_healed":0.0,"max_hp_gain":0.0,"max_hp_loss":0.0,"gold_gain":0.0,"event_name":"betterMatch:BetterMatch","player_choice":"2","floor":2.0,"gold_loss":0.0,"damage_taken":0.0,"cards_obtained":["betterMatch:UncommonCard"]},{"damage_healed":0.0,"max_hp_gain":0.0,"max_hp_loss":0.0,"gold_gain":1.0,"event_name":"betterStone:BetterStone","player_choice":"1","floor":3.0,"gold_loss":0.0,"damage_taken":0.0},{"damage_healed":0,"gold_gain":0,"player_choice":" Vial Idol ","damage_taken":53,"relics_obtained":["Blood Vial","Bloody Idol"],"max_hp_gain":63,"max_hp_loss":10,"event_name":"betterAltar:BetterAltar","floor":19,"potions_obtained":[],"relics_lost":[],"gold_loss":0},{"damage_healed":23,"gold_gain":0,"player_choice":"Heal","damage_taken":0,"max_hp_gain":0,"max_hp_loss":0,"event_name":"The Library","floor":20,"gold_loss":0},{"damage_healed":0,"gold_gain":0,"player_choice":"Ignored","damage_taken":0,"max_hp_gain":0,"max_hp_loss":0,"event_name":"Vampires","floor":28,"gold_loss":0},{"damage_healed":0,"gold_gain":0,"player_choice":"Embrace Madness","damage_taken":9,"max_hp_gain":0,"max_hp_loss":0,"event_name":"Winding Halls","floor":38,"gold_loss":0,"cards_obtained":["Madness","Madness"]},{"damage_healed":9,"gold_gain":0,"player_choice":"Full Heal","damage_taken":0,"max_hp_gain":0,"max_hp_loss":0,"event_name":"Wheel of Change","floor":39,"gold_loss":0},{"damage_healed":0,"gold_gain":0,"player_choice":"Fight","damage_taken":0,"max_hp_gain":0,"max_hp_loss":0,"event_name":"MindBloom","floor":48,"gold_loss":0}],"is_beta":false,"boss_relics":[{"not_picked":["SlaversCollar","Philosopher\u0027s Stone"],"picked":"WristBlade"},{"not_picked":["Runic Pyramid","Coffee Dripper"],"picked":"SacredBark"}],"items_purged_floors":[53],"is_endless":false,"potions_floor_spawned":[1,6,8,11,13,16,22,23,29,30,31,33,35,36,41,44,45,46,47,48,54],"ascension_level":1}}