{"host":"yfdtuf6ojcxn06xg","time":1611563107,"event":{"mods":["2.2 Compatiblity","AchievementEnabler","BaseMod","Colored Map","Colored Powertips","Curses Come First","Hermit","JesterMod","Jorbs\u0027s Wanderer Trilogy","Minty Spire (QoL Compilation)","Quick Restart","Rare Cards Sparkle","Relic Stats","Replay The Spire","StSLib","The Cursed","The Disciple","The Hierophant","The Jungle","The Marked","The Necromancer","The Servant 0.9.4"],"gold_per_floor":[12,30,30,30,30,61,61,61,61],"floor_reached":8,"language":"ENG","playtime":247,"items_purged":[],"score":59,"play_id":"4a96ea31-96cb-4f1e-9b00-6213c9aeb4f3","local_time":"20210125032507","is_ascension_mode":true,"campfire_choices":[{"floor":7,"key":"REST"}],"circlet_count":0,"master_deck":["Strike_R","Strike_R","Strike_R","Strike_R","Strike_R","Defend_R","Defend_R","Defend_R","Defend_R","Bash","ReplayTheSpireMod:Brewmster","Flex","Replay:Undeath\u0027s Touch","Flex"],"relics":["Burning Blood","Matryoshka"],"acts_visited":["Exordium"],"potions_floor_usage":[6,6,6,6,6,8,8,8,8],"damage_taken":[{"damage":6,"enemies":"Cultist","floor":1,"turns":4},{"damage":11,"enemies":"2 Louse","floor":2,"turns":3},{"damage":40,"enemies":"3 Sentries","floor":6,"turns":8},{"damage":37,"enemies":"Gremlin Nob","floor":8,"turns":6}],"seed_played":"-2449345250728246477","potions_obtained":[{"floor":6,"key":"Languid Potion"}],"is_trial":false,"path_per_floor":["M","M","$","?","?","E","R","E"],"character_chosen":"IRONCLAD","items_purchased":[],"campfire_rested":1,"item_purchase_floors":[],"current_hp_per_floor":[80,75,75,80,80,46,71,34,34],"gold":61,"neow_bonus":"RANDOM_COLORLESS_2","is_daily":false,"chose_seed":false,"campfire_upgraded":0,"win_rate":0.0,"timestamp":1611563107,"path_taken":["M","M","?","?","?","E","R","E"],"items_purchased_type":[],"build_version":"2020-12-22","purchased_purges":0,"victory":false,"max_hp_per_floor":[80,80,80,85,85,85,85,85,85],"relic_stats":{"counters":[4,21],"obtain_stats":[{"Matryoshka":6,"Burning Blood":0},{"Matryoshka":3,"Burning Blood":0},{"Matryoshka":15,"Burning Blood":0}],"Burning Blood":18},"card_choices":[{"not_picked":["Crow Ritual","Panache"],"picked":"ReplayTheSpireMod:Brewmster","floor":0},{"not_picked":["Body Slam","ReplayTheSpireMod:Corrosion Curse"],"picked":"Flex","floor":1},{"not_picked":["ReplayTheSpireMod:Strike From Hell","Iron Wave"],"picked":"Replay:Undeath\u0027s Touch","floor":2},{"not_picked":["Perfected Strike","Run Through"],"picked":"Flex","floor":6}],"player_experience":226505,"relics_obtained":[{"floor":6,"key":"Matryoshka"}],"event_choices":[{"damage_healed":0,"gold_gain":0,"player_choice":"Donut","damage_taken":0,"max_hp_gain":5,"max_hp_loss":0,"event_name":"Big Fish","floor":4,"gold_loss":0},{"damage_healed":0,"gold_gain":0,"player_choice":"Ignored","damage_taken":0,"max_hp_gain":0,"max_hp_loss":0,"event_name":"Liars Game","floor":5,"gold_loss":0}],"is_beta":false,"boss_relics":[],"items_purged_floors":[],"is_endless":false,"potions_floor_spawned":[6],"killed_by":"Gremlin Nob","ascension_level":2}}