{"host":"z9811rt50ti81n54","time":1611582605,"event":{"mods":["BaseMod","Better Match","Better Skull","Better Third Choice","Minty Spire (QoL Compilation)","Permanent Neow","StSLib","SuperFastMode"],"gold_per_floor":[111,61,11,11,30,30,105,30,55,21,37,53,71,86,86,187,187,204,204,216,216,315,315,5,22,48,48,48,64,64,30,30,133,133,151,201,215,90,90,90,120,120,120,120,18,38,38,38,38,38],"floor_reached":51,"language":"ENG","playtime":1108,"items_purged":["Strike_R","Strike_R","Strike_R"],"score":713,"play_id":"0c4ce683-1e79-4a82-94c9-72f7d5941c40","local_time":"20210125225005","is_ascension_mode":false,"campfire_choices":[{"data":"Searing Blow","floor":6.0,"key":"SMITH"},{"data":"Searing Blow+1","floor":15,"key":"SMITH"},{"data":"Searing Blow+2","floor":23,"key":"SMITH"},{"data":"Searing Blow+3","floor":28,"key":"SMITH"},{"data":"Searing Blow+4","floor":30,"key":"SMITH"},{"data":"Searing Blow+5","floor":32,"key":"SMITH"},{"data":"Searing Blow+6","floor":40,"key":"SMITH"},{"data":"Searing Blow+7","floor":44,"key":"SMITH"},{"data":"Searing Blow+8","floor":47,"key":"SMITH"},{"data":"Searing Blow+9","floor":49,"key":"SMITH"}],"circlet_count":0,"master_deck":["Defend_R","Defend_R+1","Bash","Carnage","Twin Strike","Battle Trance","Shrug It Off+1","Searing Blow+10","Evolve","Shockwave","Juggernaut","Fiend Fire","Whirlwind","Disarm","Shockwave","Dark Embrace+1","Battle Trance","Impervious","Power Through+1","Feel No Pain+1"],"relics":["Black Blood","Anchor","Pocketwatch","MealTicket","Lantern","Frozen Egg 2","Coffee Dripper","Lizard Tail","Bag of Preparation","Mummified Hand"],"acts_visited":["Exordium","TheCity","TheBeyond"],"potions_floor_usage":[16,33,33,33,48,50],"damage_taken":[{"damage":0.0,"enemies":"2 Louse","floor":1.0,"turns":2.0},{"damage":0.0,"enemies":"Jaw Worm","floor":5.0,"turns":2.0},{"damage":0,"enemies":"Cultist","floor":11,"turns":2},{"damage":0,"enemies":"3 Louse","floor":12,"turns":3},{"damage":0,"enemies":"Large Slime","floor":13,"turns":3},{"damage":0,"enemies":"Looter","floor":14,"turns":2},{"damage":13,"enemies":"Slime Boss","floor":16,"turns":10},{"damage":20,"enemies":"Spheric Guardian","floor":18,"turns":4},{"damage":0,"enemies":"Chosen","floor":20,"turns":3},{"damage":1,"enemies":"Shelled Parasite and Fungi","floor":25,"turns":4},{"damage":7,"enemies":"Cultist and Chosen","floor":29,"turns":5},{"damage":65,"enemies":"Champ","floor":33,"turns":10},{"damage":13,"enemies":"3 Darklings","floor":35,"turns":5},{"damage":0,"enemies":"Mind Bloom Boss Battle","floor":36,"turns":4},{"damage":0,"enemies":"Orb Walker","floor":37,"turns":3},{"damage":0,"enemies":"Nemesis","floor":41,"turns":3},{"damage":9,"enemies":"Writhing Mass","floor":46,"turns":3},{"damage":0,"enemies":"3 Darklings","floor":48,"turns":1},{"damage":10,"enemies":"Time Eater","floor":50,"turns":4}],"seed_played":"2309258694819038081","potions_obtained":[{"floor":1.0,"key":"EssenceOfSteel"},{"floor":5.0,"key":"Regen Potion"},{"floor":12,"key":"BlessingOfTheForge"},{"floor":18,"key":"FearPotion"},{"floor":36,"key":"LiquidMemories"},{"floor":46,"key":"AttackPotion"}],"is_trial":false,"path_per_floor":["M","?","$","?","M","R","?","$","T","$","M","M","M","M","R","B",null,"M","T","M","?","?","R","$","M","T","T","R","M","R","$","R","B",null,"M","?","M","$","?","R","E","$","T","R","$","M","R","M","R","B",null],"character_chosen":"IRONCLAD","items_purchased":["Shrug It Off","Evolve","MealTicket","Disarm","Battle Trance","SmokeBomb"],"campfire_rested":0,"item_purchase_floors":[3,10,24,24,31,45],"current_hp_per_floor":[72,72,72,58,64,64,53,53,53,53,59,65,71,72,72,65,72,64,64,72,72,72,72,72,72,72,72,72,72,72,72,72,24,72,71,72,72,72,72,72,72,72,72,72,72,72,72,72,72,72],"gold":38,"neow_bonus":"TRANSFORM_TWO_CARDS","is_daily":false,"chose_seed":false,"campfire_upgraded":10,"win_rate":0.0,"timestamp":1611582605,"path_taken":["M","?","$","?","M","R","?","$","T","?","M","M","?","M","R","BOSS","M","?","M","?","?","R","$","M","T","?","R","M","R","$","R","BOSS","M","?","M","$","?","R","E","$","T","R","?","?","R","M","R","BOSS"],"items_purchased_type":["Card","Card","Relic","Card","Card","Potion"],"build_version":"2020-12-22","purchased_purges":3,"victory":true,"max_hp_per_floor":[72,72,72,72,72,72,72,72,72,72,72,72,72,72,72,72,72,72,72,72,72,72,72,72,72,72,72,72,72,72,72,72,72,72,72,72,72,72,72,72,72,72,72,72,72,72,72,72,72,72],"card_choices":[{"not_picked":["Burning Pact","Thunderclap"],"picked":"Battle Trance","floor":1.0},{"not_picked":["Uppercut","Infernal Blade"],"picked":"Searing Blow","floor":5.0},{"not_picked":["Reckless Charge","Wild Strike"],"picked":"Shockwave","floor":11},{"not_picked":["Wild Strike","Inflame","Pommel Strike"],"picked":"SKIP","floor":12},{"not_picked":["Armaments","Clothesline","Cleave"],"picked":"SKIP","floor":13},{"not_picked":["Cleave","True Grit"],"picked":"Juggernaut","floor":14},{"not_picked":["Impervious","Berserk"],"picked":"Fiend Fire","floor":16},{"not_picked":["Sword Boomerang+1","Anger+1","Evolve"],"picked":"SKIP","floor":18},{"not_picked":["Pommel Strike+1","Clothesline+1"],"picked":"Whirlwind","floor":20},{"not_picked":["Battle Trance","Iron Wave"],"picked":"Shockwave","floor":25},{"not_picked":["Bloodletting","Havoc+1"],"picked":"Dark Embrace+1","floor":29},{"not_picked":["Bludgeon","Exhume"],"picked":"Impervious","floor":33},{"not_picked":["Headbutt+1","Twin Strike+1","Clothesline"],"picked":"SKIP","floor":35},{"not_picked":["Perfected Strike+1","Wild Strike+1"],"picked":"Power Through+1","floor":36},{"not_picked":["Rampage","Twin Strike+1","Warcry+1"],"picked":"SKIP","floor":37},{"not_picked":["Dual Wield+1","Heavy Blade+1"],"picked":"Feel No Pain+1","floor":41},{"not_picked":["Shrug It Off","Combust+1","Thunderclap+1"],"picked":"SKIP","floor":46}],"player_experience":415284,"relics_obtained":[{"floor":9.0,"key":"Anchor"},{"floor":19,"key":"Pocketwatch"},{"floor":26,"key":"Lantern"},{"floor":27,"key":"Frozen Egg 2"},{"floor":36,"key":"Lizard Tail"},{"floor":41,"key":"Bag of Preparation"},{"floor":43,"key":"Mummified Hand"}],"event_choices":[{"cards_removed":["Strike_R"],"damage_healed":0.0,"max_hp_gain":0.0,"max_hp_loss":0.0,"gold_gain":0.0,"event_name":"The Cleric","player_choice":"Card Removal","floor":2.0,"gold_loss":50.0,"damage_taken":0.0},{"damage_healed":0.0,"max_hp_gain":0.0,"max_hp_loss":0.0,"gold_gain":0.0,"event_name":"Shining Light","player_choice":"Entered Light","floor":4.0,"gold_loss":0.0,"damage_taken":14.0,"cards_upgraded":["Defend_R","Shrug It Off"]},{"damage_healed":0.0,"max_hp_gain":0.0,"max_hp_loss":0.0,"gold_gain":75.0,"event_name":"betterThird:BetterGoop","player_choice":"Gold","floor":7.0,"gold_loss":0.0,"damage_taken":11.0},{"damage_healed":0,"gold_gain":0,"player_choice":"Ignored","damage_taken":0,"max_hp_gain":0,"max_hp_loss":0,"event_name":"Ghosts","floor":21,"gold_loss":0},{"damage_healed":0,"gold_gain":99,"player_choice":"Steal","damage_taken":0,"max_hp_gain":0,"max_hp_loss":0,"event_name":"betterThird:BetterNest","floor":22,"gold_loss":0},{"damage_healed":0,"gold_gain":0,"player_choice":"Fight","damage_taken":0,"max_hp_gain":0,"max_hp_loss":0,"event_name":"MindBloom","floor":36,"gold_loss":0},{"cards_removed":["Defend_R"],"damage_healed":0,"gold_gain":0,"player_choice":"Removed Skill","damage_taken":0,"max_hp_gain":0,"max_hp_loss":0,"event_name":"Falling","floor":39,"gold_loss":0}],"is_beta":false,"boss_relics":[{"not_picked":["Pandora\u0027s Box","Ectoplasm"],"picked":"Black Blood"},{"not_picked":["Runic Cube","Philosopher\u0027s Stone"],"picked":"Coffee Dripper"}],"items_purged_floors":[8,24,38],"is_endless":false,"potions_floor_spawned":[1,5,12,18,25,36,46],"ascension_level":0}}