{"host":"i18imc0um2oq1vml","time":1611613647,"event":{"mods":["BaseMod","Downfall","Googly Eyes","Minty Spire (QoL Compilation)","StSLib"],"gold_per_floor":[99,114,132,145,245,264,287,27,27,53,53,66,13,13,27,130,130,130,146,246,258,94,94,94,105,124,152,165,190,90,109,122,218,218,218,237,206,224,242,242,242,242,265,297,320,11,11,45,64,64],"floor_reached":51,"language":"ENG","playtime":7343,"items_purged":["downfall:Malfunctioning","downfall:Haunted","Slimebound:Strike_Slimebound","Slimebound:Strike_Slimebound"],"score":876,"play_id":"567f55d0-f08b-49de-8484-1a57306e4989","local_time":"20210125222727","is_ascension_mode":false,"campfire_choices":[{"data":"Slimebound:CorrosiveSpit","floor":1,"key":"SMITH"},{"data":"Slimebound:Split","floor":11,"key":"SMITH"},{"data":"expansioncontent:QuickStudy","floor":18,"key":"SMITH"},{"data":"Slimebound:OozeBath","floor":30,"key":"SMITH"},{"data":"Slimebound:SpikyOuterGoop","floor":35,"key":"SMITH"},{"data":"Slimebound:DuplicatedForm","floor":47,"key":"SMITH"}],"circlet_count":0,"master_deck":["Slimebound:Tackle+1","Slimebound:Defend_Slimebound","Slimebound:Defend_Slimebound+1","Slimebound:Defend_Slimebound+1","Slimebound:Split+1","Slimebound:CorrosiveSpit+1","Slimebound:GrowthPunch","Slimebound:SlimeTap","Slimebound:Schlurp","Slimebound:MassFeed","expansioncontent:QuickStudy+1","Slimebound:SplitBruiser","Slimebound:Equalize","Slimebound:SplitMire","Slimebound:OozeBath+1","Slimebound:DisruptingSlam","CurseOfTheBell","CurseOfTheBell","Slimebound:RallyTheTroops","Slimebound:ViciousTackle","Slimebound:Equalize","Slimebound:SpikyOuterGoop+1","Slimebound:SamplingLick+1","Slimebound:Schlurp+1","Slimebound:SplitMire+1","Slimebound:MassRepurpose+1","Slimebound:Dissolve+1","expansioncontent:DashGenerateEvil","Slimebound:Gluttony","Slimebound:RejuvenatingLick+1","Slimebound:RejuvenatingLick+1","expansioncontent:InvincibleStrength","Slimebound:SamplingLick+1","Slimebound:DuplicatedForm+1","Slimebound:LeechLife"],"relics":["Slimebound:AbsorbEndCombat","Anchor","Membership Card","Bronze Scales","Runic Pyramid","downfall:ExtraCursedBell","Lantern","Toxic Egg 2","Torii","Slimebound:SelfDamagePreventRelic","Bag of Preparation","Tiny Chest","downfall:HeartBlessingBlue","Coffee Dripper","Vajra","Orichalcum","OrangePellets","CeramicFish","Strawberry","Art of War","Question Card","Potion Belt"],"acts_visited":["Exordium","TheCity","TheBeyond"],"potions_floor_usage":[8,16,16,22,22,27,32,38],"damage_taken":[{"damage":2,"enemies":"2 Louse","floor":2,"turns":4},{"damage":2,"enemies":"Jaw Worm","floor":3,"turns":6},{"damage":0,"enemies":"Small Slimes","floor":4,"turns":5},{"damage":5,"enemies":"2 Fungi Beasts","floor":6,"turns":5},{"damage":1,"enemies":"downfall:FleeingMerchant","floor":8,"turns":4},{"damage":4,"enemies":"3 Sentries","floor":10,"turns":8},{"damage":10,"enemies":"Large Slime","floor":12,"turns":5},{"damage":12,"enemies":"downfall:FleeingMerchant","floor":13,"turns":4},{"damage":3,"enemies":"Red Slaver","floor":15,"turns":3},{"damage":17,"enemies":"DF_ARCHETYPE_STREAMLINE","floor":16,"turns":11},{"damage":0,"enemies":"3 Byrds","floor":19,"turns":1},{"damage":10,"enemies":"Spheric Guardian","floor":21,"turns":4},{"damage":5,"enemies":"downfall:FleeingMerchant","floor":22,"turns":4},{"damage":8,"enemies":"Centurion and Healer","floor":25,"turns":7},{"damage":12,"enemies":"Snecko","floor":26,"turns":5},{"damage":24,"enemies":"Slavers","floor":27,"turns":5},{"damage":0,"enemies":"Sentry and Sphere","floor":28,"turns":4},{"damage":13,"enemies":"Gremlin Leader","floor":29,"turns":6},{"damage":0,"enemies":"Chosen and Byrds","floor":31,"turns":2},{"damage":0,"enemies":"Cultist and Chosen","floor":32,"turns":6},{"damage":16,"enemies":"WA_ARCHETYPE_CALM","floor":33,"turns":9},{"damage":0,"enemies":"3 Shapes","floor":36,"turns":3},{"damage":0,"enemies":"downfall:FleeingMerchant","floor":37,"turns":4},{"damage":7,"enemies":"3 Darklings","floor":38,"turns":5},{"damage":0,"enemies":"Sphere and 2 Shapes","floor":39,"turns":4},{"damage":1,"enemies":"Giant Head","floor":44,"turns":6},{"damage":14,"enemies":"Writhing Mass","floor":45,"turns":4},{"damage":29,"enemies":"Nemesis","floor":48,"turns":5},{"damage":0,"enemies":"Jaw Worm Horde","floor":49,"turns":3},{"damage":29,"enemies":"SI_POISON_ARCHETYPE","floor":50,"turns":7}],"seed_played":"-6147579671101235509","potions_obtained":[{"floor":3,"key":"FearPotion"},{"floor":4,"key":"Energy Potion"},{"floor":6,"key":"Swift Potion"},{"floor":10,"key":"Swift Potion"},{"floor":19,"key":"Guardian:BlockOnCardUsePotion"},{"floor":25,"key":"Slimebound:SlimedPotion"},{"floor":28,"key":"Strength Potion"},{"floor":31,"key":"SkillPotion"},{"floor":33,"key":"Explosive Potion"},{"floor":38,"key":"Explosive Potion"},{"floor":48,"key":"LiquidMemories"},{"floor":49,"key":"Regen Potion"}],"is_trial":false,"path_per_floor":["R","M","M","M","?","M","T","$","?","E","R","M","$","?","M","B",null,"R","M","?","M","$","?","T","M","M","E","M","E","R","M","M","B",null,"R","M","$","M","M","?","T","?","T","E","M","$","R","E","M","B",null],"character_chosen":"SLIMEBOUND","items_purchased":["Membership Card","expansioncontent:QuickStudy","Slimebound:SelfDamagePreventRelic","Strength Potion","expansioncontent:DashGenerateEvil","Vajra","Orichalcum","OrangePellets","expansioncontent:InvincibleStrength","Question Card","Slimebound:SamplingLick+1","Slimebound:DuplicatedForm"],"campfire_rested":0,"item_purchase_floors":[8,8,22,22,37,37,37,37,46,46,46,46],"current_hp_per_floor":[71,71,71,71,71,68,68,71,71,74,74,71,67,67,68,66,80,80,80,80,72,79,71,71,83,76,79,92,95,105,105,108,111,111,111,111,114,110,120,120,120,120,127,129,123,123,123,115,136,129],"gold":64,"neow_bonus":"TEN_PERCENT_HP_BONUS","is_daily":false,"chose_seed":false,"campfire_upgraded":6,"win_rate":0.0,"timestamp":1611613647,"path_taken":["R","M","M","M","?","M","T","$","?","E","R","M","?","?","M","BOSS","R","M","?","M","$","?","T","?","M","E","?","E","R","M","M","BOSS","R","M","?","M","M","?","T","?","?","E","?","$","R","E","M","BOSS"],"items_purchased_type":["Relic","Card","Relic","Potion","Card","Relic","Relic","Relic","Card","Relic","Card","Card"],"build_version":"2020-12-22","purchased_purges":4,"victory":true,"max_hp_per_floor":[71,71,71,71,71,71,71,71,71,74,74,77,77,77,77,80,80,80,80,80,80,80,80,80,83,86,89,92,95,105,105,108,111,111,111,111,114,117,120,120,120,120,127,130,133,133,133,133,136,139],"card_choices":[{"not_picked":["Slimebound:SplitMire","Slimebound:FlameTackle"],"picked":"Slimebound:GrowthPunch","floor":2},{"not_picked":["Slimebound:GoopSpray","Slimebound:SplitBruiser"],"picked":"Slimebound:ProtectTheBoss","floor":3},{"not_picked":["Slimebound:ItLooksTasty","Slimebound:Prepare"],"picked":"Slimebound:SlimeTap","floor":4},{"not_picked":["Slimebound:ForwardTackle","Slimebound:TongueLash"],"picked":"Slimebound:Schlurp","floor":6},{"not_picked":["Slimebound:SlimeTap","Slimebound:Dissolve"],"picked":"Slimebound:MassFeed","floor":8},{"not_picked":["Slimebound:ComboTackle","Slimebound:SplitAcid"],"picked":"Slimebound:SplitBruiser","floor":10},{"not_picked":["Slimebound:LivingWall","Slimebound:SplitAcid"],"picked":"Slimebound:Equalize","floor":12},{"not_picked":["Slimebound:LeechingTouch","Slimebound:FirmFortitude"],"picked":"Slimebound:SplitMire","floor":13},{"not_picked":["Slimebound:LeechingTouch","Slimebound:SlimeTap","Slimebound:ItLooksTasty"],"picked":"SKIP","floor":15},{"not_picked":["Slimebound:DouseInSlime","Slimebound:SelfFormingGoo"],"picked":"Slimebound:OozeBath","floor":16},{"not_picked":["Slimebound:LeechEnergy","Slimebound:ComboTackle"],"picked":"Slimebound:DisruptingSlam","floor":19},{"not_picked":["Slimebound:DisruptingSlam","Slimebound:LeechingTouch","Slimebound:RejuvenatingLick+1"],"picked":"SKIP","floor":21},{"not_picked":["Slimebound:RollThrough","Slimebound:SplitAcid+1"],"picked":"Slimebound:RallyTheTroops","floor":22},{"not_picked":["Slimebound:Prepare+1","Slimebound:SplitAcid+1"],"picked":"Slimebound:SpikyOuterGoop","floor":25},{"not_picked":["Slimebound:SplitMire+1","Slimebound:GrowthPunch+1"],"picked":"Slimebound:SamplingLick+1","floor":26},{"not_picked":["Slimebound:LeechEnergy+1","Slimebound:PressTheAttack"],"picked":"Slimebound:Schlurp+1","floor":27},{"not_picked":["Slimebound:SlimeBarrage+1","Slimebound:TongueLash"],"picked":"Slimebound:SplitMire+1","floor":28},{"not_picked":["Slimebound:SlimeBrawl+1","Slimebound:FirmFortitude+1","Slimebound:SamplingLick+1"],"picked":"SKIP","floor":29},{"not_picked":["Slimebound:Schlurp+1","Slimebound:HauntingLick+1","Slimebound:ProtectTheBoss"],"picked":"SKIP","floor":31},{"not_picked":["Slimebound:Schlurp+1","Slimebound:GoopSpray+1","Slimebound:PressTheAttack"],"picked":"SKIP","floor":32},{"not_picked":["Slimebound:DouseInSlime+1","Slimebound:SelfFormingGoo"],"picked":"Slimebound:MassRepurpose+1","floor":33},{"not_picked":["Slimebound:LivingWall+1","Slimebound:RollThrough","Slimebound:Prepare+1"],"picked":"SKIP","floor":36},{"not_picked":["Slimebound:SlimeSpikes+1","Slimebound:ViciousTackle"],"picked":"Slimebound:Dissolve+1","floor":37},{"not_picked":["Slimebound:ForwardTackle+1","Slimebound:ViciousTackle"],"picked":"Slimebound:Gluttony","floor":38},{"not_picked":["Slimebound:LevelUp+1","Slimebound:SplitMire+1"],"picked":"Slimebound:RejuvenatingLick+1","floor":39},{"not_picked":["Slimebound:LivingWall+1","Slimebound:Schlurp+1","Slimebound:LeadByExample"],"picked":"SKIP","floor":44},{"not_picked":["Slimebound:GoopSpray+1","Slimebound:SplitMire+1"],"picked":"Slimebound:RejuvenatingLick+1","floor":45},{"not_picked":["Slimebound:RollThrough+1","Slimebound:SplitLeeching+1","Slimebound:SplitMire+1"],"picked":"Slimebound:LeechLife","floor":48},{"not_picked":["Slimebound:PressTheAttack","Slimebound:LivingWall+1","Slimebound:LeechEnergy+1","Slimebound:ForwardTackle+1"],"picked":"SKIP","floor":49}],"player_experience":2017617,"relics_obtained":[{"floor":7,"key":"Anchor"},{"floor":10,"key":"Bronze Scales"},{"floor":20,"key":"Lantern"},{"floor":20,"key":"Toxic Egg 2"},{"floor":20,"key":"Torii"},{"floor":27,"key":"Bag of Preparation"},{"floor":29,"key":"Tiny Chest"},{"floor":41,"key":"CeramicFish"},{"floor":43,"key":"Strawberry"},{"floor":44,"key":"Art of War"},{"floor":48,"key":"Potion Belt"}],"event_choices":[{"cards_removed":["Slimebound:ProtectTheBoss"],"damage_healed":0,"gold_gain":0,"player_choice":"Removed Power","damage_taken":0,"max_hp_gain":0,"max_hp_loss":0,"event_name":"Falling","floor":42,"gold_loss":0}],"is_beta":false,"boss_relics":[{"not_picked":["Philosopher\u0027s Stone","bronze:MakeshiftBattery"],"picked":"Runic Pyramid"},{"not_picked":["Black Star","Empty Cage"],"picked":"Coffee Dripper"}],"items_purged_floors":[13,22,37,46],"is_endless":false,"potions_floor_spawned":[3,4,6,10,15,19,25,28,31,33,38,48,49],"ascension_level":0}}