{"host":"1tl36azeqm6yhdgj","time":1611581588,"event":{"mods":["AchievementEnabler","BaseMod","Minty Spire (QoL Compilation)","StSLib","The IronCluck","everything is the same but u backflip on backflip"],"gold_per_floor":[115,115,18,35,55,55,81,93,93,128,52,65,65,77,77,156,156,171,15,15,27,27,27,27,61,143,143,143],"floor_reached":27,"language":"ENG","playtime":633,"items_purged":[],"score":486,"play_id":"ca26afe7-e474-4675-bf1f-7b54a099f9af","local_time":"20210125083308","is_ascension_mode":true,"campfire_choices":[{"data":"Iron Wave","floor":6.0,"key":"SMITH"},{"floor":13.0,"key":"REST"},{"data":"Inflame","floor":15.0,"key":"SMITH"},{"floor":23,"key":"REST"}],"circlet_count":0,"master_deck":["AscendersBane","Strike_R","Strike_R","Strike_R","Strike_R","Defend_R","Defend_R","Defend_R","Defend_R","Bash","Thunderclap","Inflame+1","Iron Wave+1","Exhume","Battle Trance","Shockwave","Cleave","Clothesline","Juggernaut","CurseOfTheBell","Infernal Blade+1","Double Tap","Finesse","Discovery","Clash","Havoc+1","Carnage"],"relics":["Burning Blood","NeowsBlessing","Pen Nib","Mercury Hourglass","Paper Frog","Ornamental Fan","Calling Bell","Bronze Scales","Sundial","Prayer Wheel","Charon\u0027s Ashes"],"acts_visited":["Exordium","TheCity"],"potions_floor_usage":[21,22,27],"damage_taken":[{"damage":0.0,"enemies":"Small Slimes","floor":1.0,"turns":2.0},{"damage":0.0,"enemies":"Cultist","floor":4.0,"turns":1.0},{"damage":0.0,"enemies":"2 Louse","floor":5.0,"turns":1.0},{"damage":37.0,"enemies":"Gremlin Nob","floor":7.0,"turns":4.0},{"damage":18.0,"enemies":"Red Slaver","floor":8.0,"turns":4.0},{"damage":6.0,"enemies":"3 Sentries","floor":10.0,"turns":5.0},{"damage":9.0,"enemies":"Gremlin Gang","floor":12.0,"turns":3.0},{"damage":2.0,"enemies":"Blue Slaver","floor":14.0,"turns":3.0},{"damage":48.0,"enemies":"Hexaghost","floor":16.0,"turns":10.0},{"damage":12.0,"enemies":"3 Byrds","floor":18.0,"turns":3.0},{"damage":24,"enemies":"Spheric Guardian","floor":21,"turns":4},{"damage":0,"enemies":"Snake Plant","floor":22,"turns":1},{"damage":44,"enemies":"Book of Stabbing","floor":25,"turns":4},{"damage":10,"enemies":"Gremlin Leader","floor":27,"turns":3}],"seed_played":"8630398683887274338","potions_obtained":[{"floor":4.0,"key":"SkillPotion"},{"floor":8.0,"key":"DuplicationPotion"},{"floor":10.0,"key":"Weak Potion"},{"floor":12.0,"key":"CultistPotion"},{"floor":21,"key":"SmokeBomb"},{"floor":25,"key":"FearPotion"}],"is_trial":false,"path_per_floor":["M","?","?","M","M","R","E","M","T","E","$","M","R","M","R","B",null,"M","$","?","M","M","R","$","E","T","E"],"character_chosen":"IRONCLAD","items_purchased":["Shockwave","Double Tap"],"campfire_rested":2,"item_purchase_floors":[11,19],"current_hp_per_floor":[74,67,67,73,75,75,44,32,32,32,32,29,51,55,55,13,60,54,54,35,17,23,45,45,7,7,0,0],"gold":143,"neow_bonus":"THREE_ENEMY_KILL","is_daily":false,"chose_seed":false,"campfire_upgraded":2,"win_rate":0.0,"timestamp":1611581588,"path_taken":["M","?","?","M","M","R","E","M","T","E","$","M","R","M","R","BOSS","M","?","?","M","M","R","$","E","T","E"],"items_purchased_type":["Card","Card"],"build_version":"2020-12-22","purchased_purges":0,"victory":false,"max_hp_per_floor":[75,75,75,75,75,75,75,75,75,75,75,75,75,75,75,75,75,75,75,75,75,75,75,75,75,75,75,75],"card_choices":[{"not_picked":["Armaments","Rage"],"picked":"Thunderclap","floor":1.0},{"not_picked":["Feel No Pain","Seeing Red"],"picked":"Inflame","floor":4.0},{"not_picked":["Rupture","Perfected Strike"],"picked":"Iron Wave","floor":5.0},{"not_picked":["Wild Strike","Havoc","Dual Wield"],"picked":"SKIP","floor":7.0},{"not_picked":["Wild Strike","Havoc"],"picked":"Exhume","floor":8.0},{"not_picked":["Wild Strike","Pommel Strike"],"picked":"Battle Trance","floor":10.0},{"not_picked":["Combust","Sever Soul"],"picked":"Cleave","floor":12.0},{"not_picked":["Havoc","Rupture"],"picked":"Clothesline","floor":14.0},{"not_picked":["Barricade","Offering"],"picked":"Juggernaut","floor":16.0},{"not_picked":["Armaments","Body Slam"],"picked":"Infernal Blade+1","floor":18.0},{"not_picked":["Clothesline","True Grit","Sword Boomerang"],"picked":"SKIP","floor":18.0},{"not_picked":["Havoc","Offering"],"picked":"Clash","floor":21},{"not_picked":["Cleave","Thunderclap"],"picked":"Havoc+1","floor":21},{"not_picked":["Iron Wave","Bloodletting+1"],"picked":"Carnage","floor":25}],"player_experience":2038754,"relics_obtained":[{"floor":7.0,"key":"Mercury Hourglass"},{"floor":9.0,"key":"Paper Frog"},{"floor":10.0,"key":"Ornamental Fan"},{"floor":17.0,"key":"Bronze Scales"},{"floor":17.0,"key":"Sundial"},{"floor":17.0,"key":"Prayer Wheel"},{"floor":25,"key":"Charon\u0027s Ashes"}],"event_choices":[{"cards_removed":["Strike_R"],"damage_healed":0.0,"max_hp_gain":0.0,"max_hp_loss":0.0,"gold_gain":0.0,"event_name":"Golden Wing","player_choice":"Card Removal","floor":2.0,"gold_loss":0.0,"damage_taken":7.0},{"damage_healed":0.0,"max_hp_gain":0.0,"max_hp_loss":0.0,"gold_gain":0.0,"event_name":"WeMeetAgain","player_choice":"Paid Gold","floor":3.0,"gold_loss":97.0,"damage_taken":0.0,"relics_obtained":["Pen Nib"]},{"damage_healed":0.0,"max_hp_gain":0.0,"max_hp_loss":0.0,"gold_gain":0.0,"event_name":"Knowing Skull","player_choice":"CARD CARD ","floor":20.0,"potions_obtained":[],"gold_loss":0.0,"damage_taken":19.0,"cards_obtained":["Finesse","Discovery"]}],"is_beta":false,"boss_relics":[{"not_picked":["Runic Dome","Black Star"],"picked":"Calling Bell"}],"items_purged_floors":[],"is_endless":false,"potions_floor_spawned":[4,8,10,12,14,21,25],"killed_by":"Gremlin Leader","ascension_level":20}}