{"host":"guzbs4v8630hpsy6","time":1611596887,"event":{"mods":["2.2 Compatiblity","AchievementEnabler","BaseMod","Block Reminder","DeckTracker","Highlight Path","Minty Spire (QoL Compilation)","Relic Stats","SuperFastMode"],"gold_per_floor":[13,13,188,208,232,232,8,47,129,164,164,187,218,241,241,372,372,395,345,366,390,406,406,450,365,365,365,365,403,43,43,43,167,167,183,183,183,204,164,208,227,227,227,148,128,167,167,211,211,211,211,211,12,50,50],"floor_reached":56,"language":"ENG","playtime":5507,"items_purged":["Doubt","Strike_B","Strike_B+1"],"score":1660,"play_id":"99da7579-85f2-4515-bce3-a7bcfc7e20de","local_time":"20210126014807","is_ascension_mode":true,"campfire_choices":[{"data":"Defragment","floor":6,"key":"SMITH"},{"floor":15,"key":"REST"},{"floor":23,"key":"REST"},{"floor":28,"key":"REST"},{"floor":32,"key":"REST"},{"floor":42,"key":"REST"},{"floor":49,"key":"RECALL"},{"floor":52,"key":"REST"}],"circlet_count":0,"master_deck":["Strike_B+1","Strike_B+1","Defend_B+1","Defend_B+1","Defend_B+1","Defend_B+1","Zap","Dualcast","Defragment+1","Conserve Battery","Ball Lightning","Cold Snap","White Noise","FTL+1","Coolheaded+1","Static Discharge","Leap+1","Seek+1","Coolheaded+1","Coolheaded+1","Loop","Creative AI","Chill+1"],"relics":["Cracked Core","Mango","Golden Idol","Regal Pillow","Gremlin Horn","Art of War","Smiling Mask","Fusion Hammer","Meat on the Bone","Pen Nib","StoneCalendar","Unceasing Top","OrangePellets","Centennial Puzzle","SlaversCollar","Lizard Tail","Juzu Bracelet","Dead Branch","DataDisk","Pear"],"acts_visited":["Exordium","TheCity","TheBeyond","TheEnding"],"potions_floor_usage":[24,29,33,41,55,55,55],"damage_taken":[{"damage":7,"enemies":"Jaw Worm","floor":1,"turns":4},{"damage":2,"enemies":"2 Louse","floor":4,"turns":4},{"damage":1,"enemies":"Cultist","floor":5,"turns":4},{"damage":25,"enemies":"3 Sentries","floor":8,"turns":5},{"damage":27,"enemies":"Gremlin Nob","floor":10,"turns":4},{"damage":0,"enemies":"Gremlin Gang","floor":12,"turns":3},{"damage":13,"enemies":"Lagavulin","floor":13,"turns":6},{"damage":3,"enemies":"Blue Slaver","floor":14,"turns":3},{"damage":36,"enemies":"Hexaghost","floor":16,"turns":10},{"damage":7,"enemies":"Shell Parasite","floor":18,"turns":6},{"damage":0,"enemies":"Spheric Guardian","floor":20,"turns":3},{"damage":17,"enemies":"Snake Plant","floor":21,"turns":4},{"damage":38,"enemies":"Centurion and Healer","floor":22,"turns":9},{"damage":35,"enemies":"Slavers","floor":24,"turns":4},{"damage":15,"enemies":"Gremlin Leader","floor":29,"turns":5},{"damage":41,"enemies":"Automaton","floor":33,"turns":7},{"damage":2,"enemies":"Orb Walker","floor":35,"turns":3},{"damage":30,"enemies":"3 Darklings","floor":38,"turns":7},{"damage":28,"enemies":"Reptomancer","floor":40,"turns":9},{"damage":17,"enemies":"Transient","floor":41,"turns":5},{"damage":22,"enemies":"Nemesis","floor":46,"turns":7},{"damage":0,"enemies":"Giant Head","floor":48,"turns":8},{"damage":57,"enemies":"Time Eater","floor":50,"turns":11},{"damage":64,"enemies":"Shield and Spear","floor":54,"turns":8},{"damage":45,"enemies":"The Heart","floor":55,"turns":12}],"seed_played":"2212381849679399799","potions_obtained":[{"floor":11,"key":"SneckoOil"},{"floor":11,"key":"SmokeBomb"},{"floor":11,"key":"DistilledChaos"},{"floor":12,"key":"LiquidBronze"},{"floor":13,"key":"CultistPotion"},{"floor":16,"key":"FocusPotion"},{"floor":29,"key":"LiquidMemories"},{"floor":38,"key":"SkillPotion"},{"floor":40,"key":"DistilledChaos"},{"floor":41,"key":"FocusPotion"},{"floor":45,"key":"PotionOfCapacity"}],"is_trial":false,"path_per_floor":["M","?","?","M","M","R","$","E","T","E","?","M","E","M","R","B",null,"M","$","M","M","M","R","E","?","T","?","R","E","$","?","R","B",null,"M","?","?","M","?","E","M","R","T","$","?","E","?","E","R","B",null,"R","$","E","B",null],"character_chosen":"DEFECT","items_purchased":["Hyperbeam","OrangePellets","PowerPotion","Centennial Puzzle","Loop","DataDisk"],"campfire_rested":6,"item_purchase_floors":[7,30,30,30,44,53],"current_hp_per_floor":[75,75,75,73,72,72,72,47,47,20,20,20,7,4,43,7,63,56,56,56,39,1,40,5,5,5,5,44,41,41,41,80,51,74,72,72,92,62,62,46,41,83,83,83,83,61,61,61,61,16,73,92,92,50,17],"gold":50,"neow_bonus":"ONE_RARE_RELIC","is_daily":false,"chose_seed":false,"campfire_upgraded":1,"win_rate":0.0,"timestamp":1611596887,"path_taken":["M","?","?","M","M","R","$","E","T","E","?","M","E","?","R","BOSS","M","$","?","M","M","R","E","?","T","?","R","E","$","?","R","BOSS","M","?","?","?","?","E","?","R","T","$","?","E","?","E","R","BOSS","R","$","E","BOSS"],"items_purchased_type":["Card","Relic","Potion","Relic","Card","Relic"],"build_version":"2020-12-22","purchased_purges":3,"victory":true,"max_hp_per_floor":[89,82,82,82,82,82,82,82,82,82,82,82,82,82,82,82,82,82,82,82,82,82,82,82,82,82,82,82,82,82,82,82,82,82,82,82,92,92,92,92,92,92,92,92,92,92,92,92,92,92,92,92,92,102,102],"relic_stats":{"Regal Pillow":75,"Gremlin Horn":[22,22],"counters":[25,151],"Golden Idol":221,"Dead Branch":[19],"StoneCalendar":[422],"Pen Nib":[15],"Juzu Bracelet":1,"Smiling Mask":125,"OrangePellets":[8],"Centennial Puzzle":[27],"Lizard Tail":0,"Art of War":[17],"obtain_stats":[{"Regal Pillow":8,"Pear":54,"Gremlin Horn":9,"Golden Idol":2,"Dead Branch":48,"Mango":0,"StoneCalendar":26,"Pen Nib":25,"Juzu Bracelet":46,"Smiling Mask":13,"OrangePellets":30,"SlaversCollar":34,"Centennial Puzzle":30,"Lizard Tail":40,"DataDisk":53,"Fusion Hammer":17,"Art of War":10,"Cracked Core":0,"Unceasing Top":29,"Meat on the Bone":24},{"Regal Pillow":4,"Pear":24,"Gremlin Horn":4,"Golden Idol":1,"Dead Branch":22,"Mango":0,"StoneCalendar":14,"Pen Nib":14,"Juzu Bracelet":21,"Smiling Mask":7,"OrangePellets":15,"SlaversCollar":16,"Centennial Puzzle":15,"Lizard Tail":19,"DataDisk":23,"Fusion Hammer":9,"Art of War":5,"Cracked Core":0,"Unceasing Top":15,"Meat on the Bone":14},{"Regal Pillow":17,"Pear":139,"Gremlin Horn":17,"Golden Idol":4,"Dead Branch":120,"Mango":0,"StoneCalendar":69,"Pen Nib":69,"Juzu Bracelet":112,"Smiling Mask":30,"OrangePellets":74,"SlaversCollar":81,"Centennial Puzzle":74,"Lizard Tail":100,"DataDisk":131,"Fusion Hammer":43,"Art of War":21,"Cracked Core":0,"Unceasing Top":74,"Meat on the Bone":69}],"Unceasing Top":[1],"Meat on the Bone":84},"card_choices":[{"not_picked":["Hologram","Streamline","Stack"],"picked":"SKIP","floor":1},{"not_picked":["Beam Cell","Streamline","Hologram"],"picked":"SKIP","floor":4},{"not_picked":["Tempest","Fusion"],"picked":"Defragment","floor":5},{"not_picked":["Gash","BootSequence"],"picked":"Conserve Battery","floor":8},{"not_picked":["Rip and Tear","Self Repair"],"picked":"Ball Lightning","floor":10},{"not_picked":["Turbo","Meteor Strike","Beam Cell"],"picked":"SKIP","floor":12},{"not_picked":["Go for the Eyes","Hologram"],"picked":"Cold Snap","floor":13},{"not_picked":["Melter","Conserve Battery"],"picked":"White Noise","floor":14},{"not_picked":["Barrage","Rebound"],"picked":"FTL+1","floor":18},{"not_picked":["Stack","Sunder"],"picked":"Coolheaded+1","floor":20},{"not_picked":["Rip and Tear","Compile Driver"],"picked":"Static Discharge","floor":21},{"not_picked":["Barrage","Streamline"],"picked":"Leap+1","floor":22},{"not_picked":["Steam","Beam Cell","Rebound"],"picked":"SKIP","floor":24},{"not_picked":["Blizzard","Coolheaded"],"picked":"Core Surge","floor":29},{"not_picked":["Core Surge","Multi-Cast"],"picked":"Seek","floor":33},{"not_picked":["White Noise+1","Cold Snap+1"],"picked":"Coolheaded+1","floor":35},{"not_picked":["Streamline+1","BootSequence+1","Tempest"],"picked":"SKIP","floor":38},{"not_picked":["Genetic Algorithm","Melter+1"],"picked":"Coolheaded+1","floor":40},{"not_picked":["Beam Cell+1","Streamline","Lockon+1"],"picked":"SKIP","floor":41},{"not_picked":["Steam Power+1","Tempest+1"],"picked":"Creative AI","floor":46},{"not_picked":["Stack+1","Glacier"],"picked":"Chill+1","floor":48},{"not_picked":["Conserve Battery+1","Cold Snap","Multi-Cast"],"picked":"SKIP","floor":54}],"player_experience":519668,"relics_obtained":[{"floor":8,"key":"Regal Pillow"},{"floor":9,"key":"Gremlin Horn"},{"floor":10,"key":"Art of War"},{"floor":13,"key":"Smiling Mask"},{"floor":24,"key":"Meat on the Bone"},{"floor":26,"key":"StoneCalendar"},{"floor":29,"key":"Unceasing Top"},{"floor":40,"key":"Lizard Tail"},{"floor":46,"key":"Juzu Bracelet"},{"floor":48,"key":"Dead Branch"},{"floor":54,"key":"Pear"}],"event_choices":[{"damage_healed":0,"gold_gain":0,"player_choice":"Lose Max HP","damage_taken":0,"relics_obtained":["Golden Idol"],"max_hp_gain":0,"max_hp_loss":7,"event_name":"Golden Idol","floor":2,"gold_loss":0},{"damage_healed":0,"gold_gain":175,"player_choice":"AGREE","damage_taken":0,"max_hp_gain":0,"max_hp_loss":0,"event_name":"Liars Game","floor":3,"gold_loss":0,"cards_obtained":["Doubt"]},{"damage_healed":0,"gold_gain":0,"player_choice":"Got Potions","damage_taken":0,"max_hp_gain":0,"max_hp_loss":0,"event_name":"Lab","floor":11,"gold_loss":0},{"damage_healed":0,"gold_gain":0,"player_choice":"Obtained Relic","damage_taken":0,"relics_obtained":["Pen Nib"],"max_hp_gain":0,"max_hp_loss":0,"event_name":"Addict","floor":25,"gold_loss":85},{"damage_healed":0,"gold_gain":0,"player_choice":"Simplicity","damage_taken":0,"max_hp_gain":0,"max_hp_loss":0,"event_name":"Back to Basics","floor":27,"gold_loss":0,"cards_upgraded":["Strike_B","Strike_B","Strike_B","Defend_B","Defend_B","Defend_B","Defend_B"]},{"damage_healed":0,"gold_gain":0,"player_choice":"Ignored","damage_taken":0,"max_hp_gain":0,"max_hp_loss":0,"event_name":"The Mausoleum","floor":31,"gold_loss":0},{"cards_removed":["Hyperbeam"],"damage_healed":0,"gold_gain":0,"player_choice":"Removed Attack","damage_taken":0,"max_hp_gain":0,"max_hp_loss":0,"event_name":"Falling","floor":36,"gold_loss":0},{"cards_removed":["Core Surge"],"damage_healed":10,"gold_gain":0,"player_choice":"Offered Rare","damage_taken":0,"max_hp_gain":10,"max_hp_loss":0,"event_name":"Bonfire Elementals","floor":37,"gold_loss":0},{"damage_healed":0,"gold_gain":0,"player_choice":"Upgrade","damage_taken":0,"max_hp_gain":0,"max_hp_loss":0,"event_name":"Designer","floor":39,"gold_loss":40,"cards_upgraded":["Seek"]},{"damage_healed":0,"gold_gain":0,"player_choice":"Bought 1 Potion","damage_taken":0,"max_hp_gain":0,"max_hp_loss":0,"event_name":"The Woman in Blue","floor":45,"gold_loss":0},{"damage_healed":0,"gold_gain":0,"player_choice":"Memory 1","damage_taken":0,"max_hp_gain":0,"max_hp_loss":0,"event_name":"SensoryStone","floor":47,"gold_loss":0}],"is_beta":false,"boss_relics":[{"not_picked":["Pandora\u0027s Box","Inserter"],"picked":"Fusion Hammer"},{"not_picked":["Nuclear Battery","SacredBark"],"picked":"SlaversCollar"}],"items_purged_floors":[7,19,53],"is_endless":false,"potions_floor_spawned":[12,13,16,20,29,38,40,41],"ascension_level":7}}