{"host":"f5gffvlv6a66yqkd","time":1611564566,"event":{"mods":["2.2 Compatiblity","BaseMod","Colored Map","Custom Start","Dark Map","DeckTracker","Keyboard Shortcuts","Minty Spire (QoL Compilation)","Permanent Neow","Quick Restart","Relic Stats","StSLib","SuperFastMode"],"gold_per_floor":[17,36,52,102,112,112,132,161,211,211,231,250,42,56,56,133,133,107,29,29,40,50,50,61,74,98,98,98,148,148,148,148],"floor_reached":31,"language":"KOR","playtime":864,"items_purged":["Strike_G"],"score":482,"play_id":"7c5a8a54-5558-46e1-869c-9589e4f7f078","local_time":"20210125174926","is_ascension_mode":true,"campfire_choices":[{"data":"Blade Dance","floor":6.0,"key":"SMITH"},{"floor":10.0,"key":"REST"},{"data":"Accuracy","floor":15.0,"key":"SMITH"},{"data":"Footwork","floor":23,"key":"SMITH"}],"circlet_count":0,"master_deck":["AscendersBane","Strike_G","Strike_G","Defend_G","Defend_G","Defend_G","Defend_G","Defend_G","Survivor","Neutralize","Master of Strategy","Flying Knee","Blade Dance+1","PiercingWail","Caltrops","Footwork+1","Dagger Throw","Accuracy+1","Deflect","Deflect","After Image+1","Accuracy","Eviscerate","Storm of Steel"],"relics":["Ring of the Snake","Ninja Scroll","Centennial Puzzle","Philosopher\u0027s Stone","Bag of Preparation"],"acts_visited":["Exordium","TheCity"],"potions_floor_usage":[25],"damage_taken":[{"damage":2.0,"enemies":"Jaw Worm","floor":1.0,"turns":5.0},{"damage":1.0,"enemies":"Cultist","floor":2.0,"turns":4.0},{"damage":7.0,"enemies":"2 Louse","floor":3.0,"turns":3.0},{"damage":3.0,"enemies":"Looter","floor":5.0,"turns":4.0},{"damage":5.0,"enemies":"Blue Slaver","floor":7.0,"turns":4.0},{"damage":33.0,"enemies":"Lagavulin","floor":8.0,"turns":9.0},{"damage":0.0,"enemies":"2 Fungi Beasts","floor":11.0,"turns":3.0},{"damage":12.0,"enemies":"Large Slime","floor":12.0,"turns":5.0},{"damage":0.0,"enemies":"Lots of Slimes","floor":14.0,"turns":2.0},{"damage":5.0,"enemies":"The Guardian","floor":16.0,"turns":15.0},{"damage":0,"enemies":"2 Thieves","floor":18,"turns":4},{"damage":13,"enemies":"Chosen","floor":21,"turns":6},{"damage":12,"enemies":"Shelled Parasite and Fungi","floor":22,"turns":6},{"damage":22,"enemies":"Sentry and Sphere","floor":24,"turns":7},{"damage":0,"enemies":"Snake Plant","floor":25,"turns":5},{"damage":9,"enemies":"Snecko","floor":31,"turns":2}],"seed_played":"-4406241360232541483","potions_obtained":[{"floor":2.0,"key":"LiquidMemories"},{"floor":5.0,"key":"Dexterity Potion"},{"floor":7.0,"key":"AttackPotion"},{"floor":11.0,"key":"Block Potion"},{"floor":14.0,"key":"SpeedPotion"},{"floor":18,"key":"BlessingOfTheForge"}],"is_trial":false,"path_per_floor":["M","M","M","?","M","R","M","E","T","R","M","M","$","M","R","B",null,"M","$","?","M","M","R","M","M","T","?","$","?","?","M"],"character_chosen":"THE_SILENT","items_purchased":["Accuracy","Deflect","Accuracy"],"campfire_rested":1,"item_purchase_floors":[13,13,19],"current_hp_per_floor":[57,56,49,49,46,46,41,8,8,27,27,15,15,15,15,10,52,52,52,52,39,27,27,5,5,5,5,5,5,5,0,0],"gold":148,"neow_bonus":"RANDOM_COLORLESS_2","is_daily":false,"chose_seed":false,"campfire_upgraded":3,"win_rate":0.0,"timestamp":1611564566,"path_taken":["M","M","M","?","M","R","M","E","T","R","M","M","$","M","R","BOSS","M","?","?","?","M","R","M","M","T","?","$","?","?","M"],"items_purchased_type":["Card","Card","Card"],"build_version":"2020-12-22","purchased_purges":1,"victory":false,"max_hp_per_floor":[66,66,66,66,66,66,66,66,66,66,66,66,66,66,66,66,66,66,66,66,66,66,66,66,66,66,66,66,66,66,66,66],"relic_stats":{"Centennial Puzzle":[15],"counters":[16,84],"Bag of Preparation":[0],"obtain_stats":[{"Centennial Puzzle":9,"Ninja Scroll":8,"Philosopher\u0027s Stone":17,"Bag of Preparation":26,"Ring of the Snake":0},{"Centennial Puzzle":6,"Ninja Scroll":6,"Philosopher\u0027s Stone":10,"Bag of Preparation":15,"Ring of the Snake":0},{"Centennial Puzzle":29,"Ninja Scroll":29,"Philosopher\u0027s Stone":54,"Bag of Preparation":82,"Ring of the Snake":0}],"Ring of the Snake":[32]},"card_choices":[{"not_picked":["Metamorphosis","Secret Weapon"],"picked":"Master of Strategy","floor":0.0},{"not_picked":["Slice","Caltrops"],"picked":"Flying Knee","floor":1.0},{"not_picked":["Calculated Gamble","Sucker Punch"],"picked":"Blade Dance","floor":2.0},{"not_picked":["Outmaneuver","Backflip"],"picked":"PiercingWail","floor":3.0},{"not_picked":["Underhanded Strike","Catalyst"],"picked":"Caltrops","floor":5.0},{"not_picked":["Cloak And Dagger","Tactician"],"picked":"Footwork","floor":7.0},{"not_picked":["Flechettes","Bouncing Flask","Slice"],"picked":"SKIP","floor":8.0},{"not_picked":["Skewer","Blade Dance"],"picked":"Dagger Throw","floor":11.0},{"not_picked":["Calculated Gamble","Quick Slash","Acrobatics"],"picked":"SKIP","floor":12.0},{"not_picked":["Backflip","Night Terror"],"picked":"Deflect","floor":14.0},{"not_picked":["Phantasmal Killer","Grand Finale"],"picked":"After Image","floor":16.0},{"not_picked":["Flechettes","Flying Knee","Bane"],"picked":"SKIP","floor":18},{"not_picked":["Outmaneuver","Prepared","Cloak And Dagger"],"picked":"SKIP","floor":21},{"not_picked":["Slice","Dagger Spray","Bane+1"],"picked":"SKIP","floor":22},{"not_picked":["Deadly Poison","Endless Agony","Heel Hook"],"picked":"SKIP","floor":24},{"not_picked":["All Out Attack","Bane","Eviscerate"],"picked":"SKIP","floor":25}],"player_experience":1611424,"relics_obtained":[{"floor":8.0,"key":"Ninja Scroll"},{"floor":9.0,"key":"Centennial Puzzle"},{"floor":26,"key":"Bag of Preparation"}],"event_choices":[{"damage_healed":0.0,"max_hp_gain":0.0,"max_hp_loss":0.0,"gold_gain":50.0,"event_name":"Golden Shrine","player_choice":"Pray","floor":4.0,"gold_loss":0.0,"damage_taken":0.0},{"damage_healed":0,"gold_gain":0,"player_choice":"Forge","damage_taken":0,"max_hp_gain":0,"max_hp_loss":0,"event_name":"Accursed Blacksmith","floor":20,"gold_loss":0,"cards_upgraded":["After Image"]},{"damage_healed":0,"gold_gain":0,"cards_transformed":["Strike_G","Strike_G"],"player_choice":"Became Test Subject","damage_taken":0,"max_hp_gain":0,"max_hp_loss":0,"event_name":"Drug Dealer","floor":27,"gold_loss":0,"cards_obtained":["Eviscerate","Storm of Steel"]},{"damage_healed":0,"gold_gain":50,"player_choice":"Stole From Cult","damage_taken":0,"max_hp_gain":0,"max_hp_loss":0,"event_name":"Nest","floor":29,"gold_loss":0},{"damage_healed":0,"gold_gain":0,"player_choice":"Ignored","damage_taken":0,"max_hp_gain":0,"max_hp_loss":0,"event_name":"Ghosts","floor":30,"gold_loss":0}],"is_beta":false,"boss_relics":[{"not_picked":["Busted Crown","Fusion Hammer"],"picked":"Philosopher\u0027s Stone"}],"items_purged_floors":[13],"is_endless":false,"potions_floor_spawned":[2,5,7,11,14,18,21,24],"killed_by":"Snecko","ascension_level":20}}