{"host":"hk3n60c9tb8azi3z","time":1611536921,"event":{"mods":["AchievementEnabler","BaseMod","Minty Spire (QoL Compilation)","Permanent Neow","Quick Restart","Relic Sorter","Relic Stats"],"gold_per_floor":[115,115,5,21,31,45,45,45,45,63,93,93,111,138,138,138,138],"floor_reached":16,"language":"ENG","playtime":714,"items_purged":[],"score":224,"play_id":"6b5c6b3c-4b96-4952-8616-7c6e632bf7a7","local_time":"20210125020841","is_ascension_mode":true,"campfire_choices":[{"data":"Sunder","floor":7,"key":"SMITH"},{"floor":12,"key":"REST"},{"data":"Beam Cell","floor":15,"key":"SMITH"}],"circlet_count":0,"master_deck":["AscendersBane","Strike_B","Strike_B","Strike_B","Strike_B","Defend_B","Defend_B","Defend_B","Defend_B","Zap+1","Dualcast","Sunder+1","Regret","Conserve Battery","Self Repair","Cold Snap","Chill","Beam Cell+1","Rebound","Barrage"],"relics":["SacredBark","Sundial","Toy Ornithopter","Tiny Chest","Shuriken"],"acts_visited":["Exordium"],"potions_floor_usage":[6,14],"damage_taken":[{"damage":12,"enemies":"Small Slimes","floor":1,"turns":4},{"damage":0,"enemies":"2 Louse","floor":4,"turns":2},{"damage":3,"enemies":"Cultist","floor":5,"turns":3},{"damage":11,"enemies":"Large Slime","floor":6,"turns":6},{"damage":5,"enemies":"Lots of Slimes","floor":10,"turns":5},{"damage":26,"enemies":"Lagavulin","floor":11,"turns":7},{"damage":12,"enemies":"Exordium Thugs","floor":13,"turns":5},{"damage":8,"enemies":"3 Sentries","floor":14,"turns":6},{"damage":54,"enemies":"Slime Boss","floor":16,"turns":6}],"seed_played":"-2053871635551558809","potions_obtained":[{"floor":4,"key":"SkillPotion"}],"is_trial":false,"path_per_floor":["M","?","$","M","M","M","R","?","T","M","E","R","M","E","R","B"],"character_chosen":"DEFECT","items_purchased":["Strength Potion","FearPotion"],"campfire_rested":1,"item_purchase_floors":[3,3],"current_hp_per_floor":[52,52,52,52,49,45,45,45,45,47,28,49,44,48,48,0,0],"gold":138,"neow_bonus":"BOSS_RELIC","is_daily":false,"chose_seed":false,"campfire_upgraded":2,"win_rate":0.0,"timestamp":1611536921,"path_taken":["M","?","$","M","M","M","R","?","T","M","E","R","M","E","R","BOSS"],"items_purchased_type":["Potion","Potion"],"build_version":"2020-12-22","purchased_purges":0,"victory":false,"max_hp_per_floor":[71,71,71,71,71,71,71,71,71,71,71,71,71,71,71,71,71],"relic_stats":{"counters":[9,44],"Sundial":[4],"Shuriken":[1],"Tiny Chest":0,"obtain_stats":[{"Sundial":2,"Shuriken":14,"SacredBark":0,"Tiny Chest":11,"Cracked Core":0,"Toy Ornithopter":9},{"Sundial":1,"Shuriken":8,"SacredBark":0,"Tiny Chest":6,"Cracked Core":0,"Toy Ornithopter":4},{"Sundial":4,"Shuriken":38,"SacredBark":0,"Tiny Chest":27,"Cracked Core":0,"Toy Ornithopter":15}],"Toy Ornithopter":5},"card_choices":[{"not_picked":["Go for the Eyes","Self Repair"],"picked":"Sunder","floor":1},{"not_picked":["Redo","Turbo"],"picked":"Conserve Battery","floor":4},{"not_picked":["Streamline","Storm"],"picked":"Self Repair","floor":5},{"not_picked":["Compile Driver","Sweeping Beam"],"picked":"Cold Snap","floor":6},{"not_picked":["Scrape","Double Energy"],"picked":"Chill","floor":10},{"not_picked":["Hyperbeam","Undo"],"picked":"Beam Cell","floor":11},{"not_picked":["Redo","Double Energy"],"picked":"Rebound","floor":13},{"not_picked":["Blizzard","Compile Driver"],"picked":"Barrage","floor":14}],"player_experience":1601472,"relics_obtained":[{"floor":9,"key":"Toy Ornithopter"},{"floor":11,"key":"Tiny Chest"},{"floor":14,"key":"Shuriken"}],"event_choices":[{"damage_healed":0,"gold_gain":0,"player_choice":"Box","damage_taken":0,"relics_obtained":["Sundial"],"max_hp_gain":0,"max_hp_loss":0,"event_name":"Big Fish","floor":2,"gold_loss":0,"cards_obtained":["Regret"]},{"damage_healed":0,"gold_gain":0,"player_choice":"Grow","damage_taken":0,"max_hp_gain":0,"max_hp_loss":0,"event_name":"Living Wall","floor":8,"gold_loss":0,"cards_upgraded":["Zap"]}],"is_beta":false,"boss_relics":[],"items_purged_floors":[],"is_endless":false,"potions_floor_spawned":[4,5],"killed_by":"Slime Boss","ascension_level":20}}