{"host":"1zjc08c6hob33401","time":1611577323,"event":{"mods":["AchievementEnabler","Act Like it!","Aspiration","BaseMod","Downfall","Elementarium","Energized Spire","Evolution","Friendly Minions","Gensokyo","GifTheSpireLib","Hubris","Infinite Spire","Jedi Mod","Menagerie","Minty Spire (QoL Compilation)","Pale of the Ancients","Quick Restart","Reliquary","Replay The Spire","Retaliation","Shop Mod","Spire Arcade","StS++","StSLib","Stuff the Spire","The Blue Laboratory","Wandering Minibosses","??????REMEMod"],"gold_per_floor":[109,109,129,54,54,54,66,86,86,86,97,97,97,111,111,188,188,205,205,205,216,227,227,227,258,258,276,276,276,287,287,24,43,43,122,122,133,146,166,166,166,166,198,198,247,262,276,276,276],"floor_reached":48,"language":"RUS","playtime":2042,"items_purged":["Defend_B","Defend_B","Defend_B"],"score":885,"play_id":"80be4e6f-9960-478d-97f4-8b142ca81ceb","local_time":"20210125142203","is_ascension_mode":true,"campfire_choices":[{"data":"REME_Flogging","floor":6.0,"key":"SMITH"},{"floor":13.0,"key":"REST"},{"floor":26.0,"key":"REST"},{"data":"Streamline","floor":29.0,"key":"SMITH"},{"floor":34.0,"key":"REST"},{"data":"infinitespire:Fortify","floor":42.0,"key":"SMITH"}],"circlet_count":0,"master_deck":["AscendersBane","Strike_B","Strike_B","Strike_B","Strike_B","Defend_B","Zap","Dualcast","REME_Flogging+1","StSpp:TargetLocked","Lockon+1","Streamline+1","Rip and Tear+1","Steam","infinitespire:Fortify+1","Conserve Battery","Core Surge+1","Beam Cell+1","hubris:PowerSurge","Genetic Algorithm","Hologram+1","StuffTheSpire:GlassShard","Self Repair","jedi:blockon+1","Panache+1","REME_BattleFury","Compile Driver+1","jedi:meditation","jedi:BurstFrost+1","Fusion+1","Tempest+1","infinitespire:FinalStrike+1","Sickly","Loop","Static Discharge","Turbo+1","Turbo","Skim","StuffTheSpire:Plugnplay","Cold Snap+1","Hologram","Crystallizer+1"],"relics":["Cracked Core","EVO:Axolotl","REME_ComplimentaryCards","hubris:Towel","Menagerie:ShiftingBlessing","StuffTheSpire:ColdMirror","Sozu","StuffTheSpire:Tea","Bottled Tornado","Replay:Baseball","Guide Book","Elementarium:ElementariumTrophy","energizedSpire:UnstableMolecules","REME_IWantAll","Ring of Shattering","infinitespire:Broken Mirror","Whetstone"],"acts_visited":["Menagerie:Menagerie","Elementarium:Elementarium","TheBeyond"],"potions_floor_usage":[],"damage_taken":[{"damage":5.0,"enemies":"Menagerie:WhisperingWraith","floor":1.0,"turns":3.0},{"damage":5.0,"enemies":"Menagerie:2_RABBITS","floor":3.0,"turns":3.0},{"damage":1.0,"enemies":"Menagerie:StygianBoar","floor":7.0,"turns":3.0},{"damage":0.0,"enemies":"Menagerie:RedMage","floor":8.0,"turns":2.0},{"damage":17.0,"enemies":"Menagerie:3_RABBITS","floor":11.0,"turns":3.0},{"damage":9.0,"enemies":"Menagerie:DREAD_MOTH_AND_GRAFTED_WORMS","floor":14.0,"turns":2.0},{"damage":16.0,"enemies":"Menagerie:Chimera","floor":16.0,"turns":8.0},{"damage":13.0,"enemies":"Elementarium:MUD_AND_TAR_GOLEMS","floor":18.0,"turns":4.0},{"damage":7.0,"enemies":"Elementarium:Cyclone","floor":21.0,"turns":4.0},{"damage":23.0,"enemies":"Elementarium:VoidBeast","floor":22.0,"turns":3.0},{"damage":9.0,"enemies":"Nightmare","floor":25.0,"turns":5.0},{"damage":0.0,"enemies":"Elementarium:RubyGolem","floor":27.0,"turns":2.0},{"damage":9.0,"enemies":"Elementarium:CYCLONE_AND_LIVING_STORMCLOUD","floor":30.0,"turns":4.0},{"damage":10.0,"enemies":"Elementarium:VoidBeast","floor":33.0,"turns":2.0},{"damage":34.0,"enemies":"Elementarium:GoldenDragon","floor":35.0,"turns":6.0},{"damage":25.0,"enemies":"3 Shapes","floor":37.0,"turns":3.0},{"damage":13.0,"enemies":"3 Darklings","floor":38.0,"turns":4.0},{"damage":0.0,"enemies":"Transient","floor":39.0,"turns":6.0},{"damage":19.0,"enemies":"Giant Head","floor":43.0,"turns":6.0},{"damage":1.0,"enemies":"Jaw Worm Horde","floor":46.0,"turns":2.0},{"damage":2.0,"enemies":"Writhing Mass","floor":47.0,"turns":3.0},{"damage":42,"enemies":"Reptomancer","floor":48,"turns":4}],"seed_played":"-7422743059568254694","potions_obtained":[{"floor":3.0,"key":"Weak Potion"},{"floor":8.0,"key":"blueLaboratory:EnragingPotion"},{"floor":16.0,"key":"blueLaboratory:NullPotion"}],"is_trial":false,"path_per_floor":["M","?","M","$","?","R","M","M","T","$","M","?","R","M","R","B",null,"M","?","?","M","M","PTL","PTL","NM","R","M","T","R","M","?","$","M","R","B",null,"M","M","M","AVR","?","R","E","?","T","M","M","E"],"character_chosen":"DEFECT","items_purchased":["Guide Book"],"campfire_rested":3,"item_purchase_floors":[32],"current_hp_per_floor":[66,66,61,61,49,49,48,48,48,48,31,12,35,26,49,33,67,54,54,54,47,24,24,24,15,38,38,38,38,36,36,36,33,56,29,66,41,35,42,42,42,42,33,33,33,35,36,0,0],"gold":276,"neow_bonus":"TEN_PERCENT_HP_BONUS","is_daily":false,"chose_seed":false,"campfire_upgraded":3,"win_rate":0.0,"timestamp":1611577323,"path_taken":["M","?","M","$","?","R","?","M","T","?","M","?","R","M","R","BOSS","M","?","?","M","M","PTL","PTL","NM","R","M","T","R","M","?","$","M","R","BOSS","M","M","M","AVR","?","R","E","?","T","?","M","E"],"items_purchased_type":["Relic"],"build_version":"2020-12-22","purchased_purges":3,"victory":false,"max_hp_per_floor":[78,78,78,78,78,78,78,78,78,78,78,78,78,78,78,78,78,78,78,78,78,78,78,78,78,78,78,78,78,78,78,78,78,78,78,78,78,78,78,78,78,78,81,81,81,84,87,87,87],"card_choices":[{"not_picked":["Rip and Tear","Redo"],"picked":"StSpp:TargetLocked","floor":1.0},{"not_picked":["REME_Compress","ReplayTheSpireMod:GoodbyeWorld"],"picked":"Lockon","floor":3.0},{"not_picked":["StuffTheSpire:NuclearReactor","jedi:BurstLightning"],"picked":"Streamline","floor":7.0},{"not_picked":["Rebound","Coolheaded"],"picked":"Rip and Tear","floor":8.0},{"not_picked":["Leap","Coolheaded"],"picked":"Steam","floor":11.0},{"not_picked":["infinitespire:Gouge","Replay:Fractal Strike"],"picked":"infinitespire:Fortify","floor":12.0},{"not_picked":["Ball Lightning","Cold Snap"],"picked":"Conserve Battery","floor":14.0},{"not_picked":["jedi:darknesscall","ReplayTheSpireMod:Fabricate Wheel"],"picked":"Core Surge","floor":16.0},{"not_picked":["jedi:overflow","aspiration:Polymerization"],"picked":"Beam Cell+1","floor":18.0},{"not_picked":["Hologram","StuffTheSpire:Coldhearted"],"picked":"Genetic Algorithm","floor":21.0},{"not_picked":["Coolheaded","Go for the Eyes"],"picked":"Hologram+1","floor":22.0},{"not_picked":["Darkness","jedi:BurstLightning"],"picked":"StuffTheSpire:GlassShard","floor":25.0},{"not_picked":["StSpp:Channeliser","Rip and Tear"],"picked":"Self Repair","floor":27.0},{"not_picked":["Stack","jedi:BurstLightning"],"picked":"jedi:blockon+1","floor":30.0},{"not_picked":["Dark Shackles","Mind Blast"],"picked":"Panache","floor":31.0},{"not_picked":["Survey Options","Dark Shackles"],"picked":"REME_BattleFury","floor":31.0},{"not_picked":["StuffTheSpire:LoadUp","ReplaySolidLightProjector"],"picked":"Compile Driver+1","floor":33.0},{"not_picked":["StSpp:CopyPaste","jedi:gatheringstorm"],"picked":"jedi:meditation","floor":35.0},{"not_picked":["ReplayGash","StSpp:Pointer+1"],"picked":"jedi:BurstFrost+1","floor":37.0},{"not_picked":["Coolheaded","Stack"],"picked":"Fusion+1","floor":38.0},{"not_picked":["jedi:BurstFrost+1","jedi:sharpshooter"],"picked":"Tempest+1","floor":39.0},{"not_picked":["Loop","Static Discharge","Turbo+1"],"picked":"Singing Bowl","floor":43.0},{"not_picked":["Turbo","Skim","StuffTheSpire:Plugnplay"],"picked":"Singing Bowl","floor":46.0},{"not_picked":["Cold Snap+1","Hologram","Crystallizer+1"],"picked":"Singing Bowl","floor":47.0}],"player_experience":695212,"relics_obtained":[{"floor":9.0,"key":"StuffTheSpire:ColdMirror"},{"floor":25.0,"key":"Bottled Tornado"},{"floor":28.0,"key":"Replay:Baseball"},{"floor":41.0,"key":"Ring of Shattering"},{"floor":43.0,"key":"infinitespire:Broken Mirror"},{"floor":45.0,"key":"Whetstone"}],"event_choices":[{"damage_healed":0.0,"max_hp_gain":0.0,"max_hp_loss":0.0,"gold_gain":0.0,"event_name":"Menagerie:LunarGift","player_choice":"Touch","floor":5.0,"gold_loss":0.0,"damage_taken":12.0,"relics_obtained":["Menagerie:ShiftingBlessing"]},{"damage_healed":0.0,"max_hp_gain":0.0,"max_hp_loss":0.0,"gold_gain":0.0,"event_name":"Elementarium:LostScrolls","player_choice":"Read","floor":19.0,"gold_loss":0.0,"damage_taken":0.0,"cards_obtained":["hubris:PowerSurge"]},{"damage_healed":0.0,"max_hp_gain":0.0,"max_hp_loss":0.0,"gold_gain":0.0,"event_name":"Elementarium:IncubationChamber","player_choice":"Machinery","floor":31.0,"gold_loss":0.0,"damage_taken":0.0}],"is_beta":false,"boss_relics":[{"not_picked":["energizedSpire:CursedPentagram","StuffTheSpire:ModemDavis"],"picked":"Sozu"},{"not_picked":["StSpp:CrystalBall","REME_LowDesire"],"picked":"energizedSpire:UnstableMolecules"}],"items_purged_floors":[4,32,40],"is_endless":false,"potions_floor_spawned":[3,8,16,25,27,33,35,37,38,39,46],"killed_by":"Reptomancer","ascension_level":17}}