{"host":"srk2drlvga69hbot","time":1611574600,"event":{"mods":["BaseMod","Bestiary","Block Reminder","Colored Map","Colored Powertips","Dark Map","DeckTracker","Highlight Path","Minty Spire (QoL Compilation)","Quick Restart","Rare Cards Sparkle","Relic Stats","SuperFastMode","Unceasing Turn Reminder"],"gold_per_floor":[114,125,138,88,102,133,103,103,103],"floor_reached":8,"language":"ZHS","playtime":274,"items_purged":[],"score":61,"play_id":"6b8a8766-89cb-4e16-a446-bf46eb5136c0","local_time":"20210125193640","is_ascension_mode":true,"campfire_choices":[],"circlet_count":0,"master_deck":["Strike_B","Strike_B","Strike_B","Defend_B","Defend_B","Defend_B","Defend_B","Zap","Dualcast","Redo","Redo","Sweeping Beam","Creative AI"],"relics":["Cracked Core","NeowsBlessing","Eternal Feather"],"acts_visited":["Exordium"],"potions_floor_usage":[],"damage_taken":[{"damage":0,"enemies":"Small Slimes","floor":1,"turns":1},{"damage":0,"enemies":"2 Louse","floor":2,"turns":1},{"damage":0,"enemies":"Jaw Worm","floor":3,"turns":1},{"damage":1,"enemies":"Exordium Thugs","floor":5,"turns":3},{"damage":36,"enemies":"Gremlin Nob","floor":6,"turns":5},{"damage":10,"enemies":"Looter","floor":7,"turns":4},{"damage":31,"enemies":"3 Sentries","floor":8,"turns":4}],"seed_played":"8126421671083554759","potions_obtained":[{"floor":5,"key":"EssenceOfSteel"}],"is_trial":false,"path_per_floor":["M","M","M","?","M","E","M","E"],"character_chosen":"DEFECT","items_purchased":[],"campfire_rested":0,"item_purchase_floors":[],"current_hp_per_floor":[75,75,75,75,74,38,28,0,0],"gold":103,"neow_bonus":"THREE_ENEMY_KILL","is_daily":false,"chose_seed":false,"campfire_upgraded":0,"win_rate":0.0,"timestamp":1611574600,"path_taken":["M","M","M","?","M","E","M","E"],"items_purchased_type":[],"build_version":"2020-12-22","purchased_purges":0,"victory":false,"max_hp_per_floor":[75,75,75,75,75,75,75,75,75],"relic_stats":{"counters":[7,19],"Eternal Feather":0,"obtain_stats":[{"NeowsBlessing":0,"Eternal Feather":6,"Cracked Core":0},{"NeowsBlessing":0,"Eternal Feather":5,"Cracked Core":0},{"NeowsBlessing":0,"Eternal Feather":11,"Cracked Core":0}]},"card_choices":[{"not_picked":["Hologram","Turbo"],"picked":"Redo","floor":1},{"not_picked":["Capacitor","Static Discharge"],"picked":"Redo","floor":2},{"not_picked":["Hologram","Coolheaded"],"picked":"Sweeping Beam","floor":3},{"not_picked":["Cold Snap","Blizzard","Ball Lightning"],"picked":"SKIP","floor":5},{"not_picked":["Genetic Algorithm","Blizzard"],"picked":"Creative AI","floor":6},{"not_picked":["Genetic Algorithm","Hologram","Rebound"],"picked":"SKIP","floor":7}],"player_experience":252390,"relics_obtained":[{"floor":6,"key":"Eternal Feather"}],"event_choices":[{"cards_removed":["Strike_B"],"damage_healed":0,"gold_gain":0,"player_choice":"Card Removal","damage_taken":0,"max_hp_gain":0,"max_hp_loss":0,"event_name":"The Cleric","floor":4,"gold_loss":50}],"is_beta":false,"boss_relics":[],"items_purged_floors":[],"is_endless":false,"potions_floor_spawned":[5],"killed_by":"3 Sentries","ascension_level":1}}