{"host":"jpcy2bclvs7juczu","time":1611574806,"event":{"mods":["Alarm Clock","BaseMod","Bestiary","Block Reminder","Colored Map","Colored Powertips","Curses Come First","Dark Map","Minty Spire (QoL Compilation)","Quick Restart","RNG Fix","Relic Stats","Slay the Relics Exporter","SpireBot","StSLib","ojb\u0027s Better Paths Mod","ojb\u0027s Info Mod","slay the spire mod where everything is the same but ironclad has a cowboy hat"],"gold_per_floor":[18,32,46,60,60,60,95,95,122,156,53,87,104,120,120,197,197,216,227,7,7,7,7],"floor_reached":22,"language":"ENG","playtime":2750,"items_purged":["Strike_R","Strike_R"],"score":412,"play_id":"29357362-d8d4-4af5-b80e-1c6e0ad63843","local_time":"20210125064006","is_ascension_mode":true,"campfire_choices":[{"data":"Hemokinesis","floor":6.0,"key":"SMITH"},{"data":"Inflame","floor":8.0,"key":"SMITH"},{"data":"Armaments","floor":15,"key":"SMITH"}],"circlet_count":0,"master_deck":["AscendersBane","Strike_R+1","Strike_R+1","Strike_R+1","Defend_R+1","Defend_R+1","Defend_R+1","Defend_R+1","Bash","Impervious","Anger","Hemokinesis+1","Clothesline","Shrug It Off","Inflame+1","Flame Barrier","Armaments+1","Rupture","Pummel","Carnage"],"relics":["Burning Blood","Whetstone","Toy Ornithopter","Ancient Tea Set","Anchor","Runic Dome"],"acts_visited":["Exordium","TheCity"],"potions_floor_usage":[16,16],"damage_taken":[{"damage":12.0,"enemies":"Cultist","floor":1.0,"turns":5.0},{"damage":0.0,"enemies":"Small Slimes","floor":2.0,"turns":5.0},{"damage":5.0,"enemies":"2 Louse","floor":3.0,"turns":3.0},{"damage":12.0,"enemies":"Blue Slaver","floor":4.0,"turns":4.0},{"damage":9.0,"enemies":"Gremlin Nob","floor":7.0,"turns":3.0},{"damage":14.0,"enemies":"3 Sentries","floor":10.0,"turns":8.0},{"damage":8.0,"enemies":"Gremlin Nob","floor":12.0,"turns":3.0},{"damage":3.0,"enemies":"Looter","floor":13.0,"turns":4.0},{"damage":4.0,"enemies":"Exordium Wildlife","floor":14.0,"turns":5.0},{"damage":19,"enemies":"The Guardian","floor":16,"turns":11},{"damage":15,"enemies":"Chosen","floor":18,"turns":6},{"damage":18,"enemies":"3 Byrds","floor":19,"turns":5},{"damage":51,"enemies":"Shelled Parasite and Fungi","floor":22,"turns":5}],"seed_played":"7258608828174951866","potions_obtained":[{"floor":4.0,"key":"FearPotion"},{"floor":7.0,"key":"Block Potion"},{"floor":12.0,"key":"Fire Potion"},{"floor":14,"key":"Strength Potion"}],"is_trial":false,"path_per_floor":["M","M","M","M","?","R","E","R","T","E","$","E","M","M","R","B",null,"M","M","$","?","M"],"character_chosen":"IRONCLAD","items_purchased":["Armaments","Carnage","DuplicationPotion"],"campfire_rested":0,"item_purchase_floors":[11,20,20],"current_hp_per_floor":[62,68,69,63,40,40,37,37,37,29,29,27,30,32,32,29,64,55,43,43,43,0,0],"gold":7,"neow_bonus":"THREE_RARE_CARDS","is_daily":false,"chose_seed":false,"campfire_upgraded":3,"win_rate":0.0,"timestamp":1611574806,"path_taken":["M","M","M","M","?","R","E","R","T","E","$","E","M","M","R","BOSS","M","M","$","?","M"],"items_purchased_type":["Card","Card","Potion"],"build_version":"2020-12-22","purchased_purges":2,"victory":false,"max_hp_per_floor":[75,75,75,75,75,75,75,75,75,75,75,75,75,75,75,75,75,75,75,75,75,75,75],"relic_stats":{"counters":[13,67],"Whetstone":["Strike_R","Strike_R"],"obtain_stats":[{"Runic Dome":17,"Anchor":12,"Whetstone":7,"Ancient Tea Set":10,"Burning Blood":0,"Toy Ornithopter":9},{"Runic Dome":10,"Anchor":7,"Whetstone":5,"Ancient Tea Set":6,"Burning Blood":0,"Toy Ornithopter":5},{"Runic Dome":51,"Anchor":31,"Whetstone":20,"Ancient Tea Set":28,"Burning Blood":0,"Toy Ornithopter":20}],"Burning Blood":72,"Toy Ornithopter":10},"card_choices":[{"not_picked":["Brutality","Offering"],"picked":"Impervious","floor":0.0},{"not_picked":["Body Slam","Wild Strike"],"picked":"Anger","floor":1.0},{"not_picked":["Clash","Twin Strike"],"picked":"Hemokinesis","floor":2.0},{"not_picked":["Thunderclap","Seeing Red"],"picked":"Clothesline","floor":3.0},{"not_picked":["Headbutt","Cleave"],"picked":"Shrug It Off","floor":4.0},{"not_picked":["Exhume","True Grit"],"picked":"Inflame","floor":7.0},{"not_picked":["Thunderclap","Intimidate"],"picked":"Flame Barrier","floor":10.0},{"not_picked":["Anger","Hemokinesis","Perfected Strike"],"picked":"SKIP","floor":12.0},{"not_picked":["Cleave","Body Slam"],"picked":"Rupture","floor":13.0},{"not_picked":["Wild Strike","Clothesline","Flex"],"picked":"SKIP","floor":14},{"not_picked":["Warcry","Iron Wave","Rampage"],"picked":"SKIP","floor":18},{"not_picked":["Clash","Uppercut"],"picked":"Pummel","floor":19}],"player_experience":1483080,"relics_obtained":[{"floor":7.0,"key":"Whetstone"},{"floor":9.0,"key":"Toy Ornithopter"},{"floor":10.0,"key":"Ancient Tea Set"},{"floor":12.0,"key":"Anchor"}],"event_choices":[{"damage_healed":0.0,"max_hp_gain":0.0,"max_hp_loss":0.0,"gold_gain":0.0,"event_name":"Shining Light","player_choice":"Entered Light","floor":5.0,"gold_loss":0.0,"damage_taken":23.0,"cards_upgraded":["Defend_R","Defend_R"]},{"damage_healed":0,"gold_gain":0,"player_choice":"Simplicity","damage_taken":0,"max_hp_gain":0,"max_hp_loss":0,"event_name":"Back to Basics","floor":21,"gold_loss":0,"cards_upgraded":["Strike_R","Defend_R","Defend_R"]}],"is_beta":false,"boss_relics":[{"not_picked":["Mark of Pain","Busted Crown"],"picked":"Runic Dome"}],"items_purged_floors":[11,20],"is_endless":false,"potions_floor_spawned":[4,7,12,14],"killed_by":"Shelled Parasite and Fungi","ascension_level":20}}