{"host":"p62uqwu04pp7leh9","time":1611551947,"event":{"mods":["BaseMod","Block Reminder","Colored Map","Colored Powertips","Minty Spire (QoL Compilation)","Relic Stats"],"gold_per_floor":[110,110,110,127,16,43,59,90,140,140,159,159,159,179,179,279,329,341,17,31,31,43,43,68,81,81,81,81,81,107,121,121,226,226,240,251,126,126,137,39,71,71,71],"floor_reached":42,"language":"ENG","playtime":3709,"items_purged":["Defend_R","Strike_R","Defend_R"],"score":549,"play_id":"0bc12a5c-06c3-4fe5-8a77-41d89c157989","local_time":"20210124231907","is_ascension_mode":true,"campfire_choices":[{"data":"Dual Wield","floor":10,"key":"SMITH"},{"data":"Rage","floor":13,"key":"SMITH"},{"floor":15,"key":"REST"},{"data":"Body Slam","floor":23,"key":"SMITH"},{"data":"RitualDagger","floor":32,"key":"SMITH"}],"circlet_count":0,"master_deck":["Bash+1","Rage+1","Thunderclap","Metallicize","Dual Wield+1","Metallicize","Double Tap","Iron Wave","Offering","Metallicize","Shrug It Off+1","True Grit","Body Slam+1","Intimidate+1","Bite","Bite","Bite","Bite","Bite","RitualDagger+1","Limit Break","Dual Wield+1","Dark Shackles","Bloodletting"],"relics":["Sozu","Shuriken","Toy Ornithopter","Bag of Preparation","Tiny House","TheAbacus","Torii","Bird Faced Urn","Pen Nib","Runic Pyramid","Smiling Mask"],"acts_visited":["Exordium","TheCity","TheBeyond"],"potions_floor_usage":[],"damage_taken":[{"damage":7,"enemies":"Jaw Worm","floor":1,"turns":3},{"damage":2,"enemies":"2 Louse","floor":4,"turns":2},{"damage":20,"enemies":"3 Sentries","floor":6,"turns":7},{"damage":3,"enemies":"Cultist","floor":7,"turns":3},{"damage":20,"enemies":"Lagavulin","floor":8,"turns":8},{"damage":11,"enemies":"Exordium Wildlife","floor":11,"turns":5},{"damage":3,"enemies":"3 Louse","floor":14,"turns":2},{"damage":24,"enemies":"Slime Boss","floor":16,"turns":8},{"damage":6,"enemies":"Chosen","floor":18,"turns":5},{"damage":23,"enemies":"3 Byrds","floor":20,"turns":6},{"damage":1,"enemies":"Centurion and Healer","floor":22,"turns":9},{"damage":17,"enemies":"Book of Stabbing","floor":24,"turns":5},{"damage":27,"enemies":"Snecko","floor":25,"turns":6},{"damage":25,"enemies":"Gremlin Leader","floor":30,"turns":9},{"damage":6,"enemies":"Chosen and Byrds","floor":31,"turns":6},{"damage":79,"enemies":"Champ","floor":33,"turns":14},{"damage":30,"enemies":"3 Darklings","floor":35,"turns":6},{"damage":40,"enemies":"3 Shapes","floor":36,"turns":6},{"damage":34,"enemies":"Transient","floor":39,"turns":5},{"damage":18,"enemies":"Reptomancer","floor":41,"turns":8},{"damage":61,"enemies":"Sphere and 2 Shapes","floor":42,"turns":3}],"seed_played":"9136304129048300853","potions_obtained":[],"is_trial":false,"path_per_floor":["M","?","?","M","$","E","M","E","T","R","M","?","R","M","R","B",null,"M","$","M","$","M","R","E","M","T","?","?","?","E","M","R","B",null,"M","M","$","?","M","$","E","M"],"character_chosen":"IRONCLAD","items_purchased":["Metallicize","TheAbacus","True Grit","Body Slam","Dark Shackles"],"campfire_rested":1,"item_purchase_floors":[5,19,19,19,40],"current_hp_per_floor":[73,66,66,64,64,44,41,21,21,21,10,10,10,7,31,7,85,79,79,56,56,55,55,38,11,11,39,39,33,50,59,59,11,59,53,31,31,31,17,17,35,0,0],"gold":71,"neow_bonus":"BOSS_RELIC","is_daily":false,"chose_seed":false,"campfire_upgraded":4,"win_rate":0.0,"timestamp":1611551947,"path_taken":["M","?","?","M","$","E","M","E","T","R","M","?","R","M","R","BOSS","M","?","M","$","M","R","E","M","T","?","?","?","E","?","R","BOSS","M","M","$","?","M","?","E","M"],"items_purchased_type":["Card","Relic","Card","Card","Card"],"build_version":"2020-12-22","purchased_purges":3,"victory":false,"max_hp_per_floor":[80,80,80,80,80,80,80,80,80,80,80,80,80,80,80,80,85,85,85,85,85,85,85,85,85,85,85,59,59,59,59,59,59,59,59,59,59,59,59,59,59,59,59],"relic_stats":{"Sozu":9,"TheAbacus":[126],"Torii":11,"counters":[21,126],"Shuriken":[62],"Bird Faced Urn":[51],"Pen Nib":[12],"Bag of Preparation":[32],"Smiling Mask":0,"obtain_stats":[{"Sozu":0,"Tiny House":17,"TheAbacus":19,"Torii":24,"Shuriken":6,"Bird Faced Urn":26,"Pen Nib":30,"Bag of Preparation":9,"Smiling Mask":41,"Burning Blood":0,"Toy Ornithopter":8,"Runic Pyramid":34},{"Sozu":0,"Tiny House":8,"TheAbacus":9,"Torii":12,"Shuriken":3,"Bird Faced Urn":13,"Pen Nib":14,"Bag of Preparation":5,"Smiling Mask":20,"Burning Blood":0,"Toy Ornithopter":5,"Runic Pyramid":16},{"Sozu":0,"Tiny House":38,"TheAbacus":43,"Torii":63,"Shuriken":12,"Bird Faced Urn":69,"Pen Nib":78,"Bag of Preparation":23,"Smiling Mask":123,"Burning Blood":0,"Toy Ornithopter":23,"Runic Pyramid":98}],"Toy Ornithopter":0},"card_choices":[{"not_picked":["Body Slam","Warcry"],"picked":"Rage","floor":1},{"not_picked":["Sever Soul","Disarm"],"picked":"Thunderclap","floor":4},{"not_picked":["Twin Strike","Rampage"],"picked":"Dual Wield","floor":6},{"not_picked":["Thunderclap","Searing Blow","Wild Strike"],"picked":"SKIP","floor":7},{"not_picked":["True Grit","Perfected Strike"],"picked":"Metallicize","floor":8},{"not_picked":["Heavy Blade","Warcry"],"picked":"Double Tap","floor":11},{"not_picked":["Dark Embrace","Warcry"],"picked":"Iron Wave","floor":14},{"not_picked":["Bludgeon","Berserk"],"picked":"Offering","floor":16},{"not_picked":["Sword Boomerang","Clash"],"picked":"Metallicize","floor":17},{"not_picked":["Pommel Strike","Flex"],"picked":"Shrug It Off+1","floor":18},{"not_picked":["Shrug It Off","Rupture","Flex+1"],"picked":"SKIP","floor":20},{"not_picked":["Heavy Blade","Cleave"],"picked":"Intimidate+1","floor":22},{"not_picked":["Whirlwind","Wild Strike","Cleave"],"picked":"SKIP","floor":24},{"not_picked":["Thunderclap","Wild Strike","Flex+1"],"picked":"SKIP","floor":25},{"not_picked":["Sentinel","Twin Strike+1"],"picked":"Limit Break","floor":30},{"not_picked":["Iron Wave","Flame Barrier","Evolve"],"picked":"SKIP","floor":31},{"not_picked":["Iron Wave","Armaments","Pommel Strike"],"picked":"SKIP","floor":35},{"not_picked":["Sword Boomerang+1","Clothesline+1","Shrug It Off+1"],"picked":"SKIP","floor":36},{"not_picked":["Headbutt","Pommel Strike+1","Intimidate+1"],"picked":"SKIP","floor":39},{"not_picked":["Sword Boomerang","Iron Wave"],"picked":"Bloodletting","floor":41}],"player_experience":308087,"relics_obtained":[{"floor":6,"key":"Shuriken"},{"floor":8,"key":"Toy Ornithopter"},{"floor":9,"key":"Bag of Preparation"},{"floor":24,"key":"Torii"},{"floor":26,"key":"Bird Faced Urn"},{"floor":30,"key":"Pen Nib"},{"floor":41,"key":"Smiling Mask"}],"event_choices":[{"cards_removed":["Defend_R"],"damage_healed":0,"gold_gain":0,"player_choice":"Card Removal","damage_taken":7,"max_hp_gain":0,"max_hp_loss":0,"event_name":"Golden Wing","floor":2,"gold_loss":0},{"cards_removed":["Defend_R"],"damage_healed":0,"gold_gain":0,"player_choice":"Forget","damage_taken":0,"max_hp_gain":0,"max_hp_loss":0,"event_name":"Living Wall","floor":3,"gold_loss":0},{"cards_removed":["Strike_R"],"damage_healed":0,"gold_gain":0,"player_choice":"Purged","damage_taken":0,"max_hp_gain":0,"max_hp_loss":0,"event_name":"Purifier","floor":12,"gold_loss":0},{"damage_healed":28,"gold_gain":0,"player_choice":"Heal","damage_taken":0,"max_hp_gain":0,"max_hp_loss":0,"event_name":"The Library","floor":27,"gold_loss":0},{"damage_healed":0,"gold_gain":0,"player_choice":"Became a vampire","damage_taken":0,"max_hp_gain":0,"max_hp_loss":26,"event_name":"Vampires","floor":28,"gold_loss":0,"cards_obtained":["Bite","Bite","Bite","Bite","Bite"]},{"damage_healed":0,"gold_gain":0,"player_choice":"Joined the Cult","damage_taken":6,"max_hp_gain":0,"max_hp_loss":0,"event_name":"Nest","floor":29,"gold_loss":0,"cards_obtained":["RitualDagger"]},{"damage_healed":0,"gold_gain":0,"player_choice":"Copied","damage_taken":0,"max_hp_gain":0,"max_hp_loss":0,"event_name":"Duplicator","floor":38,"gold_loss":0,"cards_obtained":["Dual Wield"]}],"is_beta":false,"boss_relics":[{"not_picked":["Fusion Hammer","Runic Dome"],"picked":"Tiny House"},{"not_picked":["Velvet Choker","Runic Cube"],"picked":"Runic Pyramid"}],"items_purged_floors":[5,19,37],"is_endless":false,"potions_floor_spawned":[1,6,8,11,18,22,33,36],"killed_by":"Sphere and 2 Shapes","ascension_level":2}}