{"host":"18wi9kpcl4eah7pe","time":1611555712,"event":{"mods":["BaseMod","Colored Powertips","Downfall","Minty Spire (QoL Compilation)","StSLib"],"gold_per_floor":[99,99,109,121,121,396,396,306,323,357,372,385,185,170,187,187,187,187],"floor_reached":16,"language":"ENG","playtime":697,"items_purged":["Regret"],"score":102,"play_id":"f80c360c-b62d-4ef2-95e4-65e08e48d698","local_time":"20210125002152","is_ascension_mode":false,"campfire_choices":[{"floor":1,"key":"RECALL"}],"circlet_count":0,"master_deck":["sneckomod:Strike","sneckomod:Strike","sneckomod:Defend","sneckomod:Defend","sneckomod:Defend","sneckomod:TailWhip","sneckomod:SnekBite","sneckomod:Unknown","sneckomod:Unknown","sneckomod:Unknown1Cost","sneckomod:UnknownCommonAttack+1","sneckomod:UnknownBlock+1","sneckomod:UnknownExhaust+1","sneckomod:PureSnecko+1","sneckomod:UnknownBlock+1","Guardian:ChargeUp+1","sneckomod:UnknownColorless+1","sneckomod:UnendingSupply"],"relics":["sneckomod:SneckoSoul","Bronze Scales","Toxic Egg 2","Bag of Preparation","downfall:HeartBlessingRed","downfall:HeartBlessingGreen"],"acts_visited":["Exordium"],"potions_floor_usage":[10,10],"damage_taken":[{"damage":0,"enemies":"2 Louse","floor":3,"turns":5},{"damage":0,"enemies":"Cultist","floor":4,"turns":3},{"damage":6,"enemies":"downfall:FleeingMerchant","floor":8,"turns":4},{"damage":8,"enemies":"Jaw Worm","floor":9,"turns":3},{"damage":8,"enemies":"Gremlin Nob","floor":10,"turns":3},{"damage":6,"enemies":"Blue Slaver","floor":11,"turns":3},{"damage":4,"enemies":"Exordium Thugs","floor":12,"turns":6},{"damage":0,"enemies":"downfall:FleeingMerchant","floor":14,"turns":4},{"damage":22,"enemies":"Red Slaver","floor":15,"turns":3},{"damage":46,"enemies":"SI_SHIV_ARCHETYPE","floor":16,"turns":7}],"seed_played":"51880947494332620","potions_obtained":[{"floor":3,"key":"Guardian:BlockOnCardUsePotion"},{"floor":9,"key":"Strength Potion"}],"is_trial":false,"path_per_floor":["R","?","M","M","?","?","T","$","M","E","M","M","R","$","M","B"],"character_chosen":"THE_SNECKO","items_purchased":[],"campfire_rested":0,"item_purchase_floors":[],"current_hp_per_floor":[90,90,90,90,90,90,90,84,76,68,62,58,58,58,36,0,0,0],"gold":187,"neow_bonus":"RANDOM_COMMON_RELIC","is_daily":false,"chose_seed":false,"campfire_upgraded":0,"win_rate":0.0,"timestamp":1611555712,"path_taken":["R","?","M","?","?","?","T","$","?","E","M","M","R","$","M","BOSS"],"items_purchased_type":[],"build_version":"2020-12-22","purchased_purges":1,"victory":false,"max_hp_per_floor":[90,90,90,90,90,90,90,90,90,90,90,90,90,90,90,90,90,90],"card_choices":[{"not_picked":["sneckomod:MasterEye","sneckomod:QuickMove"],"picked":"sneckomod:Unknown1Cost","floor":3},{"not_picked":["sneckomod:WideSting","sneckomod:Nope"],"picked":"sneckomod:UnknownCommonAttack","floor":4},{"not_picked":["sneckomod:TrashToTreasure+1","sneckomod:Cheat+1"],"picked":"sneckomod:UnknownBlock+1","floor":8},{"not_picked":["sneckomod:ImprovisedGuard+1","sneckomod:UnknownCommonSkill+1"],"picked":"sneckomod:UnknownExhaust+1","floor":9},{"not_picked":["sneckomod:Cheat+1","sneckomod:CheapStock"],"picked":"sneckomod:PureSnecko+1","floor":10},{"not_picked":["sneckomod:SoulRoll+1","sneckomod:CheapStock"],"picked":"sneckomod:UnknownStrength+1","floor":11},{"not_picked":["sneckomod:Unknown1Cost+1","sneckomod:DiceCrush"],"picked":"sneckomod:UnknownBlock+1","floor":12},{"not_picked":["sneckomod:Unknown1Cost+1","sneckomod:DiceBlock+1"],"picked":"sneckomod:UnknownColorless+1","floor":14},{"not_picked":["sneckomod:DiceBlock+1","sneckomod:UnknownCommonAttack"],"picked":"sneckomod:UnendingSupply","floor":15}],"player_experience":958156,"relics_obtained":[{"floor":7,"key":"Toxic Egg 2"},{"floor":10,"key":"Bag of Preparation"}],"event_choices":[{"damage_healed":0,"gold_gain":0,"player_choice":"Grow","damage_taken":0,"max_hp_gain":0,"max_hp_loss":0,"event_name":"Living Wall","floor":5,"gold_loss":0,"cards_upgraded":["sneckomod:UnknownCommonAttack"]}],"is_beta":false,"boss_relics":[],"items_purged_floors":[8],"is_endless":false,"potions_floor_spawned":[3,9],"killed_by":"SI_SHIV_ARCHETYPE","ascension_level":0}}