{"host":"3j2m8n0ywf988fwb","time":1611558997,"event":{"mods":["2.2 Compatiblity","AchievementEnabler","Act Like it!","Aspiration","Astrologer","BaseMod","Beaked The Cultist","Better Altar","Better Match","Better Note","Better Sensory Stone","Better Skull","Better Third Choice","CCEM","ChefMod","Colored Map","Colored Powertips","Conspire","Dark Map","Energized Spire","Evolution","Fireblade Mod","GifTheSpireLib","Googly Eyes","Halation","Hallownest","Highlight Path","Hubris","Infinite Spire","Jedi Mod","Marisa????????","Marked Mod","Mimic Mod","Minty Spire (QoL Compilation)","Random Character Button","Relic Stats","Reliquary","Replay The Spire","Robot Space Explorer","Shop Mod","Somnambulant","Spire Arcade","StSLib","Stuff the Spire","The Bug Knight","The Hierophant","The Marked","The Runesmith","TheFirefly","Unceasing Turn Reminder","everything is the same but u backflip on backflip"],"gold_per_floor":[110,129,144,157,157,157,173,191,191,191,207,207,238,68,68,165,165,175,175,175],"floor_reached":19,"language":"ENG","playtime":1354,"items_purged":[],"score":271,"play_id":"599bc6d3-d521-4059-8683-825741c2bc5d","local_time":"20210125011637","is_ascension_mode":false,"campfire_choices":[{"floor":6,"key":"REST"},{"floor":10,"key":"REST"},{"floor":12,"key":"REST"},{"floor":15,"key":"REST"}],"circlet_count":0,"master_deck":["somnambulantmod: TrepanningBlow","somnambulantmod: TrepanningBlow","somnambulantmod: TrepanningBlow","somnambulantmod: SomnambulantStrike+1","somnambulantmod: SomnambulantStrike","somnambulantmod: Defend_Somnambulant","somnambulantmod: Defend_Somnambulant","somnambulantmod: Defend_Somnambulant","somnambulantmod: Defend_Somnambulant","somnambulantmod: Defend_Somnambulant","somnambulantmod: QuickNap+1","somnambulantmod: PrimingPunch","somnambulantmod: Blink+1","somnambulantmod: Stimulus","somnambulantmod: Withdraw","somnambulantmod: HeavyLids+1","somnambulantmod: LightSleeper","somnambulantmod: DeeperSleep","somnambulantmod: Blink","Mayhem","somnambulantmod: LoseForm"],"relics":["somnambulantmod: DreamJournal","EVO:Axolotl","aspiration:DSix","Sundial","halation:Prosthetics"],"acts_visited":["Exordium","TheCity"],"potions_floor_usage":[16,19],"damage_taken":[{"damage":8,"enemies":"Cultist","floor":1,"turns":5},{"damage":7,"enemies":"Jaw Worm","floor":2,"turns":5},{"damage":7,"enemies":"Small Slimes","floor":3,"turns":4},{"damage":3,"enemies":"Red Slaver","floor":4,"turns":4},{"damage":3,"enemies":"Gremlin Gang","floor":7,"turns":7},{"damage":0,"enemies":"Looter","floor":8,"turns":4},{"damage":27,"enemies":"Red Slaver","floor":11,"turns":5},{"damage":23,"enemies":"HollowMod:MossKnight","floor":13,"turns":10},{"damage":31,"enemies":"The Guardian","floor":16,"turns":10},{"damage":12,"enemies":"Spheric Guardian","floor":18,"turns":4},{"damage":34,"enemies":"3 Byrds","floor":19,"turns":4}],"seed_played":"-5028819838555605397","potions_obtained":[{"floor":4,"key":"SteroidPotion"},{"floor":8,"key":"Dexterity Potion"},{"floor":11,"key":"Energy Potion"},{"floor":13,"key":"DuplicationPotion"},{"floor":16,"key":"Fire Potion"}],"is_trial":false,"path_per_floor":["M","M","M","M","?","R","M","M","T","R","M","R","E","$","R","B",null,"M","M"],"character_chosen":"THE_SOMNAMBULANT","items_purchased":["Mayhem"],"campfire_rested":4,"item_purchase_floors":[14],"current_hp_per_floor":[62,55,48,45,45,68,65,65,65,74,47,71,48,48,72,41,43,31,0,0],"gold":175,"neow_bonus":"DSIX","is_daily":false,"chose_seed":false,"campfire_upgraded":0,"win_rate":0.0,"timestamp":1611558997,"path_taken":["M","M","M","?","?","R","M","M","T","R","M","R","E","?","R","BOSS","M","M"],"items_purchased_type":["Card"],"build_version":"2020-12-22","purchased_purges":0,"victory":false,"max_hp_per_floor":[70,70,70,70,70,72,72,72,72,74,74,76,76,76,78,78,43,43,43,43],"relic_stats":{"counters":[11,62],"Sundial":[4],"obtain_stats":[{"Sundial":13,"somnambulantmod: DreamJournal":0,"EVO:Axolotl":0,"halation:Prosthetics":17,"aspiration:DSix":0},{"Sundial":8,"somnambulantmod: DreamJournal":0,"EVO:Axolotl":0,"halation:Prosthetics":9,"aspiration:DSix":0},{"Sundial":44,"somnambulantmod: DreamJournal":0,"EVO:Axolotl":0,"halation:Prosthetics":54,"aspiration:DSix":0}]},"card_choices":[{"not_picked":["somnambulantmod: Unknow","somnambulantmod: BadIdea"],"picked":"somnambulantmod: Blink","floor":1},{"not_picked":["somnambulantmod: Relive","somnambulantmod: MindWave"],"picked":"somnambulantmod: Stimulus","floor":2},{"not_picked":["somnambulantmod: Harden","somnambulantmod: ViralIdea"],"picked":"somnambulantmod: Withdraw","floor":3},{"not_picked":["somnambulantmod: Wake","somnambulantmod: Unknow"],"picked":"somnambulantmod: HeavyLids","floor":4},{"not_picked":["somnambulantmod: Pinch","somnambulantmod: BadIdea"],"picked":"somnambulantmod: LightSleeper","floor":7},{"not_picked":["somnambulantmod: Remember","somnambulantmod: Bloom"],"picked":"somnambulantmod: DeeperSleep","floor":8},{"not_picked":["somnambulantmod: OpeningUp","somnambulantmod: LeechFears","somnambulantmod: Nosebleed"],"picked":"SKIP","floor":11},{"not_picked":["somnambulantmod: RecurringDream","somnambulantmod: Trauma"],"picked":"somnambulantmod: Blink","floor":13},{"not_picked":["somnambulantmod: RuthlessStudy","somnambulantmod: Damping"],"picked":"somnambulantmod: LoseForm","floor":16},{"not_picked":["somnambulantmod: Bruise+1","somnambulantmod: LayeredDefense","somnambulantmod: PillowFort"],"picked":"SKIP","floor":18},{"not_picked":["somnambulantmod: Bruise+1","somnambulantmod: LayeredDefense","somnambulantmod: PillowFort"],"picked":"SKIP","floor":18},{"not_picked":["somnambulantmod: Bruise+1","somnambulantmod: LayeredDefense","somnambulantmod: PillowFort"],"picked":"SKIP","floor":18}],"player_experience":1090210,"relics_obtained":[{"floor":13,"key":"Sundial"}],"event_choices":[],"is_beta":false,"boss_relics":[{"not_picked":["halation:SmartPhone","energizedSpire:OgreHead"],"picked":"halation:Prosthetics"}],"items_purged_floors":[],"is_endless":false,"potions_floor_spawned":[4,8,11,13,16,18],"killed_by":"3 Byrds","ascension_level":0}}