{"host":"1tl36azeqm6yhdgj","time":1611586228,"event":{"mods":["AchievementEnabler","BaseMod","Minty Spire (QoL Compilation)","StSLib","The IronCluck","everything is the same but u backflip on backflip"],"gold_per_floor":[117,127,141,210,227,227,252,268,268,286,286,286],"floor_reached":11,"language":"ENG","playtime":354,"items_purged":[],"score":154,"play_id":"8994d7f8-8ead-4aac-9d7d-ca5aa6e58edb","local_time":"20210125095028","is_ascension_mode":true,"campfire_choices":[{"data":"Cleave","floor":6.0,"key":"SMITH"}],"circlet_count":0,"master_deck":["AscendersBane","Strike_R","Strike_R","Strike_R","Strike_R+1","Strike_R","Defend_R","Defend_R","Defend_R","Defend_R","Bash","Anger+1","Feel No Pain","Heavy Blade","Cleave+1","Limit Break","Shrug It Off","Anger"],"relics":["Burning Blood","NeowsBlessing","Whetstone","Omamori"],"acts_visited":["Exordium"],"potions_floor_usage":[11],"damage_taken":[{"damage":0.0,"enemies":"Jaw Worm","floor":1.0,"turns":1.0},{"damage":0.0,"enemies":"Small Slimes","floor":2.0,"turns":1.0},{"damage":0.0,"enemies":"Cultist","floor":3.0,"turns":1.0},{"damage":12.0,"enemies":"Looter","floor":5.0,"turns":3.0},{"damage":47.0,"enemies":"Lagavulin","floor":7.0,"turns":7.0},{"damage":15.0,"enemies":"Large Slime","floor":8.0,"turns":7.0},{"damage":13.0,"enemies":"3 Louse","floor":10.0,"turns":4.0},{"damage":12,"enemies":"3 Sentries","floor":11,"turns":8}],"seed_played":"8472300222049852620","potions_obtained":[{"floor":1.0,"key":"ColorlessPotion"},{"floor":5.0,"key":"Explosive Potion"},{"floor":8.0,"key":"SpeedPotion"}],"is_trial":false,"path_per_floor":["M","M","M","?","M","R","E","M","T","M","E"],"character_chosen":"IRONCLAD","items_purchased":[],"campfire_rested":0,"item_purchase_floors":[],"current_hp_per_floor":[74,75,75,75,69,69,28,19,19,12,0,0],"gold":286,"neow_bonus":"THREE_ENEMY_KILL","is_daily":false,"chose_seed":false,"campfire_upgraded":1,"win_rate":0.0,"timestamp":1611586228,"path_taken":["M","M","M","?","M","R","E","M","T","M","E"],"items_purchased_type":[],"build_version":"2020-12-22","purchased_purges":0,"victory":false,"max_hp_per_floor":[75,75,75,75,75,75,75,75,75,75,75,75],"card_choices":[{"not_picked":["Intimidate","Reckless Charge"],"picked":"Anger","floor":1.0},{"not_picked":["Iron Wave","True Grit"],"picked":"Feel No Pain","floor":2.0},{"not_picked":["Second Wind","Clash"],"picked":"Heavy Blade","floor":3.0},{"not_picked":["Rage","Wild Strike"],"picked":"Cleave","floor":5.0},{"not_picked":["Shockwave","Clash"],"picked":"Limit Break","floor":7.0},{"not_picked":["Reckless Charge","Whirlwind"],"picked":"Shrug It Off","floor":8.0},{"not_picked":["Entrench","Heavy Blade"],"picked":"Anger","floor":10}],"player_experience":2042437,"relics_obtained":[{"floor":7.0,"key":"Whetstone"},{"floor":9.0,"key":"Omamori"}],"event_choices":[{"damage_healed":0.0,"max_hp_gain":0.0,"max_hp_loss":0.0,"gold_gain":69.0,"event_name":"Golden Wing","player_choice":"Gained Gold","floor":4.0,"gold_loss":0.0,"damage_taken":0.0}],"is_beta":false,"boss_relics":[],"items_purged_floors":[],"is_endless":false,"potions_floor_spawned":[1,5,8],"killed_by":"3 Sentries","ascension_level":20}}