{"host":"8s7r99mpv862ws6o","time":1611582160,"event":{"mods":["AchievementEnabler","Act Like it!","BaseMod","Gensokyo","GifTheSpireLib","Minty Spire (QoL Compilation)","Quick Restart","StSLib","Youmu£®ªÍ∆«—˝√Œ£©","Yuyuko"],"gold_per_floor":[109,144,158,158,172,172,206,206,206,223,223,235,260,986,986,1081,1081,1093,1093,450,450,468,495,495,534,534,534,534,73,173,182,182,277,277,295,309,363,363,373,398,472,502,502,536,545,203,203,218,218,218,218,218,68,99,99],"floor_reached":56,"language":"ZHS","playtime":4573,"items_purged":["Defend_YM","Strike_YM","Strike_YM","TurningAngelCut"],"score":1562,"play_id":"128f2266-026a-49d7-be9b-188abb92fe99","local_time":"20210125214240","is_ascension_mode":true,"campfire_choices":[{"data":"TwoHundredYojanaInOneSlash","floor":6.0,"key":"SMITH"},{"data":"VoidnessSword","floor":8.0,"key":"SMITH"},{"floor":11.0,"key":"REST"},{"data":"HiganSword","floor":15.0,"key":"SMITH"},{"data":"TenKingsRetributionOnThePreta","floor":24.0,"key":"SMITH"},{"floor":27.0,"key":"RECALL"},{"data":"WickedSoul","floor":32.0,"key":"SMITH"},{"data":"WheelOfPainOfLivingAndDead","floor":47,"key":"SMITH"},{"data":"SlashOfPresentWorld","floor":49,"key":"SMITH"},{"data":"Strike_YM","floor":52,"key":"SMITH"}],"circlet_count":0,"master_deck":["Strike_YM+1","Strike_YM+1","SlashOfPresentWorld+1","WheelOfPainOfLivingAndDead+1","HeartExcerptSlash+1","TwoHundredYojanaInOneSlash+1","SwordExtraction","FourBirthsSword","VoidnessSword+1","HiganSword+1","WickedSoul+1","FiveSignsOfTheDyingDeva+1","HellFireSword+1","TenKingsRetributionOnThePreta+1","HiganSword+1","SwordExtraction+1","HumanGodSword+1","BloodOfAsura+1","Gensokyo:LifeSpringInfinity+1","TenKingsRetributionOnThePreta+1"],"relics":["HalfPhantom","Bottled Flame","Mango","Nunchaku","Sundial","ChestCloth","Juzu Bracelet","HandDrill","HornCleat","Philosopher\u0027s Stone","Gensokyo:MosesMiracle","Frozen Egg 2","ClockworkSouvenir","Tiny Chest","CeramicFish","Toxic Egg 2","White Beast Statue","Gensokyo:ChorusOfJoy","Blood Vial","Pen Nib","Lizard Tail","Torii","SlaversCollar","Whetstone","Eternal Feather","Gremlin Horn","Toy Ornithopter","Mango","DollysMirror","Sling","Akabeko","Oddly Smooth Stone"],"acts_visited":["Exordium","Gensokyo:Gensokyo","Gensokyo:Gensokyoer","TheEnding"],"potions_floor_usage":[],"damage_taken":[{"damage":0.0,"enemies":"Gensokyo:Python","floor":1.0,"turns":3.0},{"damage":38.0,"enemies":"Gensokyo:Mamizou","floor":2.0,"turns":11.0},{"damage":1.0,"enemies":"Gensokyo:2_Kodama","floor":3.0,"turns":3.0},{"damage":4.0,"enemies":"Gensokyo:3_Fairies","floor":5.0,"turns":3.0},{"damage":6.0,"enemies":"Gensokyo:Mamizou","floor":7.0,"turns":7.0},{"damage":14.0,"enemies":"Gensokyo:3_Kodama","floor":10.0,"turns":4.0},{"damage":2.0,"enemies":"Gensokyo:2_Rabbits","floor":12.0,"turns":3.0},{"damage":0.0,"enemies":"Gensokyo:Aya","floor":13.0,"turns":6.0},{"damage":23.0,"enemies":"Gensokyo:Yukari","floor":16.0,"turns":8.0},{"damage":9.0,"enemies":"Gensokyo:3_Dogs","floor":18.0,"turns":4.0},{"damage":0.0,"enemies":"Gensokyo:CosmicMonolith","floor":22.0,"turns":3.0},{"damage":13.0,"enemies":"Gensokyo:Tenshi","floor":23.0,"turns":2.0},{"damage":0.0,"enemies":"Gensokyo:Koishi","floor":25.0,"turns":3.0},{"damage":0.0,"enemies":"Gensokyo:Koishi","floor":30.0,"turns":4.0},{"damage":9.0,"enemies":"Gensokyo:Eiki","floor":33.0,"turns":4.0},{"damage":0.0,"enemies":"Gensokyo:AncientGuardian","floor":35.0,"turns":3.0},{"damage":12.0,"enemies":"Gensokyo:3_Bats","floor":36.0,"turns":3.0},{"damage":4.0,"enemies":"Gensokyo:Sharpion","floor":39.0,"turns":3.0},{"damage":6.0,"enemies":"Gensokyo:Marisa","floor":40.0,"turns":3.0},{"damage":0.0,"enemies":"Gensokyo:Kasen","floor":42.0,"turns":3.0},{"damage":0,"enemies":"Gensokyo:Marisa","floor":44,"turns":3},{"damage":1,"enemies":"Gensokyo:Marisa","floor":45,"turns":5},{"damage":3,"enemies":"Gensokyo:SeedOfUnknown","floor":48,"turns":3},{"damage":6,"enemies":"Gensokyo:Yuyuko","floor":50,"turns":3},{"damage":4,"enemies":"Shield and Spear","floor":54,"turns":2},{"damage":10,"enemies":"The Heart","floor":55,"turns":5}],"seed_played":"7540455742150722480","potions_obtained":[{"floor":3.0,"key":"Weak Potion"},{"floor":5.0,"key":"Energy Potion"},{"floor":10.0,"key":"SneckoOil"},{"floor":13.0,"key":"PowerPotion"},{"floor":22.0,"key":"PhantomPosion"},{"floor":23.0,"key":"SteroidPotion"},{"floor":40.0,"key":"Block Potion"}],"is_trial":false,"path_per_floor":["M","?","M","?","M","R","E","R","T","M","R","M","E","$","R","B",null,"M","?","$","?","M","E","R","E","T","R","?","$","?","?","R","B",null,"M","M","T","?","M","E","T","E","T","E","?","COS","R","M","R","B",null,"R","$","E","B",null],"character_chosen":"YOUMU","items_purchased":["Juzu Bracelet","HandDrill","HornCleat","HiganSword","Frozen Egg 2","HellFireSword+1","TenKingsRetributionOnThePreta","ClockworkSouvenir","HumanGodSword+1","Blood Vial","Pen Nib"],"campfire_rested":1,"item_purchase_floors":[14,14,14,14,20,20,20,20,29,29,29],"current_hp_per_floor":[75,37,36,29,25,25,19,19,19,5,31,29,29,29,29,6,89,80,80,80,80,80,67,67,67,67,67,67,67,69,69,69,62,82,82,70,70,70,68,64,64,66,66,82,82,82,94,93,96,96,96,96,96,92,84],"gold":99,"neow_bonus":"REMOVE_CARD","is_daily":false,"chose_seed":true,"campfire_upgraded":8,"win_rate":0.0,"timestamp":1611582160,"path_taken":["M","?","?","?","?","R","E","R","T","M","R","M","E","?","R","BOSS","M","?","?","?","M","E","R","E","T","R","?","$","?","?","R","BOSS","M","M","?","?","M","E","?","E","T","E","?","COS","R","M","R","BOSS","R","$","E","BOSS"],"items_purchased_type":["Relic","Relic","Relic","Card","Relic","Card","Card","Relic","Card","Relic","Relic"],"build_version":"2020-12-22","purchased_purges":4,"victory":true,"max_hp_per_floor":[75,75,75,89,89,89,89,89,89,89,89,89,89,89,89,89,89,89,89,89,82,82,82,82,82,82,82,82,82,82,82,82,82,82,82,82,82,82,82,82,82,82,82,96,96,96,96,96,96,96,96,96,96,96,96],"card_choices":[{"not_picked":["LowerRealmReflectionSlash","EchoesOfTheInclemencyOfAllBeings"],"picked":"HeartExcerptSlash","floor":1.0},{"not_picked":["BloodOfAsura","CrescentMoonSlash"],"picked":"TwoHundredYojanaInOneSlash","floor":2.0},{"not_picked":["DoubleWheelOfPain","SpiritCuttingSword"],"picked":"SwordExtraction","floor":3.0},{"not_picked":["SwordOfBindingDesires","DispleasureOfTheSevenHakus"],"picked":"FourBirthsSword","floor":5.0},{"not_picked":["SlashOfDepartureFromHesitation","TransmigrationSlash"],"picked":"VoidnessSword","floor":7.0},{"not_picked":["SpiderLilyBurial","SlashOfMeditation"],"picked":"TurningAngelCut","floor":10.0},{"not_picked":["SpiritMediumsBind","HumanRealmSword","TwoHundredYojanaInOneSlash"],"picked":"SKIP","floor":12.0},{"not_picked":["SwordExtraction","LifeCuttingSword","SlashOfMeditation"],"picked":"SKIP","floor":13.0},{"not_picked":["ASingleThoughtAndInfiniteKalpas","SlashOfSaigyouSpringWind"],"picked":"WickedSoul","floor":16.0},{"not_picked":["FlashingScatteredFlowers","LifeCuttingSword"],"picked":"FiveSignsOfTheDyingDeva+1","floor":18.0},{"not_picked":["LowerRealmReflectionSlash+1","SwordOfBindingDesires"],"picked":"HiganSword+1","floor":22.0},{"not_picked":["TwoHundredYojanaInOneSlash","CrescentMoonSlash+1","LowerRealmReflectionSlash+1"],"picked":"SKIP","floor":23.0},{"not_picked":["FantasyOfEnteringEnlightenment+1","WickedSoul+1"],"picked":"SwordExtraction+1","floor":25.0},{"not_picked":["SlashOfMeditation+1","ThreeKonsSevenHakus+1","SwordOfBindingDesires+1"],"picked":"SKIP","floor":35.0},{"not_picked":["ConstancyOfTheConventionalTruth+1","CrescentMoonSlash+1","AsTheSilentNirvana+1"],"picked":"SKIP","floor":36.0},{"not_picked":["SwordExtraction+1","AsTheSilentNirvana+1","SpiritMediumsBind+1"],"picked":"SKIP","floor":39.0},{"not_picked":["FlashingScatteredFlowers","LightFlashOfTheNetherworld+1","LifeCuttingSword+1"],"picked":"SKIP","floor":40.0},{"not_picked":["FlashingScatteredFlowers","ThreeKonsSevenHakus+1","DeadlyForm+1"],"picked":"SKIP","floor":42.0},{"not_picked":["PreachingAvici+1","DispleasureOfTheSevenHakus+1","HiganSword+1"],"picked":"SKIP","floor":44},{"not_picked":["Gensokyo:RisingWorld+1","Gensokyo:DreamlikeParadise+1"],"picked":"Gensokyo:LifeSpringInfinity+1","floor":45},{"not_picked":["ThreeKonsSevenHakus+1","FlashingScatteredFlowers+1","HellGodSword+1"],"picked":"SKIP","floor":48},{"not_picked":["HellFireSword+1","SlashOfMeditation+1","HeavenSword+1"],"picked":"SKIP","floor":54}],"player_experience":623123,"relics_obtained":[{"floor":2.0,"key":"Bottled Flame"},{"floor":7.0,"key":"Nunchaku"},{"floor":9.0,"key":"Sundial"},{"floor":13.0,"key":"ChestCloth"},{"floor":23.0,"key":"CeramicFish"},{"floor":25.0,"key":"Gensokyo:MosesMiracle"},{"floor":25.0,"key":"Toxic Egg 2"},{"floor":26.0,"key":"White Beast Statue"},{"floor":30.0,"key":"Lizard Tail"},{"floor":30.0,"key":"Torii"},{"floor":37.0,"key":"Whetstone"},{"floor":40.0,"key":"Eternal Feather"},{"floor":41.0,"key":"Gremlin Horn"},{"floor":42.0,"key":"Toy Ornithopter"},{"floor":44,"key":"Mango"},{"floor":54,"key":"Oddly Smooth Stone"}],"event_choices":[],"is_beta":false,"boss_relics":[{"not_picked":["SacredBark","Fusion Hammer"],"picked":"Philosopher\u0027s Stone"},{"not_picked":["Coffee Dripper","Runic Dome"],"picked":"SlaversCollar"}],"items_purged_floors":[14,20,29,53],"is_endless":false,"potions_floor_spawned":[3,5,10,13,22,23,25,30,33,35,36,39,40,42,44,48,54],"ascension_level":1}}