{"host":"zwuytn9vh5b8tdl7","time":1611617266,"event":{"mods":["AchievementEnabler","BaseMod","Colored Powertips","GifTheSpireLib","Minty Spire (QoL Compilation)","Rare Cards Sparkle","StSLib","The Animator"],"gold_per_floor":[116,191,141,189,215,215,215,229,277,306,306,338,338,364,364,467,467,491,590,579,579,579,579],"floor_reached":22,"language":"ENG","playtime":630,"items_purged":[],"score":192,"play_id":"6635aa13-2bd4-4787-b70c-7b8f66299732","local_time":"20210125182746","is_ascension_mode":false,"campfire_choices":[{"floor":6,"key":"RECALL"},{"floor":11,"key":"REST"},{"floor":13,"key":"REST"},{"data":"1","floor":15,"key":"LIFT"}],"circlet_count":0,"master_deck":["animator:Defend_Fate","animator:Strike","animator:Strike","animator:Strike","animator:Defend","animator:Defend","animator:Defend","animator:Alexander","animator:Rider","animator:LimeBell","animator:YunYun","animator:MumenRider","animator:Kuribayashi","animator:Alexander","animator:SakuraMatou","animator:TukaLunaMarceau","animator:NarberalGamma","animator:Wiz","animator:YaoHaDucy","animator:Saber"],"relics":["animator:LivingPicture","animator:TheMissingPiece","Nunchaku","Girya","Ornamental Fan","Black Star","Paper Frog"],"acts_visited":["Exordium","TheCity"],"potions_floor_usage":[12,14,18,20],"damage_taken":[{"damage":0,"enemies":"Small Slimes","floor":1,"turns":4},{"damage":0,"enemies":"2 Louse","floor":5,"turns":3},{"damage":6,"enemies":"Jaw Worm","floor":8,"turns":3},{"damage":10,"enemies":"3 Louse","floor":10,"turns":2},{"damage":26,"enemies":"Lagavulin","floor":12,"turns":5},{"damage":22,"enemies":"3 Sentries","floor":14,"turns":6},{"damage":35,"enemies":"Slime Boss","floor":16,"turns":7},{"damage":48,"enemies":"Spheric Guardian","floor":18,"turns":6},{"damage":20,"enemies":"2 Thieves","floor":20,"turns":4},{"damage":6,"enemies":"3 Cultists","floor":22,"turns":3}],"seed_played":"-3232505182703229146","potions_obtained":[{"floor":8,"key":"Strength Potion"},{"floor":10,"key":"Fruit Juice"},{"floor":16,"key":"Explosive Potion"},{"floor":18,"key":"SteroidPotion"}],"is_trial":false,"path_per_floor":["M","?","$","?","M","R","?","M","T","M","R","E","R","E","R","B",null,"M","?","M","T","M"],"character_chosen":"THE_ANIMATOR","items_purchased":["animator:MumenRider"],"campfire_rested":2,"item_purchase_floors":[3],"current_hp_per_floor":[66,55,55,55,55,55,55,49,49,39,58,33,53,36,36,1,72,24,24,5,5,0,0],"gold":579,"neow_bonus":"RANDOM_COLORLESS","is_daily":false,"chose_seed":false,"campfire_upgraded":0,"win_rate":0.0,"timestamp":1611617266,"path_taken":["M","?","$","?","M","R","?","?","T","M","R","E","R","E","R","BOSS","M","?","M","?","?"],"items_purchased_type":["Card"],"build_version":"2020-12-22","purchased_purges":0,"victory":false,"max_hp_per_floor":[66,66,66,66,66,66,66,66,66,66,66,67,67,72,72,72,72,72,72,73,73,73,73],"card_choices":[{"not_picked":["animator:Zero","animator:Kuroyukihime"],"picked":"animator:LimeBell","floor":0},{"not_picked":["animator:MumenRider","animator:Cocytus"],"picked":"animator:YunYun","floor":1},{"not_picked":["animator:Cocytus","animator:Kazuma"],"picked":"animator:Kuribayashi","floor":5},{"not_picked":["animator:Bozes","animator:Cocytus"],"picked":"animator:Alexander","floor":8},{"not_picked":["animator:Alexander","animator:Berserker"],"picked":"animator:SakuraMatou","floor":10},{"not_picked":["animator:Viivi","animator:AcuraAkari"],"picked":"animator:TukaLunaMarceau","floor":12},{"not_picked":["animator:Fredrika","animator:AcuraAkari"],"picked":"animator:NarberalGamma","floor":14},{"not_picked":["animator:MadokaKaname","animator:Kyubey"],"picked":"animator:Wiz","floor":16},{"not_picked":["animator:Sebas","animator:FielNirvalen"],"picked":"animator:YaoHaDucy","floor":18},{"not_picked":["animator:Alexander","animator:Rider"],"picked":"animator:Saber","floor":20}],"player_experience":337239,"relics_obtained":[{"floor":9,"key":"Nunchaku"},{"floor":12,"key":"Girya"},{"floor":14,"key":"Ornamental Fan"},{"floor":21,"key":"Paper Frog"}],"event_choices":[{"damage_healed":0,"gold_gain":75,"player_choice":"Gather Gold","damage_taken":11,"max_hp_gain":0,"max_hp_loss":0,"event_name":"World of Goop","floor":2,"gold_loss":0},{"damage_healed":0,"gold_gain":0,"player_choice":"Ignored","damage_taken":0,"max_hp_gain":0,"max_hp_loss":0,"event_name":"Golden Wing","floor":7,"gold_loss":0},{"damage_healed":0,"gold_gain":99,"player_choice":"Stole From Cult","damage_taken":0,"max_hp_gain":0,"max_hp_loss":0,"event_name":"Nest","floor":19,"gold_loss":0}],"is_beta":false,"boss_relics":[{"not_picked":["Runic Dome","SlaversCollar"],"picked":"Black Star"}],"items_purged_floors":[],"is_endless":false,"potions_floor_spawned":[8,10,16,18],"killed_by":"3 Cultists","ascension_level":0}}