{"host":"3a5itcmwo6ddh3id","time":1611589876,"event":{"mods":["BaseMod","Colored Map","Colored Powertips","Minty Spire (QoL Compilation)","Relic Stats"],"gold_per_floor":[110,110,185,18,18,18,18],"floor_reached":6,"language":"ENG","playtime":382,"items_purged":[],"score":64,"play_id":"dfc2e1a1-1159-48cd-b8d6-a2abc3feb320","local_time":"20210125095116","is_ascension_mode":true,"campfire_choices":[],"circlet_count":0,"master_deck":["AscendersBane","Strike_B","Strike_B","Strike_B","Strike_B","Defend_B","Defend_B","Defend_B","Defend_B","Zap","Dualcast","Biased Cognition+1","Barrage"],"relics":["Cracked Core","Golden Idol","Happy Flower"],"acts_visited":["Exordium"],"potions_floor_usage":[],"damage_taken":[{"damage":12,"enemies":"Jaw Worm","floor":1,"turns":2},{"damage":50,"enemies":"3 Sentries","floor":6,"turns":5}],"seed_played":"-1912809814474358756","potions_obtained":[],"is_trial":false,"path_per_floor":["M","?","?","$","?","E"],"character_chosen":"DEFECT","items_purchased":["Happy Flower"],"campfire_rested":0,"item_purchase_floors":[4],"current_hp_per_floor":[52,52,41,41,41,0,0],"gold":18,"neow_bonus":"ONE_RANDOM_RARE_CARD","is_daily":false,"chose_seed":false,"campfire_upgraded":0,"win_rate":0.0,"timestamp":1611589876,"path_taken":["M","?","?","?","?","E"],"items_purchased_type":["Relic"],"build_version":"2020-12-22","purchased_purges":0,"victory":false,"max_hp_per_floor":[71,64,64,64,64,64,64],"relic_stats":{"Happy Flower":[1],"counters":[2,7],"Golden Idol":0,"obtain_stats":[{"Happy Flower":4,"Golden Idol":2,"Cracked Core":0},{"Happy Flower":1,"Golden Idol":1,"Cracked Core":0},{"Happy Flower":2,"Golden Idol":2,"Cracked Core":0}]},"card_choices":[{"not_picked":["Coolheaded","Redo"],"picked":"Barrage","floor":1}],"player_experience":1097322,"relics_obtained":[],"event_choices":[{"damage_healed":0,"gold_gain":0,"player_choice":"Lose Max HP","damage_taken":0,"relics_obtained":["Golden Idol"],"max_hp_gain":0,"max_hp_loss":7,"event_name":"Golden Idol","floor":2,"gold_loss":0},{"damage_healed":0,"gold_gain":75,"player_choice":"Gather Gold","damage_taken":11,"max_hp_gain":0,"max_hp_loss":0,"event_name":"World of Goop","floor":3,"gold_loss":0},{"damage_healed":0,"gold_gain":0,"player_choice":"Grow","damage_taken":0,"max_hp_gain":0,"max_hp_loss":0,"event_name":"Living Wall","floor":5,"gold_loss":0,"cards_upgraded":["Biased Cognition"]}],"is_beta":false,"boss_relics":[],"items_purged_floors":[],"is_endless":false,"potions_floor_spawned":[],"killed_by":"3 Sentries","ascension_level":20}}