{"host":"pq8o62wp0h1hflf3","time":1611605324,"event":{"mods":["BaseMod","Minty Spire (QoL Compilation)","Relic Stats","ojb\u0027s Info Mod"],"gold_per_floor":[115,115,131,131,131,131,165,165],"floor_reached":7,"language":"ENG","playtime":246,"items_purged":[],"score":98,"play_id":"f60a25f6-18c5-464f-aa66-ace4ff05fb97","local_time":"20210125150844","is_ascension_mode":true,"campfire_choices":[{"data":"Eruption","floor":6,"key":"SMITH"}],"circlet_count":0,"master_deck":["AscendersBane","Strike_P","Strike_P","Strike_P","Defend_P","Defend_P","Defend_P","Defend_P","Eruption+1","Vigilance","EmptyFist","CutThroughFate"],"relics":["Velvet Choker","Golden Idol","Art of War"],"acts_visited":["Exordium"],"potions_floor_usage":[],"damage_taken":[{"damage":3,"enemies":"Small Slimes","floor":1,"turns":3},{"damage":0,"enemies":"Jaw Worm","floor":3,"turns":3},{"damage":39,"enemies":"3 Sentries","floor":7,"turns":13}],"seed_played":"6727396944683958800","potions_obtained":[{"floor":7,"key":"Weak Potion"}],"is_trial":false,"path_per_floor":["M","?","M","?","?","R","E"],"character_chosen":"WATCHER","items_purchased":[],"campfire_rested":0,"item_purchase_floors":[],"current_hp_per_floor":[58,51,51,51,42,42,3,3],"gold":165,"neow_bonus":"BOSS_RELIC","is_daily":false,"chose_seed":false,"campfire_upgraded":1,"win_rate":0.0,"timestamp":1611605324,"path_taken":["M","?","M","?","?","R","E"],"items_purchased_type":[],"build_version":"2020-12-22","purchased_purges":0,"victory":false,"max_hp_per_floor":[68,68,68,62,62,62,62,62],"relic_stats":{"counters":[3,19],"Golden Idol":7,"Art of War":[0],"obtain_stats":[{"Golden Idol":4,"Velvet Choker":0,"Art of War":7,"PureWater":0},{"Golden Idol":2,"Velvet Choker":0,"Art of War":3,"PureWater":0},{"Golden Idol":6,"Velvet Choker":0,"Art of War":19,"PureWater":0}]},"card_choices":[{"not_picked":["ForeignInfluence","FlyingSleeves"],"picked":"EmptyFist","floor":1},{"not_picked":["Study","Indignation"],"picked":"CutThroughFate","floor":3}],"player_experience":1167035,"relics_obtained":[{"floor":7,"key":"Art of War"}],"event_choices":[{"cards_removed":["Strike_P"],"damage_healed":0,"gold_gain":0,"player_choice":"Card Removal","damage_taken":7,"max_hp_gain":0,"max_hp_loss":0,"event_name":"Golden Wing","floor":2,"gold_loss":0},{"damage_healed":0,"gold_gain":0,"player_choice":"Lose Max HP","damage_taken":0,"relics_obtained":["Golden Idol"],"max_hp_gain":0,"max_hp_loss":6,"event_name":"Golden Idol","floor":4,"gold_loss":0},{"damage_healed":0,"gold_gain":0,"player_choice":"Damaged","damage_taken":9,"max_hp_gain":0,"max_hp_loss":0,"event_name":"Wheel of Change","floor":5,"gold_loss":0}],"is_beta":false,"boss_relics":[],"items_purged_floors":[],"is_endless":false,"potions_floor_spawned":[7],"killed_by":"3 Sentries","ascension_level":20}}