{"host":"nia1zwr35jsu5y7h","time":1611540229,"event":{"mods":["2.2 Compatiblity","Abigail Mod","Bard","BaseMod","Colored Map","Conspire","Downfall","Friendly Minions","Hermit","Highlight Path","Hubris","Infinite Spire","Kiyohime????","Koishi","Marisa????????","Minty Spire (QoL Compilation)","Quick Restart","Replay The Spire","Shade Mod","Shop Mod","StSLib","The Administrix","The Animator","The Construct","The Cursed","The Disciple","The Mystic","The Necromancer","The Servant 0.9.4"],"gold_per_floor":[113,113,140,140,70,103,103,135,135,179,194,27,27,47,47,148,148,158,180,255,27,35,35],"floor_reached":22,"language":"ENG","playtime":996,"items_purged":["animator:Strike"],"score":238,"play_id":"435ef9cd-2825-4053-9c1a-7db8ba6c0147","local_time":"20210124180349","is_ascension_mode":true,"campfire_choices":[{"data":"animator:Saber","floor":7,"key":"SMITH"},{"data":"animator:Tet","floor":13,"key":"SMITH"},{"data":"animator:Laby","floor":15,"key":"SMITH"}],"circlet_count":0,"master_deck":["animator:Strike_Katanagatari","animator:Defend_Katanagatari","animator:Defend","animator:Defend","animator:Defend","animator:Azekura","animator:Emonzaemon","animator:Emonzaemon","animator:TsurugaMeisai","animator:Ara","animator:Darkness","animator:Saber+1","animator:Togame","animator:ZankiKiguchi","animator:Tet+1","animator:Laby+1","animator:Sora","animator:Chris","animator:QuestionMark"],"relics":["animator:LivingPicture","animator:ColorlessFragment","animator:PurgingStone","NeowsBlessing","Boot","Mummified Hand","conspire:DecoderRing","Gremlin Horn","conspire:RunicOctahedron","Medical Kit"],"acts_visited":["Exordium","TheCity"],"potions_floor_usage":[11,16],"damage_taken":[{"damage":0,"enemies":"Jaw Worm","floor":1,"turns":1},{"damage":0,"enemies":"conspire:RoseBush","floor":3,"turns":1},{"damage":0,"enemies":"Lagavulin","floor":6,"turns":2},{"damage":20,"enemies":"3 Sentries","floor":8,"turns":9},{"damage":26,"enemies":"Lagavulin","floor":10,"turns":4},{"damage":0,"enemies":"Cultist","floor":11,"turns":2},{"damage":0,"enemies":"Gremlin Gang","floor":14,"turns":1},{"damage":13,"enemies":"Slime Boss","floor":16,"turns":7},{"damage":27,"enemies":"3 Byrds","floor":18,"turns":5},{"damage":10,"enemies":"Chosen","floor":19,"turns":6},{"damage":22,"enemies":"Snake Plant","floor":22,"turns":4}],"seed_played":"-2085990652496230479","potions_obtained":[{"floor":1,"key":"Elixir"},{"floor":10,"key":"Block Potion"},{"floor":11,"key":"Fruit Juice"}],"is_trial":false,"path_per_floor":["M","?","M","?","$","E","R","E","T","E","M","$","R","M","R","B",null,"M","M","?","$","M"],"character_chosen":"THE_ANIMATOR","items_purchased":["animator:Darkness","animator:ColorlessFragment","Medical Kit"],"campfire_rested":0,"item_purchase_floors":[5,12,21],"current_hp_per_floor":[66,59,59,59,59,59,59,40,40,14,19,19,19,19,19,6,72,45,35,28,28,6,6],"gold":35,"neow_bonus":"THREE_ENEMY_KILL","is_daily":false,"chose_seed":false,"campfire_upgraded":3,"win_rate":0.0,"timestamp":1611540229,"path_taken":["M","?","M","?","$","E","R","E","T","E","?","$","R","M","R","BOSS","M","?","?","$","M"],"items_purchased_type":["Card","Relic","Relic"],"build_version":"2020-12-22","purchased_purges":1,"victory":false,"max_hp_per_floor":[66,66,66,66,66,66,66,67,67,67,72,72,72,72,72,72,72,72,72,72,72,72,72],"card_choices":[{"not_picked":["animator:Tyuule","animator:Raven"],"picked":"animator:Emonzaemon","floor":1},{"not_picked":["animator:KyokoSakura","animator:Nanami"],"picked":"animator:TsurugaMeisai","floor":3},{"not_picked":["animator:Ara","animator:Lancer"],"picked":"animator:Saber","floor":6},{"not_picked":["animator:Hitei","animator:ZankiKiguchi"],"picked":"animator:Togame","floor":8},{"not_picked":["animator:Hitei","animator:Benimaru"],"picked":"animator:ZankiKiguchi","floor":10},{"not_picked":["animator:ChlammyZell","animator:Togame"],"picked":"animator:Tet","floor":11},{"not_picked":["animator:Vesta","animator:Benimaru"],"picked":"animator:Laby","floor":14},{"not_picked":["animator:Greed","animator:Wiz"],"picked":"animator:Sora","floor":16},{"not_picked":["animator:Mitsurugi","animator:YaoHaDucy+1"],"picked":"animator:Chris","floor":18},{"not_picked":["animator:Magilou","animator:MisakiNakahara"],"picked":"animator:QuestionMark","floor":19}],"player_experience":2254929,"relics_obtained":[{"floor":6,"key":"Boot"},{"floor":8,"key":"Mummified Hand"},{"floor":9,"key":"conspire:DecoderRing"},{"floor":10,"key":"Gremlin Horn"}],"event_choices":[{"cards_removed":["animator:Strike"],"damage_healed":0,"gold_gain":0,"player_choice":"Card Removal","damage_taken":7,"max_hp_gain":0,"max_hp_loss":0,"event_name":"Golden Wing","floor":2,"gold_loss":0},{"damage_healed":0,"gold_gain":0,"cards_transformed":["animator:Strike"],"player_choice":"Transformed","damage_taken":0,"max_hp_gain":0,"max_hp_loss":0,"event_name":"Transmorgrifier","floor":4,"gold_loss":0,"cards_obtained":["animator:Ara"]},{"damage_healed":0,"gold_gain":75,"player_choice":"Touch","damage_taken":7,"max_hp_gain":0,"max_hp_loss":0,"event_name":"FaceTrader","floor":20,"gold_loss":0}],"is_beta":false,"boss_relics":[{"not_picked":["hubris:GrandSneckoEye","Ring of Chaos"],"picked":"conspire:RunicOctahedron"}],"items_purged_floors":[21],"is_endless":false,"potions_floor_spawned":[1,10,11],"killed_by":"Snake Plant","ascension_level":1}}