{"host":"mi0eibewekhugwl1","time":1611592463,"event":{"mods":["AchievementEnabler","BaseMod","Colored Map","Colored Powertips","DeckTracker","Keyboard Shortcuts","Minty Spire (QoL Compilation)","Quick Restart","Rare Cards Sparkle","Relic Stats","StSLib","SuperFastMode","everything is the same but u backflip on backflip"],"gold_per_floor":[112,187,112,112,112,156,179,214,214,233,253,276,35,58,58,151,151,175,175,175,25,25,25,38,50,121,133,143,143,143,154,154,154,154],"floor_reached":33,"language":"KOR","playtime":658,"items_purged":["Strike_R"],"score":568,"play_id":"ff9903ab-e86c-4f30-85f4-806809a8a0cf","local_time":"20210126013423","is_ascension_mode":true,"campfire_choices":[{"data":"Spot Weakness","floor":15,"key":"SMITH"},{"data":"Immolate","floor":23,"key":"SMITH"},{"floor":30,"key":"REST"},{"data":"Pommel Strike","floor":32,"key":"SMITH"}],"circlet_count":0,"master_deck":["AscendersBane","Strike_R","Strike_R","Defend_R","Defend_R","Defend_R","Defend_R","Bash","Pommel Strike+1","Twin Strike","Pommel Strike","Carnage","Spot Weakness+1","Flame Barrier","Reckless Charge","Immolate+1","CurseOfTheBell","Dark Embrace+1","Feed","Second Wind","Ghostly Armor+1","Disarm","Wild Strike"],"relics":["Burning Blood","NeowsBlessing","Bloody Idol","Torii","InkBottle","MealTicket","Centennial Puzzle","Bag of Marbles","Calling Bell","Regal Pillow","Pantograph","WingedGreaves","White Beast Statue"],"acts_visited":["Exordium","TheCity"],"potions_floor_usage":[11,16,27,28,28],"damage_taken":[{"damage":0,"enemies":"2 Louse","floor":1,"turns":1},{"damage":0,"enemies":"Gremlin Nob","floor":6,"turns":1},{"damage":0,"enemies":"Jaw Worm","floor":7,"turns":1},{"damage":28,"enemies":"3 Sentries","floor":8,"turns":14},{"damage":7,"enemies":"Small Slimes","floor":10,"turns":3},{"damage":8,"enemies":"Looter","floor":11,"turns":4},{"damage":13,"enemies":"2 Fungi Beasts","floor":12,"turns":3},{"damage":9,"enemies":"Red Slaver","floor":14,"turns":2},{"damage":16,"enemies":"Hexaghost","floor":16,"turns":7},{"damage":7,"enemies":"3 Byrds","floor":18,"turns":3},{"damage":11,"enemies":"2 Thieves","floor":24,"turns":2},{"damage":16,"enemies":"Centurion and Healer","floor":25,"turns":7},{"damage":63,"enemies":"Cultist and Chosen","floor":27,"turns":9},{"damage":29,"enemies":"3 Cultists","floor":28,"turns":5},{"damage":26,"enemies":"Snake Plant","floor":31,"turns":4},{"damage":68,"enemies":"Champ","floor":33,"turns":11}],"seed_played":"-3323463951970423890","potions_obtained":[{"floor":8,"key":"Block Potion"},{"floor":10,"key":"DistilledChaos"},{"floor":11,"key":"Fruit Juice"},{"floor":16,"key":"Block Potion"},{"floor":27,"key":"Block Potion"},{"floor":28,"key":"SteroidPotion"},{"floor":31,"key":"SteroidPotion"}],"is_trial":false,"path_per_floor":["M","?","?","?","T","E","M","E","T","M","M","M","$","M","R","B",null,"M","?","?","$","?","R","M","M","T","M","M","?","R","M","R","B"],"character_chosen":"IRONCLAD","items_purchased":["Bag of Marbles","Regen Potion","Feed"],"campfire_rested":1,"item_purchase_floors":[13,13,21],"current_hp_per_floor":[74,63,63,63,63,68,68,46,46,45,48,41,56,53,53,43,66,65,65,65,73,73,73,73,71,76,24,18,18,55,40,40,0,0],"gold":154,"neow_bonus":"THREE_ENEMY_KILL","is_daily":false,"chose_seed":false,"campfire_upgraded":3,"win_rate":0.0,"timestamp":1611592463,"path_taken":["M","?","?","?","?","E","M","E","T","?","M","M","$","M","R","BOSS","M","?","?","$","?","R","M","M","T","M","M","?","R","?","R","BOSS"],"items_purchased_type":["Relic","Potion","Card"],"build_version":"2020-12-22","purchased_purges":1,"victory":false,"max_hp_per_floor":[75,75,75,68,68,68,68,68,68,68,73,73,73,73,73,73,73,73,73,73,73,73,73,73,76,76,76,76,76,76,76,76,76,76],"relic_stats":{"Centennial Puzzle":[36],"Regal Pillow":15,"Torii":54,"counters":[16,77],"Bloody Idol":30,"Pantograph":25,"MealTicket":23,"obtain_stats":[{"Regal Pillow":17,"NeowsBlessing":0,"Torii":5,"Golden Idol":4,"Burning Blood":0,"White Beast Statue":26,"Calling Bell":17,"Centennial Puzzle":9,"Pantograph":17,"Bloody Idol":20,"MealTicket":8,"WingedGreaves":17,"Bag of Marbles":13,"InkBottle":6},{"Regal Pillow":9,"NeowsBlessing":0,"Torii":1,"Golden Idol":1,"Burning Blood":0,"White Beast Statue":12,"Calling Bell":9,"Centennial Puzzle":4,"Pantograph":9,"Bloody Idol":10,"MealTicket":4,"WingedGreaves":9,"Bag of Marbles":7,"InkBottle":2},{"Regal Pillow":36,"NeowsBlessing":0,"Torii":1,"Golden Idol":1,"Burning Blood":0,"White Beast Statue":48,"Calling Bell":36,"Centennial Puzzle":17,"Pantograph":36,"Bloody Idol":39,"MealTicket":17,"WingedGreaves":36,"Bag of Marbles":27,"InkBottle":2}],"Burning Blood":83,"InkBottle":[16]},"card_choices":[{"not_picked":["Armaments","Flex","Hemokinesis"],"picked":"SKIP","floor":1},{"not_picked":["Dropkick","Clash"],"picked":"Pommel Strike","floor":6},{"not_picked":["Clash","Headbutt"],"picked":"Twin Strike","floor":7},{"not_picked":["Hemokinesis","Heavy Blade"],"picked":"Pommel Strike","floor":8},{"not_picked":["Bloodletting","Seeing Red"],"picked":"Carnage","floor":10},{"not_picked":["Heavy Blade","Body Slam"],"picked":"Spot Weakness","floor":11},{"not_picked":["Pummel","Wild Strike"],"picked":"Flame Barrier","floor":12},{"not_picked":["Exhume","Rupture"],"picked":"Reckless Charge","floor":14},{"not_picked":["Reaper","Double Tap"],"picked":"Immolate","floor":16},{"not_picked":["Cleave","Twin Strike+1"],"picked":"Dark Embrace+1","floor":18},{"not_picked":["Shockwave","Intimidate"],"picked":"Second Wind","floor":24},{"not_picked":["Havoc","Twin Strike","Limit Break"],"picked":"SKIP","floor":25},{"not_picked":["Clothesline","Heavy Blade"],"picked":"Ghostly Armor+1","floor":27},{"not_picked":["Headbutt","Havoc"],"picked":"Disarm","floor":28},{"not_picked":["Perfected Strike","Blood for Blood"],"picked":"Wild Strike","floor":31}],"player_experience":1757848,"relics_obtained":[{"floor":5,"key":"Torii"},{"floor":6,"key":"InkBottle"},{"floor":8,"key":"MealTicket"},{"floor":9,"key":"Centennial Puzzle"},{"floor":17,"key":"Regal Pillow"},{"floor":17,"key":"Pantograph"},{"floor":17,"key":"WingedGreaves"},{"floor":26,"key":"White Beast Statue"}],"event_choices":[{"damage_healed":0,"gold_gain":75,"player_choice":"Gather Gold","damage_taken":11,"max_hp_gain":0,"max_hp_loss":0,"event_name":"World of Goop","floor":2,"gold_loss":0},{"cards_removed":["Strike_R"],"damage_healed":0,"gold_gain":0,"player_choice":"Card Removal","damage_taken":0,"max_hp_gain":0,"max_hp_loss":0,"event_name":"The Cleric","floor":3,"gold_loss":75},{"damage_healed":0,"gold_gain":0,"player_choice":"Lose Max HP","damage_taken":0,"relics_obtained":["Golden Idol"],"max_hp_gain":0,"max_hp_loss":7,"event_name":"Golden Idol","floor":4,"gold_loss":0},{"damage_healed":0,"gold_gain":0,"player_choice":"Ignored","damage_taken":0,"max_hp_gain":0,"max_hp_loss":0,"event_name":"Ghosts","floor":19,"gold_loss":0},{"damage_healed":0,"gold_gain":0,"player_choice":"Gave Idol","damage_taken":0,"relics_obtained":["Bloody Idol"],"max_hp_gain":0,"max_hp_loss":0,"event_name":"Forgotten Altar","floor":20,"relics_lost":["Golden Idol"],"gold_loss":0},{"cards_removed":["Strike_R"],"damage_healed":0,"gold_gain":0,"player_choice":"Purged","damage_taken":0,"max_hp_gain":0,"max_hp_loss":0,"event_name":"Purifier","floor":29,"gold_loss":0}],"is_beta":false,"boss_relics":[{"not_picked":["Ectoplasm","Black Blood"],"picked":"Calling Bell"}],"items_purged_floors":[21],"is_endless":false,"potions_floor_spawned":[8,10,11,16,24,27,28,31],"killed_by":"Champ","ascension_level":20}}