{"host":"ooe12lh8pgcirntb","time":1611549308,"event":{"mods":["AchievementEnabler","Act Like it!","BaseMod","Beaked The Cultist","ChefMod","Colored Map","Colored Powertips","Downfall","Minty Spire (QoL Compilation)","StSLib","The Animator","The Bug Knight","The Disciple","The Hierophant","The Problem Sleuth"],"gold_per_floor":[363,20,40,62,73,108,108,140,140,159,169,198,271,284,284,382,382,409,409,433,235,251,251,251],"floor_reached":23,"language":"ENG","playtime":2819,"items_purged":[],"score":207,"play_id":"288167be-82a0-48c5-be1b-ae21825ffb1e","local_time":"20210124233508","is_ascension_mode":false,"campfire_choices":[{"floor":7,"key":"REST"},{"floor":15,"key":"REST"}],"circlet_count":0,"master_deck":["animator:Strike_GoblinSlayer","animator:Defend_GoblinSlayer","animator:Strike","animator:Strike","animator:Strike","animator:Defend+1","animator:Defend","animator:Defend","animator:LizardPriest","animator:DwarfShaman","animator:Yuuichirou","animator:Kaijin","animator:Megumin+3","animator:Kira","animator:CrowleyEusford","animator:Envy","animator:Darkness","animator:Demiurge","animator:Spearman","animator:Sloth","animator:CowGirl","animator:Hans","animator:Vanir","animator:Ainz","animator:WinryRockbell","animator:HighElfArcher","animator:Kira","animator:Cocytus","animator:KrulTepes"],"relics":["animator:LivingPicture","animator:TheMissingPiece","Art of War","animator:Hoodie","Bronze Scales","Mark of Pain","DollysMirror"],"acts_visited":["Exordium","TheCity"],"potions_floor_usage":[6,10,22,23],"damage_taken":[{"damage":7,"enemies":"Cultist","floor":1,"turns":5},{"damage":3,"enemies":"2 Louse","floor":3,"turns":2},{"damage":9,"enemies":"Small Slimes","floor":4,"turns":3},{"damage":6,"enemies":"Exordium Wildlife","floor":5,"turns":3},{"damage":21,"enemies":"Gremlin Nob","floor":6,"turns":5},{"damage":10,"enemies":"Blue Slaver","floor":8,"turns":3},{"damage":0,"enemies":"Looter","floor":10,"turns":5},{"damage":0,"enemies":"3 Louse","floor":11,"turns":1},{"damage":3,"enemies":"Lagavulin","floor":12,"turns":5},{"damage":2,"enemies":"2 Fungi Beasts","floor":14,"turns":3},{"damage":35,"enemies":"The Guardian","floor":16,"turns":7},{"damage":11,"enemies":"Chosen","floor":18,"turns":5},{"damage":14,"enemies":"3 Byrds","floor":20,"turns":3},{"damage":28,"enemies":"Sentry and Sphere","floor":22,"turns":4},{"damage":23,"enemies":"Slavers","floor":23,"turns":1}],"seed_played":"384442262634969781","potions_obtained":[{"floor":1,"key":"animator:FalseLifePotion"},{"floor":4,"key":"Explosive Potion"},{"floor":10,"key":"Explosive Potion"},{"floor":12,"key":"champ:CounterPotion"}],"is_trial":false,"path_per_floor":["M","$","M","M","M","E","R","M","T","M","M","E","?","M","R","B",null,"M","?","M","$","M","E"],"character_chosen":"THE_ANIMATOR","items_purchased":["animator:Kaijin","animator:Megumin","animator:Kira","DollysMirror","animator:Cocytus"],"campfire_rested":2,"item_purchase_floors":[2,2,2,21,21],"current_hp_per_floor":[53,53,50,41,35,14,32,22,22,26,30,27,27,25,45,10,68,57,57,43,43,15,0,0],"gold":251,"neow_bonus":"TWO_FIFTY_GOLD","is_daily":false,"chose_seed":false,"campfire_upgraded":0,"win_rate":0.0,"timestamp":1611549308,"path_taken":["M","$","M","M","?","E","R","M","T","M","M","E","?","M","R","BOSS","M","?","M","$","M","E"],"items_purchased_type":["Card","Card","Card","Relic","Card"],"build_version":"2020-12-22","purchased_purges":0,"victory":false,"max_hp_per_floor":[60,60,60,60,60,60,60,60,60,64,68,68,68,68,68,68,68,68,68,68,68,68,68,68],"card_choices":[{"not_picked":["animator:DwarfShaman","animator:Sloth"],"picked":"animator:Yuuichirou","floor":1},{"not_picked":["animator:OrikoMikuni","animator:PandorasActor"],"picked":"animator:CrowleyEusford","floor":3},{"not_picked":["animator:Benimaru","animator:LizardPriest"],"picked":"animator:Envy","floor":4},{"not_picked":["animator:Kazuma","animator:YunYun"],"picked":"animator:Darkness","floor":5},{"not_picked":["animator:Shinoa","animator:HiiragiShinya"],"picked":"animator:Demiurge","floor":6},{"not_picked":["animator:Demiurge","animator:Millim"],"picked":"animator:Spearman","floor":8},{"not_picked":["animator:Hakurou","animator:SayakaMiki"],"picked":"animator:Sloth","floor":10},{"not_picked":["animator:LizardPriest","animator:Priestess"],"picked":"animator:CowGirl","floor":11},{"not_picked":["animator:Wiz","animator:SwordMaiden"],"picked":"animator:Hans","floor":12},{"not_picked":["animator:IrohaTamaki","animator:Millim"],"picked":"animator:Vanir","floor":14},{"not_picked":["animator:Greed","animator:Hans"],"picked":"animator:Ainz","floor":16},{"not_picked":["animator:IrohaTamaki","animator:KyokoSakura"],"picked":"animator:WinryRockbell","floor":18},{"not_picked":["animator:Witch","animator:Priestess"],"picked":"animator:HighElfArcher","floor":20},{"not_picked":["animator:YuiTsuruno+1","animator:YachiyoNanami+1"],"picked":"animator:KrulTepes","floor":22}],"player_experience":717126,"relics_obtained":[{"floor":6,"key":"Art of War"},{"floor":9,"key":"animator:Hoodie"},{"floor":12,"key":"Bronze Scales"}],"event_choices":[{"damage_healed":0,"gold_gain":73,"player_choice":"Gained Gold","damage_taken":0,"max_hp_gain":0,"max_hp_loss":0,"event_name":"Golden Wing","floor":13,"gold_loss":0},{"damage_healed":0,"gold_gain":0,"player_choice":"Ignored","damage_taken":0,"max_hp_gain":0,"max_hp_loss":0,"event_name":"Beggar","floor":19,"gold_loss":0}],"is_beta":false,"boss_relics":[{"not_picked":["Ectoplasm","SlaversCollar"],"picked":"Mark of Pain"}],"items_purged_floors":[],"is_endless":false,"potions_floor_spawned":[1,4,10,12],"killed_by":"Slavers","ascension_level":0}}