{"host":"jgyoyy5iuhtvyvtg","time":1611543812,"event":{"mods":["2.2 Compatiblity","BaseMod","Challenge The Spire","Colored Map","Conspire","Dark Map","Downfall","Hermit","Highlight Path","Infinite Spire","Lobotomy","LobotomyExtend","Minty Spire (QoL Compilation)","Quick Restart","Replay The Spire","Spikes Relics","StSLib","The Construct","The Disciple","The Jungle","Yuri Mod"],"gold_per_floor":[99,112,17,33,33,33,59,76,93,7,23,35,35,52,52,148,148,148,148,165,90,108,108,108,142,158,172,189,209,219,269,285,285,285,285],"floor_reached":33,"language":"ENG","playtime":1579,"items_purged":[],"score":265,"play_id":"e4d298bb-da37-45da-b3fd-479cad5db330","local_time":"20210124190332","is_ascension_mode":false,"campfire_choices":[{"data":"champ:Taunt","floor":1,"key":"SMITH"},{"data":"champ:EndlessRage","floor":6,"key":"SMITH"},{"data":"champ:PerfectedStrike","floor":13,"key":"SMITH"},{"data":"champ:IgnorePain","floor":18,"key":"SMITH"},{"data":"champ:Lariat","floor":23,"key":"SMITH"}],"circlet_count":0,"master_deck":["champ:Strike","champ:Strike","champ:Strike","champ:Strike","champ:Defend","champ:Defend","champ:Defend","champ:Defend","champ:Execute","champ:Taunt+1","champ:StrikeOfGenius","champ:ShieldSigil","champ:VampiricStrike","champ:EndlessRage+1","champ:FanOfKnives","champ:PreciseThrust","champ:PerfectedStrike+1","champ:BladeFlurry+1","champ:ShieldWall","champ:Haymaker","champ:Lariat+1","champ:IgnorePain+1","champ:ShieldWall","champ:AdrenalArmor","champ:Endure+1","champ:PerfectedStrike","champ:EnchantSword","champ:FlashCut","champ:FaceSlap","champ:GladiatorForm","champ:ShieldWall","champ:Backstep+1"],"relics":["champ:ChampionCrown","LetterFromLob","Vajra","SlaversCollar","Mercury Hourglass","ReplayTheSpireMod:Lightbulb","Tiny House"],"acts_visited":["Exordium","Exordium"],"potions_floor_usage":[14,26,28,28,30,32,32,33],"damage_taken":[{"damage":10,"enemies":"2 Louse","floor":2,"turns":3},{"damage":25,"enemies":"downfall:FleeingMerchant","floor":3,"turns":4},{"damage":12,"enemies":"Cultist","floor":4,"turns":4},{"damage":1,"enemies":"Jaw Worm","floor":8,"turns":3},{"damage":21,"enemies":"3 Louse","floor":9,"turns":2},{"damage":10,"enemies":"downfall:FleeingMerchant","floor":10,"turns":4},{"damage":1,"enemies":"2 Fungi Beasts","floor":11,"turns":2},{"damage":17,"enemies":"Blue Slaver","floor":12,"turns":2},{"damage":21,"enemies":"Gremlin Gang","floor":14,"turns":7},{"damage":42,"enemies":"SI_SHIV_ARCHETYPE","floor":16,"turns":6},{"damage":15,"enemies":"theJungle:5_Spyders","floor":20,"turns":8},{"damage":21,"enemies":"downfall:FleeingMerchant","floor":21,"turns":4},{"damage":29,"enemies":"theJungle:MUSHROOMGANG","floor":22,"turns":5},{"damage":62,"enemies":"theJungle:2_Phrogs","floor":25,"turns":5},{"damage":40,"enemies":"theJungle:SlimyTreeVines","floor":26,"turns":4},{"damage":35,"enemies":"theJungle:JungleHuntersEncounter","floor":27,"turns":6},{"damage":42,"enemies":"theJungle:2_Snecko_Cultists","floor":28,"turns":3},{"damage":17,"enemies":"theJungle:Lyon","floor":29,"turns":5},{"damage":21,"enemies":"theJungle:2_Flameangoes","floor":30,"turns":7},{"damage":10,"enemies":"theJungle:JungleHuntersEncounter","floor":32,"turns":4},{"damage":26,"enemies":"DF_ARCHETYPE_CLAW","floor":33,"turns":5}],"seed_played":"-8070231664216824457","potions_obtained":[{"floor":5,"key":"SkillPotion"},{"floor":5,"key":"CultistPotion"},{"floor":5,"key":"Milkshake"},{"floor":16,"key":"Venom Potion"},{"floor":20,"key":"Fire Potion"},{"floor":22,"key":"Ancient Potion"},{"floor":27,"key":"sneckomod:MuddlingPotion"},{"floor":29,"key":"GamblersBrew"},{"floor":30,"key":"champ:OpenerPotion"},{"floor":31,"key":"SneckoExtractPotion"}],"is_trial":false,"path_per_floor":["R","M","$","M","?","R","T","M","M","$","M","M","R","M","M","B",null,"R","?","M","$","M","R","T","E","M","M","M","M","M","AVR","M","B"],"character_chosen":"THE_CHAMP","items_purchased":["champ:EndlessRage","champ:ShieldWall","champ:Endure+1"],"campfire_rested":0,"item_purchase_floors":[3,10,21],"current_hp_per_floor":[90,90,90,88,88,88,88,87,76,66,65,63,63,47,77,70,90,90,90,75,69,65,65,65,48,41,36,29,22,5,10,1,0,0,0],"gold":285,"neow_bonus":"ONE_RANDOM_RARE_CARD","is_daily":false,"chose_seed":false,"campfire_upgraded":5,"win_rate":0.0,"timestamp":1611543812,"path_taken":["R","M","$","M","?","R","T","M","?","$","M","M","R","?","M","BOSS","R","?","M","$","M","R","T","E","M","M","M","M","M","AVR","M","BOSS"],"items_purchased_type":["Card","Card","Card"],"build_version":"2020-12-22","purchased_purges":0,"victory":false,"max_hp_per_floor":[90,90,90,90,90,90,90,90,90,90,90,90,90,90,90,90,90,90,90,90,90,90,90,90,90,90,90,90,90,90,95,95,95,95,95],"card_choices":[{"not_picked":["champ:DefensiveShout","champ:FlashCut"],"picked":"champ:ShieldSigil","floor":2},{"not_picked":["champ:GutPunch","champ:BladeFlurry"],"picked":"champ:VampiricStrike","floor":3},{"not_picked":["champ:HeartStrike","champ:Endure"],"picked":"champ:FanOfKnives","floor":4},{"not_picked":["champ:FlashCut","champ:DefensiveStyle"],"picked":"champ:PreciseThrust","floor":8},{"not_picked":["champ:GutPunch","champ:StanceDance"],"picked":"champ:PerfectedStrike","floor":9},{"not_picked":["champ:DefensiveShout","champ:PreciseThrust"],"picked":"champ:BladeFlurry","floor":10},{"not_picked":["champ:DancingMaster","champ:FocusedDefense","champ:BerserkerStyle"],"picked":"SKIP","floor":11},{"not_picked":["champ:IronFortress","champ:Circumvent"],"picked":"champ:Haymaker","floor":12},{"not_picked":["champ:DefensiveShout","champ:EnGarde"],"picked":"champ:Lariat","floor":14},{"not_picked":["champ:CheapShot","champ:VampiricStrike"],"picked":"champ:IgnorePain","floor":16},{"not_picked":["champ:SetATrap","champ:FancyFootwork"],"picked":"champ:ShieldWall","floor":20},{"not_picked":["champ:Shatter","champ:FlashCut+1"],"picked":"champ:AdrenalArmor","floor":21},{"not_picked":["champ:PreciseThrust+1","champ:ShieldSigil","champ:EnGarde"],"picked":"SKIP","floor":22},{"not_picked":["champ:CrownThrow","champ:SetATrap","champ:TornadoPunch"],"picked":"SKIP","floor":25},{"not_picked":["champ:FanOfKnives","champ:EndlessRage"],"picked":"champ:PerfectedStrike","floor":26},{"not_picked":["champ:RecklessLeap","champ:AdrenalArmor"],"picked":"champ:EnchantSword","floor":27},{"not_picked":["champ:BerserkersShout","champ:Circumvent"],"picked":"champ:FlashCut","floor":28},{"not_picked":["champ:ShieldSigil+1","champ:DefensiveShout"],"picked":"champ:FaceSlap","floor":29},{"not_picked":["champ:PreemptiveStrike","champ:TornadoPunch"],"picked":"champ:GladiatorForm","floor":30},{"not_picked":["champ:FanOfKnives","champ:AdrenalArmor"],"picked":"champ:ShieldWall","floor":31},{"not_picked":["champ:FanOfKnives","champ:DefensiveShout+1"],"picked":"champ:Backstep+1","floor":32}],"player_experience":3220140,"relics_obtained":[{"floor":2,"key":"LetterFromLob"},{"floor":7,"key":"Vajra"},{"floor":24,"key":"Mercury Hourglass"},{"floor":25,"key":"ReplayTheSpireMod:Lightbulb"}],"event_choices":[{"damage_healed":0,"gold_gain":0,"player_choice":"Got Potions","damage_taken":0,"max_hp_gain":0,"max_hp_loss":0,"event_name":"Lab","floor":5,"gold_loss":0}],"is_beta":false,"boss_relics":[{"not_picked":["Velvet Choker","infinitespire:Cupcake"],"picked":"SlaversCollar"}],"items_purged_floors":[],"is_endless":false,"potions_floor_spawned":[8,9,11,16,20,22,27,29,30],"killed_by":"DF_ARCHETYPE_CLAW","ascension_level":0}}