{"host":"7ukkhvvme89nt444","time":1611615039,"event":{"mods":["BaseMod","Colored Map","Colored Powertips","Minty Spire (QoL Compilation)","Relic Stats","Slay-I","ojb\u0027s Better Paths Mod","ojb\u0027s Info Mod"],"gold_per_floor":[16,16,34,0,0,0,26,26,26,57,57,83,83,103,103,205,205,220,220,240,165,8,33,33,58,58,58,75,75,104,29,29,124,124,143,143,43,43,43,43],"floor_reached":39,"language":"ENG","playtime":3489,"items_purged":["Pain","Shame"],"score":574,"play_id":"3c919a41-9bf8-4bf8-828c-55d4b9948a91","local_time":"20210125235039","is_ascension_mode":true,"campfire_choices":[{"data":"FearNoEvil","floor":6.0,"key":"SMITH"},{"data":"BattleHymn","floor":11.0,"key":"SMITH"},{"data":"Meditate","floor":15.0,"key":"SMITH"},{"data":"Wallop","floor":24.0,"key":"SMITH"},{"data":"SashWhip","floor":32.0,"key":"SMITH"}],"circlet_count":0,"master_deck":["Strike_P+1","Strike_P","Defend_P+1","Defend_P","Defend_P+1","Defend_P+1","Eruption+1","Vigilance+1","LessonLearned+1","FearNoEvil+1","Protect","BattleHymn+1","Wallop+1","Meditate+1","SpiritShield+1","WheelKick","Prostrate","SashWhip+1","Decay","CutThroughFate","Ragnarok","Wallop+1","Sadistic Nature"],"relics":["PureWater","Du-Vu Doll","Mango","Ornamental Fan","Unceasing Top","Cursed Key","Orichalcum","Medical Kit","Lizard Tail","Letter Opener","Bottled Tornado","StoneCalendar","Juzu Bracelet","Runic Pyramid"],"acts_visited":["Exordium","TheCity","TheBeyond"],"potions_floor_usage":[],"damage_taken":[{"damage":0.0,"enemies":"Cultist","floor":1.0,"turns":2.0},{"damage":2.0,"enemies":"2 Louse","floor":3.0,"turns":2.0},{"damage":4.0,"enemies":"Gremlin Nob","floor":7.0,"turns":3.0},{"damage":8.0,"enemies":"Lagavulin","floor":10.0,"turns":4.0},{"damage":11.0,"enemies":"Gremlin Nob","floor":12.0,"turns":4.0},{"damage":0.0,"enemies":"Jaw Worm","floor":14.0,"turns":2.0},{"damage":0.0,"enemies":"Slime Boss","floor":16.0,"turns":5.0},{"damage":7.0,"enemies":"Shell Parasite","floor":18.0,"turns":2.0},{"damage":0.0,"enemies":"Spheric Guardian","floor":20.0,"turns":3.0},{"damage":13.0,"enemies":"Book of Stabbing","floor":23.0,"turns":4.0},{"damage":13.0,"enemies":"Gremlin Leader","floor":25.0,"turns":6.0},{"damage":3.0,"enemies":"Chosen and Byrds","floor":28.0,"turns":3.0},{"damage":15.0,"enemies":"Book of Stabbing","floor":30.0,"turns":3.0},{"damage":47.0,"enemies":"Automaton","floor":33.0,"turns":7.0},{"damage":15.0,"enemies":"3 Darklings","floor":35.0,"turns":4.0},{"damage":73,"enemies":"Donu and Deca","floor":39,"turns":6}],"seed_played":"1099638937029224459","potions_obtained":[{"floor":1.0,"key":"BottledMiracle"},{"floor":16.0,"key":"FearPotion"},{"floor":18.0,"key":"AttackPotion"},{"floor":28.0,"key":"FearPotion"},{"floor":30.0,"key":"GamblersBrew"},{"floor":35.0,"key":"Weak Potion"}],"is_trial":false,"path_per_floor":["M","T","M","?","?","R","E","$","T","E","R","E","?","M","R","B",null,"M","?","M","?","$","E","R","E","T","?","M","T","E","$","R","B",null,"M","?","$","?","B"],"character_chosen":"WATCHER","items_purchased":["Medical Kit"],"campfire_rested":0,"item_purchase_floors":[22],"current_hp_per_floor":[72,72,70,70,70,70,66,66,80,72,72,61,44,44,44,44,86,79,79,79,79,79,66,66,53,53,53,50,50,35,35,35,43,86,71,71,71,71,0,0],"gold":43,"neow_bonus":"THREE_RARE_CARDS","is_daily":false,"chose_seed":false,"campfire_upgraded":5,"win_rate":0.0,"timestamp":1611615039,"path_taken":["M","?","M","?","?","R","E","?","T","E","R","E","?","M","R","BOSS","M","?","M","?","$","E","R","E","T","?","?","?","E","$","R","BOSS","M","?","$","?","BOSS"],"items_purchased_type":["Relic"],"build_version":"2020-12-22","purchased_purges":2,"victory":false,"max_hp_per_floor":[72,72,72,72,72,72,72,72,86,86,86,86,86,86,86,86,86,86,86,86,86,86,86,86,86,86,86,86,86,86,86,86,86,86,86,86,86,86,86,86],"relic_stats":{"Lizard Tail":43,"counters":[16,60],"Ornamental Fan":[76],"StoneCalendar":[12],"Juzu Bracelet":0,"Letter Opener":[41],"Orichalcum":[6],"Cursed Key":2,"Medical Kit":[0],"obtain_stats":[{"Mango":9,"StoneCalendar":29,"Juzu Bracelet":30,"Letter Opener":25,"Orichalcum":19,"Bottled Tornado":26,"Cursed Key":17,"Medical Kit":22,"Du-Vu Doll":7,"Lizard Tail":23,"Ornamental Fan":10,"PureWater":0,"Unceasing Top":12,"Runic Pyramid":34},{"Mango":3,"StoneCalendar":12,"Juzu Bracelet":13,"Letter Opener":11,"Orichalcum":8,"Bottled Tornado":11,"Cursed Key":7,"Medical Kit":9,"Du-Vu Doll":3,"Lizard Tail":10,"Ornamental Fan":4,"PureWater":0,"Unceasing Top":5,"Runic Pyramid":14},{"Mango":7,"StoneCalendar":40,"Juzu Bracelet":43,"Letter Opener":37,"Orichalcum":24,"Bottled Tornado":37,"Cursed Key":22,"Medical Kit":27,"Du-Vu Doll":7,"Lizard Tail":31,"Ornamental Fan":11,"PureWater":0,"Unceasing Top":15,"Runic Pyramid":50}],"Unceasing Top":[1]},"card_choices":[{"not_picked":["Alpha","Wish"],"picked":"LessonLearned","floor":0.0},{"not_picked":["EmptyBody","CutThroughFate"],"picked":"FearNoEvil","floor":1.0},{"not_picked":["FlyingSleeves","Indignation"],"picked":"Protect","floor":3.0},{"not_picked":["Crescendo","Wireheading"],"picked":"BattleHymn","floor":7.0},{"not_picked":["Evaluate","Sanctity"],"picked":"Wallop","floor":10.0},{"not_picked":["EmptyBody","BowlingBash"],"picked":"Meditate","floor":12.0},{"not_picked":["Crescendo","Protect","EmptyFist"],"picked":"SKIP","floor":14.0},{"not_picked":["LessonLearned","Omniscience"],"picked":"SpiritShield","floor":16.0},{"not_picked":["ForeignInfluence","Perseverance","PathToVictory"],"picked":"SKIP","floor":18.0},{"not_picked":["CrushJoints","FlurryOfBlows"],"picked":"WheelKick","floor":20.0},{"not_picked":["FollowUp","EmptyBody","Prostrate"],"picked":"SKIP","floor":23.0},{"not_picked":["FollowUp","EmptyBody","Prostrate"],"picked":"SKIP","floor":23.0},{"not_picked":["FollowUp","EmptyBody"],"picked":"Prostrate","floor":23.0},{"not_picked":["Wallop","ThirdEye+1"],"picked":"SashWhip","floor":25.0},{"not_picked":["PathToVictory+1","EmptyFist","Crescendo"],"picked":"SKIP","floor":28.0},{"not_picked":["BowlingBash","Wireheading"],"picked":"CutThroughFate","floor":30.0},{"not_picked":["Alpha","Brilliance"],"picked":"Ragnarok","floor":33.0},{"not_picked":["JustLucky+1","MentalFortress"],"picked":"Wallop+1","floor":35.0},{"not_picked":["Swift Strike","Bandage Up"],"picked":"Sadistic Nature","floor":36.0}],"player_experience":450087,"relics_obtained":[{"floor":7.0,"key":"Du-Vu Doll"},{"floor":9.0,"key":"Mango"},{"floor":10.0,"key":"Ornamental Fan"},{"floor":12.0,"key":"Unceasing Top"},{"floor":23.0,"key":"Lizard Tail"},{"floor":25.0,"key":"Letter Opener"},{"floor":26.0,"key":"Bottled Tornado"},{"floor":29.0,"key":"StoneCalendar"},{"floor":30.0,"key":"Juzu Bracelet"}],"event_choices":[{"damage_healed":0.0,"max_hp_gain":0.0,"max_hp_loss":0.0,"gold_gain":0.0,"event_name":"World of Goop","player_choice":"Left Gold","floor":4.0,"gold_loss":34.0,"damage_taken":0.0},{"damage_healed":0.0,"max_hp_gain":0.0,"max_hp_loss":0.0,"gold_gain":0.0,"event_name":"Liars Game","player_choice":"Ignored","floor":5.0,"gold_loss":0.0,"damage_taken":0.0},{"damage_healed":0.0,"max_hp_gain":0.0,"max_hp_loss":0.0,"gold_gain":0.0,"event_name":"Shining Light","player_choice":"Entered Light","floor":13.0,"gold_loss":0.0,"damage_taken":17.0,"cards_upgraded":["Defend_P","Defend_P"]},{"damage_healed":0.0,"max_hp_gain":0.0,"max_hp_loss":0.0,"gold_gain":0.0,"event_name":"Addict","player_choice":"Stole Relic","floor":19.0,"gold_loss":0.0,"damage_taken":0.0,"relics_obtained":["Orichalcum"],"cards_obtained":["Shame"]},{"cards_removed":["Strike_P"],"damage_healed":0.0,"max_hp_gain":0.0,"max_hp_loss":0.0,"gold_gain":0.0,"event_name":"Beggar","player_choice":"Gave Gold","floor":21.0,"gold_loss":75.0,"damage_taken":0.0},{"cards_removed":["Strike_P"],"damage_healed":0.0,"max_hp_gain":0.0,"max_hp_loss":0.0,"gold_gain":0.0,"event_name":"Bonfire Elementals","player_choice":"Offered Basic","floor":27.0,"gold_loss":0.0,"damage_taken":0.0},{"damage_healed":0.0,"max_hp_gain":0.0,"max_hp_loss":0.0,"gold_gain":0.0,"event_name":"SensoryStone","player_choice":"Memory 1","floor":36.0,"gold_loss":0.0,"damage_taken":0.0},{"damage_healed":0.0,"max_hp_gain":0.0,"max_hp_loss":0.0,"gold_gain":0.0,"event_name":"SecretPortal","player_choice":"Took Portal","floor":38.0,"gold_loss":0.0,"damage_taken":0.0}],"is_beta":false,"boss_relics":[{"not_picked":["Empty Cage","Snecko Eye"],"picked":"Cursed Key"},{"not_picked":["Pandora\u0027s Box","Sozu"],"picked":"Runic Pyramid"}],"items_purged_floors":[31,37],"is_endless":false,"potions_floor_spawned":[1,16,18,28,30,35],"killed_by":"Donu and Deca","ascension_level":3}}