{"host":"z7byfb4bpt09dh7e","time":1611542609,"event":{"mods":["Aspiration","BaseMod","BetterRewards","Displayed Cursed Tome","Downfall","Infinite Spire","Minty Spire (QoL Compilation)","StSLib","The Blue Laboratory","Uncapped"],"gold_per_floor":[109,129,51,51,126,126,141,157,157,43,55,55,70,86,86,189,189,204,229,229,248,267,267,307,330,330,330,349,349,349,374,374,374,374],"floor_reached":33,"language":"ENG","playtime":1367,"items_purged":[],"score":261,"play_id":"b8169327-e11a-471c-af31-092bdc3a371c","local_time":"20210124214329","is_ascension_mode":false,"campfire_choices":[{"floor":6,"key":"REST"},{"floor":12,"key":"REST"},{"floor":15,"key":"RECALL"},{"floor":23,"key":"REST"},{"floor":27,"key":"REST"},{"floor":32,"key":"REST"}],"circlet_count":0,"master_deck":["Strike_B","Strike_B","Strike_B","Strike_B","Defend_B","Defend_B","Defend_B","Defend_B","Zap","Dualcast","Rebound","Sweeping Beam","Storm","infinitespire:Punishment","Seek","Turbo","Mind Blast","Steam","Storm","Storm","Seek","Thunder Strike","Redo","Conserve Battery","Capacitor+1","Blizzard","Barrage","Self Repair","Self Repair+1"],"relics":["FrozenCore","aspiration:Nostalgia","Ring of the Snake","Ornamental Fan","CeramicFish","aspiration:RitualStick","infinitespire:Bottled Soul","infinitespire:CheckeredPen"],"acts_visited":["Exordium","TheCity"],"potions_floor_usage":[24,33,33,33],"damage_taken":[{"damage":1,"enemies":"2 Louse","floor":1,"turns":2},{"damage":8,"enemies":"Jaw Worm","floor":2,"turns":3},{"damage":0,"enemies":"Cultist","floor":7,"turns":2},{"damage":11,"enemies":"Red Slaver","floor":8,"turns":3},{"damage":6,"enemies":"Blue Slaver","floor":11,"turns":2},{"damage":4,"enemies":"Looter","floor":13,"turns":2},{"damage":1,"enemies":"2 Fungi Beasts","floor":14,"turns":3},{"damage":16,"enemies":"Slime Boss","floor":16,"turns":4},{"damage":8,"enemies":"Chosen","floor":18,"turns":3},{"damage":0,"enemies":"Spheric Guardian","floor":21,"turns":1},{"damage":16,"enemies":"Snecko","floor":22,"turns":5},{"damage":22,"enemies":"Gremlin Leader","floor":24,"turns":5},{"damage":0,"enemies":"3 Cultists","floor":25,"turns":5},{"damage":34,"enemies":"Shelled Parasite and Fungi","floor":28,"turns":5},{"damage":4,"enemies":"Chosen and Byrds","floor":31,"turns":3},{"damage":64,"enemies":"Champ","floor":33,"turns":7}],"seed_played":"8826537432819322094","potions_obtained":[{"floor":8,"key":"blueLaboratory:SavagePotion"},{"floor":11,"key":"blueLaboratory:PolymorphPotion"},{"floor":13,"key":"Weak Potion"},{"floor":18,"key":"Swift Potion"},{"floor":24,"key":"DuplicationPotion"}],"is_trial":false,"path_per_floor":["M","M","$","?","?","R","M","M","T","$","M","R","M","M","R","B",null,"M","T","?","M","M","R","E","M","T","R","M","?","?","M","R","B"],"character_chosen":"DEFECT","items_purchased":["Storm","Mind Blast","Steam"],"campfire_rested":5,"item_purchase_floors":[3,10,10],"current_hp_per_floor":[74,66,66,48,41,63,63,52,52,52,46,68,64,63,63,47,75,67,67,52,52,36,58,36,36,36,58,24,24,24,27,49,0,0],"gold":374,"neow_bonus":"NOSTALGIA","is_daily":false,"chose_seed":false,"campfire_upgraded":0,"win_rate":0.0,"timestamp":1611542609,"path_taken":["M","M","$","?","?","R","M","M","T","$","?","R","M","M","R","BOSS","M","?","?","M","M","R","E","M","T","R","M","?","?","M","R","BOSS"],"items_purchased_type":["Card","Card","Card"],"build_version":"2020-12-22","purchased_purges":0,"victory":false,"max_hp_per_floor":[75,75,75,75,75,75,75,75,75,75,75,75,75,75,75,75,75,75,75,75,75,75,75,75,75,75,75,75,75,75,75,75,75,75],"card_choices":[{"not_picked":["Turbo","Fusion"],"picked":"Rebound","floor":1},{"not_picked":["Recycle","Cold Snap"],"picked":"Sweeping Beam","floor":2},{"not_picked":["infinitespire:Fortify","infinitespire:UltimateForm"],"picked":"infinitespire:Punishment","floor":4},{"not_picked":["Steam","Aggregate"],"picked":"Seek","floor":7},{"not_picked":["Go for the Eyes","Compile Driver"],"picked":"Turbo","floor":8},{"not_picked":["Streamline","Compile Driver"],"picked":"Storm","floor":11},{"not_picked":["Turbo","Gash"],"picked":"Storm","floor":13},{"not_picked":["Hologram","Double Energy"],"picked":"Seek","floor":14},{"not_picked":["Hyperbeam","Core Surge"],"picked":"Thunder Strike","floor":16},{"not_picked":["Coolheaded","Leap"],"picked":"Redo","floor":18},{"not_picked":["Cold Snap+1","Reboot"],"picked":"Conserve Battery","floor":21},{"not_picked":["Doom and Gloom","Go for the Eyes"],"picked":"Capacitor+1","floor":22},{"not_picked":["Thunder Strike","Turbo"],"picked":"Blizzard","floor":24},{"not_picked":["Sunder","Gash+1"],"picked":"Barrage","floor":25},{"not_picked":["Conserve Battery","Sweeping Beam+1"],"picked":"Self Repair","floor":28},{"not_picked":["Leap","Amplify"],"picked":"Self Repair+1","floor":31}],"player_experience":292991,"relics_obtained":[{"floor":9,"key":"Ornamental Fan"},{"floor":19,"key":"CeramicFish"},{"floor":24,"key":"infinitespire:Bottled Soul"},{"floor":26,"key":"infinitespire:CheckeredPen"}],"event_choices":[{"damage_healed":0,"gold_gain":75,"player_choice":"Touch","damage_taken":7,"max_hp_gain":0,"max_hp_loss":0,"event_name":"FaceTrader","floor":5,"gold_loss":0},{"damage_healed":0,"gold_gain":0,"player_choice":"Ignored","damage_taken":0,"max_hp_gain":0,"max_hp_loss":0,"event_name":"Vampires","floor":29,"gold_loss":0},{"damage_healed":0,"gold_gain":0,"player_choice":"Ignored","damage_taken":0,"max_hp_gain":0,"max_hp_loss":0,"event_name":"Beggar","floor":30,"gold_loss":0}],"is_beta":false,"boss_relics":[{"not_picked":["SacredBark","aspiration:SecretTechniqueScroll"],"picked":"FrozenCore"}],"items_purged_floors":[],"is_endless":false,"potions_floor_spawned":[8,11,13,18,24,31],"killed_by":"Champ","ascension_level":0}}