{"host":"f5gffvlv6a66yqkd","time":1611575311,"event":{"mods":["2.2 Compatiblity","BaseMod","Colored Map","Custom Start","DeckTracker","Keyboard Shortcuts","Minty Spire (QoL Compilation)","Permanent Neow","Quick Restart","Relic Stats","StSLib","SuperFastMode"],"gold_per_floor":[116,130,55,55,75,75,0,0,0,18,31,31,31,41,41,118,118,135,135,146,162,182,182,211,211,262,262,262,177,206,206,206],"floor_reached":31,"language":"KOR","playtime":660,"items_purged":["Defend_G"],"score":530,"play_id":"777c6793-f42d-4cf9-97af-bb181fc8bb7e","local_time":"20210125204831","is_ascension_mode":true,"campfire_choices":[{"data":"Deadly Poison","floor":6.0,"key":"SMITH"},{"data":"Footwork","floor":8.0,"key":"SMITH"},{"data":"Crippling Poison","floor":13.0,"key":"SMITH"},{"data":"Neutralize","floor":15.0,"key":"SMITH"},{"floor":23.0,"key":"REST"},{"data":"Malaise","floor":25.0,"key":"SMITH"},{"floor":27.0,"key":"RECALL"}],"circlet_count":0,"master_deck":["AscendersBane","Strike_G","Strike_G","Strike_G","Strike_G","Strike_G","Defend_G","Defend_G","Survivor","Neutralize+1","Expertise","Quick Slash","Deadly Poison+1","Flying Knee","Footwork+1","Crippling Poison+1","Malaise+1"],"relics":["Ring of the Snake","Bronze Scales","White Beast Statue","Busted Crown","Regal Pillow","Omamori","Lantern","Ancient Tea Set"],"acts_visited":["Exordium","TheCity"],"potions_floor_usage":[31],"damage_taken":[{"damage":1.0,"enemies":"Small Slimes","floor":1.0,"turns":3.0},{"damage":2.0,"enemies":"2 Louse","floor":2.0,"turns":3.0},{"damage":1.0,"enemies":"Cultist","floor":5.0,"turns":4.0},{"damage":6.0,"enemies":"2 Fungi Beasts","floor":10.0,"turns":3.0},{"damage":1.0,"enemies":"3 Louse","floor":11.0,"turns":2.0},{"damage":10.0,"enemies":"Exordium Thugs","floor":14.0,"turns":4.0},{"damage":13.0,"enemies":"Hexaghost","floor":16.0,"turns":8.0},{"damage":8.0,"enemies":"Spheric Guardian","floor":18.0,"turns":3.0},{"damage":8.0,"enemies":"Shell Parasite","floor":20.0,"turns":5.0},{"damage":9.0,"enemies":"Snake Plant","floor":21.0,"turns":4.0},{"damage":25.0,"enemies":"Centurion and Healer","floor":22.0,"turns":7.0},{"damage":6.0,"enemies":"Book of Stabbing","floor":24.0,"turns":6.0},{"damage":40.0,"enemies":"Gremlin Leader","floor":30.0,"turns":10.0},{"damage":6,"enemies":"3 Cultists","floor":31,"turns":2}],"seed_played":"898751915905497730","potions_obtained":[{"floor":1.0,"key":"Weak Potion"},{"floor":5.0,"key":"Fire Potion"},{"floor":11.0,"key":"DuplicationPotion"},{"floor":21.0,"key":"Energy Potion"},{"floor":24.0,"key":"EssenceOfSteel"},{"floor":30.0,"key":"ColorlessPotion"}],"is_trial":false,"path_per_floor":["M","M","$","?","M","R","$","R","T","M","M","?","R","M","R","B",null,"M","?","M","M","M","R","E","R","T","R","?","?","E","M"],"character_chosen":"THE_SILENT","items_purchased":["Footwork"],"campfire_rested":1,"item_purchase_floors":[7],"current_hp_per_floor":[43,41,41,30,29,29,29,29,29,23,22,27,27,17,17,4,54,46,71,63,54,29,50,44,44,44,44,44,44,4,0,0],"gold":206,"neow_bonus":"TRANSFORM_TWO_CARDS","is_daily":false,"chose_seed":false,"campfire_upgraded":5,"win_rate":0.0,"timestamp":1611575311,"path_taken":["M","M","$","?","M","R","$","R","T","M","M","?","R","M","R","BOSS","M","?","?","M","M","R","E","R","T","R","?","?","E","?"],"items_purchased_type":["Card"],"build_version":"2020-12-22","purchased_purges":1,"victory":false,"max_hp_per_floor":[66,66,66,66,66,66,66,66,66,66,66,71,71,71,71,71,71,71,71,71,71,71,71,71,71,71,71,71,71,71,71,71],"relic_stats":{"Regal Pillow":0,"Busted Crown":12,"counters":[14,64],"Bronze Scales":[200],"obtain_stats":[{"Regal Pillow":24,"Lantern":29,"Busted Crown":17,"Bronze Scales":4,"Omamori":26,"Ancient Tea Set":30,"White Beast Statue":9,"Ring of the Snake":0},{"Regal Pillow":12,"Lantern":12,"Busted Crown":7,"Bronze Scales":2,"Omamori":12,"Ancient Tea Set":13,"White Beast Statue":3,"Ring of the Snake":0},{"Regal Pillow":52,"Lantern":52,"Busted Crown":27,"Bronze Scales":6,"Omamori":52,"Ancient Tea Set":62,"White Beast Statue":10,"Ring of the Snake":0}],"Ring of the Snake":[28]},"card_choices":[{"not_picked":["Prepared","Dodge and Roll"],"picked":"Well Laid Plans","floor":1.0},{"not_picked":["Expertise","Dagger Throw"],"picked":"Deadly Poison","floor":2.0},{"not_picked":["Dodge and Roll","Distraction"],"picked":"Flying Knee","floor":5.0},{"not_picked":["Tactician","Slice"],"picked":"Crippling Poison","floor":10.0},{"not_picked":["Skewer","Outmaneuver","Deadly Poison"],"picked":"SKIP","floor":11.0},{"not_picked":["Choke","Setup","Slice"],"picked":"SKIP","floor":14.0},{"not_picked":["Phantasmal Killer","Die Die Die"],"picked":"Malaise","floor":16.0},{"not_picked":["Dagger Spray"],"picked":"SKIP","floor":18.0},{"not_picked":["Dagger Throw"],"picked":"SKIP","floor":20.0},{"not_picked":["Acrobatics"],"picked":"SKIP","floor":21.0},{"not_picked":["Slice"],"picked":"SKIP","floor":22.0},{"not_picked":["Sucker Punch"],"picked":"SKIP","floor":24.0},{"not_picked":["A Thousand Cuts"],"picked":"SKIP","floor":30.0}],"player_experience":1619146,"relics_obtained":[{"floor":9.0,"key":"White Beast Statue"},{"floor":24.0,"key":"Regal Pillow"},{"floor":26.0,"key":"Omamori"},{"floor":30.0,"key":"Ancient Tea Set"}],"event_choices":[{"damage_healed":0.0,"max_hp_gain":0.0,"max_hp_loss":0.0,"gold_gain":0.0,"event_name":"Scrap Ooze","player_choice":"Success","floor":4.0,"gold_loss":0.0,"damage_taken":11.0,"relics_obtained":["Bronze Scales"]},{"damage_healed":0.0,"max_hp_gain":5.0,"max_hp_loss":0.0,"gold_gain":0.0,"event_name":"Big Fish","player_choice":"Donut","floor":12.0,"gold_loss":0.0,"damage_taken":0.0},{"cards_removed":["Well Laid Plans"],"damage_healed":25.0,"max_hp_gain":0.0,"max_hp_loss":0.0,"gold_gain":0.0,"event_name":"Bonfire Elementals","player_choice":"Offered Uncommon","floor":19.0,"gold_loss":0.0,"damage_taken":0.0},{"damage_healed":0.0,"max_hp_gain":0.0,"max_hp_loss":0.0,"gold_gain":0.0,"event_name":"Vampires","player_choice":"Ignored","floor":28.0,"gold_loss":0.0,"damage_taken":0.0},{"damage_healed":0.0,"max_hp_gain":0.0,"max_hp_loss":0.0,"gold_gain":0.0,"event_name":"Addict","player_choice":"Obtained Relic","floor":29.0,"gold_loss":85.0,"damage_taken":0.0,"relics_obtained":["Lantern"]}],"is_beta":false,"boss_relics":[{"not_picked":["WristBlade","Sozu"],"picked":"Busted Crown"}],"items_purged_floors":[3],"is_endless":false,"potions_floor_spawned":[1,5,10,11,14,16,18,20,21,22,24,30],"killed_by":"3 Cultists","ascension_level":20}}