{"host":"yqa5il53nhlo2jdd","time":1611557279,"event":{"mods":["AchievementEnabler","Arknights The Spire","BaseMod","BetterRewards","Minty Spire (QoL Compilation)","StSLib","[IsaacMod]ÒÔÈö¼âËþ"],"gold_per_floor":[14,14,14,25,39,39,54,54,77,91,104,104,4,4,4,104,104,122,122,122,133,133,133,151,151,178,178,196,296,296,324,324,425,425,438,256,256,269,283,283,283,283,364,414,441,441,441,82,82,82],"floor_reached":51,"language":"ZHS","playtime":2910,"items_purged":["ats:Strike V","ats:Strike G","ats:Defend","ats:Defend"],"score":1245,"play_id":"04256921-e888-4dfa-8c71-81b12d0a1421","local_time":"20210125144759","is_ascension_mode":true,"campfire_choices":[{"data":"ats:Soul Absorption","floor":6.0,"key":"SMITH"},{"data":"ats:Emotion Absorption","floor":8.0,"key":"SMITH"},{"data":"ats:Burning Ground","floor":12.0,"key":"SMITH"},{"data":"ats:Very Hot Blade","floor":15.0,"key":"SMITH"},{"data":"Finesse","floor":23.0,"key":"SMITH"},{"data":"ats:Sashimi Platter","floor":25.0,"key":"SMITH"},{"data":"ats:Apocalypse","floor":32.0,"key":"SMITH"},{"data":"ats:Echo Reverb","floor":40,"key":"SMITH"},{"data":"ats:Armor Crushing Shot","floor":49,"key":"SMITH"}],"circlet_count":0,"master_deck":["ats:Strike C","ats:Armor Crushing Shot+1","ats:Defend+1","ats:Defend","ats:Emotion Absorption+1","ats:Soul Absorption+1","Finesse+1","ats:Apocalypse+1","ats:Burning Ground+1","ats:Very Hot Blade+1","ats:Echo Reverb+1","Master of Strategy+1"],"relics":["ats:Sanity","HushsDoor","YumHeart","Lantern","ClockworkSouvenir","Pantograph","Juzu Bracelet","BelialBook","EdensBlessing","The Courier","Red Mask","Busted Crown","Darkstone Periapt","DeathBook","ats:Originium","Vajra","War Paint","Habit","Oddly Smooth Stone"],"acts_visited":["Exordium","TheCity","TheBeyond"],"potions_floor_usage":[39,45,50,50],"damage_taken":[{"damage":8.0,"enemies":"Cultist","floor":1.0,"turns":5.0},{"damage":8.0,"enemies":"Jaw Worm","floor":4.0,"turns":5.0},{"damage":4.0,"enemies":"Small Slimes","floor":5.0,"turns":5.0},{"damage":21.0,"enemies":"Exordium Wildlife","floor":7.0,"turns":8.0},{"damage":17.0,"enemies":"Exordium Thugs","floor":10.0,"turns":4.0},{"damage":3.0,"enemies":"Large Slime","floor":11.0,"turns":5.0},{"damage":46.0,"enemies":"Slime Boss","floor":16.0,"turns":10.0},{"damage":4.0,"enemies":"Chosen","floor":18.0,"turns":5.0},{"damage":37.0,"enemies":"Shell Parasite","floor":21.0,"turns":9.0},{"damage":13.0,"enemies":"Centurion and Healer","floor":24.0,"turns":7.0},{"damage":14.0,"enemies":"Snake Plant","floor":28.0,"turns":3.0},{"damage":12.0,"enemies":"Colosseum Slavers","floor":29.0,"turns":5.0},{"damage":36.0,"enemies":"Colosseum Nobs","floor":29.0,"turns":5.0},{"damage":7.0,"enemies":"Masked Bandits","floor":31.0,"turns":3.0},{"damage":74.0,"enemies":"Collector","floor":33.0,"turns":9.0},{"damage":8.0,"enemies":"3 Shapes","floor":35.0,"turns":5.0},{"damage":2.0,"enemies":"Orb Walker","floor":38.0,"turns":3.0},{"damage":34,"enemies":"Jaw Worm Horde","floor":39,"turns":5},{"damage":6,"enemies":"Mind Bloom Boss Battle","floor":44,"turns":7},{"damage":33,"enemies":"Nemesis","floor":45,"turns":5},{"damage":16,"enemies":"Donu and Deca","floor":50,"turns":7}],"seed_played":"2481433556388871208","potions_obtained":[{"floor":4.0,"key":"Energy Potion"},{"floor":10.0,"key":"CultistPotion"},{"floor":14.0,"key":"DistilledChaos"},{"floor":14.0,"key":"Fire Potion"},{"floor":16.0,"key":"GamblersBrew"},{"floor":21.0,"key":"Fruit Juice"},{"floor":24.0,"key":"DistilledChaos"},{"floor":28.0,"key":"DuplicationPotion"},{"floor":35.0,"key":"Ancient Potion"},{"floor":38.0,"key":"BlessingOfTheForge"},{"floor":39,"key":"Swift Potion"},{"floor":45,"key":"SpeedPotion"}],"is_trial":false,"path_per_floor":["M","T","?","M","M","R","M","R","T","M","M","R","$","?","R","B",null,"M","$","?","M","?","R","M","R","T","?","M","?","?","?","R","B",null,"M","$","?","M","M","R","?","?","T","?","E","?","?","$","R","B",null],"character_chosen":"DOCTOR_CLASS","items_purchased":["Lantern","ats:Soul Absorption","Finesse","ClockworkSouvenir","Dexterity Potion","ats:Apocalypse","FairyPotion","Habit","Oddly Smooth Stone"],"campfire_rested":0,"item_purchase_floors":[0,0,0,0,0,0,36,48,48],"current_hp_per_floor":[62,62,62,64,65,65,70,70,70,65,72,72,72,72,72,49,66,72,72,72,61,61,61,71,71,71,71,77,53,53,61,61,68,75,77,77,77,77,70,70,70,70,70,73,70,70,55,55,55,57],"gold":82,"neow_bonus":"","is_daily":false,"chose_seed":false,"campfire_upgraded":9,"win_rate":0.0,"timestamp":1611557279,"path_taken":["M","?","?","?","M","R","M","R","T","M","M","R","?","?","R","BOSS","M","$","?","M","?","R","M","R","T","?","M","?","?","?","R","BOSS","M","$","?","M","M","R","?","?","T","?","E","?","?","?","R","BOSS"],"items_purchased_type":["Relic","Card","Card","Relic","Potion","Card","Potion","Relic","Relic"],"build_version":"2020-12-22","purchased_purges":4,"victory":true,"max_hp_per_floor":[72,72,72,72,72,72,72,72,72,72,72,72,72,72,72,72,72,72,72,72,77,77,77,77,77,77,77,77,77,77,77,77,77,77,77,77,77,77,77,77,77,73,73,73,73,73,73,73,73,73],"card_choices":[{"not_picked":["ats:Revitalization","ats:Absolute Focus","ats:Curse Doll"],"picked":"SKIP","floor":1.0},{"not_picked":["ats:Spore Proliferation","ats:Leaping Hammer","ats:Revitalization"],"picked":"SKIP","floor":4.0},{"not_picked":["ats:Apocalypse","ats:Flame Of Heaven"],"picked":"ats:Sashimi Platter","floor":5.0},{"not_picked":["ats:Blood Oath","ats:Wolf Pack"],"picked":"ats:Burning Ground","floor":7.0},{"not_picked":["ats:Hammer On","ats:Part Time Job","ats:Closed Bolt Burst Fire"],"picked":"SKIP","floor":10.0},{"not_picked":["ats:Serious Mode","ats:Hook Shot"],"picked":"ats:Very Hot Blade","floor":11.0},{"not_picked":["ats:Flexible Camouflage+1","ats:Flame Of Heaven+1","ats:Explosion Area Strengthen"],"picked":"SKIP","floor":18.0},{"not_picked":["ats:Flexible Camouflage+1","ats:Flame Of Heaven+1","ats:Explosion Area Strengthen"],"picked":"SKIP","floor":18.0},{"not_picked":["ats:Flexible Camouflage+1","ats:Flame Of Heaven+1","ats:Explosion Area Strengthen"],"picked":"SKIP","floor":18.0},{"not_picked":["ats:Rapid Magazine","ats:Closed Bolt Burst Fire","ats:Leaping Hammer"],"picked":"SKIP","floor":21.0},{"not_picked":["ats:Shell Defense","ats:Red Shift","ats:Assault Order"],"picked":"SKIP","floor":24.0},{"not_picked":["ats:Curse Doll","ats:Cat Scratch","ats:Red Shift"],"picked":"SKIP","floor":28.0},{"not_picked":["ats:Fractured Body","ats:Disruption Kick"],"picked":"ats:Echo Reverb","floor":33.0},{"not_picked":["ats:Healing Strengthening+1"],"picked":"SKIP","floor":35.0},{"not_picked":["ats:Blood Oath"],"picked":"SKIP","floor":38.0},{"not_picked":["ats:Leaping Hammer"],"picked":"SKIP","floor":39},{"not_picked":[],"picked":"Master of Strategy","floor":41},{"not_picked":["ats:Automatic Cover"],"picked":"SKIP","floor":45}],"player_experience":686739,"relics_obtained":[{"floor":2.0,"key":"Pantograph"},{"floor":9.0,"key":"Juzu Bracelet"},{"floor":26.0,"key":"BelialBook"},{"floor":29.0,"key":"EdensBlessing"},{"floor":29.0,"key":"The Courier"},{"floor":31.0,"key":"Red Mask"},{"floor":43,"key":"Darkstone Periapt"},{"floor":44,"key":"DeathBook"},{"floor":45,"key":"ats:Originium"},{"floor":45,"key":"Vajra"}],"event_choices":[{"damage_healed":0.0,"max_hp_gain":0.0,"max_hp_loss":0.0,"gold_gain":0.0,"event_name":"Liars Game","player_choice":"Ignored","floor":3.0,"gold_loss":0.0,"damage_taken":0.0},{"damage_healed":0.0,"max_hp_gain":0.0,"max_hp_loss":0.0,"gold_gain":0.0,"event_name":"Lab","player_choice":"Got Potions","floor":14.0,"gold_loss":0.0,"damage_taken":0.0},{"damage_healed":0.0,"max_hp_gain":0.0,"max_hp_loss":0.0,"gold_gain":0.0,"event_name":"Cursed Tome","player_choice":"Ignored","floor":22.0,"gold_loss":0.0,"damage_taken":0.0},{"cards_removed":["ats:Strike S"],"damage_healed":0.0,"max_hp_gain":0.0,"max_hp_loss":0.0,"gold_gain":0.0,"event_name":"Back to Basics","player_choice":"Elegance","floor":27.0,"gold_loss":0.0,"damage_taken":0.0},{"damage_healed":0.0,"max_hp_gain":0.0,"max_hp_loss":0.0,"gold_gain":0.0,"event_name":"Colosseum","player_choice":"Fight","floor":29.0,"gold_loss":0.0,"damage_taken":0.0},{"damage_healed":0.0,"max_hp_gain":0.0,"max_hp_loss":0.0,"gold_gain":0.0,"event_name":"Colosseum","player_choice":"Fought Nobs","floor":29.0,"gold_loss":0.0,"damage_taken":0.0},{"damage_healed":0.0,"max_hp_gain":0.0,"max_hp_loss":0.0,"gold_gain":0.0,"event_name":"The Mausoleum","player_choice":"Ignored","floor":30.0,"gold_loss":0.0,"damage_taken":0.0},{"damage_healed":0.0,"max_hp_gain":0.0,"max_hp_loss":0.0,"gold_gain":0.0,"event_name":"Masked Bandits","player_choice":"Fought Bandits","floor":31.0,"gold_loss":0.0,"damage_taken":0.0},{"damage_healed":0.0,"max_hp_gain":0.0,"max_hp_loss":0.0,"gold_gain":0.0,"event_name":"Mysterious Sphere","player_choice":"Ignored","floor":37.0,"gold_loss":0.0,"damage_taken":0.0},{"damage_healed":0,"gold_gain":0,"player_choice":"Memory 1","damage_taken":0,"max_hp_gain":0,"max_hp_loss":0,"event_name":"SensoryStone","floor":41,"gold_loss":0},{"damage_healed":0,"gold_gain":0,"player_choice":"Max HP","damage_taken":0,"max_hp_gain":0,"max_hp_loss":4,"event_name":"Winding Halls","floor":42,"gold_loss":0},{"damage_healed":0,"gold_gain":0,"player_choice":"Fight","damage_taken":0,"max_hp_gain":0,"max_hp_loss":0,"event_name":"MindBloom","floor":44,"gold_loss":0},{"cards_removed":["ats:Sashimi Platter"],"damage_healed":0,"gold_gain":0,"player_choice":"Removed Attack","damage_taken":0,"max_hp_gain":0,"max_hp_loss":0,"event_name":"Falling","floor":46,"gold_loss":0}],"is_beta":false,"boss_relics":[{"not_picked":["Snecko Eye","Velvet Choker","Runic Dome"]},{"not_picked":["ats:Sanity Plus","Black Star"],"picked":"Busted Crown"},{"not_picked":[]}],"items_purged_floors":[0,13,36,48],"is_endless":false,"potions_floor_spawned":[4,10,16,21,24,28,35,38,39,45],"ascension_level":7}}