{"host":"g2yp6paluzgljz05","time":1611576962,"event":{"mods":["BaseMod","Bestiary","Colored Powertips","DeckTracker","Highlight Path","Minty Spire (QoL Compilation)","Quick Restart"],"gold_per_floor":[116,136,153,171,346,346,377,377,377,377,387,387,422,441,441,540,540,557,572,582,582,582,582,592,623,623,232,232,87,87,100,100,200,200,212,267,267,53,53,53,87,87,112,126,126,145,23,73,73,73,73,73,18,50,50,50],"floor_reached":55,"language":"ENG","playtime":3893,"items_purged":["Doubt","Decay","Strike_R"],"score":873,"play_id":"1ecf137f-db1f-474d-9b65-25f9b1f932bd","local_time":"20210125231602","is_ascension_mode":true,"campfire_choices":[{"data":"Bash","floor":6,"key":"SMITH"},{"data":"Heavy Blade","floor":8,"key":"SMITH"},{"floor":10,"key":"REST"},{"data":"True Grit","floor":15,"key":"SMITH"},{"floor":23,"key":"REST"},{"data":"Berserk","floor":28,"key":"SMITH"},{"floor":30,"key":"REST"},{"floor":32,"key":"REST"},{"data":"Flame Barrier","floor":40,"key":"SMITH"},{"floor":45,"key":"RECALL"},{"data":"Flex","floor":49,"key":"SMITH"},{"data":"Cleave","floor":52,"key":"SMITH"}],"circlet_count":0,"master_deck":["Strike_R","Defend_R","Defend_R","Defend_R+1","Bash+1","Cleave+1","Heavy Blade+1","Flame Barrier+1","Shrug It Off+1","Impervious","True Grit+1","Berserk+1","Headbutt+1","Fiend Fire+1","Limit Break+1","Spot Weakness","Metallicize","Battle Trance+1","Chrysalis","Whirlwind+1","Flex+1","Inflame"],"relics":["Burning Blood","NeowsBlessing","Meat on the Bone","Incense Burner","Thread and Needle","War Paint","Astrolabe","Enchiridion","The Courier","Kunai","Anchor","Pear","Runic Pyramid","Du-Vu Doll","ClockworkSouvenir","Shuriken","Happy Flower","Lizard Tail","Pen Nib"],"acts_visited":["Exordium","TheCity","TheBeyond","TheEnding"],"potions_floor_usage":[11,16,16,25,36,55,55],"damage_taken":[{"damage":0,"enemies":"Cultist","floor":1,"turns":1},{"damage":0,"enemies":"Small Slimes","floor":2,"turns":1},{"damage":0,"enemies":"2 Louse","floor":3,"turns":1},{"damage":6,"enemies":"Looter","floor":4,"turns":4},{"damage":55,"enemies":"Lagavulin","floor":7,"turns":8},{"damage":12,"enemies":"Blue Slaver","floor":11,"turns":5},{"damage":8,"enemies":"3 Sentries","floor":13,"turns":9},{"damage":0,"enemies":"2 Fungi Beasts","floor":14,"turns":5},{"damage":62,"enemies":"Slime Boss","floor":16,"turns":23},{"damage":2,"enemies":"Shell Parasite","floor":18,"turns":9},{"damage":11,"enemies":"Chosen","floor":19,"turns":8},{"damage":29,"enemies":"Snecko","floor":20,"turns":5},{"damage":15,"enemies":"Snake Plant","floor":24,"turns":3},{"damage":38,"enemies":"Book of Stabbing","floor":25,"turns":5},{"damage":38,"enemies":"3 Cultists","floor":31,"turns":6},{"damage":27,"enemies":"Automaton","floor":33,"turns":9},{"damage":4,"enemies":"Orb Walker","floor":35,"turns":3},{"damage":61,"enemies":"2 Orb Walkers","floor":36,"turns":6},{"damage":23,"enemies":"Giant Head","floor":41,"turns":7},{"damage":31,"enemies":"3 Darklings","floor":44,"turns":7},{"damage":4,"enemies":"Spire Growth","floor":46,"turns":4},{"damage":0,"enemies":"Mind Bloom Boss Battle","floor":48,"turns":4},{"damage":31,"enemies":"Donu and Deca","floor":50,"turns":7},{"damage":41,"enemies":"Shield and Spear","floor":54,"turns":5},{"damage":89,"enemies":"The Heart","floor":55,"turns":5}],"seed_played":"-8678613171915847578","potions_obtained":[{"floor":2,"key":"Explosive Potion"},{"floor":7,"key":"Ancient Potion"},{"floor":11,"key":"BloodPotion"},{"floor":13,"key":"DuplicationPotion"},{"floor":14,"key":"Dexterity Potion"},{"floor":19,"key":"ElixirPotion"},{"floor":31,"key":"SkillPotion"},{"floor":33,"key":"PowerPotion"},{"floor":41,"key":"FearPotion"},{"floor":44,"key":"AttackPotion"}],"is_trial":false,"path_per_floor":["M","M","M","M","?","R","E","R","T","R","M","?","E","M","R","B",null,"M","M","M","?","?","R","M","E","T","$","R","$","R","M","R","B",null,"M","?","?","$","?","R","E","?","T","M","R","M","$","?","R","B",null,"R","$","E","B"],"character_chosen":"IRONCLAD","items_purchased":["Anchor","Pear","Metallicize","ClockworkSouvenir","Happy Flower","Inflame"],"campfire_rested":4,"item_purchase_floors":[27,27,29,38,47,53],"current_hp_per_floor":[80,80,80,80,80,80,31,31,31,55,65,65,63,69,69,25,66,70,65,54,54,38,62,53,33,33,43,43,43,70,50,77,56,82,84,41,41,41,79,79,62,62,62,49,49,51,51,57,57,44,70,70,70,47,0,0],"gold":50,"neow_bonus":"THREE_ENEMY_KILL","is_daily":false,"chose_seed":false,"campfire_upgraded":7,"win_rate":0.0,"timestamp":1611576962,"path_taken":["M","M","M","M","?","R","E","R","T","R","M","?","E","M","R","BOSS","M","M","?","?","?","R","M","E","T","$","R","$","R","M","R","BOSS","M","?","?","$","?","R","E","?","T","M","R","?","$","?","R","BOSS","R","$","E","BOSS"],"items_purchased_type":["Relic","Relic","Card","Relic","Relic","Card"],"build_version":"2020-12-22","purchased_purges":3,"victory":false,"max_hp_per_floor":[80,80,80,80,80,80,80,80,80,80,80,80,80,80,80,80,80,80,80,80,80,80,80,80,80,80,90,90,90,90,90,90,90,90,90,90,90,90,79,79,79,79,79,79,79,79,79,79,79,79,79,79,79,79,79,79],"card_choices":[{"not_picked":["Armaments","Thunderclap"],"picked":"Cleave","floor":1},{"not_picked":["Headbutt","Pummel"],"picked":"Heavy Blade","floor":2},{"not_picked":["Sword Boomerang","Entrench"],"picked":"Flame Barrier","floor":3},{"not_picked":["Burning Pact","Hemokinesis"],"picked":"Shrug It Off","floor":4},{"not_picked":["Warcry","Wild Strike","Sword Boomerang"],"picked":"SKIP","floor":7},{"not_picked":["Combust","Rampage","Reckless Charge"],"picked":"SKIP","floor":11},{"not_picked":["Clothesline","Shrug It Off"],"picked":"Impervious","floor":13},{"not_picked":["Dropkick","Infernal Blade"],"picked":"True Grit","floor":14},{"not_picked":["Double Tap","Reaper"],"picked":"Berserk","floor":16},{"not_picked":["Second Wind","Wild Strike"],"picked":"Spot Weakness","floor":18},{"not_picked":["Twin Strike","Clothesline","Pommel Strike"],"picked":"SKIP","floor":19},{"not_picked":["Shrug It Off","Armaments","Flex+1"],"picked":"SKIP","floor":20},{"not_picked":["Cleave","Headbutt+1","Wild Strike+1"],"picked":"SKIP","floor":24},{"not_picked":["Dual Wield+1","Flex","Headbutt"],"picked":"SKIP","floor":25},{"not_picked":["Shrug It Off+1","Perfected Strike","Clash+1"],"picked":"SKIP","floor":31},{"not_picked":["Pommel Strike","Flame Barrier","Entrench"],"picked":"SKIP","floor":35},{"not_picked":["Heavy Blade+1","Thunderclap+1"],"picked":"Battle Trance+1","floor":41},{"not_picked":["PanicButton","Panacea"],"picked":"Chrysalis","floor":42},{"not_picked":["Sword Boomerang+1","Havoc"],"picked":"Whirlwind+1","floor":44},{"not_picked":["Sword Boomerang","Iron Wave+1","Thunderclap"],"picked":"SKIP","floor":46},{"not_picked":["Shrug It Off","Body Slam"],"picked":"Flex","floor":48},{"not_picked":["Shrug It Off+1","Blood for Blood","Twin Strike"],"picked":"SKIP","floor":54}],"player_experience":266613,"relics_obtained":[{"floor":7,"key":"Meat on the Bone"},{"floor":9,"key":"Incense Burner"},{"floor":13,"key":"War Paint"},{"floor":22,"key":"Enchiridion"},{"floor":25,"key":"The Courier"},{"floor":26,"key":"Kunai"},{"floor":36,"key":"Du-Vu Doll"},{"floor":41,"key":"Shuriken"},{"floor":48,"key":"Lizard Tail"},{"floor":54,"key":"Pen Nib"}],"event_choices":[{"damage_healed":0,"gold_gain":175,"player_choice":"AGREE","damage_taken":0,"max_hp_gain":0,"max_hp_loss":0,"event_name":"Liars Game","floor":5,"gold_loss":0,"cards_obtained":["Doubt"]},{"damage_healed":0,"gold_gain":0,"player_choice":"Gave Potion","damage_taken":0,"relics_obtained":["Thread and Needle"],"max_hp_gain":0,"max_hp_loss":0,"event_name":"WeMeetAgain","floor":12,"gold_loss":0},{"damage_healed":0,"gold_gain":0,"player_choice":"Smashed Altar","damage_taken":0,"max_hp_gain":0,"max_hp_loss":0,"event_name":"Forgotten Altar","floor":21,"gold_loss":0,"cards_obtained":["Decay"]},{"damage_healed":0,"gold_gain":0,"player_choice":"Obtained Book","damage_taken":16,"max_hp_gain":0,"max_hp_loss":0,"event_name":"Cursed Tome","floor":22,"gold_loss":0},{"damage_healed":0,"gold_gain":0,"player_choice":"Fight","damage_taken":0,"max_hp_gain":0,"max_hp_loss":0,"event_name":"Mysterious Sphere","floor":36,"gold_loss":0},{"cards_removed":["Defend_R"],"damage_healed":0,"gold_gain":0,"player_choice":"Removed Skill","damage_taken":0,"max_hp_gain":0,"max_hp_loss":0,"event_name":"Falling","floor":37,"gold_loss":0},{"damage_healed":79,"gold_gain":0,"player_choice":"Heal","damage_taken":0,"max_hp_gain":0,"max_hp_loss":11,"event_name":"The Moai Head","floor":39,"gold_loss":0},{"damage_healed":0,"gold_gain":0,"player_choice":"Memory 1","damage_taken":0,"max_hp_gain":0,"max_hp_loss":0,"event_name":"SensoryStone","floor":42,"gold_loss":0},{"damage_healed":0,"gold_gain":0,"player_choice":"Fight","damage_taken":0,"max_hp_gain":0,"max_hp_loss":0,"event_name":"MindBloom","floor":48,"gold_loss":0}],"is_beta":false,"boss_relics":[{"not_picked":["Runic Dome","Snecko Eye"],"picked":"Astrolabe"},{"not_picked":["SlaversCollar","Empty Cage"],"picked":"Runic Pyramid"}],"items_purged_floors":[27,29,38],"is_endless":false,"potions_floor_spawned":[2,7,11,13,14,19,31,33,35,41,44,54],"killed_by":"The Heart","ascension_level":5}}