{"host":"aj7el8l5kufbk20z","time":1611556378,"event":{"mods":["AchievementEnabler","BaseMod","Colored Map","Colored Powertips","Curses Come First","Highlight Path","Minty Spire (QoL Compilation)","Permanent Neow","Poor People Problems","Quick Restart","Rare Cards Sparkle","Relic Stats","StSLib","SuperFastMode","Waifu the Spire"],"gold_per_floor":[109,75,75,100,100,100,100],"floor_reached":6,"language":"ZHS","playtime":172,"items_purged":[],"score":60,"play_id":"f476001b-cfc4-41b8-8b6e-b0d06b02d9ea","local_time":"20210125143258","is_ascension_mode":true,"campfire_choices":[],"circlet_count":0,"master_deck":["AscendersBane","Strike_R","Strike_R","Strike_R","Strike_R","Strike_R","Defend_R","Defend_R","Defend_R","Defend_R","Bash","Metallicize","Feel No Pain","Injury","Armaments"],"relics":["Burning Blood","Girya","Golden Idol"],"acts_visited":["Exordium"],"potions_floor_usage":[],"damage_taken":[{"damage":3,"enemies":"2 Louse","floor":1,"turns":4},{"damage":7,"enemies":"Small Slimes","floor":4,"turns":5},{"damage":27,"enemies":"Gremlin Nob","floor":6,"turns":5}],"seed_played":"3807578136105734567","potions_obtained":[{"floor":1,"key":"FairyPotion"},{"floor":4,"key":"FairyPotion"}],"is_trial":false,"path_per_floor":["M","$","?","M","$","E"],"character_chosen":"IRONCLAD","items_purchased":["Feel No Pain"],"campfire_rested":0,"item_purchase_floors":[2],"current_hp_per_floor":[53,53,53,52,52,25,25],"gold":100,"neow_bonus":"ONE_RARE_RELIC","is_daily":false,"chose_seed":false,"campfire_upgraded":0,"win_rate":0.0,"timestamp":1611556378,"path_taken":["M","$","?","M","$","E"],"items_purchased_type":["Card"],"build_version":"2020-12-22","purchased_purges":0,"victory":false,"max_hp_per_floor":[75,75,75,75,75,75,75],"relic_stats":{"counters":[3,14],"Golden Idol":5,"obtain_stats":[{"Girya":0,"Golden Idol":3,"Burning Blood":0},{"Girya":0,"Golden Idol":1,"Burning Blood":0},{"Girya":0,"Golden Idol":4,"Burning Blood":0}],"Burning Blood":12},"card_choices":[{"not_picked":["Heavy Blade","Ghostly Armor"],"picked":"Metallicize","floor":1},{"not_picked":["Wild Strike","Perfected Strike"],"picked":"Armaments","floor":4}],"player_experience":382271,"relics_obtained":[],"event_choices":[{"damage_healed":0,"gold_gain":0,"player_choice":"Take Wound","damage_taken":0,"relics_obtained":["Golden Idol"],"max_hp_gain":0,"max_hp_loss":0,"event_name":"Golden Idol","floor":3,"gold_loss":0,"cards_obtained":["Injury"]}],"is_beta":false,"boss_relics":[],"items_purged_floors":[],"is_endless":false,"potions_floor_spawned":[1,4],"killed_by":"Gremlin Nob","ascension_level":15}}