{"host":"id1lehtnb7dzklac","time":1611580601,"event":{"mods":["AchievementEnabler","BaseMod","Bestiary","Block Reminder","Colored Map","Highlight Path","Minty Spire (QoL Compilation)","Permanent Neow","Quick Restart","Random Character Button","StSLib","slay the spire mod where everything is the same but ironclad has a cowboy hat"],"gold_per_floor":[110,120,120,130,15,15,48,68,121,156,173,204,204,68,68,173,173,188,188,198,218,232,260,260,295,295,321,321,246,261,292,304,412,424,449,262,275,7,7,42,53,88,88,103,114,126,138,156,156,156,156,156,0,26,26],"floor_reached":56,"language":"ENG","playtime":3375,"items_purged":["Strike_P","Strike_P","Defend_P","Judgement+1"],"score":1490,"play_id":"a26e5de7-c0bd-43c4-a39c-4d3fae4376b7","local_time":"20210125211641","is_ascension_mode":true,"campfire_choices":[{"data":"Conclude","floor":6.0,"key":"SMITH"},{"data":"CutThroughFate","floor":13.0,"key":"SMITH"},{"data":"Eruption","floor":15.0,"key":"SMITH"},{"data":"BowlingBash","floor":24.0,"key":"SMITH"},{"data":"Scrawl","floor":28.0,"key":"SMITH"},{"data":"WaveOfTheHand","floor":32.0,"key":"SMITH"},{"floor":49.0,"key":"RECALL"},{"data":"Wireheading","floor":52.0,"key":"SMITH"}],"circlet_count":0,"master_deck":["Defend_P+1","Defend_P+1","Eruption+1","Vigilance+1","Consecrate+1","EmptyMind+1","Conclude+1","CutThroughFate+1","MentalFortress+1","BowlingBash+1","LessonLearned+1","WaveOfTheHand+1","DeusExMachina+1","EmptyBody+1","Protect+1","Scrawl+1","FearNoEvil+1","EmptyFist+1","ThirdEye+1","InnerPeace+1","JustLucky+1","TalkToTheHand+1","MentalFortress+1","Tantrum+1","FlurryOfBlows+1","Wireheading+1","Adaptation","FlurryOfBlows"],"relics":["Black Star","StrikeDummy","Omamori","Bronze Scales","Art of War","Lizard Tail","PreservedInsect","Empty Cage","Akabeko","Bag of Marbles","Orichalcum","Centennial Puzzle","Bottled Lightning","Shuriken","Unceasing Top","MawBank","Singing Bowl","Sozu","Anchor","Membership Card","Whetstone","Kunai","InkBottle","The Courier","Dream Catcher","Medical Kit","Eternal Feather","Boot"],"acts_visited":["Exordium","TheCity","TheBeyond","TheEnding"],"potions_floor_usage":[55],"damage_taken":[{"damage":2.0,"enemies":"Small Slimes","floor":1.0,"turns":3.0},{"damage":0.0,"enemies":"Cultist","floor":2.0,"turns":3.0},{"damage":0.0,"enemies":"Jaw Worm","floor":4.0,"turns":1.0},{"damage":12.0,"enemies":"Gremlin Nob","floor":7.0,"turns":3.0},{"damage":0.0,"enemies":"Exordium Thugs","floor":8.0,"turns":2.0},{"damage":5.0,"enemies":"Lagavulin","floor":10.0,"turns":5.0},{"damage":0.0,"enemies":"Lots of Slimes","floor":11.0,"turns":1.0},{"damage":4.0,"enemies":"3 Sentries","floor":12.0,"turns":3.0},{"damage":30.0,"enemies":"The Guardian","floor":16.0,"turns":13.0},{"damage":0.0,"enemies":"Spheric Guardian","floor":18.0,"turns":1.0},{"damage":2.0,"enemies":"Chosen","floor":20.0,"turns":5.0},{"damage":0.0,"enemies":"3 Cultists","floor":21.0,"turns":2.0},{"damage":23.0,"enemies":"Snake Plant","floor":22.0,"turns":6.0},{"damage":6.0,"enemies":"Book of Stabbing","floor":23.0,"turns":5.0},{"damage":6.0,"enemies":"Gremlin Leader","floor":25.0,"turns":3.0},{"damage":5.0,"enemies":"Book of Stabbing","floor":27.0,"turns":3.0},{"damage":0.0,"enemies":"Shelled Parasite and Fungi","floor":30.0,"turns":4.0},{"damage":0.0,"enemies":"Gremlin Leader","floor":31.0,"turns":3.0},{"damage":8.0,"enemies":"Automaton","floor":33.0,"turns":12.0},{"damage":0.0,"enemies":"3 Darklings","floor":35.0,"turns":2.0},{"damage":0.0,"enemies":"3 Shapes","floor":37.0,"turns":4.0},{"damage":0.0,"enemies":"Giant Head","floor":40.0,"turns":6.0},{"damage":0.0,"enemies":"Maw","floor":41.0,"turns":7.0},{"damage":0.0,"enemies":"Nemesis","floor":42.0,"turns":3.0},{"damage":0.0,"enemies":"3 Darklings","floor":44.0,"turns":1.0},{"damage":0.0,"enemies":"Transient","floor":45.0,"turns":5.0},{"damage":0.0,"enemies":"Writhing Mass","floor":46.0,"turns":9.0},{"damage":0.0,"enemies":"4 Shapes","floor":47.0,"turns":2.0},{"damage":0.0,"enemies":"3 Darklings","floor":48.0,"turns":4.0},{"damage":18.0,"enemies":"Awakened One","floor":50.0,"turns":6.0},{"damage":0,"enemies":"Shield and Spear","floor":54,"turns":3},{"damage":49,"enemies":"The Heart","floor":55,"turns":6}],"seed_played":"-742290669841773506","potions_obtained":[{"floor":4.0,"key":"Regen Potion"},{"floor":10.0,"key":"StancePotion"},{"floor":16.0,"key":"Dexterity Potion"},{"floor":18.0,"key":"LiquidMemories"},{"floor":19.0,"key":"GamblersBrew"},{"floor":19.0,"key":"Swift Potion"},{"floor":25.0,"key":"Regen Potion"}],"is_trial":false,"path_per_floor":["M","M","?","M","$","R","E","M","T","E","M","E","R","$","R","B",null,"M","?","M","M","M","E","R","E","T","E","R","?","M","E","R","B",null,"M","$","M","$","?","E","M","E","T","M","M","M","M","M","R","B",null,"R","$","E","B",null],"character_chosen":"WATCHER","items_purchased":["Conclude","WaveOfTheHand","JustLucky","Anchor","Membership Card","TalkToTheHand","MentalFortress","FlurryOfBlows","Medical Kit"],"campfire_rested":0,"item_purchase_floors":[5,14,36,36,38,38,38,53,53],"current_hp_per_floor":[70,70,70,70,70,70,58,58,58,53,53,49,49,49,49,19,72,72,72,70,70,47,41,41,35,35,30,30,30,30,32,32,26,76,76,76,78,78,78,78,80,80,80,82,84,86,86,86,86,68,86,86,86,88,44],"gold":26,"neow_bonus":"BOSS_RELIC","is_daily":false,"chose_seed":false,"campfire_upgraded":7,"win_rate":0.0,"timestamp":1611580601,"path_taken":["M","M","?","M","$","R","E","M","T","E","M","E","R","$","R","BOSS","M","?","M","?","M","E","R","E","T","E","R","?","M","E","R","BOSS","M","$","M","$","?","E","?","E","T","M","M","M","M","M","R","BOSS","R","$","E","BOSS"],"items_purchased_type":["Card","Card","Card","Relic","Relic","Card","Card","Card","Relic"],"build_version":"2020-12-22","purchased_purges":4,"victory":true,"max_hp_per_floor":[72,72,72,72,72,72,72,72,72,72,72,72,72,72,72,72,72,72,72,72,72,72,72,72,72,72,72,72,72,72,74,74,76,76,76,76,78,78,78,78,80,80,80,82,84,86,86,86,86,86,86,86,86,88,88],"card_choices":[{"not_picked":["EmptyBody","FlurryOfBlows"],"picked":"Consecrate","floor":1.0},{"not_picked":["Evaluate","InnerPeace"],"picked":"Judgement","floor":2.0},{"not_picked":["WindmillStrike","Evaluate"],"picked":"EmptyMind","floor":4.0},{"not_picked":["ReachHeaven","Fasting2","Halt"],"picked":"SKIP","floor":7.0},{"not_picked":["ReachHeaven","Fasting2","Halt"],"picked":"SKIP","floor":7.0},{"not_picked":["Consecrate","FlurryOfBlows"],"picked":"CutThroughFate","floor":8.0},{"not_picked":["SashWhip","LikeWater"],"picked":"MentalFortress","floor":10.0},{"not_picked":["CutThroughFate","DeceiveReality"],"picked":"BowlingBash","floor":11.0},{"not_picked":["CarveReality","CrushJoints"],"picked":"LessonLearned","floor":12.0},{"not_picked":["MasterReality","Judgement"],"picked":"DeusExMachina","floor":16.0},{"not_picked":["Prostrate","CrushJoints"],"picked":"EmptyBody","floor":18.0},{"not_picked":["PathToVictory","Perseverance+1","Conclude"],"picked":"SKIP","floor":20.0},{"not_picked":["EmptyMind+1","Nirvana"],"picked":"Protect","floor":21.0},{"not_picked":["Meditate","SashWhip","WaveOfTheHand"],"picked":"SKIP","floor":22.0},{"not_picked":["Halt+1","FlurryOfBlows"],"picked":"Scrawl","floor":23.0},{"not_picked":["JustLucky","Consecrate"],"picked":"FearNoEvil+1","floor":25.0},{"not_picked":["Prostrate+1","Evaluate"],"picked":"EmptyFist+1","floor":27.0},{"not_picked":["ThirdEye","SignatureMove","Sanctity+1"],"picked":"SKIP","floor":30.0},{"not_picked":["SignatureMove","Sanctity+1"],"picked":"ThirdEye","floor":30.0},{"not_picked":["Evaluate+1","SignatureMove","FlyingSleeves+1"],"picked":"Singing Bowl","floor":31.0},{"not_picked":["DevaForm","Devotion","SpiritShield"],"picked":"Singing Bowl","floor":33.0},{"not_picked":["EmptyBody+1","CutThroughFate"],"picked":"InnerPeace","floor":35.0},{"not_picked":["EmptyFist","LikeWater","Protect"],"picked":"Singing Bowl","floor":37.0},{"not_picked":["EmptyBody","EmptyMind"],"picked":"Tantrum+1","floor":40.0},{"not_picked":["WheelKick","ReachHeaven","FlyingSleeves+1"],"picked":"Singing Bowl","floor":41.0},{"not_picked":["PathToVictory","Prostrate"],"picked":"FlurryOfBlows+1","floor":42.0},{"not_picked":["EmptyMind+1","LikeWater+1","BowlingBash+1"],"picked":"Singing Bowl","floor":44.0},{"not_picked":["LikeWater+1","SandsOfTime+1","ConjureBlade"],"picked":"Singing Bowl","floor":45.0},{"not_picked":["ThirdEye+1","Collect+1","CutThroughFate+1"],"picked":"Singing Bowl","floor":46.0},{"not_picked":["Evaluate+1","ThirdEye"],"picked":"Wireheading","floor":47.0},{"not_picked":["EmptyFist","Evaluate+1"],"picked":"Adaptation","floor":48.0},{"not_picked":["Collect","Pray","PathToVictory"],"picked":"Singing Bowl","floor":54}],"player_experience":241300,"relics_obtained":[{"floor":7.0,"key":"StrikeDummy"},{"floor":7.0,"key":"Omamori"},{"floor":10.0,"key":"Bronze Scales"},{"floor":10.0,"key":"Art of War"},{"floor":12.0,"key":"Lizard Tail"},{"floor":12.0,"key":"PreservedInsect"},{"floor":23.0,"key":"Akabeko"},{"floor":23.0,"key":"Bag of Marbles"},{"floor":25.0,"key":"Orichalcum"},{"floor":25.0,"key":"Centennial Puzzle"},{"floor":26.0,"key":"Bottled Lightning"},{"floor":27.0,"key":"Shuriken"},{"floor":27.0,"key":"Unceasing Top"},{"floor":31.0,"key":"MawBank"},{"floor":31.0,"key":"Singing Bowl"},{"floor":40.0,"key":"Whetstone"},{"floor":40.0,"key":"Kunai"},{"floor":42.0,"key":"InkBottle"},{"floor":42.0,"key":"The Courier"},{"floor":43.0,"key":"Dream Catcher"},{"floor":54,"key":"Eternal Feather"},{"floor":54,"key":"Boot"}],"event_choices":[{"damage_healed":0.0,"max_hp_gain":0.0,"max_hp_loss":0.0,"gold_gain":0.0,"event_name":"Upgrade Shrine","player_choice":"Upgraded","floor":3.0,"gold_loss":0.0,"damage_taken":0.0,"cards_upgraded":["Judgement"]},{"damage_healed":0.0,"max_hp_gain":0.0,"max_hp_loss":0.0,"gold_gain":0.0,"event_name":"Lab","player_choice":"Got Potions","floor":19.0,"gold_loss":0.0,"damage_taken":0.0},{"cards_removed":["Defend_P"],"damage_healed":0.0,"max_hp_gain":0.0,"max_hp_loss":0.0,"gold_gain":0.0,"event_name":"Beggar","player_choice":"Gave Gold","floor":29.0,"gold_loss":75.0,"damage_taken":0.0},{"damage_healed":0.0,"max_hp_gain":0.0,"max_hp_loss":0.0,"gold_gain":0.0,"event_name":"SecretPortal","player_choice":"Ignored","floor":39.0,"gold_loss":0.0,"damage_taken":0.0}],"is_beta":false,"boss_relics":[{"not_picked":["Tiny House","Calling Bell"],"picked":"Empty Cage"},{"not_picked":["Velvet Choker","Pandora\u0027s Box"],"picked":"Sozu"}],"items_purged_floors":[5,14,38,53],"is_endless":false,"potions_floor_spawned":[4,10,16,18,20,25,31,35,41,42,44],"ascension_level":1}}