{"host":"p62uqwu04pp7leh9","time":1611560237,"event":{"mods":["BaseMod","Block Reminder","Colored Map","Colored Powertips","Minty Spire (QoL Compilation)","Relic Stats"],"gold_per_floor":[116,116,116,133,144,176,176,203,203,378,378,141,175,29,29,131,131,144,59,59,59,59,94,106,132,132,146,157,157,78,95,95,95,95],"floor_reached":33,"language":"ENG","playtime":2378,"items_purged":["Doubt","Strike_R"],"score":359,"play_id":"92398d73-7d0f-4d25-9a3c-c83aa3dbf3e0","local_time":"20210125013717","is_ascension_mode":true,"campfire_choices":[{"data":"Pommel Strike","floor":7,"key":"SMITH"},{"data":"Offering","floor":15,"key":"SMITH"},{"data":"Feel No Pain","floor":29,"key":"SMITH"},{"data":"Strike_R","floor":32,"key":"PURGE"}],"circlet_count":0,"master_deck":["Strike_R+1","Defend_R+1","Defend_R+1","Bash+1","Iron Wave+1","Spot Weakness+1","Dropkick+1","Metallicize","Pommel Strike+1","Offering+1","Dropkick","Corruption","Thunderclap","Limit Break","Rage+1","Shockwave","Feel No Pain+1","True Grit+1","Rage+1","Pommel Strike+1"],"relics":["Astrolabe","Meat on the Bone","Whetstone","Question Card","Ginger","Sozu","War Paint","Nilry\u0027s Codex","Mercury Hourglass","Toy Ornithopter","Vajra","Peace Pipe"],"acts_visited":["Exordium","TheCity"],"potions_floor_usage":[5,6,8,18],"damage_taken":[{"damage":0,"enemies":"2 Louse","floor":1,"turns":2},{"damage":5,"enemies":"Small Slimes","floor":4,"turns":3},{"damage":0,"enemies":"Cultist","floor":5,"turns":3},{"damage":9,"enemies":"3 Sentries","floor":6,"turns":7},{"damage":17,"enemies":"Gremlin Nob","floor":8,"turns":4},{"damage":6,"enemies":"Lagavulin","floor":13,"turns":3},{"damage":38,"enemies":"The Guardian","floor":16,"turns":7},{"damage":21,"enemies":"2 Thieves","floor":18,"turns":3},{"damage":18,"enemies":"Book of Stabbing","floor":23,"turns":3},{"damage":12,"enemies":"Chosen","floor":24,"turns":3},{"damage":26,"enemies":"Slavers","floor":25,"turns":3},{"damage":17,"enemies":"Snake Plant","floor":27,"turns":2},{"damage":14,"enemies":"Centurion and Healer","floor":28,"turns":4},{"damage":11,"enemies":"Chosen and Byrds","floor":31,"turns":4},{"damage":21,"enemies":"Automaton","floor":33,"turns":6}],"seed_played":"2931359615119888951","potions_obtained":[{"floor":4,"key":"Fire Potion"},{"floor":5,"key":"EssenceOfSteel"},{"floor":6,"key":"ColorlessPotion"},{"floor":13,"key":"LiquidBronze"}],"is_trial":false,"path_per_floor":["M","?","?","M","M","E","R","E","T","?","?","$","E","$","R","B",null,"M","?","?","$","?","E","M","E","T","M","M","R","?","M","R","B"],"character_chosen":"IRONCLAD","items_purchased":["Offering","Dropkick","Thunderclap"],"campfire_rested":0,"item_purchase_floors":[12,12,14],"current_hp_per_floor":[80,73,80,75,75,66,66,49,49,49,33,33,39,39,39,13,80,59,59,59,59,43,37,37,23,23,18,16,16,16,17,17,0,0],"gold":95,"neow_bonus":"BOSS_RELIC","is_daily":false,"chose_seed":false,"campfire_upgraded":3,"win_rate":0.0,"timestamp":1611560237,"path_taken":["M","?","?","M","?","E","R","E","T","?","?","?","E","$","R","BOSS","M","?","?","$","?","E","M","E","T","M","M","R","?","M","R","BOSS"],"items_purchased_type":["Card","Card","Card"],"build_version":"2020-12-22","purchased_purges":2,"victory":false,"max_hp_per_floor":[80,80,80,80,80,80,80,80,80,80,80,80,80,80,80,80,80,80,80,80,80,80,80,80,80,80,80,80,80,80,80,80,80,80],"relic_stats":{"Sozu":4,"Peace Pipe":1,"counters":[15,57],"Astrolabe":["Iron Wave","Battle Trance","Spot Weakness"],"Whetstone":["Dropkick","Strike_R"],"Ginger":[1],"War Paint":["Rage","Defend_R"],"Question Card":9,"obtain_stats":[{"Nilry\u0027s Codex":22,"Astrolabe":0,"Vajra":26,"Whetstone":8,"Ginger":13,"War Paint":19,"Question Card":9,"Burning Blood":0,"Mercury Hourglass":23,"Sozu":17,"Peace Pipe":30,"Toy Ornithopter":25,"Meat on the Bone":6},{"Nilry\u0027s Codex":8,"Astrolabe":0,"Vajra":11,"Whetstone":5,"Ginger":6,"War Paint":8,"Question Card":5,"Burning Blood":0,"Mercury Hourglass":9,"Sozu":7,"Peace Pipe":13,"Toy Ornithopter":11,"Meat on the Bone":4},{"Nilry\u0027s Codex":32,"Astrolabe":0,"Vajra":41,"Whetstone":19,"Ginger":22,"War Paint":32,"Question Card":19,"Burning Blood":0,"Mercury Hourglass":35,"Sozu":29,"Peace Pipe":47,"Toy Ornithopter":41,"Meat on the Bone":15}],"Toy Ornithopter":0,"Meat on the Bone":96,"Mercury Hourglass":[105]},"card_choices":[{"not_picked":["Anger","Twin Strike"],"picked":"Dropkick","floor":1},{"not_picked":["Sword Boomerang","Anger"],"picked":"Metallicize","floor":4},{"not_picked":["Twin Strike","Intimidate","Iron Wave"],"picked":"SKIP","floor":5},{"not_picked":["Ghostly Armor","True Grit"],"picked":"Pommel Strike","floor":6},{"not_picked":["True Grit","Armaments","Headbutt"],"picked":"SKIP","floor":8},{"not_picked":["Second Wind","Shrug It Off","Battle Trance"],"picked":"Corruption","floor":13},{"not_picked":["Immolate","Reaper","Corruption"],"picked":"Limit Break","floor":16},{"not_picked":["Body Slam","Carnage","Warcry"],"picked":"Rage","floor":18},{"not_picked":["Thunderclap","Infernal Blade","Bloodletting"],"picked":"Shockwave","floor":23},{"not_picked":["Burning Pact","Sever Soul","Power Through"],"picked":"Feel No Pain","floor":24},{"not_picked":["Flame Barrier+1","Uppercut+1","Body Slam+1","Sword Boomerang"],"picked":"SKIP","floor":25},{"not_picked":["Spot Weakness","Wild Strike+1","Searing Blow+1"],"picked":"True Grit+1","floor":27},{"not_picked":["Whirlwind+1","Sever Soul+1","Shrug It Off+1"],"picked":"Rage+1","floor":28},{"not_picked":["Armaments","Battle Trance","Reckless Charge"],"picked":"Pommel Strike+1","floor":31}],"player_experience":317633,"relics_obtained":[{"floor":6,"key":"Meat on the Bone"},{"floor":8,"key":"Whetstone"},{"floor":9,"key":"Question Card"},{"floor":13,"key":"Ginger"},{"floor":22,"key":"Nilry\u0027s Codex"},{"floor":23,"key":"Mercury Hourglass"},{"floor":25,"key":"Toy Ornithopter"},{"floor":26,"key":"Vajra"}],"event_choices":[{"cards_removed":["Defend_R"],"damage_healed":0,"gold_gain":0,"player_choice":"Card Removal","damage_taken":7,"max_hp_gain":0,"max_hp_loss":0,"event_name":"Golden Wing","floor":2,"gold_loss":0},{"cards_removed":["Battle Trance"],"damage_healed":7,"gold_gain":0,"player_choice":"Offered Uncommon","damage_taken":0,"max_hp_gain":0,"max_hp_loss":0,"event_name":"Bonfire Elementals","floor":3,"gold_loss":0},{"damage_healed":0,"gold_gain":175,"player_choice":"AGREE","damage_taken":0,"max_hp_gain":0,"max_hp_loss":0,"event_name":"Liars Game","floor":10,"gold_loss":0,"cards_obtained":["Doubt"]},{"damage_healed":0,"gold_gain":0,"player_choice":"Entered Light","damage_taken":16,"max_hp_gain":0,"max_hp_loss":0,"event_name":"Shining Light","floor":11,"gold_loss":0,"cards_upgraded":["Defend_R","Bash"]},{"damage_healed":0,"gold_gain":0,"player_choice":"Obtained Relic","damage_taken":0,"relics_obtained":["War Paint"],"max_hp_gain":0,"max_hp_loss":0,"event_name":"Addict","floor":19,"gold_loss":85},{"damage_healed":0,"gold_gain":0,"player_choice":"Ignored","damage_taken":0,"max_hp_gain":0,"max_hp_loss":0,"event_name":"Ghosts","floor":20,"gold_loss":0},{"damage_healed":0,"gold_gain":0,"player_choice":"Obtained Book","damage_taken":16,"max_hp_gain":0,"max_hp_loss":0,"event_name":"Cursed Tome","floor":22,"gold_loss":0},{"damage_healed":0,"gold_gain":0,"player_choice":"Paid Gold","damage_taken":0,"relics_obtained":["Peace Pipe"],"max_hp_gain":0,"max_hp_loss":0,"event_name":"WeMeetAgain","floor":30,"gold_loss":79}],"is_beta":false,"boss_relics":[{"not_picked":["Fusion Hammer","Busted Crown"],"picked":"Sozu"}],"items_purged_floors":[12,14],"is_endless":false,"potions_floor_spawned":[4,5,6,13,18,24,25,28],"killed_by":"Automaton","ascension_level":2}}