{"host":"ojezjkpqju62j8xy","time":1611579150,"event":{"mods":["ATMod(°¢èªMod)","Act Like it!","Aspiration","BaseMod","Conspire","Minty Spire (QoL Compilation)","Pale of the Ancients","Replay The Spire","Spicy Shops","StSLib","[GremlinLeader]The Maniac","¡¾ÒÅÎï¿¨ÅÆ¡¿REMEMod"],"gold_per_floor":[118,118,136,2,200,230,245,245,245,245,277,295,328,389,389,404,404],"floor_reached":16,"language":"ZHS","playtime":569,"items_purged":[],"score":186,"play_id":"8a4d38a5-95ee-40db-8a15-a535719e48e2","local_time":"20210125205230","is_ascension_mode":true,"campfire_choices":[{"floor":8,"key":"RECALL"},{"floor":10,"key":"REST"},{"floor":15,"key":"REST"}],"circlet_count":0,"master_deck":["AscendersBane","Strike_B","Strike_B","Strike_B","Strike_B","Defend_B","Defend_B","Defend_B","Defend_B","Zap","Dualcast","AT_DrawKnifeCut","Adrenaline","Chill","AT_ThreeBodyProblem","Hologram","Hologram","ReplayTheSpireMod:Splinters","Loop","Go for the Eyes","Go for the Eyes","AT_EMC2","Redo","Go for the Eyes","Sweeping Beam"],"relics":["Cracked Core","AT_ATBox","REME_ComplimentaryCards","TheAbacus","CaptainsWheel","AT_BellowingDragoncrestRing","REME_ArchaeologicalTools"],"acts_visited":["Exordium"],"potions_floor_usage":[6,13,16],"damage_taken":[{"damage":0,"enemies":"2 Louse","floor":1,"turns":1},{"damage":2,"enemies":"Jaw Worm","floor":3,"turns":3},{"damage":24,"enemies":"Lagavulin","floor":6,"turns":6},{"damage":0,"enemies":"Small Slimes","floor":7,"turns":2},{"damage":34,"enemies":"Gremlin Nob","floor":11,"turns":6},{"damage":7,"enemies":"Exordium Wildlife","floor":12,"turns":5},{"damage":21,"enemies":"Lagavulin","floor":13,"turns":7},{"damage":2,"enemies":"Looter","floor":14,"turns":3},{"damage":35,"enemies":"The Guardian","floor":16,"turns":9}],"seed_played":"-5617074907924527756","potions_obtained":[{"floor":1,"key":"Block Potion"},{"floor":11,"key":"Swift Potion"},{"floor":12,"key":"Milkshake"},{"floor":13,"key":"Milkshake"}],"is_trial":false,"path_per_floor":["M","?","M","$","?","E","M","R","T","R","E","M","E","M","R","B"],"character_chosen":"DEFECT","items_purchased":["TheAbacus","Hologram"],"campfire_rested":2,"item_purchase_floors":[4,4],"current_hp_per_floor":[75,75,73,73,73,49,49,49,49,73,39,32,11,9,33,0,0],"gold":404,"neow_bonus":"TEN_PERCENT_HP_BONUS","is_daily":false,"chose_seed":false,"campfire_upgraded":0,"win_rate":0.0,"timestamp":1611579150,"path_taken":["M","?","M","$","?","E","M","R","T","R","E","M","E","M","R","BOSS"],"items_purchased_type":["Relic","Card"],"build_version":"2020-12-22","purchased_purges":0,"victory":false,"max_hp_per_floor":[82,82,82,82,82,82,82,82,82,82,82,82,82,82,82,82,82],"card_choices":[{"not_picked":["AT_HeatAcrobatics","Coolheaded"],"picked":"Chill","floor":1},{"not_picked":["Turbo","Conserve Battery"],"picked":"AT_ThreeBodyProblem","floor":3},{"not_picked":["Time Bomb","Cold Snap"],"picked":"Loop","floor":5},{"not_picked":["Gash","Streamline"],"picked":"Go for the Eyes","floor":6},{"not_picked":["REME_Compress","BasicCrystalCard"],"picked":"Go for the Eyes","floor":7},{"not_picked":["AT_WarpDrive","Reinforced Body"],"picked":"AT_EMC2","floor":11},{"not_picked":["Sweeping Beam","Mirror Shield"],"picked":"Redo","floor":12},{"not_picked":["AT_RightCognition","Barrage"],"picked":"Go for the Eyes","floor":13},{"not_picked":["Cold Snap","AT_HeatAcrobatics"],"picked":"Sweeping Beam","floor":14}],"player_experience":1373617,"relics_obtained":[{"floor":6,"key":"CaptainsWheel"},{"floor":11,"key":"AT_BellowingDragoncrestRing"},{"floor":13,"key":"REME_ArchaeologicalTools"}],"event_choices":[{"damage_healed":0,"gold_gain":0,"player_choice":"Leave","damage_taken":0,"max_hp_gain":0,"max_hp_loss":0,"event_name":"The Cleric","floor":2,"gold_loss":0}],"is_beta":false,"boss_relics":[],"items_purged_floors":[],"is_endless":false,"potions_floor_spawned":[1,11,12,13],"killed_by":"The Guardian","ascension_level":11}}