{"host":"8d3fefv2347kqkpz","time":1611611528,"event":{"mods":["AchievementEnabler","Act Like it!","Aspiration","BaseMod","Better Vampires","Colored Map","Colored Powertips","Conspire","GifTheSpireLib","Hermit","Highlight Path","Hubris","Marisa£®ÏF”Í°°ƒß¿Ì…≥£©","Mimic Mod","Minty Spire (QoL Compilation)","Quick Restart","Rare Cards Sparkle","Reimu£®≤©¿ˆ¡È√Œ£©","Relic Stats","Remilia£®¿Ÿ√◊¿Ú—«£©","Replay The Spire","Spicy Shops","StSLib","The Cursed","The Jungle","The Servant 0.9.4","Waifu the Spire","Youmu£®ªÍ∆«—˝√Œ£©"],"gold_per_floor":[118,118,118,118,138,138,153,153,153,153,163,178,48,48,48,144,144,163,163,173,173,187,187,200,200,200,214,249,98,115,115,115,210,210,221,271,15,15,32,57,70,70,118,137,19,33,33,68,68,68,68],"floor_reached":50,"language":"ZHS","playtime":3433,"items_purged":["PanicButton"],"score":687,"play_id":"8ab67884-5b2f-4233-8e54-b8c1ff1ecafb","local_time":"20210126055208","is_ascension_mode":false,"campfire_choices":[{"data":"hubris:SlightOfHand","floor":6.0,"key":"SMITH"},{"data":"Neutralize","floor":8.0,"key":"SMITH"},{"floor":15.0,"key":"REST"},{"data":"After Image","floor":23.0,"key":"SMITH"},{"data":"ReplayTheSpireMod:Scrap Shanks","floor":23.0,"key":"SMITH"},{"floor":32.0,"key":"REST"},{"data":"After Image","floor":42.0,"key":"SMITH"},{"data":"hubris:EnhanceAbility","floor":42.0,"key":"SMITH"},{"floor":47,"key":"REST"},{"floor":49,"key":"REST"}],"circlet_count":0,"master_deck":["conspire:GhostlyStrike","conspire:GhostlyStrike","conspire:GhostlyStrike","conspire:GhostlyStrike","conspire:GhostlyDefend","conspire:GhostlyDefend","conspire:GhostlyDefend","conspire:GhostlyDefend","Survivor","Neutralize+1","hubris:SlightOfHand+1","Blade Dance","Footwork","After Image+1","Cloak And Dagger","Infinite Blades","ReplayTheSpireMod:Scrap Shanks+1","Dagger Throw","hubris:EnhanceAbility+1","Footwork+1","After Image+1","Infinite Blades","Backflip","Hidden Blade","Tools of the Trade","Footwork+1","Dagger Spray","Footwork","conspire:DoublingDagger","Night Terror","ReplayTheSpireMod:From All Sides","ReplayTheSpireMod:From All Sides","Toxin Wave+1","Deflect+1"],"relics":["Ring of the Snake","aspiration:Nostalgia","PureWater","Oddly Smooth Stone","Replay:Arrowhead","Sozu","Replay:Bottled Steam","conspire:RunicOctahedron","Byrd Skull","Omamori","hubris:TenFootPole","Singing Bowl"],"acts_visited":["Exordium","TheCity","TheBeyond"],"potions_floor_usage":[48,50],"damage_taken":[{"damage":2.0,"enemies":"Jaw Worm","floor":1.0,"turns":6.0},{"damage":2.0,"enemies":"Small Slimes","floor":5.0,"turns":4.0},{"damage":3.0,"enemies":"Cultist","floor":7.0,"turns":4.0},{"damage":0.0,"enemies":"Large Slime","floor":11.0,"turns":7.0},{"damage":1.0,"enemies":"Exordium Wildlife","floor":12.0,"turns":6.0},{"damage":58.0,"enemies":"Fading Forest","floor":16.0,"turns":11.0},{"damage":12.0,"enemies":"Spheric Guardian","floor":18.0,"turns":7.0},{"damage":1.0,"enemies":"Shell Parasite","floor":20.0,"turns":10.0},{"damage":0.0,"enemies":"conspire:HollyBat","floor":22.0,"turns":8.0},{"damage":5.0,"enemies":"Snecko","floor":24.0,"turns":6.0},{"damage":2.0,"enemies":"Centurion and Healer","floor":27.0,"turns":7.0},{"damage":3.0,"enemies":"Replay:Snechameleon","floor":28.0,"turns":9.0},{"damage":0.0,"enemies":"Snake Plant","floor":30.0,"turns":8.0},{"damage":28.0,"enemies":"hubris:MusketHawk","floor":33.0,"turns":11.0},{"damage":5.0,"enemies":"3 Darklings","floor":35.0,"turns":6.0},{"damage":0.0,"enemies":"Mind Bloom Boss Battle","floor":36.0,"turns":9.0},{"damage":3.0,"enemies":"3 Shapes","floor":39.0,"turns":5.0},{"damage":0.0,"enemies":"Nemesis","floor":40.0,"turns":9.0},{"damage":19.0,"enemies":"Sphere and 2 Shapes","floor":41.0,"turns":6.0},{"damage":0,"enemies":"Writhing Mass","floor":44,"turns":10},{"damage":12,"enemies":"4 Shapes","floor":46,"turns":7},{"damage":36,"enemies":"Reptomancer","floor":48,"turns":8},{"damage":46,"enemies":"conspire:OrnateMirror","floor":50,"turns":8}],"seed_played":"-6747070334671760254","potions_obtained":[{"floor":5.0,"key":"Adrenaline Potion"},{"floor":7.0,"key":"SkillPotion"}],"is_trial":false,"path_per_floor":["M","?","?","$","M","R","M","R","T","?","M","M","$","?","R","B",null,"M","?","M","?","M","R","M","?","T","M","E","$","M","?","R","B",null,"M","?","$","?","M","E","M","R","T","M","$","M","R","E","R","B"],"character_chosen":"THE_SILENT","items_purchased":["Blade Dance","Footwork","Infinite Blades","Footwork","conspire:DoublingDagger","ReplayTheSpireMod:From All Sides"],"campfire_rested":4,"item_purchase_floors":[13,13,29,37,37,45],"current_hp_per_floor":[68,65,65,65,63,63,60,60,60,60,60,59,59,64,75,40,75,63,63,62,62,62,62,57,57,57,55,52,52,52,52,74,46,75,70,70,70,70,67,67,48,48,48,48,48,36,58,22,44,0,0],"gold":68,"neow_bonus":"NOSTALGIA","is_daily":false,"chose_seed":false,"campfire_upgraded":6,"win_rate":0.0,"timestamp":1611611528,"path_taken":["M","?","?","?","M","R","M","R","T","?","M","?","$","?","R","BOSS","M","?","M","?","M","R","M","?","T","M","E","$","M","?","R","BOSS","M","?","$","?","M","E","M","R","T","M","$","M","R","E","R","BOSS"],"items_purchased_type":["Card","Card","Card","Card","Card","Card"],"build_version":"2020-12-22","purchased_purges":1,"victory":false,"max_hp_per_floor":[70,70,70,70,70,70,70,70,70,70,70,70,70,75,75,75,75,75,75,75,75,75,75,75,75,75,75,75,75,75,75,75,75,75,75,75,75,75,75,75,75,75,75,75,75,75,75,75,75,75,75],"relic_stats":{"Sozu":4,"Singing Bowl":0,"counters":[23,172],"obtain_stats":[{"Sozu":17,"Singing Bowl":48,"aspiration:Nostalgia":0,"Oddly Smooth Stone":2,"conspire:RunicOctahedron":34,"Omamori":40,"hubris:TenFootPole":43,"PureWater":0,"Byrd Skull":36,"Replay:Arrowhead":9,"Ring of the Snake":0,"Replay:Bottled Steam":28},{"Sozu":6,"Singing Bowl":22,"aspiration:Nostalgia":0,"Oddly Smooth Stone":1,"conspire:RunicOctahedron":14,"Omamori":18,"hubris:TenFootPole":19,"PureWater":0,"Byrd Skull":16,"Replay:Arrowhead":3,"Ring of the Snake":0,"Replay:Bottled Steam":12},{"Sozu":38,"Singing Bowl":164,"aspiration:Nostalgia":0,"Oddly Smooth Stone":6,"conspire:RunicOctahedron":104,"Omamori":133,"hubris:TenFootPole":139,"PureWater":0,"Byrd Skull":119,"Replay:Arrowhead":14,"Ring of the Snake":0,"Replay:Bottled Steam":85}],"Ring of the Snake":[46]},"card_choices":[{"not_picked":["Poisoned Stab","Crippling Poison","Sucker Punch"],"picked":"SKIP","floor":1.0},{"not_picked":["Eviscerate","ReplayTheSpireMod:The Works"],"picked":"hubris:SlightOfHand","floor":5.0},{"not_picked":["hubris:SlightOfHand","Flying Knee","ReplayTheSpireMod:Shiv Toss"],"picked":"SKIP","floor":7.0},{"not_picked":["Underhanded Strike","Dagger Throw","Acrobatics"],"picked":"SKIP","floor":11.0},{"not_picked":["Acrobatics","Backflip"],"picked":"Poisoned Stab","floor":12.0},{"not_picked":["Wraith Form v2","Night Terror"],"picked":"After Image","floor":16.0},{"not_picked":["PiercingWail","Quick Slash"],"picked":"Cloak And Dagger","floor":18.0},{"not_picked":["Backflip","Flying Knee+1"],"picked":"Infinite Blades","floor":20.0},{"not_picked":["Bouncing Flask","PiercingWail"],"picked":"ReplayTheSpireMod:Scrap Shanks","floor":22.0},{"not_picked":["Replay:Poison Smokescreen+1","Endless Agony"],"picked":"Dagger Throw","floor":24.0},{"not_picked":["conspire:PoisonWeapons","Tactician"],"picked":"Footwork+1","floor":27.0},{"not_picked":["hubris:SlightOfHand","Caltrops"],"picked":"After Image","floor":28.0},{"not_picked":["Quick Slash","Deadly Poison"],"picked":"Backflip","floor":30.0},{"not_picked":["Corpse Explosion","Glass Knife"],"picked":"Tools of the Trade","floor":33.0},{"not_picked":["Terror","Riddle With Holes+1","Footwork+1"],"picked":"SKIP","floor":35.0},{"not_picked":["Terror","Riddle With Holes+1"],"picked":"Footwork+1","floor":35.0},{"not_picked":["Bane+1","Deflect"],"picked":"Dagger Spray","floor":36.0},{"not_picked":["Sneak Up+1","Bane","Poisoned Stab"],"picked":"SKIP","floor":39.0},{"not_picked":["Slice+1","Backflip"],"picked":"Night Terror","floor":40.0},{"not_picked":["Dodge and Roll","Well Laid Plans+1","hubris:SlightOfHand"],"picked":"SKIP","floor":41.0},{"not_picked":["ReplayTheSpireMod:Tripwire","Deadly Poison+1","Bane+1"],"picked":"SKIP","floor":44},{"not_picked":["Acrobatics","Dagger Spray"],"picked":"Toxin Wave+1","floor":46},{"not_picked":["Poison Darts","Draining Mist"],"picked":"Deflect+1","floor":48}],"player_experience":192024,"relics_obtained":[{"floor":9.0,"key":"Replay:Arrowhead"},{"floor":28.0,"key":"Replay:Bottled Steam"},{"floor":36.0,"key":"Byrd Skull"},{"floor":40.0,"key":"Omamori"},{"floor":43.0,"key":"hubris:TenFootPole"},{"floor":48,"key":"Singing Bowl"}],"event_choices":[{"damage_healed":0.0,"max_hp_gain":0.0,"max_hp_loss":0.0,"gold_gain":0.0,"event_name":"Scrap Ooze","player_choice":"Success","floor":2.0,"gold_loss":0.0,"damage_taken":3.0,"relics_obtained":["Oddly Smooth Stone"]},{"damage_healed":0.0,"max_hp_gain":0.0,"max_hp_loss":0.0,"gold_gain":0.0,"event_name":"conspire:LoneGhost","player_choice":"Agree","floor":3.0,"gold_loss":0.0,"damage_taken":0.0},{"damage_healed":0.0,"max_hp_gain":0.0,"max_hp_loss":0.0,"gold_gain":0.0,"event_name":"Shining Light","player_choice":"Ignored","floor":10.0,"gold_loss":0.0,"damage_taken":0.0},{"damage_healed":0.0,"max_hp_gain":5.0,"max_hp_loss":0.0,"gold_gain":0.0,"event_name":"Big Fish","player_choice":"Donut","floor":14.0,"gold_loss":0.0,"damage_taken":0.0},{"damage_healed":0.0,"max_hp_gain":0.0,"max_hp_loss":0.0,"gold_gain":0.0,"event_name":"conspire:Investor","player_choice":"Leave","floor":19.0,"gold_loss":0.0,"damage_taken":0.0},{"damage_healed":0.0,"max_hp_gain":0.0,"max_hp_loss":0.0,"gold_gain":0.0,"cards_transformed":["conspire:GhostlyStrike","conspire:GhostlyDefend"],"event_name":"Drug Dealer","player_choice":"Became Test Subject","floor":25.0,"gold_loss":0.0,"damage_taken":0.0,"cards_obtained":["PanicButton","hubris:EnhanceAbility"]},{"damage_healed":0.0,"max_hp_gain":0.0,"max_hp_loss":0.0,"gold_gain":0.0,"event_name":"The Library","player_choice":"Read","floor":31.0,"gold_loss":0.0,"damage_taken":0.0,"cards_obtained":["Hidden Blade"]},{"damage_healed":0.0,"max_hp_gain":0.0,"max_hp_loss":0.0,"gold_gain":0.0,"event_name":"MindBloom","player_choice":"Fight","floor":36.0,"gold_loss":0.0,"damage_taken":0.0},{"cards_removed":["Poisoned Stab"],"damage_healed":0.0,"max_hp_gain":0.0,"max_hp_loss":0.0,"gold_gain":0.0,"event_name":"Falling","player_choice":"Removed Attack","floor":38.0,"gold_loss":0.0,"damage_taken":0.0}],"is_beta":false,"boss_relics":[{"not_picked":["Ring of Chaos","aspiration:MarisaSkillbook"],"picked":"Sozu"},{"not_picked":["Empty Cage","Replay:Ancient Bell"],"picked":"conspire:RunicOctahedron"}],"items_purged_floors":[29],"is_endless":false,"potions_floor_spawned":[5,7,18,20,36,41],"killed_by":"conspire:OrnateMirror","ascension_level":0}}