{"host":"x6165drukuu8ns9f","time":1611615126,"event":{"mods":["2.2 Compatiblity","Act Like it!","Aspiration","BaseMod","CapriCore","Colored Map","Colored Powertips","Conspire","Duelist Mod","GifTheSpireLib","Hubris","Minty Spire (QoL Compilation)","Pale of the Ancients","Spicy Shops","Spire Birthday Party","StSLib","SuperFastMode","The Blue Laboratory","??????REMEMod"],"gold_per_floor":[182,224,266,302,341,440,542,92,92,128,173,251,302,377,377,668,668,698,419,455,113,161,280,340,446,446,446,943,1034,1034,671,671,1001,1001,1043,393,441,495,25,212,212,254,304,27,198,320,346,436,436,442,487,487,487,26,26,103,103,42,42,73],"floor_reached":61,"language":"ENG","playtime":2175,"items_purged":["theDuelist:CastleWalls","theDuelist:MiraculousDescent"],"score":2101,"play_id":"9479bed0-48fc-4574-b27c-b251d408695c","local_time":"20210125235206","daily_mods":["Vintage","Flight","DeadlyEvents","Midas"],"is_ascension_mode":false,"campfire_choices":[{"floor":32,"key":"REST"},{"floor":49,"key":"REST"},{"floor":55,"key":"REST"},{"floor":57,"key":"REST"}],"circlet_count":0,"master_deck":["theDuelist:GishkiBeast","theDuelist:Dewdark+1","theDuelist:GiantSoldier+1","theDuelist:KamionTimelord","theDuelist:SpiritHarp","theDuelist:GishkiAvance","theDuelist:GilfordLegend","theDuelist:Invigoration+1","theDuelist:SpiralSpearStrike","theDuelist:RainbowNeos","theDuelist:BeaverWarrior","theDuelist:AncientGearChimera","theDuelist:ElectromagneticShield","theDuelist:ForbiddenLance","theDuelist:DewlorenTigerKing","theDuelist:AlphaMagnet+1","theDuelist:BetaMagnet","theDuelist:GammaMagnet+1","theDuelist:ValkMagnet","REME_Flogging","theDuelist:HappyLover+1","theDuelist:Electrowhip+1","theDuelist:DoubleTool+1","theDuelist:DarkFactory+1","theDuelist:Nameless:Greed:MagnumShield","theDuelist:Nameless:Power:AssaultArmor+1"],"relics":["theDuelist:MillenniumPuzzle","theDuelist:CardPoolRelic","theDuelist:CardPoolBasicRelic","theDuelist:BoosterPackPoolRelic","theDuelist:CardPoolAddRelic","theDuelist:CardPoolMinusRelic","theDuelist:CardPoolSaveRelic","theDuelist:CardPoolOptionsRelic","REME_ComplimentaryCards","FossilizedHelix","conspire:DecoderRing","aspiration:HatOfInfinitePower","aspiration:ArtOfWarUpgrade","Darkstone Periapt","Gambling Chip","theDuelist:ElectricToken","theDuelist:MillenniumPrayerbook","theDuelist:Spellheart","aspiration:SeaSaltIceCream","hubris:TenFootPole","Akabeko","Bag of Preparation","theDuelist:KaibaToken","REME_HandOfSuture","theDuelist:MillenniumRing","Philosopher\u0027s Stone","theDuelist:DuelistUrn","theDuelist:MillenniumToken","TwistedFunnel","hubris:RGBLights","theDuelist:DuelistPrismaticShard","theDuelist:ZoneToken","theDuelist:DuelistOrichalcum","Torii","Pantograph","Thread and Needle","Ginger","theDuelist:MillenniumCoin","theDuelist:MetronomeRelicD","Melange","theDuelist:MetronomeRelicB","ClockworkSouvenir","conspire:SlowCooker","hubris:Metronome","theDuelist:PrayerPageA","theDuelist:MagnetRelic","Self Forming Clay","MawBank","theDuelist:AkhenamkhanenSceptre","theDuelist:AquaRelic","theDuelist:TrapVortex","theDuelist:WavemastersBlessing","theDuelist:SummonAnchor","Potion Belt","Oddly Smooth Stone","conspire:DeflatedDodgeball","Whetstone","HornCleat","Molten Egg 2","Regal Pillow","War Paint","paleoftheancients:Timepiece","Ice Cream","Bronze Scales","paleoftheancients:SoulOfTheGuardian","Orichalcum","theDuelist:MillenniumRod","Lantern","theDuelist:MarkExxod","theDuelist:Splashbox"],"acts_visited":["Exordium","TheCity","TheBeyond","paleoftheancients:PaleOfTheAncients"],"potions_floor_usage":[45,45,56,60,60,60],"damage_taken":[{"damage":0,"enemies":"Cultist","floor":1,"turns":5},{"damage":0,"enemies":"2 Louse","floor":2,"turns":3},{"damage":0,"enemies":"Jaw Worm","floor":3,"turns":4},{"damage":0,"enemies":"Blue Slaver","floor":4,"turns":5},{"damage":0,"enemies":"2 Fungi Beasts","floor":5,"turns":1},{"damage":0,"enemies":"Lagavulin","floor":6,"turns":10},{"damage":0,"enemies":"3 Sentries","floor":7,"turns":10},{"damage":0,"enemies":"Exordium Wildlife","floor":10,"turns":3},{"damage":0,"enemies":"conspire:2 RoseBushes","floor":11,"turns":3},{"damage":0,"enemies":"Lagavulin","floor":12,"turns":3},{"damage":0,"enemies":"Red Slaver","floor":13,"turns":2},{"damage":0,"enemies":"Gremlin Nob","floor":14,"turns":4},{"damage":18,"enemies":"Hexaghost","floor":16,"turns":6},{"damage":0,"enemies":"2 Thieves","floor":18,"turns":2},{"damage":0,"enemies":"3 Byrds","floor":20,"turns":3},{"damage":0,"enemies":"Snake Plant","floor":22,"turns":2},{"damage":0,"enemies":"Book of Stabbing","floor":23,"turns":3},{"damage":0,"enemies":"Shelled Parasite and Fungi","floor":24,"turns":2},{"damage":0,"enemies":"REME_1_Revenger","floor":25,"turns":3},{"damage":0,"enemies":"Book of Stabbing","floor":28,"turns":4},{"damage":0,"enemies":"REME_1_Revenger","floor":29,"turns":2},{"damage":16,"enemies":"Champ","floor":33,"turns":8},{"damage":0,"enemies":"3 Darklings","floor":35,"turns":2},{"damage":0,"enemies":"3 Shapes","floor":37,"turns":2},{"damage":0,"enemies":"Writhing Mass","floor":38,"turns":2},{"damage":0,"enemies":"Giant Head","floor":40,"turns":5},{"damage":0,"enemies":"4 Shapes","floor":42,"turns":2},{"damage":0,"enemies":"Reptomancer","floor":45,"turns":3},{"damage":0,"enemies":"Giant Head","floor":46,"turns":4},{"damage":0,"enemies":"Reptomancer","floor":48,"turns":3},{"damage":0,"enemies":"Time Eater","floor":50,"turns":4},{"damage":0,"enemies":"Time Eater","floor":51,"turns":3},{"damage":90,"enemies":"Time Eater","floor":52,"turns":1},{"damage":6,"enemies":"Time Eater","floor":56,"turns":10},{"damage":20,"enemies":"paleoftheancients:N","floor":60,"turns":5}],"seed_played":"1289970018731819099","potions_obtained":[{"floor":3,"key":"SpeedPotion"},{"floor":4,"key":"theDuelist:FusionPotion"},{"floor":10,"key":"blueLaboratory:HorrorPotion"},{"floor":13,"key":"theDuelist:WaterBottle"},{"floor":46,"key":"ColorlessPotion"},{"floor":48,"key":"theDuelist:TokenPotionB"},{"floor":56,"key":"theDuelist:ExtraOrbsBottle"}],"is_trial":true,"path_per_floor":["M","M","M","M","M","E","E","$","T","M","M","E","M","E","R","B",null,"M","$","M","$","M","E","M","E","T","?","E","E","R","$","R","B",null,"M","$","M","M","$","E","?","M","T","$","E","E","T","E","R","B","M","M","?","$","R","M","R","$","?","B",null],"character_chosen":"THE_DUELIST","items_purchased":["theDuelist:RainbowNeos","theDuelist:MillenniumPrayerbook","theDuelist:Spellheart","theDuelist:MillenniumToken","theDuelist:SpiritHarp","TwistedFunnel","theDuelist:DuelistPrismaticShard","theDuelist:ZoneToken","theDuelist:FairyBox","Melange","theDuelist:MetronomeRelicB","ClockworkSouvenir","theDuelist:PrayerPageA","theDuelist:MagnetRelic","REME_Flogging","theDuelist:AkhenamkhanenSceptre","theDuelist:AquaRelic","theDuelist:TrapVortex","conspire:DeflatedDodgeball","Whetstone","theDuelist:MillenniumRod","Lantern","theDuelist:MarkExxod","theDuelist:RainbowNeos+1"],"campfire_rested":4,"item_purchase_floors":[8,8,8,19,19,19,21,21,21,31,31,31,36,36,36,39,39,39,44,44,54,54,54,58],"current_hp_per_floor":[80,80,80,80,80,80,80,100,100,100,100,100,100,100,100,82,100,100,106,106,106,106,106,106,106,106,106,106,106,106,112,112,96,112,112,102,102,102,84,84,81,81,81,81,84,84,84,84,84,88,88,88,92,102,102,99,102,102,102,93],"gold":73,"neow_bonus":"","is_daily":false,"chose_seed":false,"campfire_upgraded":0,"win_rate":0.0,"timestamp":1611615126,"path_taken":["M","M","M","M","M","E","E","$","T","M","M","E","M","E","R","BOSS","M","$","M","$","M","E","M","E","T","?","?","?","R","$","R","BOSS","M","$","M","M","$","E","?","M","T","$","E","E","?","?","R","BOSS","M","M","?","$","R","M","R","$","?","BOSS"],"items_purchased_type":["Card","Relic","Relic","Relic","Card","Relic","Relic","Relic","Card","Relic","Relic","Relic","Relic","Relic","Card","Relic","Relic","Relic","Relic","Relic","Relic","Relic","Relic","Card"],"build_version":"2020-12-22","purchased_purges":2,"victory":true,"max_hp_per_floor":[80,80,80,80,80,80,80,100,100,100,100,100,100,100,100,100,100,100,106,106,106,106,106,106,106,106,106,106,106,106,112,112,112,112,112,102,102,102,84,84,84,84,84,84,84,84,84,84,84,88,88,88,92,102,102,102,102,102,102,102],"card_choices":[{"not_picked":["theDuelist:Downbeat","theDuelist:WhiteMagicalHat","theDuelist:ScrapFactory","theDuelist:CoreBlaster"],"picked":"theDuelist:DoubleTool","floor":6},{"not_picked":["theDuelist:Sangan","theDuelist:SangaEarth","theDuelist:BigKoala","theDuelist:HappyLover"],"picked":"theDuelist:KamionTimelord","floor":7},{"not_picked":["theDuelist:WhiteMagicalHat","theDuelist:RainbowNeos","theDuelist:BerserkerCrush","theDuelist:ImperialOrder"],"picked":"theDuelist:SpiralSpearStrike","floor":12},{"not_picked":["theDuelist:VendreadCharge","theDuelist:EgoBoost","theDuelist:GravityAxe","theDuelist:PowerKaishin"],"picked":"theDuelist:ElectromagneticShield","floor":14},{"not_picked":["theDuelist:YamiForm","theDuelist:Wildfire","theDuelist:SwordsRevealing","theDuelist:FeatherShot"],"picked":"theDuelist:ForbiddenLance","floor":16},{"not_picked":["theDuelist:BattleguardKing","theDuelist:GaiaMidNightSun","theDuelist:Sangan","theDuelist:ForbiddenLance"],"picked":"theDuelist:GilfordLegend","floor":23},{"not_picked":["theDuelist:GishkiShadow","theDuelist:NimbleManta","theDuelist:Skystarray","theDuelist:SangaEarth"],"picked":"theDuelist:GishkiBeast","floor":25},{"not_picked":["theDuelist:BoulderTortoise","theDuelist:DepthShark","theDuelist:Dewdark+1","theDuelist:GishkiAriel+1"],"picked":"theDuelist:GishkiAvance","floor":28},{"not_picked":["theDuelist:GraydleEagle+1","theDuelist:OnslaughtFireKings","theDuelist:Tuningware","theDuelist:CatapultTurtle"],"picked":"theDuelist:Dewdark","floor":29},{"not_picked":["theDuelist:YamiForm","theDuelist:Wildfire","theDuelist:PineappleBlast","theDuelist:MorayGreed+1"],"picked":"theDuelist:DewlorenTigerKing","floor":33},{"not_picked":["theDuelist:RainbowNeos+1","theDuelist:KamionTimelord+1","theDuelist:Eva+1","theDuelist:RainbowOverdragon+1"],"picked":"theDuelist:HappyLover+1","floor":40},{"not_picked":["theDuelist:ImperialOrder+1","theDuelist:GravityAxe+1","theDuelist:YamiForm+1","theDuelist:MiraculousDescent+1"],"picked":"theDuelist:Electrowhip+1","floor":45},{"not_picked":["theDuelist:Hinotama+1","theDuelist:CoreBlaster+1","theDuelist:RainbowNeos+1","theDuelist:CombinationAttack+1"],"picked":"theDuelist:DoubleTool+1","floor":46},{"not_picked":["theDuelist:MeteorDestruction+1","theDuelist:DoubleTool+1","theDuelist:PowerKaishin","theDuelist:BlackPendant"],"picked":"theDuelist:DarkFactory+1","floor":48}],"player_experience":84319,"relics_obtained":[{"floor":1,"key":"FossilizedHelix"},{"floor":2,"key":"conspire:DecoderRing"},{"floor":3,"key":"aspiration:HatOfInfinitePower"},{"floor":4,"key":"Art of War"},{"floor":5,"key":"Darkstone Periapt"},{"floor":6,"key":"Gambling Chip"},{"floor":7,"key":"theDuelist:ElectricToken"},{"floor":9,"key":"aspiration:SeaSaltIceCream"},{"floor":10,"key":"Akabeko"},{"floor":11,"key":"Bag of Preparation"},{"floor":12,"key":"theDuelist:KaibaToken"},{"floor":13,"key":"REME_HandOfSuture"},{"floor":14,"key":"theDuelist:MillenniumRing"},{"floor":18,"key":"theDuelist:DuelistUrn"},{"floor":20,"key":"hubris:RGBLights"},{"floor":22,"key":"theDuelist:DuelistOrichalcum"},{"floor":23,"key":"Torii"},{"floor":24,"key":"Pantograph"},{"floor":25,"key":"Thread and Needle"},{"floor":26,"key":"Ginger"},{"floor":28,"key":"theDuelist:MillenniumCoin"},{"floor":29,"key":"theDuelist:MetronomeRelicD"},{"floor":35,"key":"hubris:Metronome"},{"floor":37,"key":"Self Forming Clay"},{"floor":38,"key":"MawBank"},{"floor":40,"key":"theDuelist:WavemastersBlessing"},{"floor":42,"key":"Potion Belt"},{"floor":43,"key":"Oddly Smooth Stone"},{"floor":45,"key":"HornCleat"},{"floor":46,"key":"Molten Egg 2"},{"floor":47,"key":"Regal Pillow"},{"floor":48,"key":"War Paint"},{"floor":51,"key":"paleoftheancients:SoulOfTheGuardian"},{"floor":51,"key":"Orichalcum"},{"floor":56,"key":"theDuelist:Splashbox"}],"event_choices":[{"damage_healed":0,"gold_gain":0,"player_choice":"Read","damage_taken":0,"max_hp_gain":0,"max_hp_loss":0,"event_name":"The Library","floor":27,"gold_loss":0,"cards_obtained":["theDuelist:Invigoration"]},{"damage_healed":0,"gold_gain":0,"player_choice":"Dig - random Duelist relic","duelist":true,"damage_taken":0,"max_hp_gain":0,"max_hp_loss":0,"event_name":"Aknamkanon\u0027s Tomb","floor":41,"gold_loss":0},{"power_reward":4,"total_magic_score":92,"gold_gain":0,"greed_reward":4,"duelist":true,"damage_taken":0,"relics_obtained":[],"points":12,"max_hp_gain":4,"max_hp_loss":0,"spent_points":{"magic":0,"greed":4,"war":0,"power":4,"hunger":4},"event_name":"Nameless Tomb","hunger_reward":4,"floor":53,"gold_loss":0,"cards_obtained":["theDuelist:Nameless:Greed:MagnumShield","theDuelist:Nameless:Power:AssaultArmor"]}],"is_beta":false,"boss_relics":[{"not_picked":["aspiration:PoetsPen_weak","hubris:VirtuousBlindfold"],"picked":"Philosopher\u0027s Stone"},{"not_picked":["Runic Dome","conspire:SeveredTorchhead"],"picked":"conspire:SlowCooker"}],"items_purged_floors":[31,36],"is_endless":false,"potions_floor_spawned":[3,4,10,13,14,24,25,29,33,35,37,46,48,56],"ascension_level":0}}