{"host":"test","time":1611588249,"event":{"mods":["BaseMod","Colored Map","Colored Powertips","Minty Spire (QoL Compilation)","Relic Stats","Slay the Relics Exporter","SpireBot","StSLib","ojb\u0027s Better Paths Mod","ojb\u0027s Info Mod"],"gold_per_floor":[413,413,429,3,16,48,48,73,111,123,165,187,199,235,247,353,365,395,407,419,431,483,495,58,58,58,89,103,13,59,84,84,183,183,202,535,19,30,45,45,75,75,75,94,121,141,172,183,183,183,183,183,183,25,53,53],"floor_reached":57,"language":"JPN","playtime":5632,"items_purged":[],"score":2856,"play_id":"6af6a21d-65d6-4e54-a67b-d8d8514c67df","local_time":"20210126002409","is_ascension_mode":true,"campfire_choices":[{"data":"Footwork","floor":7.0,"key":"SMITH"},{"floor":10.0,"key":"REST"},{"floor":15.0,"key":"REST"},{"floor":23.0,"key":"REST"},{"data":"Noxious Fumes","floor":32.0,"key":"SMITH"},{"data":"Night Terror","floor":40.0,"key":"SMITH"},{"data":"Well Laid Plans","floor":42.0,"key":"SMITH"},{"floor":49.0,"key":"RECALL"},{"data":"After Image","floor":53,"key":"SMITH"}],"circlet_count":0,"master_deck":["AscendersBane","Survivor","Neutralize","CurseOfTheBell","Die Die Die+1","Poisoned Stab+1","Well Laid Plans+1","Footwork+1","All Out Attack+1","Masterful Stab","Dash","Noxious Fumes+1","Unload","Acrobatics","After Image+1","Bullet Time","Backstab","Deadly Poison","Deflect","Night Terror+1","Acrobatics","Bane","PiercingWail","Leg Sweep","Venomology","Sucker Punch","Deflect","Cloak And Dagger","Reflex","Dodge and Roll","Concentrate","PiercingWail","Adrenaline","Infinite Blades","Backflip","Dodge and Roll+1","Catalyst","Burst","Backflip","Cloak And Dagger","Acrobatics+1","Infinite Blades+1"],"relics":["Calling Bell","Dream Catcher","HornCleat","Old Coin","StoneCalendar","Anchor","MawBank","Ancient Tea Set","Toy Ornithopter","Pandora\u0027s Box","Red Mask","Oddly Smooth Stone","Toolbox","Mango","Whetstone","Coffee Dripper","Potion Belt","Kunai","The Specimen","Akabeko","Calipers","Nunchaku","ClockworkSouvenir","Bird Faced Urn"],"acts_visited":["Exordium","TheCity","TheBeyond","TheEnding"],"potions_floor_usage":[50,50,56,56,56,56,56,56,56,56,56],"damage_taken":[{"damage":6.0,"enemies":"Jaw Worm","floor":1.0,"turns":7.0},{"damage":0.0,"enemies":"2 Louse","floor":3.0,"turns":1.0},{"damage":0.0,"enemies":"Small Slimes","floor":5.0,"turns":3.0},{"damage":30.0,"enemies":"Gremlin Nob","floor":6.0,"turns":6.0},{"damage":6.0,"enemies":"3 Sentries","floor":8.0,"turns":7.0},{"damage":11.0,"enemies":"Lagavulin","floor":11.0,"turns":7.0},{"damage":0.0,"enemies":"2 Fungi Beasts","floor":12.0,"turns":2.0},{"damage":8.0,"enemies":"Large Slime","floor":14.0,"turns":4.0},{"damage":17.0,"enemies":"Slime Boss","floor":16.0,"turns":7.0},{"damage":15.0,"enemies":"Spheric Guardian","floor":18.0,"turns":6.0},{"damage":28.0,"enemies":"Masked Bandits","floor":22.0,"turns":6.0},{"damage":0.0,"enemies":"Gremlin Leader","floor":27.0,"turns":6.0},{"damage":0.0,"enemies":"Shell Parasite","floor":28.0,"turns":7.0},{"damage":11.0,"enemies":"Snake Plant","floor":31.0,"turns":6.0},{"damage":45.0,"enemies":"Collector","floor":33.0,"turns":10.0},{"damage":11.0,"enemies":"Orb Walker","floor":35.0,"turns":5.0},{"damage":9.0,"enemies":"3 Shapes","floor":38.0,"turns":7.0},{"damage":34.0,"enemies":"Transient","floor":39.0,"turns":6.0},{"damage":10.0,"enemies":"Nemesis","floor":41.0,"turns":9.0},{"damage":7.0,"enemies":"Spire Growth","floor":44.0,"turns":7.0},{"damage":51.0,"enemies":"Giant Head","floor":45.0,"turns":9.0},{"damage":2.0,"enemies":"4 Shapes","floor":46.0,"turns":6.0},{"damage":0.0,"enemies":"Nemesis","floor":47.0,"turns":9.0},{"damage":0.0,"enemies":"Writhing Mass","floor":48.0,"turns":5.0},{"damage":35,"enemies":"Donu and Deca","floor":50,"turns":14},{"damage":3,"enemies":"Awakened One","floor":51,"turns":33},{"damage":22,"enemies":"Shield and Spear","floor":55,"turns":8},{"damage":79,"enemies":"The Heart","floor":56,"turns":12}],"seed_played":"1743714493597155559","potions_obtained":[{"floor":3.0,"key":"SpeedPotion"},{"floor":5.0,"key":"SteroidPotion"},{"floor":33.0,"key":"DistilledChaos"},{"floor":38.0,"key":"GamblersBrew"},{"floor":39.0,"key":"Explosive Potion"}],"is_trial":false,"path_per_floor":["M","?","M","$","M","E","R","E","T","R","E","M","?","M","R","B",null,"M","?","?","?","?","R","$","?","T","E","M","$","T","M","R","B",null,"M","?","$","M","M","R","E","R","T","M","E","M","E","M","R","B","B",null,"R","$","E","B",null],"character_chosen":"THE_SILENT","items_purchased":["StoneCalendar","Well Laid Plans","Oddly Smooth Stone","Cloak And Dagger","PowerPotion","Toolbox","Concentrate","Potion Belt","Kunai","Infinite Blades","ClockworkSouvenir"],"campfire_rested":3,"item_purchase_floors":[4,4,24,24,24,24,29,37,37,37,54],"current_hp_per_floor":[53,53,53,53,53,23,23,17,17,36,25,25,25,17,35,18,50,35,35,35,35,7,25,25,25,39,44,44,44,44,38,38,3,56,50,50,50,41,42,42,42,42,42,50,59,57,67,67,67,42,39,65,65,65,43,47],"gold":53,"neow_bonus":"BOSS_RELIC","is_daily":false,"chose_seed":true,"campfire_upgraded":5,"win_rate":0.0,"timestamp":1611588249,"path_taken":["M","?","M","$","M","E","R","E","T","R","E","M","?","M","R","BOSS","M","?","?","?","?","R","$","?","T","E","M","?","?","M","R","BOSS","M","?","$","M","M","R","E","R","T","M","E","M","E","M","R","BOSS","BOSS","R","$","E","BOSS"],"items_purchased_type":["Relic","Card","Relic","Card","Potion","Relic","Card","Relic","Relic","Card","Relic"],"build_version":"2020-12-18","purchased_purges":0,"victory":true,"max_hp_per_floor":[66,66,66,66,66,66,66,66,66,66,66,66,60,60,60,60,60,60,60,60,60,60,60,60,60,74,74,74,74,74,74,74,74,74,74,74,74,74,74,74,74,74,74,74,74,74,74,74,74,74,74,74,74,74,74,74],"relic_stats":{"Dream Catcher":3,"Nunchaku":[18],"counters":[28,215],"Bird Faced Urn":[16],"StoneCalendar":[637],"Pandora\u0027s Box":["Riddle With Holes","Caltrops","Bullet Time","Flechettes","Backstab","Deadly Poison","Deflect","Night Terror","Acrobatics","Bane"],"Whetstone":["All Out Attack","Poisoned Stab"],"Kunai":[61],"MawBank":192,"obtain_stats":[{"Calipers":45,"StoneCalendar":4,"Mango":26,"Whetstone":27,"Ancient Tea Set":9,"Old Coin":0,"ClockworkSouvenir":54,"Dream Catcher":0,"Nunchaku":47,"HornCleat":0,"Toolbox":24,"Red Mask":22,"Kunai":37,"Ring of the Snake":0,"Potion Belt":37,"The Specimen":41,"Golden Idol":13,"Oddly Smooth Stone":24,"MawBank":8,"Akabeko":43,"Calling Bell":0,"Anchor":6,"Bird Faced Urn":55,"Pandora\u0027s Box":17,"Coffee Dripper":34,"Toy Ornithopter":11},{"Calipers":21,"StoneCalendar":2,"Mango":11,"Whetstone":12,"Ancient Tea Set":5,"Old Coin":0,"ClockworkSouvenir":26,"Dream Catcher":0,"Nunchaku":23,"HornCleat":0,"Toolbox":11,"Red Mask":11,"Kunai":16,"Ring of the Snake":0,"Potion Belt":16,"The Specimen":19,"Golden Idol":7,"Oddly Smooth Stone":11,"MawBank":5,"Akabeko":19,"Calling Bell":0,"Anchor":4,"Bird Faced Urn":27,"Pandora\u0027s Box":9,"Coffee Dripper":15,"Toy Ornithopter":6},{"Calipers":128,"StoneCalendar":8,"Mango":56,"Whetstone":62,"Ancient Tea Set":24,"Old Coin":0,"ClockworkSouvenir":195,"Dream Catcher":0,"Nunchaku":143,"HornCleat":0,"Toolbox":56,"Red Mask":56,"Kunai":90,"Ring of the Snake":0,"Potion Belt":90,"The Specimen":112,"Golden Idol":33,"Oddly Smooth Stone":56,"MawBank":24,"Akabeko":112,"Calling Bell":0,"Anchor":17,"Bird Faced Urn":203,"Pandora\u0027s Box":44,"Coffee Dripper":85,"Toy Ornithopter":31}],"Toy Ornithopter":175},"card_choices":[{"not_picked":["Deflect","Sucker Punch"],"picked":"Die Die Die","floor":1.0},{"not_picked":["Flechettes","Terror"],"picked":"Poisoned Stab","floor":3.0},{"not_picked":["Slice","Bouncing Flask"],"picked":"Footwork","floor":5.0},{"not_picked":["Backstab","Riddle With Holes"],"picked":"All Out Attack","floor":6.0},{"not_picked":["Quick Slash","Prepared"],"picked":"Masterful Stab","floor":8.0},{"not_picked":["Deadly Poison","Poisoned Stab"],"picked":"Dash","floor":10.0},{"not_picked":["Underhanded Strike","Outmaneuver"],"picked":"Noxious Fumes","floor":11.0},{"not_picked":["PiercingWail","Deadly Poison"],"picked":"Unload","floor":12.0},{"not_picked":["Concentrate","Underhanded Strike","Reflex"],"picked":"SKIP","floor":14.0},{"not_picked":["Setup","Bane"],"picked":"Acrobatics","floor":15.0},{"not_picked":["Venomology","Bullet Time"],"picked":"After Image","floor":16.0},{"not_picked":["Calculated Gamble","Deadly Poison"],"picked":"PiercingWail","floor":18.0},{"not_picked":["Flechettes","Blade Dance"],"picked":"Deflect","floor":22.0},{"not_picked":["Crippling Poison","Backstab+1"],"picked":"Reflex","floor":27.0},{"not_picked":["Endless Agony","Die Die Die"],"picked":"Dodge and Roll","floor":28.0},{"not_picked":["Acrobatics","Skewer"],"picked":"PiercingWail","floor":31.0},{"not_picked":["Unload","Malaise"],"picked":"Adrenaline","floor":33.0},{"not_picked":["Dodge and Roll","Poisoned Stab","Riddle With Holes"],"picked":"SKIP","floor":35.0},{"not_picked":["PiercingWail+1","Poisoned Stab"],"picked":"Backflip","floor":38.0},{"not_picked":["Underhanded Strike","Flying Knee"],"picked":"Dodge and Roll+1","floor":39.0},{"not_picked":["Underhanded Strike","Poisoned Stab"],"picked":"Catalyst","floor":41.0},{"not_picked":["Sucker Punch+1","PiercingWail"],"picked":"Burst","floor":44.0},{"not_picked":["Acrobatics+1","PiercingWail+1"],"picked":"Backflip","floor":45.0},{"not_picked":["Heel Hook","Deflect"],"picked":"Cloak And Dagger","floor":46.0},{"not_picked":["Reflex","Expertise","Terror"],"picked":"SKIP","floor":47.0},{"not_picked":["Backstab","Outmaneuver"],"picked":"Acrobatics+1","floor":48.0},{"not_picked":["Venomology","Dodge and Roll"],"picked":"Infinite Blades+1","floor":55}],"player_experience":1979069,"relics_obtained":[{"floor":0.0,"key":"Dream Catcher"},{"floor":0.0,"key":"HornCleat"},{"floor":0.0,"key":"Old Coin"},{"floor":6.0,"key":"Anchor"},{"floor":8.0,"key":"MawBank"},{"floor":9.0,"key":"Ancient Tea Set"},{"floor":11.0,"key":"Toy Ornithopter"},{"floor":22.0,"key":"Red Mask"},{"floor":26.0,"key":"Mango"},{"floor":27.0,"key":"Whetstone"},{"floor":41.0,"key":"The Specimen"},{"floor":43.0,"key":"Akabeko"},{"floor":45.0,"key":"Calipers"},{"floor":47.0,"key":"Nunchaku"},{"floor":55,"key":"Bird Faced Urn"}],"event_choices":[{"damage_healed":0.0,"max_hp_gain":0.0,"max_hp_loss":0.0,"gold_gain":0.0,"event_name":"Living Wall","player_choice":"Grow","floor":2.0,"gold_loss":0.0,"damage_taken":0.0,"cards_upgraded":["Die Die Die"]},{"damage_healed":0.0,"max_hp_gain":0.0,"max_hp_loss":6.0,"gold_gain":0.0,"event_name":"Golden Idol","player_choice":"Lose Max HP","floor":13.0,"gold_loss":0.0,"damage_taken":0.0,"relics_obtained":["Golden Idol"]},{"cards_removed":["Riddle With Holes"],"damage_healed":0.0,"max_hp_gain":0.0,"max_hp_loss":0.0,"gold_gain":0.0,"event_name":"Back to Basics","player_choice":"Elegance","floor":19.0,"gold_loss":0.0,"damage_taken":0.0},{"damage_healed":0.0,"max_hp_gain":0.0,"max_hp_loss":0.0,"gold_gain":0.0,"event_name":"The Library","player_choice":"Read","floor":20.0,"gold_loss":0.0,"damage_taken":0.0,"cards_obtained":["Leg Sweep"]},{"damage_healed":0.0,"max_hp_gain":0.0,"max_hp_loss":0.0,"gold_gain":0.0,"cards_transformed":["Caltrops","Flechettes"],"event_name":"Drug Dealer","player_choice":"Became Test Subject","floor":21.0,"gold_loss":0.0,"damage_taken":0.0,"cards_obtained":["Venomology","Sucker Punch"]},{"damage_healed":0.0,"max_hp_gain":0.0,"max_hp_loss":0.0,"gold_gain":0.0,"event_name":"Masked Bandits","player_choice":"Fought Bandits","floor":22.0,"gold_loss":0.0,"damage_taken":0.0},{"damage_healed":0.0,"max_hp_gain":0.0,"max_hp_loss":0.0,"gold_gain":0.0,"event_name":"The Mausoleum","player_choice":"Ignored","floor":25.0,"gold_loss":0.0,"damage_taken":0.0},{"damage_healed":0.0,"max_hp_gain":0.0,"max_hp_loss":0.0,"gold_gain":333.0,"event_name":"The Moai Head","player_choice":"Gave Idol","floor":36.0,"relics_lost":["Golden Idol"],"gold_loss":0.0,"damage_taken":0.0}],"is_beta":true,"boss_relics":[{"not_picked":["SacredBark","Busted Crown"],"picked":"Pandora\u0027s Box"},{"not_picked":["HoveringKite","Snecko Eye"],"picked":"Coffee Dripper"}],"items_purged_floors":[],"is_endless":false,"potions_floor_spawned":[3,5,27,28,31,33,38,39,44,47],"ascension_level":20}}