{"host":"rj1j8apb2x4vafcu","time":1611564143,"event":{"mods":["AchievementEnabler","Act Like it!","BaseMod","Colored Map","Colored Powertips","Minty Spire (QoL Compilation)","Rare Cards Sparkle","StSLib"],"gold_per_floor":[111,121,135,145,159,189,189,199,199,199,199,199,199,17,17,119,119,108,108,23,43,57,57,37,37,37,53,53,53,53,53],"floor_reached":30,"language":"ENG","playtime":1484,"items_purged":[],"score":253,"play_id":"8484ce95-8f4f-4a7a-b2e1-254f3636a6ae","local_time":"20210125064223","is_ascension_mode":true,"campfire_choices":[{"data":"Demon Form","floor":7,"key":"SMITH"},{"data":"Berserk","floor":10,"key":"SMITH"},{"data":"True Grit","floor":12,"key":"SMITH"},{"floor":15,"key":"REST"},{"floor":23,"key":"REST"},{"data":"Armaments","floor":25,"key":"SMITH"},{"data":"Shrug It Off","floor":29,"key":"SMITH"}],"circlet_count":0,"master_deck":["Strike_R","Strike_R","Strike_R","Defend_R","Defend_R","Defend_R","Bash","Rampage","True Grit+1","Armaments+1","Dropkick","Demon Form+1","Berserk+1","Metallicize","Juggernaut","Dual Wield+1","True Grit","Shrug It Off+1"],"relics":["Burning Blood","NeowsBlessing","Matryoshka","Orichalcum","The Courier","MealTicket","Empty Cage","Gremlin Horn","Art of War","Singing Bowl"],"acts_visited":["Exordium","TheCity"],"potions_floor_usage":[16,21,22,30,30],"damage_taken":[{"damage":0,"enemies":"Cultist","floor":1,"turns":1},{"damage":0,"enemies":"Jaw Worm","floor":2,"turns":1},{"damage":0,"enemies":"2 Louse","floor":3,"turns":1},{"damage":19,"enemies":"Looter","floor":4,"turns":4},{"damage":24,"enemies":"3 Louse","floor":5,"turns":4},{"damage":22,"enemies":"Lagavulin","floor":6,"turns":7},{"damage":13,"enemies":"Exordium Wildlife","floor":8,"turns":4},{"damage":27,"enemies":"The Guardian","floor":16,"turns":8},{"damage":43,"enemies":"2 Thieves","floor":18,"turns":4},{"damage":15,"enemies":"3 Byrds","floor":21,"turns":5},{"damage":28,"enemies":"Centurion and Healer","floor":22,"turns":7},{"damage":48,"enemies":"Snake Plant","floor":27,"turns":5},{"damage":36,"enemies":"Colosseum Slavers","floor":30,"turns":4}],"seed_played":"-1496315043085257935","potions_obtained":[{"floor":1,"key":"ColorlessPotion"},{"floor":2,"key":"EssenceOfSteel"},{"floor":4,"key":"BlessingOfTheForge"},{"floor":18,"key":"DistilledChaos"},{"floor":21,"key":"PowerPotion"},{"floor":22,"key":"Explosive Potion"}],"is_trial":false,"path_per_floor":["M","M","M","M","M","E","R","M","T","R","?","R","?","$","R","B",null,"M","?","?","M","M","R","$","R","T","M","$","R","?"],"character_chosen":"IRONCLAD","items_purchased":["Metallicize","MealTicket","Shrug It Off"],"campfire_rested":2,"item_purchase_floors":[14,14,24],"current_hp_per_floor":[80,80,80,67,49,33,33,26,26,26,31,31,24,24,49,28,85,48,48,48,39,17,42,57,57,57,17,32,32,0,0],"gold":53,"neow_bonus":"THREE_ENEMY_KILL","is_daily":false,"chose_seed":false,"campfire_upgraded":5,"win_rate":0.0,"timestamp":1611564143,"path_taken":["M","?","M","M","M","E","R","M","T","R","?","R","?","$","R","BOSS","M","?","?","M","M","R","$","R","T","M","?","R","?"],"items_purchased_type":["Card","Relic","Card"],"build_version":"2020-12-22","purchased_purges":0,"victory":false,"max_hp_per_floor":[80,80,80,80,80,80,80,80,80,80,85,85,85,85,85,85,85,85,85,85,85,85,85,85,85,85,87,87,87,87,87],"card_choices":[{"not_picked":["Shrug It Off","Sword Boomerang"],"picked":"Rampage","floor":1},{"not_picked":["Dual Wield","Flex"],"picked":"True Grit","floor":2},{"not_picked":["Cleave","Heavy Blade"],"picked":"Armaments","floor":3},{"not_picked":["Clash","Anger"],"picked":"Dropkick","floor":4},{"not_picked":["Anger","Searing Blow"],"picked":"Demon Form","floor":5},{"not_picked":["Second Wind","Anger"],"picked":"Berserk","floor":6},{"not_picked":["Cleave","Headbutt","Carnage"],"picked":"SKIP","floor":8},{"not_picked":["Offering","Fiend Fire"],"picked":"Juggernaut","floor":16},{"not_picked":["Twin Strike+1","Havoc"],"picked":"Dual Wield+1","floor":18},{"not_picked":["Burning Pact+1","Flex"],"picked":"True Grit","floor":21},{"not_picked":["Flex","Iron Wave","Dark Embrace+1"],"picked":"SKIP","floor":22},{"not_picked":["Disarm","Entrench","Bloodletting"],"picked":"Singing Bowl","floor":27}],"player_experience":120162,"relics_obtained":[{"floor":6,"key":"Matryoshka"},{"floor":9,"key":"Orichalcum"},{"floor":9,"key":"The Courier"},{"floor":26,"key":"Art of War"},{"floor":26,"key":"Singing Bowl"}],"event_choices":[{"damage_healed":0,"gold_gain":0,"player_choice":"Donut","damage_taken":0,"max_hp_gain":5,"max_hp_loss":0,"event_name":"Big Fish","floor":11,"gold_loss":0},{"cards_removed":["Strike_R"],"damage_healed":0,"gold_gain":0,"player_choice":"Card Removal","damage_taken":7,"max_hp_gain":0,"max_hp_loss":0,"event_name":"Golden Wing","floor":13,"gold_loss":0},{"damage_healed":0,"gold_gain":0,"player_choice":"Ignored","damage_taken":0,"max_hp_gain":0,"max_hp_loss":0,"event_name":"Cursed Tome","floor":19,"gold_loss":0},{"damage_healed":0,"gold_gain":0,"player_choice":"Obtained Relic","damage_taken":0,"relics_obtained":["Gremlin Horn"],"max_hp_gain":0,"max_hp_loss":0,"event_name":"Addict","floor":20,"gold_loss":85},{"damage_healed":0,"gold_gain":0,"player_choice":"Fight","damage_taken":0,"max_hp_gain":0,"max_hp_loss":0,"event_name":"Colosseum","floor":30,"gold_loss":0}],"is_beta":false,"boss_relics":[{"not_picked":["Coffee Dripper","SacredBark"],"picked":"Empty Cage"}],"items_purged_floors":[],"is_endless":false,"potions_floor_spawned":[1,2,4,6,8,18,21,22],"killed_by":"Colosseum Slavers","ascension_level":2}}