{"host":"q206iib20se9i6w7","time":1611614227,"event":{"mods":["AchievementEnabler","BaseMod","Bestiary","Block Reminder","Colored Map","Colored Powertips","Curses Come First","Highlight Path","Key Reminder","Minty Spire (QoL Compilation)","Quick Restart","Random Character Button","Relic Stats","StSLib","SuperFastMode","Unceasing Turn Reminder"],"gold_per_floor":[111,286,298,298,250,283,300,329,329,329,348,348,49,62,62,62,62],"floor_reached":16,"language":"ENG","playtime":492,"items_purged":["Doubt"],"score":196,"play_id":"67473748-fe89-44a0-9fcd-a0c62364c18d","local_time":"20210125163707","is_ascension_mode":true,"campfire_choices":[{"floor":10,"key":"REST"},{"data":"Catalyst","floor":12,"key":"SMITH"},{"floor":15,"key":"REST"}],"circlet_count":0,"master_deck":["Strike_G","Strike_G+1","Strike_G","Strike_G","Strike_G","Defend_G","Defend_G","Defend_G","Defend_G","Defend_G","Survivor","Neutralize+1","Noxious Fumes","Burst","Catalyst+1","Caltrops","Poisoned Stab","Catalyst","PiercingWail"],"relics":["Ring of the Snake","NeowsBlessing","Lizard Tail","TungstenRod","Omamori"],"acts_visited":["Exordium"],"potions_floor_usage":[8],"damage_taken":[{"damage":0,"enemies":"Small Slimes","floor":1,"turns":1},{"damage":0,"enemies":"Jaw Worm","floor":3,"turns":1},{"damage":0,"enemies":"Lagavulin","floor":6,"turns":1},{"damage":0,"enemies":"Cultist","floor":7,"turns":4},{"damage":35,"enemies":"3 Sentries","floor":8,"turns":8},{"damage":2,"enemies":"Blue Slaver","floor":11,"turns":4},{"damage":13,"enemies":"Exordium Thugs","floor":14,"turns":5},{"damage":77,"enemies":"Slime Boss","floor":16,"turns":13}],"seed_played":"-4223409929103842993","potions_obtained":[{"floor":6,"key":"ColorlessPotion"}],"is_trial":false,"path_per_floor":["M","?","M","?","?","E","M","E","T","R","M","R","$","M","R","B"],"character_chosen":"THE_SILENT","items_purchased":["Catalyst","Omamori"],"campfire_rested":2,"item_purchase_floors":[13,13],"current_hp_per_floor":[63,63,63,49,49,49,49,14,14,35,33,33,33,20,41,0,0],"gold":62,"neow_bonus":"THREE_ENEMY_KILL","is_daily":false,"chose_seed":false,"campfire_upgraded":1,"win_rate":0.0,"timestamp":1611614227,"path_taken":["M","?","M","?","?","E","?","E","T","R","M","R","$","M","R","BOSS"],"items_purchased_type":["Card","Relic"],"build_version":"2020-12-22","purchased_purges":1,"victory":false,"max_hp_per_floor":[70,70,70,70,70,70,70,70,70,70,70,70,70,70,70,70,70],"relic_stats":{"Lizard Tail":35,"counters":[8,37],"obtain_stats":[{"Lizard Tail":8,"NeowsBlessing":0,"Omamori":13,"TungstenRod":9,"Ring of the Snake":0},{"Lizard Tail":5,"NeowsBlessing":0,"Omamori":6,"TungstenRod":5,"Ring of the Snake":0},{"Lizard Tail":15,"NeowsBlessing":0,"Omamori":19,"TungstenRod":15,"Ring of the Snake":0}],"TungstenRod":14,"Ring of the Snake":[16]},"card_choices":[{"not_picked":["Outmaneuver","Deadly Poison"],"picked":"Noxious Fumes","floor":1},{"not_picked":["Poisoned Stab","Acrobatics"],"picked":"Burst","floor":3},{"not_picked":["Prepared","Venomology"],"picked":"Catalyst","floor":6},{"not_picked":["Outmaneuver","Blade Dance"],"picked":"Caltrops","floor":7},{"not_picked":["Terror","Quick Slash"],"picked":"Poisoned Stab","floor":8},{"not_picked":["Dodge and Roll","Blade Dance","Underhanded Strike"],"picked":"SKIP","floor":11},{"not_picked":["Deflect","Heel Hook"],"picked":"PiercingWail","floor":14}],"player_experience":275306,"relics_obtained":[{"floor":8,"key":"Lizard Tail"},{"floor":9,"key":"TungstenRod"}],"event_choices":[{"damage_healed":0,"gold_gain":175,"player_choice":"AGREE","damage_taken":0,"max_hp_gain":0,"max_hp_loss":0,"event_name":"Liars Game","floor":2,"gold_loss":0,"cards_obtained":["Doubt"]},{"damage_healed":0,"gold_gain":0,"player_choice":"Entered Light","damage_taken":14,"max_hp_gain":0,"max_hp_loss":0,"event_name":"Shining Light","floor":4,"gold_loss":0,"cards_upgraded":["Strike_G","Neutralize"]},{"damage_healed":0,"gold_gain":0,"player_choice":"Left Gold","damage_taken":0,"max_hp_gain":0,"max_hp_loss":0,"event_name":"World of Goop","floor":5,"gold_loss":48}],"is_beta":false,"boss_relics":[],"items_purged_floors":[13],"is_endless":false,"potions_floor_spawned":[6],"killed_by":"Slime Boss","ascension_level":9}}