{"host":"kk2i87xhq8q4h0un","time":1611554949,"event":{"mods":["BaseMod","Downfall","Minty Spire (QoL Compilation)","Shop Mod","StSLib"],"gold_per_floor":[99,113,123,35,135,23,71,71,16,29,43,54,67,67,83,83,83,83],"floor_reached":16,"language":"ENG","playtime":2861,"items_purged":[],"score":94,"play_id":"cf2c07bd-6e04-4550-bd57-479c7f1c6914","local_time":"20210124220909","is_ascension_mode":false,"campfire_choices":[{"data":"champ:Taunt","floor":1.0,"key":"SMITH"},{"data":"champ:BerserkersShout","floor":8,"key":"SMITH"}],"circlet_count":0,"master_deck":["champ:Strike","champ:Strike","champ:Strike","champ:Strike","champ:Defend","champ:Defend","champ:Defend","champ:Defend","champ:Execute","champ:Taunt+1","champ:EnGarde","champ:BerserkersShout+1","champ:BringItOn","champ:ShieldWall","champ:Encircle","champ:Circumvent","champ:RisingSlash","champ:ShieldSlam","champ:StanceDance","champ:Lariat","champ:IronFortress","champ:TripleStrike","champ:PerfectedStrike"],"relics":["champ:ChampionCrown","Anchor","downfall:BrokenWingStatue"],"acts_visited":["Exordium"],"potions_floor_usage":[16,16],"damage_taken":[{"damage":21.0,"enemies":"Cultist","floor":2.0,"turns":5.0},{"damage":30.0,"enemies":"Jaw Worm","floor":3.0,"turns":6.0},{"damage":45.0,"enemies":"downfall:FleeingMerchant","floor":4.0,"turns":4.0},{"damage":25,"enemies":"downfall:FleeingMerchant","floor":6,"turns":4},{"damage":31,"enemies":"downfall:FleeingMerchant","floor":9,"turns":4},{"damage":10,"enemies":"Small Slimes","floor":10,"turns":3},{"damage":66,"enemies":"Gremlin Gang","floor":11,"turns":6},{"damage":62,"enemies":"2 Fungi Beasts","floor":12,"turns":6},{"damage":65,"enemies":"Large Slime","floor":13,"turns":7},{"damage":10,"enemies":"Blue Slaver","floor":15,"turns":4},{"damage":105,"enemies":"SI_SHIV_ARCHETYPE","floor":16,"turns":8}],"seed_played":"-322083013762159085","potions_obtained":[{"floor":10,"key":"hexamod:SoulburnPotion"},{"floor":13,"key":"Ancient Potion"},{"floor":15,"key":"AttackPotion"}],"is_trial":false,"path_per_floor":["R","M","M","$","?","$","T","R","$","M","M","M","M","?","M","B"],"character_chosen":"THE_CHAMP","items_purchased":["champ:ShieldWall","champ:Circumvent","champ:RisingSlash","champ:ShieldSlam"],"campfire_rested":0,"item_purchase_floors":[4,6,6,9],"current_hp_per_floor":[99,98,98,98,98,98,98,98,92,92,66,64,64,64,64,0,0,0],"gold":83,"neow_bonus":"TEN_PERCENT_HP_BONUS","is_daily":false,"chose_seed":false,"campfire_upgraded":2,"win_rate":0.0,"timestamp":1611554949,"path_taken":["R","M","M","$","?","$","T","R","?","?","M","M","M","?","M","BOSS"],"items_purchased_type":["Card","Card","Card","Card"],"build_version":"2020-12-22","purchased_purges":0,"victory":false,"max_hp_per_floor":[99,99,99,99,99,99,99,99,99,99,99,99,99,99,99,99,99,99],"card_choices":[{"not_picked":["champ:Haymaker","champ:GladiatorStyle"],"picked":"champ:EnGarde","floor":2.0},{"not_picked":["champ:CrookedStrike","champ:FlashCut"],"picked":"champ:BerserkersShout","floor":3.0},{"not_picked":["champ:Shatter","champ:Circumvent"],"picked":"champ:BringItOn","floor":4.0},{"not_picked":["champ:FanOfKnives","champ:Haymaker"],"picked":"champ:Encircle","floor":6},{"not_picked":["champ:CrookedStrike","champ:FanOfKnives","champ:BladeFlurry"],"picked":"SKIP","floor":9},{"not_picked":["champ:Endure","champ:Backstep"],"picked":"champ:StanceDance","floor":10},{"not_picked":["champ:BladeFlurry","champ:Parry"],"picked":"champ:Lariat","floor":11},{"not_picked":["champ:PerfectedStrike","champ:FaceSlap"],"picked":"champ:IronFortress","floor":12},{"not_picked":["champ:ShieldSlam","champ:AdrenalArmor"],"picked":"champ:TripleStrike","floor":13},{"not_picked":["champ:SetATrap","champ:BringItOn"],"picked":"champ:PerfectedStrike","floor":15}],"player_experience":1042451,"relics_obtained":[{"floor":7,"key":"Anchor"}],"event_choices":[],"is_beta":false,"boss_relics":[],"items_purged_floors":[],"is_endless":false,"potions_floor_spawned":[10,13,15],"killed_by":"SI_SHIV_ARCHETYPE","ascension_level":0}}