{"host":"ynimr9ugvc6f046i","time":1611544187,"event":{"mods":["2.2 Compatiblity","BaseMod","Colored Map","DeckTracker","Highlight Path","Keyboard Shortcuts","Minty Spire (QoL Compilation)","Permanent Neow","Quick Restart","StSLib","SuperFastMode"],"gold_per_floor":[113,113,38,88,99,99,127,127,150,50,50,70,105,125,125,125,125],"floor_reached":16,"language":"KOR","playtime":207,"items_purged":["Strike_B","Strike_B"],"score":266,"play_id":"b1ed86ea-f928-41bb-bfbc-372cc064c501","local_time":"20210125120947","is_ascension_mode":true,"campfire_choices":[{"data":"Dualcast","floor":6,"key":"SMITH"},{"data":"Zap","floor":8,"key":"SMITH"},{"data":"Skim","floor":11,"key":"SMITH"},{"data":"Turbo","floor":15,"key":"SMITH"}],"circlet_count":0,"master_deck":["AscendersBane","Strike_B","Strike_B+1","Defend_B","Defend_B","Defend_B","Defend_B","Zap+1","Dualcast+1","Ball Lightning+1","Sweeping Beam","Skim+1","Core Surge","Turbo+1"],"relics":["Cracked Core","FossilizedHelix","Meat on the Bone","Ancient Tea Set","Whetstone","Orichalcum"],"acts_visited":["Exordium"],"potions_floor_usage":[7],"damage_taken":[{"damage":0,"enemies":"Cultist","floor":1,"turns":3},{"damage":0,"enemies":"2 Louse","floor":5,"turns":2},{"damage":0,"enemies":"Gremlin Nob","floor":7,"turns":4},{"damage":0,"enemies":"Jaw Worm","floor":12,"turns":3},{"damage":10,"enemies":"Lagavulin","floor":13,"turns":5},{"damage":0,"enemies":"Large Slime","floor":14,"turns":3},{"damage":39,"enemies":"Hexaghost","floor":16,"turns":7}],"seed_played":"-5425418377820121560","potions_obtained":[{"floor":1,"key":"Weak Potion"}],"is_trial":false,"path_per_floor":["M","T","$","?","M","R","E","R","T","$","R","M","E","M","R","B"],"character_chosen":"DEFECT","items_purchased":[],"campfire_rested":0,"item_purchase_floors":[],"current_hp_per_floor":[46,46,46,46,46,46,46,46,46,46,46,46,36,36,36,0,0],"gold":125,"neow_bonus":"ONE_RARE_RELIC","is_daily":false,"chose_seed":false,"campfire_upgraded":4,"win_rate":0.0,"timestamp":1611544187,"path_taken":["M","?","$","?","?","R","E","R","T","$","R","M","E","M","R","BOSS"],"items_purchased_type":[],"build_version":"2020-12-22","purchased_purges":2,"victory":false,"max_hp_per_floor":[71,71,71,71,71,71,71,71,71,71,71,71,71,71,71,71,71],"card_choices":[{"not_picked":["Doom and Gloom","Beam Cell"],"picked":"Ball Lightning","floor":1},{"not_picked":["Barrage","Rebound"],"picked":"Sweeping Beam","floor":5},{"not_picked":["Go for the Eyes","Barrage"],"picked":"Skim","floor":7},{"not_picked":["FTL","Streamline"],"picked":"Core Surge","floor":12},{"not_picked":["Turbo","Redo","Doom and Gloom"],"picked":"SKIP","floor":13},{"not_picked":["Steam","Rebound"],"picked":"Turbo","floor":14}],"player_experience":535584,"relics_obtained":[{"floor":2,"key":"Meat on the Bone"},{"floor":7,"key":"Ancient Tea Set"},{"floor":9,"key":"Whetstone"},{"floor":13,"key":"Orichalcum"}],"event_choices":[{"damage_healed":0,"gold_gain":50,"player_choice":"Pray","damage_taken":0,"max_hp_gain":0,"max_hp_loss":0,"event_name":"Golden Shrine","floor":4,"gold_loss":0}],"is_beta":false,"boss_relics":[],"items_purged_floors":[3,10],"is_endless":false,"potions_floor_spawned":[1],"killed_by":"Hexaghost","ascension_level":20}}