{"host":"3qkmyeoym75lj4wn","time":1611607005,"event":{"mods":["2.2 Compatiblity","BaseMod","Block Reminder","Colored Powertips","Highlight Path","Minty Spire (QoL Compilation)","Permanent Neow","Potion Indicator Mod","Rare Cards Sparkle","Relic Stats","StSLib","Unceasing Turn Reminder"],"gold_per_floor":[213,58,77,77,77,77,77],"floor_reached":6,"language":"ENG","playtime":185,"items_purged":[],"score":68,"play_id":"971ac7b8-82f0-421e-8fa4-289877506e51","local_time":"20210125203645","is_ascension_mode":true,"campfire_choices":[],"circlet_count":0,"master_deck":["AscendersBane","Strike_B","Strike_B","Strike_B","Strike_B","Defend_B+1","Defend_B","Defend_B+1","Defend_B","Zap","Dualcast","Hologram","Glacier","Lockon","Sweeping Beam"],"relics":["Cracked Core","War Paint"],"acts_visited":["Exordium"],"potions_floor_usage":[6],"damage_taken":[{"damage":4,"enemies":"Jaw Worm","floor":1,"turns":4},{"damage":6,"enemies":"2 Louse","floor":3,"turns":3},{"damage":37,"enemies":"3 Sentries","floor":6,"turns":6}],"seed_played":"-1925542085572284366","potions_obtained":[{"floor":3,"key":"Explosive Potion"}],"is_trial":false,"path_per_floor":["M","$","M","?","?","E"],"character_chosen":"DEFECT","items_purchased":["Glacier","Lockon"],"campfire_rested":0,"item_purchase_floors":[2,2],"current_hp_per_floor":[60,60,54,36,36,0,0],"gold":77,"neow_bonus":"HUNDRED_GOLD","is_daily":false,"chose_seed":false,"campfire_upgraded":0,"win_rate":0.0,"timestamp":1611607005,"path_taken":["M","$","M","?","?","E"],"items_purchased_type":["Card","Card"],"build_version":"2020-12-22","purchased_purges":0,"victory":false,"max_hp_per_floor":[71,71,71,71,71,71,71],"relic_stats":{"counters":[3,13],"War Paint":["Defend_B","Defend_B"],"obtain_stats":[{"War Paint":4,"Cracked Core":0},{"War Paint":2,"Cracked Core":0},{"War Paint":7,"Cracked Core":0}]},"card_choices":[{"not_picked":["Beam Cell","Steam"],"picked":"Hologram","floor":1},{"not_picked":["Lockon","Steam"],"picked":"Sweeping Beam","floor":3}],"player_experience":1700664,"relics_obtained":[],"event_choices":[{"damage_healed":0,"gold_gain":0,"player_choice":"Success","damage_taken":18,"relics_obtained":["War Paint"],"max_hp_gain":0,"max_hp_loss":0,"event_name":"Scrap Ooze","floor":4,"gold_loss":0},{"damage_healed":0,"gold_gain":0,"player_choice":"Ignored","damage_taken":0,"max_hp_gain":0,"max_hp_loss":0,"event_name":"Shining Light","floor":5,"gold_loss":0}],"is_beta":false,"boss_relics":[],"items_purged_floors":[],"is_endless":false,"potions_floor_spawned":[3],"killed_by":"3 Sentries","ascension_level":20}}