{"host":"1zjc08c6hob33401","time":1611604009,"event":{"mods":["AchievementEnabler","Act Like it!","Aspiration","BaseMod","Downfall","Elementarium","Energized Spire","Evolution","Friendly Minions","Gensokyo","GifTheSpireLib","Hubris","Infinite Spire","Jedi Mod","Menagerie","Minty Spire (QoL Compilation)","Pale of the Ancients","Quick Restart","Reliquary","Replay The Spire","Retaliation","Shop Mod","Spire Arcade","StS++","StSLib","Stuff the Spire","The Blue Laboratory","Wandering Minibosses","??????REMEMod"],"gold_per_floor":[117,132,142,154,164,164,191,191,246,259,270,270,281,281,281,353,353,370,370,370,389,389,389,389,402,402,402,402],"floor_reached":27,"language":"RUS","playtime":909,"items_purged":[],"score":460,"play_id":"a88f8feb-934d-4254-b0c2-9d777d0cec41","local_time":"20210125214649","is_ascension_mode":true,"campfire_choices":[{"data":"Gensokyo:UnlikelyAid","floor":6,"key":"SMITH"},{"data":"Defragment","floor":8,"key":"SMITH"},{"data":"StuffTheSpire:Harmony","floor":23,"key":"SMITH"}],"circlet_count":0,"master_deck":["AscendersBane","Strike_B","Strike_B","Strike_B","Strike_B","Defend_B","Defend_B","Defend_B","Defend_B","Zap","Dualcast","Gensokyo:UnlikelyAid+1","StSpp:Igniter+1","jedi:blockon","StuffTheSpire:LaunchingStrike","Defragment+1","Biased Cognition","StuffTheSpire:Harmony+1","Ball Lightning","infinitespire:Oblivion","Sweeping Beam","hubris:DuctTapeCard"],"relics":["Cracked Core","EVO:Axolotl","REME_ComplimentaryCards","Strawberry","REME_ChargedStone","StuffTheSpire:EmeraldSignet","REME_HandOfSuture","hubris:DuctTape"],"acts_visited":["Exordium","TheCity"],"potions_floor_usage":[7,7,13],"damage_taken":[{"damage":4.0,"enemies":"Small Slimes","floor":1.0,"turns":2.0},{"damage":9.0,"enemies":"2 Louse","floor":2.0,"turns":3.0},{"damage":1.0,"enemies":"Cultist","floor":3.0,"turns":3.0},{"damage":11.0,"enemies":"Large Slime","floor":4.0,"turns":5.0},{"damage":9,"enemies":"2 Fungi Beasts","floor":5,"turns":2},{"damage":0,"enemies":"Gremlin Nob","floor":7,"turns":2},{"damage":11,"enemies":"Exordium Wildlife","floor":10,"turns":3},{"damage":6,"enemies":"Looter","floor":11,"turns":2},{"damage":11,"enemies":"Exordium Thugs","floor":13,"turns":2},{"damage":34,"enemies":"Hexaghost","floor":16,"turns":6},{"damage":0,"enemies":"Spheric Guardian","floor":18,"turns":1},{"damage":13,"enemies":"3 Byrds","floor":21,"turns":4},{"damage":0,"enemies":"Snecko","floor":25,"turns":2},{"damage":0,"enemies":"Cultist and Chosen","floor":27,"turns":3}],"seed_played":"-8446110545348615868","potions_obtained":[{"floor":2.0,"key":"blueLaboratory:HummingbirdPotion"},{"floor":3.0,"key":"jedi:tentaclejuice"},{"floor":4.0,"key":"blueLaboratory:TeslaPotion"},{"floor":7,"key":"Milkshake"},{"floor":11,"key":"blueLaboratory:BiasPotion"},{"floor":25,"key":"Venom Potion"}],"is_trial":false,"path_per_floor":["M","M","M","M","M","R","E","R","T","M","M","?","M","?","R","B",null,"M","?","?","M","?","R","AVR","M","T","M"],"character_chosen":"DEFECT","items_purchased":[],"campfire_rested":0,"item_purchase_floors":[],"current_hp_per_floor":[67,58,57,46,37,37,44,44,44,33,27,27,16,16,41,7,66,66,66,66,54,54,54,54,56,56,61,61],"gold":402,"neow_bonus":"TEN_PERCENT_HP_BONUS","is_daily":false,"chose_seed":false,"campfire_upgraded":3,"win_rate":0.0,"timestamp":1611604009,"path_taken":["M","M","M","M","M","R","E","R","T","M","M","?","M","?","R","BOSS","M","?","?","M","?","R","AVR","M","T","M"],"items_purchased_type":[],"build_version":"2020-12-22","purchased_purges":0,"victory":false,"max_hp_per_floor":[78,78,78,78,78,78,85,85,85,85,85,85,85,85,85,85,85,85,85,85,85,85,85,85,85,85,85,85],"card_choices":[{"not_picked":["StSpp:Channeliser","Compile Driver"],"picked":"StSpp:Igniter","floor":1.0},{"not_picked":["Redo","Rebound"],"picked":"jedi:blockon","floor":2.0},{"not_picked":["Rebound","jedi:sharpshooter"],"picked":"hubris:PowerSurge","floor":3.0},{"not_picked":["jedi:blockon","Darkness"],"picked":"StuffTheSpire:LaunchingStrike","floor":4.0},{"not_picked":["jedi:BurstLightning","Coolheaded"],"picked":"Defragment","floor":5},{"not_picked":["Hello World","StSpp:Mask","Turbo"],"picked":"SKIP","floor":7},{"not_picked":["Double Energy","Cold Snap","Turbo"],"picked":"SKIP","floor":10},{"not_picked":["StSpp:CopyPaste","Redo"],"picked":"hubris:PowerSurge","floor":11},{"not_picked":["Gash","StSpp:Fierceness","StuffTheSpire:LoadUp"],"picked":"SKIP","floor":13},{"not_picked":["Rainbow","ReplayTheSpireMod:Omega Cannon"],"picked":"Biased Cognition","floor":16},{"not_picked":["Reinforced Body","Beam Cell","Turbo"],"picked":"SKIP","floor":18},{"not_picked":["StuffTheSpire:Innocence","StuffTheSpire:BrainWave"],"picked":"StuffTheSpire:Harmony","floor":20},{"not_picked":["Coolheaded","StSpp:Fierceness"],"picked":"Ball Lightning","floor":21},{"not_picked":["BasicCrystalCard","StSpp:Channeliser"],"picked":"Sweeping Beam","floor":25}],"player_experience":707383,"relics_obtained":[{"floor":7,"key":"Strawberry"},{"floor":9,"key":"StSpp:BackupBattery"},{"floor":22,"key":"REME_HandOfSuture"},{"floor":26,"key":"hubris:DuctTape"}],"event_choices":[{"damage_healed":0,"gold_gain":0,"player_choice":"Grow","damage_taken":0,"max_hp_gain":0,"max_hp_loss":0,"event_name":"Living Wall","floor":14,"gold_loss":0,"cards_upgraded":["hubris:PowerSurge"]}],"is_beta":false,"boss_relics":[{"not_picked":["Runic Dome","bronze:MakeshiftBattery"],"picked":"REME_ChargedStone"}],"items_purged_floors":[],"is_endless":false,"potions_floor_spawned":[2,3,4,7,11,25],"killed_by":"Cultist and Chosen","ascension_level":18}}