{"host":"njb27ds59h4j3ikk","time":1611590161,"event":{"mods":["AchievementEnabler","BaseMod","Better Altar","Better Match","Better Note","Better Sensory Stone","Better Skull","Better Third Choice","BetterRewards","Downfall","Hermit","Hubris","Minty Spire (QoL Compilation)","Permanent Neow","Quarter Circle Forward PUNCH!","Quick Restart","Rare Cards Sparkle","Shop Mod","StSLib","Trackpad","Transform Curses"],"gold_per_floor":[99,99,99,180,180,190,244,244,273,273,305,305,755,773,786,786,786],"floor_reached":16,"language":"ENG","playtime":512,"items_purged":[],"score":106,"play_id":"96e03366-c345-418f-9885-0e8546c5fdb5","local_time":"20210125105601","is_ascension_mode":false,"campfire_choices":[{"data":"hermit:Snapshot","floor":1.0,"key":"SMITH"}],"circlet_count":0,"master_deck":["hermit:Strike_Hermit","hermit:Strike_Hermit","hermit:Strike_Hermit","hermit:Strike_Hermit","hermit:Defend_Hermit","hermit:Defend_Hermit","hermit:Defend_Hermit","hermit:Defend_Hermit","hermit:Snapshot+1","hermit:Covet","hermit:Showdown+1","hermit:FullyLoaded","hermit:Snipe","hermit:FlashPowder","hubris:EnhanceAbility","hermit:LoneWolf","hermit:FinalCanter","downfall:Icky","downfall:Icky","downfall:Icky","hermit:ShadowCloak","hermit:PistolWhip"],"relics":["hermit:Momento","downfall:HeartsMalice","Letter Opener","Strawberry","hexamod:CandleOfCauterizing","hubris:Towel","Guardian:PocketSentry"],"acts_visited":["Exordium"],"potions_floor_usage":[16],"damage_taken":[{"damage":0.0,"enemies":"Cultist","floor":2.0,"turns":1.0},{"damage":0.0,"enemies":"Small Slimes","floor":3.0,"turns":1.0},{"damage":0.0,"enemies":"Jaw Worm","floor":5.0,"turns":1.0},{"damage":2.0,"enemies":"Blue Slaver","floor":6.0,"turns":2.0},{"damage":24.0,"enemies":"Gremlin Nob","floor":9.0,"turns":4.0},{"damage":24.0,"enemies":"Lagavulin","floor":11.0,"turns":6.0},{"damage":0.0,"enemies":"Large Slime","floor":14.0,"turns":5.0},{"damage":13.0,"enemies":"3 Louse","floor":15.0,"turns":3.0},{"damage":30,"enemies":"SI_SHIV_ARCHETYPE","floor":16,"turns":8}],"seed_played":"5488917777671691877","potions_obtained":[{"floor":6.0,"key":"DistilledChaos"},{"floor":9.0,"key":"Fruit Juice"},{"floor":14.0,"key":"Strength Potion"},{"floor":15.0,"key":"Explosive Potion"}],"is_trial":false,"path_per_floor":["R","M","M","T","M","M","T","?","E","?","E","?","?","M","M","B"],"character_chosen":"HERMIT","items_purchased":[],"campfire_rested":0,"item_purchase_floors":[],"current_hp_per_floor":[75,75,75,75,75,73,80,80,56,56,37,37,37,37,24,0,0],"gold":786,"neow_bonus":"THREE_ENEMY_KILL","is_daily":false,"chose_seed":false,"campfire_upgraded":1,"win_rate":0.0,"timestamp":1611590161,"path_taken":["R","M","M","?","M","?","T","?","E","?","E","?","?","?","M","BOSS"],"items_purchased_type":[],"build_version":"2020-12-22","purchased_purges":0,"victory":false,"max_hp_per_floor":[75,75,75,75,75,75,82,82,82,82,87,87,87,87,87,87,87],"card_choices":[{"not_picked":["hermit:ItchyTrigger","hermit:Coalescence"],"picked":"hermit:Showdown","floor":2.0},{"not_picked":["hermit:HoleUp","hermit:Enervate"],"picked":"hermit:FullyLoaded","floor":3.0},{"not_picked":["hermit:Vantage","hermit:FinalCanter"],"picked":"hermit:Snipe","floor":5.0},{"not_picked":["hermit:Manifest","hermit:Ricochet"],"picked":"hermit:FlashPowder","floor":6.0},{"not_picked":["Impatience","Magnetism"],"picked":"hubris:EnhanceAbility","floor":8.0},{"not_picked":["hermit:FullyLoaded","hermit:TrackingShot"],"picked":"hermit:LoneWolf","floor":9.0},{"not_picked":["hermit:Coalescence","hermit:Scavenge"],"picked":"hermit:FinalCanter","floor":11.0},{"not_picked":["hermit:Brawl","hermit:HoleUp"],"picked":"hermit:ShadowCloak","floor":14.0},{"not_picked":["hermit:Ricochet","hermit:ItchyTrigger"],"picked":"hermit:PistolWhip","floor":15.0}],"player_experience":1310435,"relics_obtained":[{"floor":4.0,"key":"Letter Opener"},{"floor":7.0,"key":"Strawberry"},{"floor":9.0,"key":"hexamod:CandleOfCauterizing"},{"floor":11.0,"key":"Guardian:PocketSentry"}],"event_choices":[{"damage_healed":0.0,"max_hp_gain":0.0,"max_hp_loss":0.0,"gold_gain":1.0,"event_name":"betterStone:BetterStone","player_choice":"1","floor":8.0,"gold_loss":0.0,"damage_taken":0.0}],"is_beta":false,"boss_relics":[],"items_purged_floors":[],"is_endless":false,"potions_floor_spawned":[6,9,14,15],"killed_by":"SI_SHIV_ARCHETYPE","ascension_level":0}}