{"host":"xp5rvh2jwe2ejyfm","time":1611596938,"event":{"mods":["BaseMod","Downfall","Duelist Mod","GifTheSpireLib","Gremlin Mod","Hermit","Hubris","Minty Spire (QoL Compilation)","Robot Space Explorer","StSLib","The Blackbeard","The Clintock","The Construct","The Cursed","The Disciple","The Forsaken","The Hierophant","The Necromancer","The Runesmith","The Servant 0.9.4"],"gold_per_floor":[116,132,132,132,149,180,180,191,214,214,234,234,46,65,65,160,160,180,180,36,48,48,77,91,91,91,107,137,137,154,184,184,281,281,297,308,308,319,319,319],"floor_reached":39,"language":"ENG","playtime":1467,"items_purged":[],"score":468,"play_id":"3b59401d-b48e-4d33-94d0-a6d807a90499","local_time":"20210125124858","is_ascension_mode":false,"campfire_choices":[{"floor":7,"key":"REST"},{"floor":10,"key":"RECALL"},{"floor":15,"key":"REST"},{"data":"RobotSpaceExplorer:FreezeRay","floor":25,"key":"SMITH"},{"floor":29,"key":"REST"},{"data":"RobotSpaceExplorer:MetalStrike","floor":32,"key":"SMITH"}],"circlet_count":0,"master_deck":["RobotSpaceExplorer:Strike","RobotSpaceExplorer:Strike","RobotSpaceExplorer:Strike","RobotSpaceExplorer:Strike","RobotSpaceExplorer:Defend","RobotSpaceExplorer:Defend","RobotSpaceExplorer:Defend","RobotSpaceExplorer:Defend","RobotSpaceExplorer:Scan","RobotSpaceExplorer:MiniLasers","Enlightenment","RobotSpaceExplorer:Probe","RobotSpaceExplorer:StarDust","RobotSpaceExplorer:Electroshield","RobotSpaceExplorer:ChargingLaser","RobotSpaceExplorer:Pulsar","RobotSpaceExplorer:Pulsar","RobotSpaceExplorer:FreezeRay+1","RobotSpaceExplorer:FrostMissile","RobotSpaceExplorer:DroneSwarm+1","RobotSpaceExplorer:StunGrenade","RobotSpaceExplorer:PowerCollector","Shame","RobotSpaceExplorer:Probe","RobotSpaceExplorer:TurboDodge","RobotSpaceExplorer:ImprovisedAttack","RobotSpaceExplorer:Probe+1","RobotSpaceExplorer:ImprovisedAttack","RobotSpaceExplorer:MetalStrike+1","RobotSpaceExplorer:DroneSwarm","RobotSpaceExplorer:MetalStrike+1","RobotSpaceExplorer:TurboDodge+1","Deep Breath","RobotSpaceExplorer:IronShell"],"relics":["RobotSpaceExplorer:RoboCore","hubris:Towel","Boot","MealTicket","Pear","Sling","RobotSpaceExplorer:SearchSpecs","HandDrill","Runesmith:AutoHammer","Bronze Scales","Gremlin Horn","RobotSpaceExplorer:ClockworkSextant","RobotSpaceExplorer:FoglandsKnife","construct:WeddingRing"],"acts_visited":["Exordium","TheCity","TheBeyond"],"potions_floor_usage":[16,33,36],"damage_taken":[{"damage":0,"enemies":"2 Louse","floor":1,"turns":2},{"damage":5,"enemies":"Small Slimes","floor":2,"turns":4},{"damage":2,"enemies":"Cultist","floor":5,"turns":4},{"damage":52,"enemies":"3 Sentries","floor":6,"turns":8},{"damage":0,"enemies":"Exordium Wildlife","floor":8,"turns":2},{"damage":8,"enemies":"Red Slaver","floor":11,"turns":4},{"damage":10,"enemies":"Looter","floor":14,"turns":2},{"damage":15,"enemies":"Hexaghost","floor":16,"turns":9},{"damage":4,"enemies":"Shell Parasite","floor":18,"turns":6},{"damage":4,"enemies":"3 Byrds","floor":21,"turns":4},{"damage":17,"enemies":"theDuelist:KaibaA2","floor":23,"turns":6},{"damage":16,"enemies":"Snecko","floor":24,"turns":6},{"damage":2,"enemies":"3 Cultists","floor":27,"turns":4},{"damage":20,"enemies":"Gremlin Leader","floor":28,"turns":6},{"damage":7,"enemies":"Centurion and Healer","floor":30,"turns":7},{"damage":0,"enemies":"theDuelist:KaibaA2","floor":31,"turns":4},{"damage":52,"enemies":"Automaton","floor":33,"turns":10},{"damage":16,"enemies":"Orb Walker","floor":35,"turns":4},{"damage":33,"enemies":"3 Shapes","floor":36,"turns":4},{"damage":31,"enemies":"Writhing Mass","floor":38,"turns":6},{"damage":18,"enemies":"Jaw Worm Horde","floor":39,"turns":1}],"seed_played":"-4337151762379786464","potions_obtained":[{"floor":1,"key":"FairyPotion"},{"floor":6,"key":"SpeedPotion"},{"floor":8,"key":"BlessingOfTheForge"},{"floor":24,"key":"Ancient Potion"},{"floor":27,"key":"DuplicationPotion"},{"floor":33,"key":"Regen Potion"},{"floor":38,"key":"Fire Potion"}],"is_trial":false,"path_per_floor":["M","M","?","?","M","E","R","M","T","R","M","?","$","M","R","B",null,"M","?","$","M","?","E","M","R","T","M","E","R","M","E","R","B",null,"M","M","?","M","M"],"character_chosen":"RobotSpaceExplorer","items_purchased":["Sling","RobotSpaceExplorer:FreezeRay","HandDrill"],"campfire_rested":3,"item_purchase_floors":[13,13,20],"current_hp_per_floor":[75,70,70,70,68,16,38,38,38,38,30,37,52,42,67,52,85,81,81,85,81,81,64,48,48,48,46,26,51,44,44,44,21,85,69,48,48,17,0,0],"gold":319,"neow_bonus":"RANDOM_COLORLESS","is_daily":false,"chose_seed":false,"campfire_upgraded":2,"win_rate":0.0,"timestamp":1611596938,"path_taken":["M","M","?","?","M","E","R","M","T","R","M","?","$","M","R","BOSS","M","?","$","M","?","E","M","R","T","M","E","R","M","E","R","BOSS","M","M","?","M","M"],"items_purchased_type":["Relic","Card","Relic"],"build_version":"2020-12-22","purchased_purges":0,"victory":false,"max_hp_per_floor":[75,75,75,75,75,75,75,75,75,75,75,85,85,85,85,85,85,85,85,85,85,85,85,85,85,85,85,85,85,85,85,85,85,85,85,85,85,85,85,85],"card_choices":[{"not_picked":["Finesse","Purity"],"picked":"Enlightenment","floor":0},{"not_picked":["RobotSpaceExplorer:SurgingStrike","RobotSpaceExplorer:LuckyStrike"],"picked":"RobotSpaceExplorer:Probe","floor":1},{"not_picked":["RobotSpaceExplorer:SlimeMissile","RobotSpaceExplorer:ScrapToss"],"picked":"RobotSpaceExplorer:StarDust","floor":2},{"not_picked":["RobotSpaceExplorer:Blitz","RobotSpaceExplorer:SwiftStep"],"picked":"RobotSpaceExplorer:Electroshield","floor":5},{"not_picked":["RobotSpaceExplorer:Pulsar","RobotSpaceExplorer:PowerCollector"],"picked":"RobotSpaceExplorer:ChargingLaser","floor":6},{"not_picked":["RobotSpaceExplorer:Electroshield","RobotSpaceExplorer:SurgingShield"],"picked":"RobotSpaceExplorer:Pulsar","floor":8},{"not_picked":["RobotSpaceExplorer:SlimeMissile","RobotSpaceExplorer:SwiftStep"],"picked":"RobotSpaceExplorer:Pulsar","floor":11},{"not_picked":["RobotSpaceExplorer:SlimeMissile","RobotSpaceExplorer:SurgingStrike"],"picked":"RobotSpaceExplorer:FrostMissile","floor":14},{"not_picked":["RobotSpaceExplorer:Accelerator","RobotSpaceExplorer:Scanner"],"picked":"RobotSpaceExplorer:DroneSwarm","floor":16},{"not_picked":["RobotSpaceExplorer:GearShield","RobotSpaceExplorer:Counterblock"],"picked":"RobotSpaceExplorer:StunGrenade","floor":18},{"not_picked":["RobotSpaceExplorer:Calculate","RobotSpaceExplorer:GlueSpray"],"picked":"RobotSpaceExplorer:PowerCollector","floor":21},{"not_picked":["RobotSpaceExplorer:FranticSearch","RobotSpaceExplorer:SurgingStrike+1"],"picked":"RobotSpaceExplorer:Probe","floor":23},{"not_picked":["RobotSpaceExplorer:ScrapToss+1","RobotSpaceExplorer:StunGrenade"],"picked":"RobotSpaceExplorer:TurboDodge","floor":24},{"not_picked":["RobotSpaceExplorer:ShockKick","RobotSpaceExplorer:Electroshield"],"picked":"RobotSpaceExplorer:ImprovisedAttack","floor":27},{"not_picked":["RobotSpaceExplorer:Ammunition+1","RobotSpaceExplorer:Arsenal"],"picked":"RobotSpaceExplorer:Probe+1","floor":28},{"not_picked":["RobotSpaceExplorer:GlueSpray+1","RobotSpaceExplorer:SurgingStrike"],"picked":"RobotSpaceExplorer:ImprovisedAttack","floor":30},{"not_picked":["RobotSpaceExplorer:FrostMissile","RobotSpaceExplorer:PlasmaMissile+1"],"picked":"RobotSpaceExplorer:MetalStrike","floor":31},{"not_picked":["RobotSpaceExplorer:Multitool","RobotSpaceExplorer:Asteroid"],"picked":"RobotSpaceExplorer:DroneSwarm","floor":33},{"not_picked":["RobotSpaceExplorer:GlueSpray+1","RobotSpaceExplorer:Discharger"],"picked":"RobotSpaceExplorer:MetalStrike+1","floor":35},{"not_picked":["RobotSpaceExplorer:GearShield","RobotSpaceExplorer:MetalStrike"],"picked":"RobotSpaceExplorer:TurboDodge+1","floor":36},{"not_picked":["Secret Weapon","Good Instincts"],"picked":"Deep Breath","floor":37},{"not_picked":["RobotSpaceExplorer:ImprovisedAttack+1","RobotSpaceExplorer:GearShield+1"],"picked":"RobotSpaceExplorer:IronShell","floor":38}],"player_experience":333460,"relics_obtained":[{"floor":6,"key":"Boot"},{"floor":9,"key":"MealTicket"},{"floor":23,"key":"Bronze Scales"},{"floor":26,"key":"Gremlin Horn"},{"floor":28,"key":"RobotSpaceExplorer:ClockworkSextant"},{"floor":31,"key":"RobotSpaceExplorer:FoglandsKnife"}],"event_choices":[{"damage_healed":0,"gold_gain":0,"player_choice":"Leave","damage_taken":0,"max_hp_gain":0,"max_hp_loss":0,"event_name":"The Cleric","floor":3,"gold_loss":0},{"damage_healed":0,"gold_gain":0,"player_choice":"Success","damage_taken":3,"relics_obtained":["Pear"],"max_hp_gain":0,"max_hp_loss":0,"event_name":"Scrap Ooze","floor":12,"gold_loss":0},{"damage_healed":0,"gold_gain":0,"player_choice":"Stole Relic","damage_taken":0,"relics_obtained":["Runesmith:AutoHammer"],"max_hp_gain":0,"max_hp_loss":0,"event_name":"Addict","floor":22,"gold_loss":0,"cards_obtained":["Shame"]},{"damage_healed":0,"gold_gain":0,"player_choice":"Memory 1","damage_taken":0,"max_hp_gain":0,"max_hp_loss":0,"event_name":"SensoryStone","floor":37,"gold_loss":0}],"is_beta":false,"boss_relics":[{"not_picked":["hubris:RunicObelisk","hubris:VirtuousBlindfold"],"picked":"RobotSpaceExplorer:SearchSpecs"},{"not_picked":["hubris:GrandSneckoEye","Astrolabe"],"picked":"construct:WeddingRing"}],"items_purged_floors":[],"is_endless":false,"potions_floor_spawned":[1,6,8,14,24,27,33,38],"killed_by":"Jaw Worm Horde","ascension_level":0}}