{"host":"yncvxcxtq9dkce9q","time":1611596763,"event":{"mods":["ATMod(°¢èªMod)","AchievementEnabler","Act Like it!","Arknights The Spire","Ascension Reborn","Aspiration","Bard","BaseMod","BetterRewards","ChefMod","Chen","Colored Powertips","Conspire","Custom Start","Defuse TimeMaze Blight","Dota2Spire","Energized Spire","Friendly Minions","Gensokyo","GifTheSpireLib","Gremlin Mod","Halation","Hermit","Hubris","Infinite Spire","Jedi Mod","Jorbs\u0027s Wanderer Trilogy","Lobotomy","LobotomyExtend","Marisa£¨ìFÓê¡¡Ä§ÀíÉ³£©","Marked Mod","Minty Spire (QoL Compilation)","MostiFishMod","Pale of the Ancients","Potionbrewer","Rare Cards Sparkle","Reimu£¨²©ÀöÁéÃÎ£©","Relic Sorter","Replay The Spire","RumiaBox-Â¶Ã×æ«µÄÉñÃØºÐ×Ó","Shop Mod","Spicy Shops","StSLib","Stuff the Spire","TestMod","The Administrix","The Blue Laboratory","The Construct","The Gatherer","The Hayseed","The Jungle","The Marked","The Runesmith","The Servant 0.9.4","Waifu the Spire","Wandering Minibosses","Warlord Emblem","Yakumo Yukari mod","Youmu£¨»êÆÇÑýÃÎ£©","[GremlinLeader]The Maniac","noobMod","¡¾¹¦ÄÜMod¡¿»ìãçÖ®»·ÐÞ¸´²¹¶¡","¡¾ÒÅÎï¿¨ÅÆ¡¿REMEMod"],"gold_per_floor":[123,123,141,141,161,197,214,236,236,2,2,36,56,93,93,213,213,236,260,17,34,34,34,414,691,691,762,762,782,812,1292,1292,1365,1365,1660,1660,1776,1776,1894,1947,1997,2067,2067,2196,2196,2268,2268,2321,2443,2443,2443,2568,2568,2568,2568,2316,2395,2420],"floor_reached":59,"language":"ZHS","playtime":3959,"items_purged":["Defend_MRS+1","Strike_MRS+1","Dazed","TreasureHunter+1"],"score":2117,"play_id":"b8817c20-3639-4a26-8ba4-fad884ad74bd","local_time":"20210126014603","is_ascension_mode":true,"campfire_choices":[{"data":"MilkyWay","floor":15.0,"key":"SMITH"},{"data":"TreasureHunter","floor":32.0,"key":"SMITH"},{"data":"Dazed","floor":34.0,"key":"PURGE"},{"floor":43.0,"key":"RECALL"},{"data":"UnstableBomb","floor":51.0,"key":"SMITH"},{"data":"6A","floor":55,"key":"SMITH"}],"circlet_count":1,"master_deck":["Strike_MRS+1","Strike_MRS+1","Strike_MRS+1","Defend_MRS+1","Defend_MRS+1","Defend_MRS+1","MasterSpark+1","UpSweep+1","Defend_MRS+1","Parasite","Parasite","MilkyWay+1","Parasite","Parasite","Parasite","Parasite","Parasite","Parasite","6A+1","UnstableBomb+1","MilkyWay"],"relics":["MiniHakkero","testmod-Alchemist","Dota2Spire:ArmletOfMordiggian","ice","DaveBox","REME_ComplimentaryCards","AT_ATBox","BirthdayGift-Tetrahedron","testmod-HarvestTotem","aspiration:Nostalgia","Iron Core","SynthV:TestCard","LetterFromLob","Dream Catcher","Dota2Spire:Vanguard","ShroomBag","ImprovedEquipment","MerchantsRug","halation:LettersToHer","hubris:Icosahedron","StuffTheSpire:Mouthbags","jedi:heavyjacket","StuffTheSpire:Expresso","testmod-TimeTraveler","infinitespire:BottledMercury","SimpleLauncher","Dota2Spire:ArcaneBoots","REME_ArchaeologicalTools","hubris:TinFlute","HonorFeather","ShedSkin_r","ShedSkin_r","ShedSkin_r","ShedSkin_r","AT_BladeRuinedKing","AT_MibuBalloonWealth","ZombieArmy","Replay:Ringing Soul","Painkiller Herb","ShadowXiaoBlade","Circlet","Dota2Spire:ShivaGuard","Gremlin Food","testmod-IntensifyImprint","Garlic","jedi:arcanewood","hubris:TenFootPole","SentryEyes","Dota2Spire:Satanic","Dota2Spire:Bloodstone","Magic Flower","aspiration:Lifesprig","AT_ImmortalShieldbow"],"acts_visited":[],"potions_floor_usage":[],"damage_taken":[{"damage":1.0,"enemies":"Gensokyo:Gryphon","floor":1.0,"turns":1.0},{"damage":2.0,"enemies":"Gensokyo:2_Kodama","floor":3.0,"turns":2.0},{"damage":2.0,"enemies":"Gensokyo:3_Fairies","floor":5.0,"turns":2.0},{"damage":4.0,"enemies":"Gensokyo:Mamizou","floor":6.0,"turns":3.0},{"damage":2.0,"enemies":"Gensokyo:Gryphon_and_Rabbit","floor":7.0,"turns":2.0},{"damage":2.0,"enemies":"Gensokyo:Python_and_Kodama","floor":8.0,"turns":2.0},{"damage":4.0,"enemies":"Gensokyo:Cirno","floor":12.0,"turns":4.0},{"damage":0.0,"enemies":"Gensokyo:LivingMonolith","floor":13.0,"turns":1.0},{"damage":4.0,"enemies":"Gensokyo:Mamizou","floor":14.0,"turns":3.0},{"damage":4.0,"enemies":"Gensokyo:Reimu","floor":16.0,"turns":3.0},{"damage":0.0,"enemies":"Gensokyo:CosmicMonolith","floor":18.0,"turns":1.0},{"damage":0.0,"enemies":"Gensokyo:3_Dogs","floor":19.0,"turns":2.0},{"damage":1.0,"enemies":"Gensokyo:Wraith","floor":21.0,"turns":3.0},{"damage":2.0,"enemies":"Gensokyo:Swordslinger","floor":24.0,"turns":2.0},{"damage":4.0,"enemies":"Gensokyo:Reisen","floor":25.0,"turns":3.0},{"damage":0.0,"enemies":"Gensokyo:3_Gloops","floor":27.0,"turns":1.0},{"damage":2.0,"enemies":"Gensokyo:Koishi","floor":29.0,"turns":2.0},{"damage":2.0,"enemies":"Nightmare","floor":33.0,"turns":2.0},{"damage":0.0,"enemies":"Gensokyo:Kaguya","floor":35.0,"turns":4.0},{"damage":0.0,"enemies":"Gensokyo:3_Bats","floor":37.0,"turns":1.0},{"damage":0.0,"enemies":"Gensokyo:3_Boulders","floor":39.0,"turns":1.0},{"damage":0.0,"enemies":"Gensokyo:AtlasGolem","floor":40.0,"turns":1.0},{"damage":0.0,"enemies":"Gensokyo:SeedOfUnknown","floor":41.0,"turns":1.0},{"damage":1.0,"enemies":"Gensokyo:Doremy","floor":42.0,"turns":3.0},{"damage":0.0,"enemies":"Gensokyo:Kasen","floor":44.0,"turns":2.0},{"damage":0.0,"enemies":"Gensokyo:Marisa","floor":46.0,"turns":1.0},{"damage":0.0,"enemies":"Gensokyo:Rafflesia","floor":48.0,"turns":1.0},{"damage":0.0,"enemies":"Gensokyo:Kasen","floor":49.0,"turns":1.0},{"damage":0,"enemies":"Gensokyo:Yuyuko","floor":52,"turns":1},{"damage":0,"enemies":"Shield and Spear","floor":57,"turns":1},{"damage":0,"enemies":"The Heart","floor":58,"turns":1}],"seed_played":"3673369007744286917","potions_obtained":[{"floor":1.0,"key":"ZuzhouPotion:ReiMu"},{"floor":1.0,"key":"FearPotion"},{"floor":3.0,"key":"blueLaboratory:ForbiddenFruitJuice"},{"floor":5.0,"key":"Adrenaline Potion"},{"floor":7.0,"key":"jedi:holywater"},{"floor":12.0,"key":"jedi:hoardpotion"},{"floor":12.0,"key":"blueLaboratory:HorrorPotion"},{"floor":16.0,"key":"potionbrewer:InfectionPotion"},{"floor":19.0,"key":"blueLaboratory:FruitPunch"},{"floor":21.0,"key":"blueLaboratory:PyrophylliteBrew"},{"floor":35.0,"key":"blueLaboratory:EnragingPotion"},{"floor":37.0,"key":"blueLaboratory:EmptyBottle"},{"floor":39.0,"key":"CultistPotion"},{"floor":42.0,"key":"blueLaboratory:FruitPunch"},{"floor":44.0,"key":"EntropicBrew"},{"floor":46.0,"key":"blueLaboratory:Moonshine"},{"floor":46.0,"key":"blueLaboratory:FrostheartPotion"}],"is_trial":false,"path_per_floor":["M","?","M","?","M","E","M","M","T","$","?","E","M","E","R","B",null,"M","M","COS","M","PTL","PTL","M","E","AVR","M","T","E","T","?","R","NM","R","B",null,"?","?","?","?","?","E","T","E","T","E","?","?","E","AVR","T","B",null,null,"T","T","E","B",null],"character_chosen":"MARISA","items_purchased":["MerchantsRug","halation:LettersToHer","aspiration:Lifesprig"],"campfire_rested":0,"item_purchase_floors":[10,10,56],"current_hp_per_floor":[159,95,93,137,135,131,129,127,127,127,127,135,135,143,143,170,170,170,170,170,173,173,173,174,170,170,170,170,5,5,5,174,174,174,184,184,184,138,138,144,144,140,141,145,145,145,145,145,145,145,145,145,145,145,145,145,151,151],"gold":2420,"neow_bonus":"NOSTALGIA","is_daily":false,"chose_seed":false,"campfire_upgraded":4,"win_rate":0.0,"timestamp":1611596763,"path_taken":["M","?","M","?","M","E","?","M","T","?","?","E","M","E","R","BOSS","M","M","COS","M","PTL","PTL","M","E","AVR","M","T","E","?","?","R","NM","R","BOSS","?","?","?","?","?","E","T","E","T","E","?","?","E","AVR","T","BOSS","T","T","E","BOSS"],"items_purchased_type":["Relic","Relic","Relic"],"build_version":"2020-12-22","purchased_purges":4,"victory":true,"max_hp_per_floor":[160,160,160,160,160,160,160,160,160,160,160,160,160,160,160,170,170,170,170,170,174,174,174,174,174,174,174,174,174,174,174,174,174,174,184,184,184,138,138,144,144,141,141,145,145,145,145,145,145,145,145,145,145,145,145,145,151,151],"card_choices":[{"not_picked":["ShootingEcho","StarlightTyphoon","OrrerysSun"],"picked":"SKIP","floor":1.0},{"not_picked":["AsteroidBelt","ShootingEcho","ReplayReversal","ManaConvection"],"picked":"Acceleration","floor":3.0},{"not_picked":["Evolve","Seeing Red","MagicChant","DC","EnergyFlow"],"picked":"SKIP","floor":5.0},{"not_picked":["Acceleration","ReplayReversal","Seeing Red","EscapeVelocity","Force Field"],"picked":"SKIP","floor":6.0},{"not_picked":["GrandCross","Anger","Steam Power","Iron Wave"],"picked":"Body Slam","floor":7.0},{"not_picked":["DC","LuminesStrike","Heavy Blade","AsteroidBelt"],"picked":"UnstableBomb","floor":8.0},{"not_picked":["ShootTheMoon","ShootingEcho","SuperNova","AbsoluteMagnitude","NonDirectionalLaser"],"picked":"SKIP","floor":12.0},{"not_picked":["Flex","Fire Breathing","WitchOfGreed","DoubleSpark","Cold Snap"],"picked":"SKIP","floor":13.0},{"not_picked":["AsteroidBelt","DarkSpark","NonDirectionalLaser","Double Tap"],"picked":"MilkyWay","floor":14.0},{"not_picked":["Double Tap","Mirror Shield","JA","AbsoluteMagnitude"],"picked":"TreasureHunter","floor":16.0},{"not_picked":["GrandCross","IllusionStar+1","DarkSpark","SporeBomb","PowerUp"],"picked":"SKIP","floor":18.0},{"not_picked":["AsteroidBelt","WeaponsOverheat","Singularity","OrrerysSun","Headbutt"],"picked":"SKIP","floor":19.0},{"not_picked":["Robbery","OrrerysSun","Turbo","ChargeUpSpray","Glacier+1"],"picked":"SKIP","floor":21.0},{"not_picked":["IllusionStar","LuminesStrike+1","Flex+1","Barricade","Dual Wield"],"picked":"SKIP","floor":24.0},{"not_picked":["Flex","DarkMatter","Whirlwind","PropBag","Cold Snap"],"picked":"SKIP","floor":25.0},{"not_picked":["LuminesStrike","Rebound+1","WeaponsOverheat","GrandCross+1","ShootingEcho+1"],"picked":"SKIP","floor":27.0},{"not_picked":["Capacitor","Steam Power","ShootingEcho","NonDirectionalLaser+1","Rebound+1"],"picked":"SKIP","floor":33.0},{"not_picked":["NonDirectionalLaser+1","ShootTheMoon","WitchOfGreed+1","DarkSpark","WitchLeyline"],"picked":"SKIP","floor":37.0},{"not_picked":["GrandCross+1","GasGiant+1","UnstableBomb","EnergyRecoil","DC"],"picked":"SKIP","floor":39.0},{"not_picked":["NonDirectionalLaser","SporeBomb","MagicAbsorber+1","WitchOfGreed"],"picked":"6A","floor":40.0},{"not_picked":["IllusionStar+1","ManaConvection+1","LuminesStrike","SprinkleStarSeal","MeteoricShower+1"],"picked":"SKIP","floor":41.0},{"not_picked":["DragonMeteor","UltimateShortwave","AlicesGift","DarkSpark+1","WitchLeyline"],"picked":"SKIP","floor":42.0},{"not_picked":["Acceleration","PowerUp","ShootTheMoon+1","ShootingEcho","LuminesStrike+1"],"picked":"SKIP","floor":44.0},{"not_picked":["6A+1","SuperNova","AsteroidBelt+1","Occultation","DarkSpark"],"picked":"SKIP","floor":46.0},{"not_picked":["GravityBeat+1","EarthLightRay+1","DC","Acceleration+1","AsteroidBelt+1"],"picked":"SKIP","floor":48.0},{"not_picked":["LuminesStrike+1","ChargeUpSpray","BlazeAway","PulseMagic+1","WitchOfGreed+1"],"picked":"SKIP","floor":49.0},{"not_picked":["PropBag+1","EnergyFlow","MachineGunSpark","LuminesStrike"],"picked":"MilkyWay","floor":57}],"player_experience":454007,"relics_obtained":[{"floor":1.0,"key":"SynthV:TestCard"},{"floor":1.0,"key":"LetterFromLob"},{"floor":3.0,"key":"Dream Catcher"},{"floor":6.0,"key":"Dota2Spire:Vanguard"},{"floor":9.0,"key":"ShroomBag"},{"floor":9.0,"key":"ImprovedEquipment"},{"floor":12.0,"key":"StuffTheSpire:Mouthbags"},{"floor":14.0,"key":"jedi:heavyjacket"},{"floor":16.0,"key":"StuffTheSpire:Expresso"},{"floor":18.0,"key":"infinitespire:BottledMercury"},{"floor":25.0,"key":"REME_ArchaeologicalTools"},{"floor":25.0,"key":"hubris:TinFlute"},{"floor":28.0,"key":"halation:LettersToHer"},{"floor":30.0,"key":"AT_BladeRuinedKing"},{"floor":30.0,"key":"halation:LettersToHer"},{"floor":30.0,"key":"AT_MibuBalloonWealth"},{"floor":33.0,"key":"ZombieArmy"},{"floor":33.0,"key":"Replay:Ringing Soul"},{"floor":35.0,"key":"testmod-Alchemist"},{"floor":42.0,"key":"vexMod:FocusSash"},{"floor":42.0,"key":"Dota2Spire:ShivaGuard"},{"floor":44.0,"key":"Gremlin Food"},{"floor":44.0,"key":"testmod-IntensifyImprint"},{"floor":45.0,"key":"halation:LettersToHer"},{"floor":45.0,"key":"Garlic"},{"floor":45.0,"key":"jedi:arcanewood"},{"floor":46.0,"key":"hubris:TenFootPole"},{"floor":46.0,"key":"SentryEyes"},{"floor":49.0,"key":"Dota2Spire:Satanic"},{"floor":57,"key":"AT_ImmortalShieldbow"}],"event_choices":[{"damage_healed":0.0,"max_hp_gain":0.0,"max_hp_loss":0.0,"gold_gain":400.0,"event_name":"¶÷ÂåË¹µÄÅÌ×Ó","player_choice":"Sell","floor":31.0,"relics_lost":["testmod-TestBox"],"gold_loss":0.0,"damage_taken":0.0}],"is_beta":false,"boss_relics":[{"not_picked":["SynthV:MejaisSoulstealer","Calling Bell"],"picked":"testmod-TimeTraveler"},{"not_picked":["FrostBlade","NightmareShop"],"picked":"Painkiller Herb"}],"items_purged_floors":[10,26,50,56],"is_endless":false,"potions_floor_spawned":[1,3,7,8,18,19,21,27,33,37,44,46,49,57],"ascension_level":0}}