{"host":"iqi2f1z1yw5mc6j3","time":1611551146,"event":{"mods":["AchievementEnabler","BaseMod","Colored Powertips","Minty Spire (QoL Compilation)","Quick Restart","Replay The Spire","StSLib","The Cursed","The Hierophant","The Wild Card"],"gold_per_floor":[119,130,148,166,183,183,36,64,64,33,45,78,78,98,98,199,199,211,40,40,50,50,50],"floor_reached":22,"language":"ENG","playtime":1790,"items_purged":["theWildCard:BasicStrike","theWildCard:BasicDefend"],"score":221,"play_id":"dc3be231-bffb-44d6-afd4-8ce6b3a99848","local_time":"20210125000546","is_ascension_mode":false,"campfire_choices":[{"floor":6,"key":"REST"},{"floor":13,"key":"REST"},{"floor":15,"key":"REST"}],"circlet_count":0,"master_deck":["theWildCard:BasicStrike","theWildCard:BasicStrike","theWildCard:BasicStrike","theWildCard:BasicDefend","theWildCard:BasicDefend","theWildCard:BasicDefend","theWildCard:CallToAdventure","theWildCard:Arsene","theWildCard:Metatron","theWildCard:SeveringSlash","theWildCard:EnergizedStroke","theWildCard:BladeOfGenerations","theWildCard:PaleRider","theWildCard:Scathach","theWildCard:StingingStrike","theWildCard:ChangingDestiny","theWildCard:TheUniverse","theWildCard:Michael","theWildCard:ManOfManyFaces","theWildCard:UnendingRitual"],"relics":["theWildCard:VelvetContract","Incense Burner","Replay:WaspNest","White Beast Statue","Odd Mushroom","Philosopher\u0027s Stone","Vajra"],"acts_visited":["Exordium","TheCity"],"potions_floor_usage":[8,12,12,21],"damage_taken":[{"damage":3,"enemies":"Cultist","floor":1,"turns":3},{"damage":1,"enemies":"Jaw Worm","floor":2,"turns":3},{"damage":11,"enemies":"2 Louse","floor":3,"turns":2},{"damage":3,"enemies":"Large Slime","floor":4,"turns":4},{"damage":0,"enemies":"Gremlin Gang","floor":5,"turns":3},{"damage":12,"enemies":"Gremlin Nob","floor":8,"turns":2},{"damage":2,"enemies":"2 Fungi Beasts","floor":11,"turns":3},{"damage":7,"enemies":"3 Sentries","floor":12,"turns":3},{"damage":24,"enemies":"The Mushroom Lair","floor":14,"turns":3},{"damage":46,"enemies":"Fading Forest","floor":16,"turns":11},{"damage":39,"enemies":"2 Thieves","floor":18,"turns":3},{"damage":8,"enemies":"Spheric Guardian","floor":21,"turns":3},{"damage":0,"enemies":"3 Cultists","floor":22,"turns":1}],"seed_played":"-3432194247308480742","potions_obtained":[{"floor":1,"key":"Death Potion"},{"floor":8,"key":"SkillPotion"},{"floor":11,"key":"DistilledChaos"},{"floor":14,"key":"SpeedPotion"},{"floor":16,"key":"Adrenaline Potion"},{"floor":18,"key":"PowerPotion"},{"floor":21,"key":"PowerPotion"}],"is_trial":false,"path_per_floor":["M","M","M","M","M","R","$","E","T","?","M","E","R","?","R","B",null,"M","$","?","M","M"],"character_chosen":"THE_WILD_CARD","items_purchased":["theWildCard:Scathach","theWildCard:ManOfManyFaces"],"campfire_rested":3,"item_purchase_floors":[7,19],"current_hp_per_floor":[63,62,51,48,48,66,66,54,54,54,52,45,64,40,59,22,66,27,27,27,19,19,19],"gold":50,"neow_bonus":"TEN_PERCENT_HP_BONUS","is_daily":false,"chose_seed":false,"campfire_upgraded":0,"win_rate":0.0,"timestamp":1611551146,"path_taken":["M","?","M","M","M","R","$","E","T","?","M","E","R","?","R","BOSS","M","$","?","M","M"],"items_purchased_type":["Card","Card"],"build_version":"2020-12-22","purchased_purges":2,"victory":false,"max_hp_per_floor":[66,66,66,66,66,66,66,66,66,66,66,66,66,66,66,66,66,66,66,66,66,66,66],"card_choices":[{"not_picked":["theWildCard:Patience","theWildCard:SacrificialStroke"],"picked":"theWildCard:Metatron","floor":1},{"not_picked":["theWildCard:Metatron","theWildCard:IdentityTheft"],"picked":"theWildCard:SeveringSlash","floor":2},{"not_picked":["theWildCard:Unburden","theWildCard:MagicalMight"],"picked":"theWildCard:EnergizedStroke","floor":3},{"not_picked":["theWildCard:Safeguard","theWildCard:EnergizedStroke"],"picked":"theWildCard:BladeOfGenerations","floor":4},{"not_picked":["theWildCard:Patience","theWildCard:Unburden"],"picked":"theWildCard:PaleRider","floor":5},{"not_picked":["theWildCard:Unburden","theWildCard:ArchaicAssault"],"picked":"theWildCard:StingingStrike","floor":8},{"not_picked":["theWildCard:MagicMettle","theWildCard:MagicalMight","theWildCard:StingingStrike"],"picked":"SKIP","floor":11},{"not_picked":["theWildCard:ShieldOfMany","theWildCard:SeveringSlash"],"picked":"theWildCard:ChangingDestiny","floor":12},{"not_picked":["theWildCard:Lucifer","theWildCard:TheArcanaUnleashed"],"picked":"theWildCard:TheUniverse","floor":16},{"not_picked":["theWildCard:ArchaicAssault","theWildCard:PaleRider"],"picked":"theWildCard:Michael","floor":18},{"not_picked":["theWildCard:IdentityTheft","theWildCard:ManOfManyFaces"],"picked":"theWildCard:UnendingRitual","floor":21}],"player_experience":59880,"relics_obtained":[{"floor":8,"key":"Incense Burner"},{"floor":9,"key":"Replay:WaspNest"},{"floor":12,"key":"White Beast Statue"},{"floor":14,"key":"Odd Mushroom"}],"event_choices":[{"damage_healed":0,"gold_gain":0,"player_choice":"Left Gold","damage_taken":0,"max_hp_gain":0,"max_hp_loss":0,"event_name":"World of Goop","floor":10,"gold_loss":31},{"damage_healed":0,"gold_gain":0,"player_choice":"Fought Mushrooms","damage_taken":0,"max_hp_gain":0,"max_hp_loss":0,"event_name":"Mushrooms","floor":14,"gold_loss":0}],"is_beta":false,"boss_relics":[{"not_picked":["Replay:Ancient Bell","Honey Jar"],"picked":"Philosopher\u0027s Stone"}],"items_purged_floors":[7,19],"is_endless":false,"potions_floor_spawned":[1,8,11,14,16,18,21],"killed_by":"3 Cultists","ascension_level":0}}