{"host":"owfagvjreo3l000m","time":1611591003,"event":{"mods":["BaseMod","Downfall","Hermit","Hubris","Minty Spire (QoL Compilation)","Replay The Spire","StSLib","The Cursed","The Disciple","The Necromancer","The Runesmith","The Witch"],"gold_per_floor":[99,199,209,225,237,237,237,40,69,79,90,90,125,141,152,152,152,152],"floor_reached":16,"language":"ENG","playtime":904,"items_purged":[],"score":139,"play_id":"72cc34da-0cff-415f-ae80-720dc0dc84b3","local_time":"20210125111003","is_ascension_mode":false,"campfire_choices":[{"floor":1,"key":"DIG"},{"data":"champ:Taunt","floor":6,"key":"SMITH"}],"circlet_count":0,"master_deck":["champ:Strike","champ:Strike","champ:Strike+1","champ:Strike+1","champ:Defend","champ:Defend","champ:Defend+1","champ:Defend","champ:Execute","champ:Taunt+1","champ:FanOfKnives","champ:Haymaker","champ:FocusedBerserking","expansioncontent:QuickStudy","champ:StanceDance","champ:BringItOn","champ:EnGarde","champ:BringItOn","champ:BerserkersShout"],"relics":["champ:ChampionCrown","Whetstone","hubris:CrystalStatue","Gremlin Horn","Ice Cream"],"acts_visited":["Exordium"],"potions_floor_usage":[10,16,16],"damage_taken":[{"damage":13,"enemies":"Jaw Worm","floor":3,"turns":3},{"damage":10,"enemies":"Cultist","floor":4,"turns":3},{"damage":0,"enemies":"Small Slimes","floor":5,"turns":2},{"damage":15,"enemies":"downfall:FleeingMerchant","floor":8,"turns":4},{"damage":5,"enemies":"3 Sentries","floor":9,"turns":5},{"damage":10,"enemies":"Large Slime","floor":10,"turns":2},{"damage":0,"enemies":"2 Fungi Beasts","floor":11,"turns":2},{"damage":25,"enemies":"Lagavulin","floor":13,"turns":5},{"damage":2,"enemies":"Exordium Thugs","floor":14,"turns":3},{"damage":0,"enemies":"Large Slime","floor":15,"turns":3},{"damage":84,"enemies":"DF_ARCHETYPE_STREAMLINE","floor":16,"turns":7}],"seed_played":"5060482643539423354","potions_obtained":[{"floor":4,"key":"hexamod:SoulburnPotion"},{"floor":9,"key":"ColorlessPotion"},{"floor":10,"key":"DuplicationPotion"},{"floor":13,"key":"SteroidPotion"},{"floor":14,"key":"BlessingOfTheForge"}],"is_trial":false,"path_per_floor":["R","?","M","M","M","R","T","$","E","M","M","?","E","M","M","B"],"character_chosen":"THE_CHAMP","items_purchased":["expansioncontent:QuickStudy"],"campfire_rested":0,"item_purchase_floors":[8],"current_hp_per_floor":[99,99,96,96,96,96,96,91,91,91,91,91,86,84,84,0,0,0],"gold":152,"neow_bonus":"TEN_PERCENT_HP_BONUS","is_daily":false,"chose_seed":false,"campfire_upgraded":1,"win_rate":0.0,"timestamp":1611591003,"path_taken":["R","?","M","M","M","R","T","$","E","?","M","?","E","M","M","BOSS"],"items_purchased_type":["Card"],"build_version":"2020-12-22","purchased_purges":0,"victory":false,"max_hp_per_floor":[99,99,99,99,99,99,99,99,99,99,99,99,99,99,99,99,99,99],"card_choices":[{"not_picked":["champ:EnGarde","champ:FlashCut"],"picked":"champ:FanOfKnives","floor":3},{"not_picked":["champ:PerfectedStrike","champ:Circumvent"],"picked":"champ:Haymaker","floor":4},{"not_picked":["champ:PreciseThrust","champ:BerserkersShout"],"picked":"champ:FocusedBerserking","floor":5},{"not_picked":["champ:RisingSlash","champ:FalseCounter","champ:Parry"],"picked":"SKIP","floor":8},{"not_picked":["champ:CrownThrow","champ:IronFortress"],"picked":"champ:StanceDance","floor":9},{"not_picked":["champ:Shatter","champ:CrookedStrike"],"picked":"champ:BringItOn","floor":10},{"not_picked":["champ:PreciseThrust","champ:Backstep"],"picked":"champ:EnGarde","floor":11},{"not_picked":["champ:GutPunch","champ:BladeFlurry","champ:TornadoPunch"],"picked":"SKIP","floor":13},{"not_picked":["champ:SkillfulDodge","champ:FlashCut"],"picked":"champ:BringItOn","floor":14},{"not_picked":["champ:BringItOn","champ:ShieldSlam"],"picked":"champ:BerserkersShout","floor":15}],"player_experience":623902,"relics_obtained":[{"floor":1,"key":"Whetstone"},{"floor":7,"key":"hubris:CrystalStatue"},{"floor":9,"key":"Gremlin Horn"},{"floor":13,"key":"Ice Cream"}],"event_choices":[],"is_beta":false,"boss_relics":[],"items_purged_floors":[],"is_endless":false,"potions_floor_spawned":[4,9,10,13,14],"killed_by":"DF_ARCHETYPE_STREAMLINE","ascension_level":0}}