{"host":"euv7f0rpkuyw4msy","time":1611581563,"event":{"mods":["2.2 Compatiblity","AchievementEnabler","Act Like it!","BaseMod","Better Note","Better Sensory Stone","BetterRewards","Colored Map","Colored Powertips","DeckTracker","Downfall","Glutton Mod","Halation","Hallownest","Highlight Path","Hubris","Hyrulean Relics","Infinite Spire","Marked Mod","Mimic Mod","Minty Spire (QoL Compilation)","Permanent Neow","Practice Mode","Quick Restart","Random Character Button","Rare Cards Sparkle","Replay The Spire","SacredBarkPlus","Shop Mod","StSLib","Synergy Search","The Bug Knight","Unceasing Turn Reminder"],"gold_per_floor":[99,115,133,147,40,40,40,40,40,65,88,110,130,173,184,284,284,184,203,226,88,103,103,137,137,155,155,180,180,180,197,209,312,312,312,333,346,346,295,295,295,313,421,432,460,500,500,500,513,413,433,433,433],"floor_reached":54,"language":"ENG","playtime":5229,"items_purged":["hexamod:EtherealExpedition","hubris:Compulsion"],"score":755,"play_id":"df4e155e-0a31-4bd0-88db-018205bc16ea","local_time":"20210125143243","is_ascension_mode":false,"campfire_choices":[{"floor":1.0,"key":"RECALL"},{"data":"hexamod:ForkedFlame","floor":18.0,"key":"SMITH"},{"data":"hexamod:Float","floor":25.0,"key":"SMITH"},{"floor":27.0,"key":"REST"},{"floor":30.0,"key":"REST"},{"floor":35.0,"key":"REST"},{"floor":50,"key":"REST"},{"floor":52,"key":"REST"}],"circlet_count":0,"master_deck":["hexamod:Strike","hexamod:Strike","hexamod:Strike","hexamod:Strike","hexamod:Defend","hexamod:Defend","hexamod:Defend","hexamod:Defend","hexamod:Sear","hexamod:Float+1","hexamod:ThermalTransfer","hexamod:SecondSeal","hexamod:RadiantFlame+1","hexamod:EmpoweredFlame","hexamod:FlamesFromBeyond","hexamod:HauntingEcho","hexamod:EmpoweredFlame","hexamod:BurningTouch","hexamod:ForkedFlame+1","Decay","Languid","hexamod:FlamesFromBeyond+1","hexamod:PhantomFireball","hexamod:BurningTouch+1","hexamod:HeatCrush+1","hexamod:Firestarter+1","hexamod:GhostOfSpireFuture","hexamod:PhantomCloak","hexamod:SpectersWail+1","hexamod:GhostOfSpirePast","hexamod:FirstSeal","hexamod:GhostflameInferno","hexamod:FastForward","hexamod:GhostflameBarrier","hexamod:Rewind+1","hubris:Insight+1","hexamod:AdvancingGuard+1","hexamod:WildfireWeapon","hexamod:Again+1","hexamod:Firestarter+1","hexamod:FastForward+1","hexamod:PowerFromBeyond+1","hexamod:Rewind+1"],"relics":["hexamod:SpiritBrand","infinitespire:Lucky Rock","halation:YellowSoulGem","TungstenRod","hubris:Icosahedron","Smiling Mask","hubris:64BitClover","Replay:Ancient Bell","halation:PromiseList","HollowMod:StagPassRelic","hubris:CuriousFeather","downfall:HeartBlessingRed","hubris:BottledRain","halation:SelfBoilingWater","downfall:KnowingSkull","Replay:Bottled Steam","Fusion Hammer","halation:PapillonHeart","infinitespire:CheckeredPen","halation:StarCompass","Toy Ornithopter","hubris:DisguiseKit","Vajra","downfall:HeartBlessingBlue"],"acts_visited":["Exordium","TheCity","TheBeyond"],"potions_floor_usage":[39,49,53,53],"damage_taken":[{"damage":10.0,"enemies":"infinitespire:Voidling","floor":2.0,"turns":4.0},{"damage":0.0,"enemies":"Small Slimes","floor":3.0,"turns":3.0},{"damage":5.0,"enemies":"2 Louse","floor":4.0,"turns":3.0},{"damage":0.0,"enemies":"downfall:FleeingMerchant","floor":5.0,"turns":4.0},{"damage":29.0,"enemies":"3 Sentries","floor":10.0,"turns":11.0},{"damage":4.0,"enemies":"2 Fungi Beasts","floor":11.0,"turns":5.0},{"damage":13.0,"enemies":"Exordium Thugs","floor":12.0,"turns":3.0},{"damage":6.0,"enemies":"Lots of Slimes","floor":13.0,"turns":3.0},{"damage":9.0,"enemies":"Replay:BlueRogue","floor":14.0,"turns":5.0},{"damage":0.0,"enemies":"Exordium Wildlife","floor":15.0,"turns":3.0},{"damage":3.0,"enemies":"IC_STATUS_ARCHETYPE","floor":16.0,"turns":6.0},{"damage":4.0,"enemies":"3 Byrds","floor":19.0,"turns":4.0},{"damage":6.0,"enemies":"Chosen","floor":20.0,"turns":4.0},{"damage":10.0,"enemies":"downfall:FleeingMerchant","floor":21.0,"turns":4.0},{"damage":8.0,"enemies":"Snecko","floor":22.0,"turns":4.0},{"damage":4.0,"enemies":"Shelled Parasite and Fungi","floor":24.0,"turns":3.0},{"damage":27.0,"enemies":"Shelled Parasite and Fungi","floor":26.0,"turns":5.0},{"damage":12.0,"enemies":"Book of Stabbing","floor":28.0,"turns":4.0},{"damage":11.0,"enemies":"Snake Plant","floor":31.0,"turns":3.0},{"damage":9.0,"enemies":"Cultist and Chosen","floor":32.0,"turns":3.0},{"damage":19.0,"enemies":"SI_MIRROR_ARCHETYPE","floor":33.0,"turns":8.0},{"damage":0.0,"enemies":"3 Shapes","floor":36.0,"turns":3.0},{"damage":13.0,"enemies":"Orb Walker","floor":37.0,"turns":3.0},{"damage":0,"enemies":"downfall:FleeingMerchant","floor":39,"turns":4},{"damage":20,"enemies":"3 Darklings","floor":42,"turns":4},{"damage":0,"enemies":"downfall:LadyInBlue","floor":43,"turns":7},{"damage":21,"enemies":"Maw","floor":44,"turns":4},{"damage":13,"enemies":"4 Shapes","floor":45,"turns":4},{"damage":42,"enemies":"HollowMod:StalkingDevout","floor":46,"turns":7},{"damage":13,"enemies":"Writhing Mass","floor":49,"turns":2},{"damage":6,"enemies":"Sphere and 2 Shapes","floor":51,"turns":4},{"damage":57,"enemies":"WA_ARCHETYPE_DIVINITY","floor":53,"turns":8}],"seed_played":"-7002812238567109755","potions_obtained":[{"floor":2.0,"key":"Dexterity Potion"},{"floor":10.0,"key":"EssenceOfSteel"},{"floor":12.0,"key":"AttackPotion"},{"floor":13.0,"key":"hexamod:DoubleChargePotion"},{"floor":16.0,"key":"Explosive Potion"},{"floor":20.0,"key":"Explosive Potion"},{"floor":22.0,"key":"hexamod:EctoCoolerPotion"},{"floor":31.0,"key":"Block Potion"},{"floor":32.0,"key":"SpeedPotion"},{"floor":33.0,"key":"EssenceOfSteel"},{"floor":37.0,"key":"Block Potion"},{"floor":43,"key":"Death Potion"},{"floor":43,"key":"FairyPotion"},{"floor":46,"key":"ColorlessPotion"}],"is_trial":false,"path_per_floor":["R","M","M","M","$","?","T","?","?","E","M","M","M","E","M","B",null,"R","M","M","$","M","?","MIM","R","M","R","E","?","R","M","M","B",null,"R","M","M","?","$","?","T","M","?","M","M","E","PTL","PTL","M","R","M","R","B",null],"character_chosen":"THE_SPIRIT","items_purchased":["Fruit Juice","hexamod:HeatCrush","hubris:Insight","infinitespire:CheckeredPen"],"campfire_rested":5,"item_purchase_floors":[5,21,39,39],"current_hp_per_floor":[70,67,67,62,67,67,67,67,67,38,34,21,15,6,6,3,75,75,71,65,55,47,47,43,43,16,38,26,20,42,31,22,3,75,75,75,62,62,62,62,62,58,62,48,42,45,45,45,44,78,72,81,24],"gold":433,"neow_bonus":"RANDOM_COMMON_RELIC","is_daily":false,"chose_seed":false,"campfire_upgraded":2,"win_rate":0.0,"timestamp":1611581563,"path_taken":["R","M","?","M","$","?","T","?","?","E","M","M","?","E","M","BOSS","R","M","M","$","M","?","MIM","R","M","R","E","?","R","?","M","BOSS","R","M","M","?","$","?","T","M","?","M","?","E","PTL","PTL","M","R","M","R","BOSS"],"items_purchased_type":["Potion","Card","Card","Relic"],"build_version":"2020-12-22","purchased_purges":2,"victory":true,"max_hp_per_floor":[70,70,70,70,75,75,75,75,75,75,75,75,75,75,75,75,75,75,75,75,75,75,75,75,75,75,75,75,75,75,75,75,75,75,75,75,75,71,71,71,71,71,71,71,71,71,71,71,71,81,81,81,81],"card_choices":[{"not_picked":["hexamod:InspiringFlames","hexamod:SkipABeat"],"picked":"hexamod:ThermalTransfer","floor":2.0},{"not_picked":["hexamod:FlamesFromBeyond","hexamod:GhostShield"],"picked":"hexamod:EtherealExpedition","floor":3.0},{"not_picked":["hexamod:HeatMetal","hexamod:RetreatToShadows"],"picked":"hexamod:SecondSeal","floor":4.0},{"not_picked":["hexamod:NightmareStrike","hexamod:ThermalTransfer"],"picked":"hexamod:RadiantFlame","floor":5.0},{"not_picked":["hexamod:StepThrough","hexamod:ThermalTransfer"],"picked":"hexamod:EmpoweredFlame","floor":10.0},{"not_picked":["hexamod:NecessarySacrifice","hexamod:PowerFromBeyond"],"picked":"hexamod:FlamesFromBeyond","floor":11.0},{"not_picked":["hexamod:NightmareGuise","hexamod:GhostLash"],"picked":"hexamod:HauntingEcho","floor":12.0},{"not_picked":["hexamod:GhostOfSpirePast","hexamod:NightmareGuise","hexamod:GhostShield"],"picked":"SKIP","floor":13.0},{"not_picked":["hexamod:UnlimitedPower","hexamod:GhostLash"],"picked":"hexamod:EmpoweredFlame","floor":14.0},{"not_picked":["hexamod:FlamesFromBeyond","hexamod:NightmareStrike"],"picked":"hexamod:BurningTouch","floor":15.0},{"not_picked":["hexamod:TimeWarp","hexamod:TurnItUp"],"picked":"hexamod:ForkedFlame","floor":16.0},{"not_picked":["downfall:Malfunctioning","hubris:Disease"],"picked":"Decay","floor":17.0},{"not_picked":["hubris:Sloth","infinitespire:Pacifist"],"picked":"Languid","floor":17.0},{"not_picked":["ReplayTheSpireMod:Restless Dread","Normality"],"picked":"hubris:Compulsion","floor":17.0},{"not_picked":["hexamod:SpectersWail","hexamod:ShieldOfDarkness"],"picked":"hexamod:FlamesFromBeyond+1","floor":19.0},{"not_picked":["hexamod:Again","hexamod:NightmareStrike+1"],"picked":"hexamod:PhantomFireball","floor":20.0},{"not_picked":["hexamod:FifthSeal","hexamod:NightmareStrike+1"],"picked":"hexamod:BurningTouch","floor":21.0},{"not_picked":["hexamod:FirstSeal","hexamod:Hexaguard"],"picked":"hexamod:Firestarter+1","floor":22.0},{"not_picked":["hexamod:HeatMetal","hexamod:BacktrackSmack"],"picked":"hexamod:GhostOfSpireFuture","floor":24.0},{"not_picked":["hexamod:ChargedBarrage","hexamod:GhostOfSpireFuture"],"picked":"hexamod:PhantomCloak","floor":26.0},{"not_picked":["hexamod:EmpoweredFlame","hexamod:GhostOfSpirePast"],"picked":"hexamod:SpectersWail+1","floor":28.0},{"not_picked":["hexamod:GhostLash","hexamod:NightmareGuise+1"],"picked":"hexamod:GhostOfSpirePast","floor":31.0},{"not_picked":["hexamod:GhostLash","hexamod:HeatMetal"],"picked":"hexamod:FirstSeal","floor":32.0},{"not_picked":["hexamod:SixthSeal","hexamod:HexaLevel"],"picked":"hexamod:GhostflameInferno","floor":33.0},{"not_picked":["hexamod:GhostLash+1","hexamod:SkipABeat+1"],"picked":"hexamod:FastForward","floor":36.0},{"not_picked":["hexamod:NightmareGuise+1","hexamod:GhostLash+1"],"picked":"hexamod:GhostflameBarrier","floor":37.0},{"not_picked":["hexamod:ThermalTransfer+1","hexamod:GhostShield+1"],"picked":"hexamod:Rewind","floor":39},{"not_picked":["hexamod:HauntingEcho","hexamod:GhostLash"],"picked":"hexamod:AdvancingGuard+1","floor":42},{"not_picked":["hexamod:HeatShield","hexamod:Hexaguard+1"],"picked":"hexamod:WildfireWeapon","floor":43},{"not_picked":["hexamod:NightmareGuise","hexamod:Firestarter"],"picked":"hexamod:Again+1","floor":44},{"not_picked":["hexamod:AdvancingGuard+1","hexamod:NightmareGuise+1"],"picked":"hexamod:Firestarter+1","floor":45},{"not_picked":["hexamod:HeatShield+1","hexamod:AdvancingGuard+1","bronze:OilSpill"],"picked":"hexamod:FastForward+1","floor":46},{"not_picked":["hexamod:Firestarter+1","hexamod:BacktrackSmack","bronze:BitShift"],"picked":"hexamod:PowerFromBeyond+1","floor":49},{"not_picked":["hexamod:PhantomCloak+1","hexamod:SkipABeat","bronze:BugBarrage"],"picked":"hexamod:Rewind+1","floor":51}],"player_experience":101925,"relics_obtained":[{"floor":7.0,"key":"TungstenRod"},{"floor":10.0,"key":"Smiling Mask"},{"floor":14.0,"key":"hubris:64BitClover"},{"floor":24.0,"key":"hubris:BottledRain"},{"floor":28.0,"key":"halation:SelfBoilingWater"},{"floor":31.0,"key":"Replay:Bottled Steam"},{"floor":43,"key":"Toy Ornithopter"},{"floor":45,"key":"hubris:DisguiseKit"},{"floor":46,"key":"Vajra"}],"event_choices":[{"damage_healed":0.0,"max_hp_gain":0.0,"max_hp_loss":0.0,"gold_gain":0.0,"event_name":"betterNote:BetterNote","player_choice":"Ignored","floor":23.0,"gold_loss":0.0,"damage_taken":0.0,"cards_obtained":["ReplayGash"]}],"is_beta":false,"boss_relics":[{"not_picked":["ChewingGum","halation:PinkAlligatorPlush"],"picked":"Replay:Ancient Bell"},{"not_picked":["hubris:SlimyHat","MealTicket"],"picked":"halation:PromiseList"},{"not_picked":["Letter Opener","Eternal Feather"],"picked":"HollowMod:StagPassRelic"},{"not_picked":["halation:Trompette","Calipers"],"picked":"hubris:CuriousFeather"},{"not_picked":["halation:LoveArrow","Ring of Chaos"],"picked":"Fusion Hammer"}],"items_purged_floors":[21,39],"is_endless":false,"potions_floor_spawned":[2,10,12,13,15,16,20,22,31,32,33,37,43,45,46],"ascension_level":0}}