{"host":"g01l53quoe6lrer0","time":1611541084,"event":{"mods":["2.2 Compatiblity","AchievementEnabler","BaseMod","Colored Map","Highlight Path","Keyboard Shortcuts","Minty Spire (QoL Compilation)","Permanent Neow","StSLib","SuperFastMode","everything is the same but u backflip on backflip"],"gold_per_floor":[13,25,35,48,62,62,87,87,112,112,147,161,111,121,121,193,193,211,211,126,126,138,138,155,171,171,171,200,200,215,225,225,225,225],"floor_reached":33,"language":"KOR","playtime":1204,"items_purged":[],"score":520,"play_id":"c469e49d-3387-4c46-8b2f-51d9e88b3e40","local_time":"20210125111804","is_ascension_mode":true,"campfire_choices":[{"data":"Envenom","floor":6,"key":"SMITH"},{"floor":8,"key":"REST"},{"data":"Cloak And Dagger","floor":15,"key":"SMITH"},{"floor":23,"key":"REST"},{"floor":27,"key":"REST"},{"floor":29,"key":"REST"},{"floor":32,"key":"REST"}],"circlet_count":0,"master_deck":["AscendersBane","Strike_G","Strike_G","Defend_G+1","Defend_G","Defend_G","Defend_G","Defend_G","Survivor+1","Neutralize","Blade Dance","Corpse Explosion","Cloak And Dagger+1","Leg Sweep","Terror","Envenom+1","Quick Slash","Acrobatics","Doppelganger","Footwork","Cloak And Dagger","Night Terror","Flechettes","Tactician","Poisoned Stab","Deflect","Blur","Dagger Throw"],"relics":["Ring of the Snake","Oddly Smooth Stone","War Paint","Happy Flower","HoveringKite","Strawberry","PreservedInsect","Toy Ornithopter","Bag of Preparation"],"acts_visited":["Exordium","TheCity"],"potions_floor_usage":[7,12,24,25,28,28,28,28,33],"damage_taken":[{"damage":0,"enemies":"Jaw Worm","floor":1,"turns":4},{"damage":0,"enemies":"2 Louse","floor":2,"turns":2},{"damage":1,"enemies":"Small Slimes","floor":3,"turns":3},{"damage":0,"enemies":"Red Slaver","floor":4,"turns":3},{"damage":2,"enemies":"Blue Slaver","floor":5,"turns":5},{"damage":33,"enemies":"Gremlin Nob","floor":7,"turns":5},{"damage":16,"enemies":"Lagavulin","floor":11,"turns":8},{"damage":5,"enemies":"Gremlin Gang","floor":12,"turns":4},{"damage":1,"enemies":"Looter","floor":14,"turns":4},{"damage":4,"enemies":"Hexaghost","floor":16,"turns":10},{"damage":11,"enemies":"3 Byrds","floor":18,"turns":3},{"damage":18,"enemies":"Spheric Guardian","floor":22,"turns":8},{"damage":20,"enemies":"Cultist and Chosen","floor":24,"turns":6},{"damage":15,"enemies":"Sentry and Sphere","floor":25,"turns":6},{"damage":38,"enemies":"Gremlin Leader","floor":28,"turns":8},{"damage":23,"enemies":"Centurion and Healer","floor":30,"turns":7},{"damage":30,"enemies":"Chosen and Byrds","floor":31,"turns":9},{"damage":26,"enemies":"Automaton","floor":33,"turns":12}],"seed_played":"3950066937468117060","potions_obtained":[{"floor":2,"key":"FearPotion"},{"floor":3,"key":"SkillPotion"},{"floor":7,"key":"GhostInAJar"},{"floor":12,"key":"Explosive Potion"},{"floor":24,"key":"Fire Potion"},{"floor":25,"key":"EntropicBrew"},{"floor":28,"key":"Fruit Juice"}],"is_trial":false,"path_per_floor":["M","M","M","M","M","R","E","R","T","?","E","M","?","M","R","B",null,"M","?","?","T","M","R","M","M","T","R","E","R","M","M","R","B"],"character_chosen":"THE_SILENT","items_purchased":[],"campfire_rested":5,"item_purchase_floors":[],"current_hp_per_floor":[59,59,58,58,56,56,23,42,42,64,48,43,43,42,42,38,59,48,48,55,55,37,58,38,23,23,44,31,54,31,1,24,3,3],"gold":225,"neow_bonus":"TRANSFORM_TWO_CARDS","is_daily":false,"chose_seed":false,"campfire_upgraded":2,"win_rate":0.0,"timestamp":1611541084,"path_taken":["M","M","M","M","M","R","E","R","T","?","E","M","?","M","R","BOSS","M","?","?","?","M","R","M","M","T","R","E","R","?","M","R","BOSS"],"items_purchased_type":[],"build_version":"2020-12-22","purchased_purges":0,"victory":false,"max_hp_per_floor":[66,66,66,66,66,66,66,66,66,66,66,66,66,66,66,66,66,66,66,73,73,73,73,73,73,73,73,78,78,78,78,78,78,78],"card_choices":[{"not_picked":["Flying Knee","PiercingWail"],"picked":"Cloak And Dagger","floor":1},{"not_picked":["Dagger Throw","Setup"],"picked":"Leg Sweep","floor":2},{"not_picked":["Caltrops","Blade Dance"],"picked":"Terror","floor":3},{"not_picked":["Crippling Poison","Flechettes"],"picked":"Envenom","floor":4},{"not_picked":["Slice","Dagger Throw"],"picked":"Quick Slash","floor":5},{"not_picked":["Caltrops","Outmaneuver"],"picked":"Acrobatics","floor":7},{"not_picked":["Skewer","Outmaneuver"],"picked":"Doppelganger","floor":11},{"not_picked":["Cloak And Dagger","Blade Dance"],"picked":"Footwork","floor":12},{"not_picked":["Sucker Punch","Quick Slash"],"picked":"Cloak And Dagger","floor":14},{"not_picked":["Unload","Wraith Form v2"],"picked":"Night Terror","floor":16},{"not_picked":["Predator","Backflip"],"picked":"Flechettes","floor":18},{"not_picked":["Quick Slash","Deflect"],"picked":"Tactician","floor":22},{"not_picked":["Deadly Poison","Deflect"],"picked":"Poisoned Stab","floor":24},{"not_picked":["Outmaneuver","Bane"],"picked":"Deflect","floor":25},{"not_picked":["Riddle With Holes","Deadly Poison"],"picked":"Blur","floor":28},{"not_picked":["Quick Slash","Dodge and Roll","All Out Attack"],"picked":"SKIP","floor":30},{"not_picked":["Die Die Die","Dagger Spray"],"picked":"Dagger Throw","floor":31}],"player_experience":292753,"relics_obtained":[{"floor":7,"key":"Oddly Smooth Stone"},{"floor":9,"key":"War Paint"},{"floor":11,"key":"Happy Flower"},{"floor":21,"key":"PreservedInsect"},{"floor":26,"key":"Toy Ornithopter"},{"floor":28,"key":"Bag of Preparation"}],"event_choices":[{"damage_healed":22,"gold_gain":0,"player_choice":"Banana","damage_taken":0,"max_hp_gain":0,"max_hp_loss":0,"event_name":"Big Fish","floor":10,"gold_loss":0},{"cards_removed":["Strike_G"],"damage_healed":0,"gold_gain":0,"player_choice":"Card Removal","damage_taken":0,"max_hp_gain":0,"max_hp_loss":0,"event_name":"The Cleric","floor":13,"gold_loss":50},{"damage_healed":0,"gold_gain":0,"player_choice":"Ignored","damage_taken":0,"max_hp_gain":0,"max_hp_loss":0,"event_name":"Vampires","floor":19,"gold_loss":0},{"damage_healed":0,"gold_gain":0,"player_choice":"Obtained Relic","damage_taken":0,"relics_obtained":["Strawberry"],"max_hp_gain":0,"max_hp_loss":0,"event_name":"Addict","floor":20,"gold_loss":85}],"is_beta":false,"boss_relics":[{"not_picked":["Ring of the Serpent","Sozu"],"picked":"HoveringKite"}],"items_purged_floors":[],"is_endless":false,"potions_floor_spawned":[2,3,7,12,14,22,24,25,28],"killed_by":"Automaton","ascension_level":14}}