{"host":"v3mpq6flurzldi5g","time":1611541772,"event":{"mods":["AchievementEnabler","BaseMod","Colored Powertips","Highlight Path","Minty Spire (QoL Compilation)","StSLib"],"gold_per_floor":[214,231,231,246,258,288,288,320,320,331,331,331,101,118,118,223,223,240,240,240],"floor_reached":19,"language":"ENG","playtime":974,"items_purged":["Strike_R"],"score":286,"play_id":"eef592e6-b150-41c8-9afe-95958a74a414","local_time":"20210124212932","is_ascension_mode":true,"campfire_choices":[{"floor":7,"key":"REST"},{"data":"Armaments","floor":11,"key":"SMITH"},{"floor":15,"key":"REST"}],"circlet_count":0,"master_deck":["AscendersBane","Strike_R","Strike_R","Strike_R","Strike_R","Defend_R","Defend_R","Defend_R","Defend_R+1","Bash","Carnage","Shrug It Off","Armaments+1","Shrug It Off","Bludgeon","Pommel Strike","Reaper"],"relics":["Black Blood","PreservedInsect","Sundial","InkBottle","Centennial Puzzle"],"acts_visited":["Exordium","TheCity"],"potions_floor_usage":[6,16,19],"damage_taken":[{"damage":3,"enemies":"Jaw Worm","floor":1,"turns":5},{"damage":10,"enemies":"Small Slimes","floor":2,"turns":3},{"damage":0,"enemies":"2 Louse","floor":4,"turns":2},{"damage":14,"enemies":"Exordium Thugs","floor":5,"turns":6},{"damage":32,"enemies":"Gremlin Nob","floor":6,"turns":5},{"damage":12,"enemies":"3 Sentries","floor":8,"turns":6},{"damage":0,"enemies":"2 Fungi Beasts","floor":10,"turns":3},{"damage":15,"enemies":"Exordium Wildlife","floor":14,"turns":6},{"damage":30,"enemies":"The Guardian","floor":16,"turns":12},{"damage":51,"enemies":"Shell Parasite","floor":18,"turns":9},{"damage":46,"enemies":"3 Byrds","floor":19,"turns":5}],"seed_played":"7483191123701003196","potions_obtained":[{"floor":2,"key":"Energy Potion"},{"floor":4,"key":"BlessingOfTheForge"},{"floor":5,"key":"PowerPotion"},{"floor":18,"key":"Swift Potion"}],"is_trial":false,"path_per_floor":["M","M","?","M","M","E","R","E","T","M","R","?","$","M","R","B",null,"M","M"],"character_chosen":"IRONCLAD","items_purchased":["Centennial Puzzle"],"campfire_rested":2,"item_purchase_floors":[13],"current_hp_per_floor":[75,71,76,82,74,48,73,67,67,73,73,73,73,64,85,61,79,40,0,0],"gold":240,"neow_bonus":"HUNDRED_GOLD","is_daily":false,"chose_seed":false,"campfire_upgraded":1,"win_rate":0.0,"timestamp":1611541772,"path_taken":["M","M","?","M","M","E","R","E","T","M","R","?","$","M","R","BOSS","M","M"],"items_purchased_type":["Relic"],"build_version":"2020-12-22","purchased_purges":1,"victory":false,"max_hp_per_floor":[80,80,85,85,85,85,85,85,85,85,85,85,85,85,85,85,85,85,85,85],"card_choices":[{"not_picked":["Thunderclap","Armaments"],"picked":"Carnage","floor":1},{"not_picked":["Whirlwind","Clothesline"],"picked":"Shrug It Off","floor":2},{"not_picked":["Burning Pact","Sentinel"],"picked":"Armaments","floor":4},{"not_picked":["Sever Soul","Anger"],"picked":"Shrug It Off","floor":5},{"not_picked":["Sword Boomerang","Thunderclap"],"picked":"Bludgeon","floor":6},{"not_picked":["Fire Breathing","Armaments","Sword Boomerang"],"picked":"SKIP","floor":8},{"not_picked":["Headbutt","Wild Strike"],"picked":"Pommel Strike","floor":10},{"not_picked":["Sentinel","Anger","Headbutt"],"picked":"SKIP","floor":14},{"not_picked":["Exhume","Barricade"],"picked":"Reaper","floor":16},{"not_picked":["Entrench","Pommel Strike","Sever Soul"],"picked":"SKIP","floor":18}],"player_experience":1039910,"relics_obtained":[{"floor":6,"key":"PreservedInsect"},{"floor":8,"key":"Sundial"},{"floor":9,"key":"InkBottle"}],"event_choices":[{"damage_healed":0,"gold_gain":0,"player_choice":"Donut","damage_taken":0,"max_hp_gain":5,"max_hp_loss":0,"event_name":"Big Fish","floor":3,"gold_loss":0},{"damage_healed":0,"gold_gain":0,"player_choice":"Grow","damage_taken":0,"max_hp_gain":0,"max_hp_loss":0,"event_name":"Living Wall","floor":12,"gold_loss":0,"cards_upgraded":["Defend_R"]}],"is_beta":false,"boss_relics":[{"not_picked":["Philosopher\u0027s Stone","Velvet Choker"],"picked":"Black Blood"}],"items_purged_floors":[13],"is_endless":false,"potions_floor_spawned":[2,4,5,18],"killed_by":"3 Byrds","ascension_level":12}}