{"host":"8dhn6p16jorj0i1s","time":1611596713,"event":{"mods":["AchievementEnabler","BaseMod","Colored Map","DeckTracker","Highlight Path","Minty Spire (QoL Compilation)","Permanent Neow","Quick Restart"],"gold_per_floor":[109,109,73,92,107,107,132,167,194,215,234,234,234],"floor_reached":12,"language":"ENG","playtime":866,"items_purged":[],"score":103,"play_id":"3298fc5c-e964-4b23-8294-6c82a83c89a2","local_time":"20210125184513","is_ascension_mode":true,"campfire_choices":[{"data":"Undo","floor":6,"key":"SMITH"}],"circlet_count":0,"master_deck":["Zap","Dualcast","Defragment","White Noise","Undo+1","Amplify","Machine Learning","Rebound","Rainbow","Defragment","Gash","Heatsinks","Turbo","Gash","Glacier","Hello World","Self Repair"],"relics":["Pandora\u0027s Box","Golden Idol","Orichalcum","Bag of Preparation"],"acts_visited":["Exordium"],"potions_floor_usage":[7],"damage_taken":[{"damage":5,"enemies":"Small Slimes","floor":1,"turns":5},{"damage":19,"enemies":"Jaw Worm","floor":4,"turns":3},{"damage":2,"enemies":"Cultist","floor":5,"turns":4},{"damage":10,"enemies":"Blue Slaver","floor":7,"turns":4},{"damage":4,"enemies":"Lagavulin","floor":8,"turns":4},{"damage":0,"enemies":"Exordium Wildlife","floor":10,"turns":5},{"damage":3,"enemies":"2 Fungi Beasts","floor":11,"turns":4},{"damage":35,"enemies":"Gremlin Nob","floor":12,"turns":5}],"seed_played":"7068661076114958603","potions_obtained":[{"floor":4,"key":"Regen Potion"},{"floor":8,"key":"ColorlessPotion"}],"is_trial":false,"path_per_floor":["M","?","$","M","M","R","M","E","T","M","M","E"],"character_chosen":"DEFECT","items_purchased":["Heatsinks"],"campfire_rested":0,"item_purchase_floors":[3],"current_hp_per_floor":[70,52,52,33,31,31,33,29,29,29,26,0,0],"gold":234,"neow_bonus":"BOSS_RELIC","is_daily":false,"chose_seed":false,"campfire_upgraded":1,"win_rate":0.0,"timestamp":1611596713,"path_taken":["M","?","$","M","M","R","M","E","T","M","M","E"],"items_purchased_type":["Card"],"build_version":"2020-12-22","purchased_purges":0,"victory":false,"max_hp_per_floor":[75,75,75,75,75,75,75,75,75,75,75,75,75],"card_choices":[{"not_picked":["Go for the Eyes","Beam Cell"],"picked":"Gash","floor":1},{"not_picked":["Ball Lightning","Barrage"],"picked":"Turbo","floor":4},{"not_picked":["Cold Snap","Aggregate"],"picked":"Gash","floor":5},{"not_picked":["Double Energy","Genetic Algorithm"],"picked":"Glacier","floor":7},{"not_picked":["Rip and Tear","Skim"],"picked":"Hello World","floor":8},{"not_picked":["Ball Lightning","Tempest","Rebound"],"picked":"SKIP","floor":10},{"not_picked":["Steam","Aggregate"],"picked":"Self Repair","floor":11}],"player_experience":472885,"relics_obtained":[{"floor":8,"key":"Orichalcum"},{"floor":9,"key":"Bag of Preparation"}],"event_choices":[{"damage_healed":0,"gold_gain":0,"player_choice":"Take Damage","damage_taken":18,"relics_obtained":["Golden Idol"],"max_hp_gain":0,"max_hp_loss":0,"event_name":"Golden Idol","floor":2,"gold_loss":0}],"is_beta":false,"boss_relics":[],"items_purged_floors":[],"is_endless":false,"potions_floor_spawned":[4,8],"killed_by":"Gremlin Nob","ascension_level":5}}