{"host":"zksvs3x2ysy9npnz","time":1611533485,"event":{"mods":["Aspiration","BaseMod","Beaked The Cultist","BetterRewards","Clockwork Mod","Colored Map","Conspire","Downfall","Duelist Mod","Ekko","Fiend Mod","Halation","Highlight Path","Hubris","Hunter ??","Infinite Spire","Jedi Mod","Magitek Elite","Minty Spire (QoL Compilation)","Permanent Neow","Quick Restart","Relic Stats","Shop Mod","StSLib","The Construct","The Runesmith","The Witch","thorton"],"gold_per_floor":[133,149,178,178,168,168,208,208,208,208,290,290,350,350,350,360,360,360],"floor_reached":16,"language":"FRA","playtime":1609,"items_purged":[],"score":133,"play_id":"a2d87f80-6acf-4133-b554-0aae5dec18b5","local_time":"20210125011125","is_ascension_mode":true,"campfire_choices":[{"data":"thethorton:BusinessBoom","floor":6,"key":"SMITH"},{"floor":8,"key":"REST"},{"data":"thethorton:Crash","floor":10,"key":"SMITH"},{"floor":15,"key":"REST"}],"circlet_count":0,"master_deck":["thethorton:Strike","thethorton:Strike","thethorton:Strike","thethorton:Strike","thethorton:Defend","thethorton:Defend","thethorton:Defend","thethorton:Defend","thethorton:Heckle+1","thethorton:CreditCard","Normality","thethorton:SicklyRun","thethorton:CoinShield","thethorton:GoldBuffer","thethorton:BusinessBoom+1","thethorton:Crash+1","thethorton:EquivalentExchange","thethorton:Siphon"],"relics":["thethorton:CouragePotion","hubris:Towel","Mummified Hand","halation:LettersToHer","Turnip","Golden Idol","jedi:firstaidkit","Runesmith:Nanobots"],"acts_visited":["Exordium"],"potions_floor_usage":[7,13],"damage_taken":[{"damage":2,"enemies":"Small Slimes","floor":1,"turns":5},{"damage":15,"enemies":"Jaw Worm","floor":2,"turns":6},{"damage":2,"enemies":"2 Louse","floor":3,"turns":5},{"damage":0,"enemies":"Looter","floor":5,"turns":4},{"damage":20,"enemies":"Gremlin Nob","floor":7,"turns":4},{"damage":15,"enemies":"Lagavulin Event","floor":11,"turns":6},{"damage":29,"enemies":"3 Sentries","floor":13,"turns":9},{"damage":29,"enemies":"Slime Boss","floor":16,"turns":7}],"seed_played":"1792514061415337239","potions_obtained":[{"floor":1,"key":"EssenceOfSteel"},{"floor":11,"key":"Dexterity Potion"}],"is_trial":false,"path_per_floor":["M","M","M","?","M","R","E","R","T","R","?","?","E","T","R","B"],"character_chosen":"THE_THORT","items_purchased":[],"campfire_rested":2,"item_purchase_floors":[],"current_hp_per_floor":[66,51,49,49,49,49,29,49,49,49,34,34,5,5,23,0,0,0],"gold":360,"neow_bonus":"UPGRADE_CARD","is_daily":false,"chose_seed":false,"campfire_upgraded":2,"win_rate":0.0,"timestamp":1611533485,"path_taken":["M","M","M","?","M","R","E","R","T","R","?","?","E","?","R","BOSS"],"items_purchased_type":[],"build_version":"2020-12-22","purchased_purges":0,"victory":false,"max_hp_per_floor":[68,68,68,68,68,68,68,68,68,68,68,63,63,63,63,63,63,63],"relic_stats":{"counters":[8,46],"Mummified Hand":[0],"Golden Idol":8,"Turnip":[2],"obtain_stats":[{"Runesmith:Nanobots":14,"Mummified Hand":7,"Golden Idol":12,"jedi:firstaidkit":13,"Turnip":11,"thethorton:CouragePotion":0,"hubris:Towel":4,"halation:LettersToHer":9},{"Runesmith:Nanobots":7,"Mummified Hand":5,"Golden Idol":6,"jedi:firstaidkit":7,"Turnip":6,"thethorton:CouragePotion":0,"hubris:Towel":3,"halation:LettersToHer":5},{"Runesmith:Nanobots":39,"Mummified Hand":24,"Golden Idol":30,"jedi:firstaidkit":39,"Turnip":30,"thethorton:CouragePotion":0,"hubris:Towel":16,"halation:LettersToHer":24}]},"card_choices":[{"not_picked":["thethorton:Distance","thethorton:ElbowSmash"],"picked":"thethorton:SicklyRun","floor":1},{"not_picked":["thethorton:Distance","thethorton:TakeAccounts"],"picked":"thethorton:CoinShield","floor":2},{"not_picked":["thethorton:LongTermPayoff","thethorton:BusinessCard"],"picked":"thethorton:GoldBuffer","floor":3},{"not_picked":["thethorton:HitAhead","thethorton:FeelNoBrain"],"picked":"thethorton:BusinessBoom","floor":5},{"not_picked":["thethorton:BoardroomBlast","thethorton:HitAhead"],"picked":"thethorton:Crash","floor":7},{"not_picked":["thethorton:DesperateRun","thethorton:CashBash"],"picked":"thethorton:EquivalentExchange","floor":11},{"not_picked":["thethorton:ShoutAndRun","thethorton:RunningFeint"],"picked":"thethorton:Siphon","floor":13}],"player_experience":2489117,"relics_obtained":[{"floor":7,"key":"Mummified Hand"},{"floor":9,"key":"halation:LettersToHer"},{"floor":11,"key":"Turnip"},{"floor":13,"key":"jedi:firstaidkit"},{"floor":14,"key":"halation:LettersToHer"},{"floor":14,"key":"Runesmith:Nanobots"}],"event_choices":[{"damage_healed":0,"gold_gain":0,"player_choice":"Searched \u00271\u0027 times","damage_taken":0,"max_hp_gain":0,"max_hp_loss":0,"event_name":"Dead Adventurer","floor":11,"gold_loss":0},{"damage_healed":0,"gold_gain":0,"player_choice":"Lose Max HP","damage_taken":0,"relics_obtained":["Golden Idol"],"max_hp_gain":0,"max_hp_loss":5,"event_name":"Golden Idol","floor":12,"gold_loss":0}],"is_beta":false,"boss_relics":[],"items_purged_floors":[],"is_endless":false,"potions_floor_spawned":[1,11],"killed_by":"Slime Boss","ascension_level":5}}