{"host":"dv29tre2e7vje47n","time":1611577720,"event":{"mods":["AchievementEnabler","BaseMod","Colored Map","Colored Powertips","DeckTracker","Displayed Cursed Tome","Downfall","Friendly Minions","Googly Eyes","Highlight Path","Infinite Spire","Key Reminder","Minty Spire (QoL Compilation)","Quick Restart","Random Character Button","Rare Cards Sparkle","Relic Sorter","Relic Stats","Replay The Spire","Spire Arcade","Spire Birthday Party","StSLib","SuperFastMode","Unceasing Turn Reminder"],"gold_per_floor":[99,112,112,212,44,44,44,64,64,84,110,122,168,192,223,331,343,355,379,3,3,14,14,41,41,41,51,51,51,63,213,232,331,331,331,346,359,374,385,419,419,419,432,450,469,169,184,364,377,377,377,411,53,53,53,53],"floor_reached":57,"language":"ENG","playtime":3254,"items_purged":["champ:Strike","champ:Defend","Looming Evil"],"score":1286,"play_id":"454db6be-75e4-465b-9cca-85dfc8b09f4b","local_time":"20210125132840","is_ascension_mode":false,"campfire_choices":[{"data":"champ:Taunt","floor":1,"key":"SMITH"},{"data":"champ:BerserkersShout","floor":6,"key":"SMITH"},{"data":"champ:Lariat","floor":9,"key":"SMITH"},{"data":"champ:TripleStrike","floor":18,"key":"SMITH"},{"data":"champ:BerserkerStyle","floor":23,"key":"SMITH"},{"data":"champ:BerserkerStyle","floor":25,"key":"SMITH"},{"data":"champ:Encircle","floor":28,"key":"SMITH"},{"data":"champ:Backstep","floor":35,"key":"SMITH"},{"floor":42,"key":"RECALL"},{"data":"infinitespire:Collect","floor":46,"key":"SMITH"},{"data":"infinitespire:TheBestDefense","floor":54,"key":"SMITH"}],"circlet_count":0,"master_deck":["champ:Strike","champ:Strike","champ:Defend","champ:Defend","champ:Execute","champ:Taunt+1","champ:GutPunch","champ:BerserkersShout+1","champ:Lariat+1","champ:Backstep+1","champ:Encircle+1","champ:ShieldSlam","champ:TripleStrike+1","champ:FlashCut","champ:Haymaker","champ:BerserkerStyle+1","champ:BerserkerStyle+1","infinitespire:Collect+1","champ:RecklessLeap+1","champ:MurderStrike","champ:RapidStrikes+1","infinitespire:TheBestDefense+1","Parasite"],"relics":["Ring of Chaos","Vajra","infinitespire:Bottled Soul","Lantern","Sozu","ReplayTheSpireMod:Ninjato","Snack Pack","Gremlin Food","Replay:Bottled Flurry","Cursed Key","Happy Flower","downfall:HeartBlessingRed","downfall:HeartBlessingGreen","downfall:HeartBlessingBlue","ReplayFunnel","Pantograph","Shuriken"],"acts_visited":["Exordium","TheCity","TheBeyond","TheEnding"],"potions_floor_usage":[56,56],"damage_taken":[{"damage":10,"enemies":"Small Slimes","floor":2,"turns":3},{"damage":10,"enemies":"downfall:FleeingMerchant","floor":5,"turns":4},{"damage":18,"enemies":"2 Louse","floor":8,"turns":4},{"damage":49,"enemies":"Jaw Worm","floor":10,"turns":5},{"damage":71,"enemies":"Gremlin Nob","floor":13,"turns":5},{"damage":10,"enemies":"2 Fungi Beasts","floor":14,"turns":3},{"damage":54,"enemies":"Gremlin Gang","floor":15,"turns":5},{"damage":116,"enemies":"IC_STATUS_ARCHETYPE","floor":16,"turns":11},{"damage":50,"enemies":"Chosen","floor":19,"turns":3},{"damage":60,"enemies":"downfall:FleeingMerchant","floor":20,"turns":4},{"damage":70,"enemies":"downfall:FleeingMerchant","floor":22,"turns":4},{"damage":77,"enemies":"Spheric Guardian","floor":27,"turns":2},{"damage":87,"enemies":"Chosen and Byrds","floor":30,"turns":3},{"damage":41,"enemies":"Centurion and Healer","floor":32,"turns":4},{"damage":105,"enemies":"SI_MIRROR_ARCHETYPE","floor":33,"turns":6},{"damage":59,"enemies":"Orb Walker","floor":36,"turns":2},{"damage":93,"enemies":"3 Shapes","floor":37,"turns":3},{"damage":85,"enemies":"Sphere and 2 Shapes","floor":38,"turns":2},{"damage":66,"enemies":"Jaw Worm Horde","floor":39,"turns":3},{"damage":74,"enemies":"Nightmare","floor":40,"turns":5},{"damage":114,"enemies":"3 Darklings","floor":43,"turns":4},{"damage":190,"enemies":"Transient","floor":44,"turns":5},{"damage":58,"enemies":"Jaw Worm Horde","floor":45,"turns":3},{"damage":70,"enemies":"Maw","floor":47,"turns":4},{"damage":100,"enemies":"Writhing Mass","floor":49,"turns":3},{"damage":57,"enemies":"DF_ARCHETYPE_ORBS","floor":50,"turns":2},{"damage":190,"enemies":"downfall:CharBossMerchant","floor":52,"turns":4},{"damage":253,"enemies":"downfall:NeowBoss","floor":55,"turns":7},{"damage":292,"enemies":"downfall:NeowBossFinal","floor":56,"turns":7}],"seed_played":"8589301692280740622","potions_obtained":[{"floor":8,"key":"Slimebound:ThreeZeroPotion"},{"floor":10,"key":"champ:OpenerPotion"},{"floor":16,"key":"GamblersBrew"}],"is_trial":false,"path_per_floor":["R","M","?","?","$","R","T","M","R","M","T","?","E","M","M","B",null,"R","M","$","?","$","R","T","R","?","M","R","AVR","M","?","M","B",null,"R","M","M","M","M","NM","T","R","M","M","M","R","M","?","M","B",null,"E","$","R","B","B",null],"character_chosen":"THE_CHAMP","items_purchased":["Vajra","ReplayTheSpireMod:Ninjato","Snack Pack","champ:BerserkerStyle","Shuriken"],"campfire_rested":0,"item_purchase_floors":[5,20,22,22,53],"current_hp_per_floor":[90,90,90,90,90,90,90,82,82,78,78,78,77,77,73,42,90,90,90,90,90,90,90,90,90,90,90,90,90,90,90,83,68,90,90,90,84,63,67,77,77,77,79,90,85,95,100,100,83,95,100,100,100,100,85,40],"gold":53,"neow_bonus":"BOSS_RELIC","is_daily":false,"chose_seed":false,"campfire_upgraded":10,"win_rate":0.0,"timestamp":1611577720,"path_taken":["R","M","?","?","$","R","T","M","R","M","?","?","E","?","M","BOSS","R","M","$","?","?","R","T","R","?","M","R","AVR","M","?","M","BOSS","R","M","M","?","M","NM","T","R","M","M","?","R","M","?","M","BOSS","E","$","R","BOSS","BOSS"],"items_purchased_type":["Relic","Relic","Relic","Card","Relic"],"build_version":"2020-12-22","purchased_purges":3,"victory":true,"max_hp_per_floor":[90,90,90,90,90,90,90,90,90,90,90,90,90,90,90,90,90,90,90,90,90,90,90,90,90,90,90,90,90,90,90,90,90,90,90,90,90,90,90,90,90,90,90,90,90,100,100,100,100,100,100,100,100,100,100,100],"relic_stats":{"Sozu":2,"Happy Flower":[13],"counters":[29,120],"Shuriken":[9],"Pantograph":15,"Cursed Key":1,"obtain_stats":[{"Gremlin Food":24,"ReplayFunnel":48,"Lantern":13,"ReplayTheSpireMod:Ninjato":20,"Happy Flower":40,"downfall:HeartBlessingRed":46,"Vajra":5,"champ:ChampionCrown":0,"downfall:HeartBlessingGreen":46,"Ring of Chaos":0,"MawBank":11,"Cursed Key":34,"Sozu":17,"keyreminder:keyreminder":40,"infinitespire:Bottled Soul":7,"downfall:HeartBlessingBlue":46,"Shuriken":53,"Pantograph":52,"Snack Pack":22,"Replay:Bottled Flurry":29},{"Gremlin Food":11,"ReplayFunnel":24,"Lantern":5,"ReplayTheSpireMod:Ninjato":10,"Happy Flower":20,"downfall:HeartBlessingRed":23,"Vajra":2,"champ:ChampionCrown":0,"downfall:HeartBlessingGreen":23,"Ring of Chaos":0,"MawBank":4,"Cursed Key":15,"Sozu":8,"keyreminder:keyreminder":20,"infinitespire:Bottled Soul":2,"downfall:HeartBlessingBlue":23,"Shuriken":27,"Pantograph":27,"Snack Pack":11,"Replay:Bottled Flurry":12},{"Gremlin Food":51,"ReplayFunnel":97,"Lantern":21,"ReplayTheSpireMod:Ninjato":47,"Happy Flower":81,"downfall:HeartBlessingRed":93,"Vajra":7,"champ:ChampionCrown":0,"downfall:HeartBlessingGreen":93,"Ring of Chaos":0,"MawBank":16,"Cursed Key":66,"Sozu":40,"keyreminder:keyreminder":81,"infinitespire:Bottled Soul":7,"downfall:HeartBlessingBlue":93,"Shuriken":106,"Pantograph":106,"Snack Pack":51,"Replay:Bottled Flurry":53}]},"card_choices":[{"not_picked":["champ:FancyFootwork","champ:Backstep"],"picked":"champ:GutPunch","floor":2},{"not_picked":["champ:FanOfKnives","champ:ViciousMockery"],"picked":"champ:BerserkersShout","floor":5},{"not_picked":["champ:BerserkersShout","champ:AdrenalArmor"],"picked":"champ:Lariat","floor":8},{"not_picked":["champ:PreemptiveStrike","champ:Circumvent"],"picked":"champ:Backstep","floor":10},{"not_picked":["champ:PerfectedStrike","champ:SetATrap"],"picked":"champ:Encircle","floor":13},{"not_picked":["champ:PreemptiveStrike","champ:CrookedStrike"],"picked":"champ:ShieldSlam","floor":14},{"not_picked":["champ:AdrenalArmor","champ:ArenaPreparation","champ:BringItOn"],"picked":"SKIP","floor":15},{"not_picked":["champ:SwordThrow","champ:CheapShot"],"picked":"champ:TripleStrike","floor":16},{"not_picked":["champ:Backstep","champ:Shatter"],"picked":"champ:FlashCut","floor":19},{"not_picked":["champ:GutPunch+1","champ:ShieldSlam","champ:PerfectedStrike+1"],"picked":"SKIP","floor":20},{"not_picked":["champ:Circumvent","champ:Lariat"],"picked":"champ:Haymaker","floor":22},{"not_picked":["champ:FocusedDefense","champ:FanOfKnives+1","champ:GutPunch"],"picked":"SKIP","floor":27},{"not_picked":["champ:Endure","champ:CrownThrow","champ:PreemptiveStrike"],"picked":"SKIP","floor":30},{"not_picked":["champ:Circumvent","champ:PreemptiveStrike"],"picked":"champ:RecklessLeap+1","floor":32},{"not_picked":["champ:DancingMaster","champ:VampiricStrike"],"picked":"champ:MurderStrike","floor":33},{"not_picked":["champ:BerserkersShout","champ:DeathBlow","champ:PerfectedStrike+1"],"picked":"SKIP","floor":36},{"not_picked":["champ:BladeFlurry","champ:DefensiveShout"],"picked":"champ:RapidStrikes+1","floor":37},{"not_picked":["champ:Circumvent","champ:FanOfKnives","champ:GladiatorStyle"],"picked":"SKIP","floor":38},{"not_picked":["champ:BladeFlurry+1","champ:GutPunch+1","champ:FalseCounter+1"],"picked":"SKIP","floor":39},{"not_picked":["infinitespire:Starlight","ReplayTheSpireMod:Chaos Vortex"],"picked":"infinitespire:TheBestDefense","floor":40},{"not_picked":["champ:Circumvent+1","champ:ViciousMockery+1","champ:SetATrap"],"picked":"SKIP","floor":40},{"not_picked":["champ:BladeFlurry","champ:GutPunch+1","champ:DefensiveStyle+1"],"picked":"SKIP","floor":43},{"not_picked":["champ:RapidStrikes","champ:DeathBlow+1","champ:Circumvent"],"picked":"SKIP","floor":44},{"not_picked":["champ:FaceSlap","champ:GutPunch","champ:DefensiveShout+1"],"picked":"SKIP","floor":45},{"not_picked":["champ:CrownThrow+1","champ:FlashCut","champ:DefensiveShout+1"],"picked":"SKIP","floor":47},{"not_picked":["champ:FlashCut+1","champ:HeavySlash","champ:Backstep"],"picked":"SKIP","floor":49},{"not_picked":["champ:BerserkersShout+1","champ:Shatter+1","champ:Parry"],"picked":"SKIP","floor":52}],"player_experience":127449,"relics_obtained":[{"floor":7,"key":"infinitespire:Bottled Soul"},{"floor":11,"key":"MawBank"},{"floor":13,"key":"Lantern"},{"floor":24,"key":"Gremlin Food"},{"floor":40,"key":"Happy Flower"},{"floor":48,"key":"ReplayFunnel"},{"floor":52,"key":"Pantograph"}],"event_choices":[],"is_beta":false,"boss_relics":[{"not_picked":["Busted Crown","ChewingGum"],"picked":"Sozu"},{"not_picked":["Painkiller Herb","Snecko Eye"],"picked":"Cursed Key"}],"items_purged_floors":[20,29,53],"is_endless":false,"potions_floor_spawned":[8,10,16,27,37,38,39,43,45,52],"ascension_level":0}}