{"host":"g907ck67u7c3hrs6","time":1611569414,"event":{"mods":["BaseMod","Colored Map","DeckTracker","Highlight Path","Keyboard Shortcuts","Minty Spire (QoL Compilation)","Permanent Neow","Say the Spire","SuperFastMode"],"gold_per_floor":[363,376,394,394,457,457,470,395,395,405,422,456,506,527,527,527,527],"floor_reached":16,"language":"KOR","playtime":338,"items_purged":["Strike_R"],"score":106,"play_id":"30576ef6-d167-4921-bba3-cea1582b16a9","local_time":"20210125191014","is_ascension_mode":false,"campfire_choices":[{"data":"Combust","floor":6,"key":"SMITH"},{"data":"Demon Form","floor":15,"key":"SMITH"}],"circlet_count":0,"master_deck":["Strike_R","Strike_R","Strike_R","Strike_R","Defend_R","Defend_R","Defend_R","Defend_R","Bash","Blood for Blood","Blood for Blood","Combust+1","Shrug It Off","Bloodletting","Seeing Red","Demon Form+1","Sword Boomerang"],"relics":["Burning Blood","SsserpentHead","Mango","Ornamental Fan","Golden Idol"],"acts_visited":["Exordium"],"potions_floor_usage":[],"damage_taken":[{"damage":0,"enemies":"2 Louse","floor":1,"turns":5},{"damage":2,"enemies":"Cultist","floor":2,"turns":5},{"damage":6,"enemies":"Jaw Worm","floor":3,"turns":3},{"damage":10,"enemies":"Large Slime","floor":5,"turns":4},{"damage":4,"enemies":"2 Fungi Beasts","floor":7,"turns":3},{"damage":8,"enemies":"Blue Slaver","floor":10,"turns":3},{"damage":12,"enemies":"Looter","floor":11,"turns":4},{"damage":28,"enemies":"3 Sentries","floor":12,"turns":6},{"damage":15,"enemies":"Large Slime","floor":14,"turns":3},{"damage":0,"enemies":"The Guardian","floor":16,"turns":2}],"seed_played":"1077084222696009528","potions_obtained":[{"floor":1,"key":"Strength Potion"},{"floor":10,"key":"SpeedPotion"},{"floor":12,"key":"GamblersBrew"},{"floor":14,"key":"Strength Potion"}],"is_trial":false,"path_per_floor":["M","M","M","?","M","R","M","$","T","M","M","E","?","M","R","B"],"character_chosen":"IRONCLAD","items_purchased":[],"campfire_rested":0,"item_purchase_floors":[],"current_hp_per_floor":[62,66,66,66,62,62,64,64,78,76,70,48,25,16,16,16,16],"gold":527,"neow_bonus":"TWO_FIFTY_GOLD","is_daily":false,"chose_seed":false,"campfire_upgraded":2,"win_rate":0.0,"timestamp":1611569414,"path_taken":["M","M","M","?","?","R","M","$","T","M","M","E","?","M","R","BOSS"],"items_purchased_type":[],"build_version":"2020-12-22","purchased_purges":1,"victory":false,"max_hp_per_floor":[80,80,80,80,80,80,80,80,94,94,94,94,94,94,94,94,94],"card_choices":[{"not_picked":["Flex","True Grit"],"picked":"Blood for Blood","floor":1},{"not_picked":["Iron Wave","Dropkick"],"picked":"Blood for Blood","floor":2},{"not_picked":["Ghostly Armor","Iron Wave"],"picked":"Combust","floor":3},{"not_picked":["Fire Breathing","Twin Strike"],"picked":"Shrug It Off","floor":5},{"not_picked":["Flex","Evolve"],"picked":"Bloodletting","floor":7},{"not_picked":["Clothesline","Dual Wield"],"picked":"Seeing Red","floor":10},{"not_picked":["Pummel","Sword Boomerang"],"picked":"Demon Form","floor":11},{"not_picked":["Iron Wave","Havoc"],"picked":"Sword Boomerang","floor":12},{"not_picked":["Dual Wield","Twin Strike","Perfected Strike"],"picked":"SKIP","floor":14}],"player_experience":230821,"relics_obtained":[{"floor":9,"key":"Mango"},{"floor":12,"key":"Ornamental Fan"}],"event_choices":[{"damage_healed":0,"gold_gain":0,"player_choice":"Trade","damage_taken":0,"relics_obtained":["SsserpentHead"],"max_hp_gain":0,"max_hp_loss":0,"event_name":"FaceTrader","floor":4,"gold_loss":0},{"damage_healed":0,"gold_gain":0,"player_choice":"Take Damage","damage_taken":23,"relics_obtained":["Golden Idol"],"max_hp_gain":0,"max_hp_loss":0,"event_name":"Golden Idol","floor":13,"gold_loss":0}],"is_beta":false,"boss_relics":[],"items_purged_floors":[8],"is_endless":false,"potions_floor_spawned":[1,10,12,14],"killed_by":"The Guardian","ascension_level":0}}