{"host":"czen9m7c7ttmirt2","time":1611569343,"event":{"mods":["AchievementEnabler","Aspiration","BaseMod","Better Third Choice","Colored Map","Colored Powertips","Conspire","Hubris","Minty Spire (QoL Compilation)","Replay The Spire","StSLib"],"gold_per_floor":[109,127,137,137,154,154,165,179,179,144,144,172,172,192,192,295,295,311,311,324,324,324],"floor_reached":21,"language":"ENG","playtime":980,"items_purged":[],"score":210,"play_id":"121016bb-0b59-45f7-b2d8-782a4217e1d9","local_time":"20210125040903","is_ascension_mode":true,"campfire_choices":[{"floor":6,"key":"RECALL"},{"data":"Defragment","floor":11,"key":"SMITH"},{"floor":13,"key":"REST"}],"circlet_count":0,"master_deck":["Strike_B","Strike_B","Strike_B","Strike_B","Defend_B","Defend_B","Defend_B","Defend_B","Zap","Dualcast","BasicCrystalCard","Defragment+1","Sweeping Beam+1","Coolheaded","Machine Learning","Conserve Battery","ReplayTheSpireMod:Repulse","Panic Button","Creative AI","Conserve Battery+1","FTL+1"],"relics":["Cracked Core","Boot","aspiration:Stellarator","Nloth\u0027s Gift"],"acts_visited":["Exordium","TheCity"],"potions_floor_usage":[12,12,16,16],"damage_taken":[{"damage":0,"enemies":"2 Louse","floor":1,"turns":2},{"damage":2,"enemies":"Jaw Worm","floor":2,"turns":3},{"damage":1,"enemies":"Cultist","floor":3,"turns":3},{"damage":17,"enemies":"Exordium Thugs","floor":5,"turns":3},{"damage":16,"enemies":"Lots of Slimes","floor":7,"turns":4},{"damage":6,"enemies":"Blue Slaver","floor":8,"turns":5},{"damage":32,"enemies":"Gremlin Nob","floor":12,"turns":4},{"damage":2,"enemies":"Looter","floor":14,"turns":5},{"damage":28,"enemies":"The Guardian","floor":16,"turns":15},{"damage":28,"enemies":"Chosen","floor":18,"turns":7},{"damage":44,"enemies":"3 Byrds","floor":20,"turns":6},{"damage":15,"enemies":"3 Cultists","floor":21,"turns":4}],"seed_played":"-8619649220220726223","potions_obtained":[{"floor":1,"key":"DistilledChaos"},{"floor":3,"key":"Adrenaline Potion"},{"floor":12,"key":"SpeedPotion"},{"floor":14,"key":"SkillPotion"},{"floor":20,"key":"LiquidMemories"}],"is_trial":false,"path_per_floor":["M","M","M","?","M","R","M","M","T","?","R","E","R","M","R_BF","B",null,"M","?","M","M"],"character_chosen":"DEFECT","items_purchased":[],"campfire_rested":1,"item_purchase_floors":[],"current_hp_per_floor":[75,73,72,77,60,60,44,38,38,58,58,26,50,48,72,44,80,52,52,8,0,0],"gold":324,"neow_bonus":"RANDOM_COMMON_RELIC","is_daily":false,"chose_seed":false,"campfire_upgraded":1,"win_rate":0.0,"timestamp":1611569343,"path_taken":["M","M","M","?","M","R","M","M","T","?","R","E","R","M","R_BF","BOSS","M","?","M","M"],"items_purchased_type":[],"build_version":"2020-12-22","purchased_purges":0,"victory":false,"max_hp_per_floor":[75,75,75,80,80,80,80,80,80,80,80,80,80,80,80,80,80,80,80,80,80,80],"card_choices":[{"not_picked":["ReplayTheSpireMod:System Scan","Panic Button"],"picked":"BasicCrystalCard","floor":1},{"not_picked":["Sweeping Beam","Barrage"],"picked":"Defragment","floor":2},{"not_picked":["BasicCrystalCard","Aggregate"],"picked":"Sweeping Beam","floor":3},{"not_picked":["Panic Button","Sweeping Beam"],"picked":"Coolheaded","floor":5},{"not_picked":["Beam Cell","Melter"],"picked":"Machine Learning","floor":7},{"not_picked":["Panic Button","Recycle"],"picked":"Conserve Battery","floor":8},{"not_picked":["Rip and Tear","hubris:Ukulele"],"picked":"ReplayTheSpireMod:Repulse","floor":12},{"not_picked":["conspire:SharedLibrary","ReplayTheSpireMod:Reroute Power"],"picked":"Panic Button","floor":14},{"not_picked":["hubris:SpecializedCircuitry","Multi-Cast"],"picked":"Creative AI","floor":16},{"not_picked":["Genetic Algorithm+1","Streamline+1"],"picked":"Conserve Battery+1","floor":18},{"not_picked":["Steam","Reinforced Body"],"picked":"FTL+1","floor":20}],"player_experience":205768,"relics_obtained":[{"floor":12,"key":"Replay:Bandana"}],"event_choices":[{"damage_healed":0,"gold_gain":0,"player_choice":"Donut","damage_taken":0,"max_hp_gain":5,"max_hp_loss":0,"event_name":"Big Fish","floor":4,"gold_loss":0},{"damage_healed":20,"gold_gain":0,"player_choice":"Healed","damage_taken":0,"max_hp_gain":0,"max_hp_loss":0,"event_name":"The Cleric","floor":10,"gold_loss":35},{"damage_healed":0,"gold_gain":0,"player_choice":"Traded Relic","damage_taken":0,"relics_obtained":["Nloth\u0027s Gift"],"max_hp_gain":0,"max_hp_loss":0,"event_name":"N\u0027loth","floor":19,"relics_lost":["Replay:Bandana"],"gold_loss":0}],"is_beta":false,"boss_relics":[{"not_picked":["Cursed Key","Pandora\u0027s Box"],"picked":"aspiration:Stellarator"}],"items_purged_floors":[],"is_endless":false,"potions_floor_spawned":[1,3,12,14,20],"killed_by":"3 Cultists","ascension_level":3}}