{"host":"bq4pt811tk9yrmjl","time":1611585151,"event":{"mods":["AchievementEnabler","BaseMod","Colored Map","Colored Powertips","Defuse TimeMaze Blight","Hermit","Minty Spire (QoL Compilation)","StSLib","SuperFastMode"],"gold_per_floor":[110,110,110,110,130,130,130,143,167,194,51,66,88,121,121,218,218,232,249,249,249,103,138,155,167,167,266,286,130,130,165,165,165,165],"floor_reached":33,"language":"ENG","playtime":559,"items_purged":[],"score":308,"play_id":"8da01597-a952-46df-9039-8e2c7cd72045","local_time":"20210125123231","is_ascension_mode":true,"campfire_choices":[{"data":"Bash","floor":6.0,"key":"SMITH"},{"data":"Whirlwind","floor":15,"key":"SMITH"},{"data":"Armaments","floor":30,"key":"SMITH"},{"floor":32,"key":"RECALL"}],"circlet_count":0,"master_deck":["Strike_R+1","Strike_R+1","Strike_R+1","Strike_R+1","Strike_R+1","Defend_R+1","Defend_R+1","Defend_R+1","Defend_R+1","Bash+1","Anger+1","Whirlwind+1","Clash","Cleave","Pummel+1","Armaments+1","Double Tap","Body Slam"],"relics":["Burning Blood","NeowsBlessing","Eternal Feather","Lantern","Odd Mushroom","Pantograph","Mark of Pain","Orichalcum","PreservedInsect","TungstenRod","OrangePellets","Oddly Smooth Stone"],"acts_visited":["Exordium","TheCity"],"potions_floor_usage":[12,13,14,24,28],"damage_taken":[{"damage":0.0,"enemies":"Jaw Worm","floor":1.0,"turns":1.0},{"damage":0.0,"enemies":"Small Slimes","floor":5.0,"turns":1.0},{"damage":0.0,"enemies":"Cultist","floor":8.0,"turns":1.0},{"damage":25.0,"enemies":"3 Sentries","floor":10.0,"turns":8.0},{"damage":0,"enemies":"Blue Slaver","floor":12,"turns":2},{"damage":16,"enemies":"The Mushroom Lair","floor":13,"turns":3},{"damage":17,"enemies":"Gremlin Nob","floor":14,"turns":4},{"damage":64,"enemies":"Slime Boss","floor":16,"turns":8},{"damage":0,"enemies":"3 Byrds","floor":18,"turns":3},{"damage":19,"enemies":"Shell Parasite","floor":19,"turns":4},{"damage":19,"enemies":"Book of Stabbing","floor":23,"turns":4},{"damage":6,"enemies":"3 Cultists","floor":24,"turns":5},{"damage":6,"enemies":"Centurion and Healer","floor":25,"turns":5},{"damage":7,"enemies":"Snake Plant","floor":28,"turns":4},{"damage":6,"enemies":"Slavers","floor":31,"turns":5},{"damage":88,"enemies":"Champ","floor":33,"turns":13}],"seed_played":"-1337955251716626601","potions_obtained":[{"floor":5.0,"key":"SkillPotion"},{"floor":8.0,"key":"Block Potion"},{"floor":12,"key":"SpeedPotion"},{"floor":13,"key":"Weak Potion"},{"floor":23,"key":"Explosive Potion"},{"floor":25,"key":"Weak Potion"},{"floor":28,"key":"ElixirPotion"}],"is_trial":false,"path_per_floor":["M","?","?","?","M","R","$","M","T","E","$","M","?","E","R","B",null,"M","M","?","?","$","E","M","M","T","?","M","$","R","E","R","B"],"character_chosen":"IRONCLAD","items_purchased":["Lantern","Orichalcum","OrangePellets"],"campfire_rested":0,"item_purchase_floors":[11,22,29],"current_hp_per_floor":[80,80,85,85,85,85,85,85,85,66,66,72,62,51,57,24,85,85,72,72,72,72,59,59,59,59,59,58,58,67,67,76,0,0],"gold":165,"neow_bonus":"THREE_ENEMY_KILL","is_daily":false,"chose_seed":false,"campfire_upgraded":3,"win_rate":0.0,"timestamp":1611585151,"path_taken":["M","?","?","?","M","R","$","M","T","E","$","?","?","E","R","BOSS","M","M","?","?","$","E","M","?","T","?","M","$","R","E","R","BOSS"],"items_purchased_type":["Relic","Relic","Relic"],"build_version":"2020-12-22","purchased_purges":0,"victory":false,"max_hp_per_floor":[80,80,85,85,85,85,85,85,85,85,85,85,85,85,85,85,85,85,85,85,85,85,85,85,85,85,85,85,85,85,85,85,85,85],"card_choices":[{"not_picked":["Wild Strike","Dropkick"],"picked":"Anger","floor":1.0},{"not_picked":["Headbutt","Flex","Sword Boomerang"],"picked":"SKIP","floor":5.0},{"not_picked":["Pommel Strike","True Grit"],"picked":"Combust","floor":8.0},{"not_picked":["Searing Blow","Sever Soul","Second Wind"],"picked":"SKIP","floor":10.0},{"not_picked":["Pommel Strike","Shrug It Off","Thunderclap"],"picked":"SKIP","floor":12},{"not_picked":["Infernal Blade","Hemokinesis"],"picked":"Whirlwind","floor":13},{"not_picked":["Shrug It Off","Infernal Blade"],"picked":"Clash","floor":14},{"not_picked":["Havoc","Clothesline"],"picked":"Cleave","floor":18},{"not_picked":["Twin Strike","Fire Breathing"],"picked":"Pummel+1","floor":19},{"not_picked":["Burning Pact","Shrug It Off"],"picked":"Armaments","floor":23},{"not_picked":["Armaments","Thunderclap+1"],"picked":"Double Tap","floor":24},{"not_picked":["Sword Boomerang+1","Heavy Blade","Infernal Blade"],"picked":"SKIP","floor":25},{"not_picked":["Second Wind","Hemokinesis"],"picked":"Body Slam","floor":28},{"not_picked":["Headbutt","Feel No Pain+1","Sever Soul+1"],"picked":"SKIP","floor":31}],"player_experience":241037,"relics_obtained":[{"floor":10.0,"key":"Eternal Feather"},{"floor":13,"key":"Odd Mushroom"},{"floor":14,"key":"Pantograph"},{"floor":23,"key":"PreservedInsect"},{"floor":26,"key":"TungstenRod"},{"floor":31,"key":"Oddly Smooth Stone"}],"event_choices":[{"damage_healed":0.0,"max_hp_gain":0.0,"max_hp_loss":0.0,"gold_gain":0.0,"event_name":"Golden Wing","player_choice":"Ignored","floor":2.0,"gold_loss":0.0,"damage_taken":0.0},{"damage_healed":0.0,"max_hp_gain":5.0,"max_hp_loss":0.0,"gold_gain":0.0,"event_name":"Big Fish","player_choice":"Donut","floor":3.0,"gold_loss":0.0,"damage_taken":0.0},{"damage_healed":0.0,"max_hp_gain":0.0,"max_hp_loss":0.0,"gold_gain":0.0,"event_name":"Living Wall","player_choice":"Grow","floor":4.0,"gold_loss":0.0,"damage_taken":0.0,"cards_upgraded":["Anger"]},{"damage_healed":0,"gold_gain":0,"player_choice":"Fought Mushrooms","damage_taken":0,"max_hp_gain":0,"max_hp_loss":0,"event_name":"Mushrooms","floor":13,"gold_loss":0},{"damage_healed":0,"gold_gain":0,"player_choice":"Simplicity","damage_taken":0,"max_hp_gain":0,"max_hp_loss":0,"event_name":"Back to Basics","floor":20,"gold_loss":0,"cards_upgraded":["Strike_R","Strike_R","Strike_R","Strike_R","Strike_R","Defend_R","Defend_R","Defend_R","Defend_R"]},{"cards_removed":["Combust"],"damage_healed":0,"gold_gain":0,"player_choice":"Purged","damage_taken":0,"max_hp_gain":0,"max_hp_loss":0,"event_name":"Purifier","floor":21,"gold_loss":0},{"damage_healed":0,"gold_gain":99,"player_choice":"Stole From Cult","damage_taken":0,"max_hp_gain":0,"max_hp_loss":0,"event_name":"Nest","floor":27,"gold_loss":0}],"is_beta":false,"boss_relics":[{"not_picked":["Runic Cube","Ectoplasm"],"picked":"Mark of Pain"}],"items_purged_floors":[],"is_endless":false,"potions_floor_spawned":[5,8,12,13,23,25,28],"killed_by":"Champ","ascension_level":1}}