{"host":"h1qktzcccqnez8tx","time":1611610232,"event":{"mods":["AchievementEnabler","BaseMod","Bestiary","Better Note","Block Reminder","Colored Map","Colored Powertips","Curses Come First","Highlight Path","Minty Spire (QoL Compilation)","Permanent Neow","Quick Restart","Relic Stats","StSLib","UnlockEverythingMod"],"gold_per_floor":[112,127,140,215,16,50,50,69,119,136,61,81,93,93,93,197,197,214,42,53,53,53],"floor_reached":21,"language":"ENG","playtime":658,"items_purged":["Strike_R"],"score":275,"play_id":"d6087cf6-690d-44c2-99d9-67c381b2483a","local_time":"20210125223032","is_ascension_mode":true,"campfire_choices":[{"floor":7,"key":"REST"},{"floor":15,"key":"REST"}],"circlet_count":0,"master_deck":["AscendersBane","Bash+1","Wild Strike","Rampage","Perfected Strike","Pommel Strike","Cleave+1","Heavy Blade+1","Rampage+1","Pommel Strike+1","Rage","Impervious","Flex","Body Slam+1","Demon Form","Clothesline+1","Bludgeon+1","Immolate+1","Shrug It Off","Reckless Charge+1","True Grit","Battle Trance+1"],"relics":["Burning Blood","Nunchaku","Molten Egg 2","Art of War","Pandora\u0027s Box","Medical Kit"],"acts_visited":["Exordium","TheCity"],"potions_floor_usage":[6,16,16,16,16,16,21],"damage_taken":[{"damage":1,"enemies":"Cultist","floor":1,"turns":3},{"damage":12,"enemies":"2 Louse","floor":2,"turns":3},{"damage":10,"enemies":"Small Slimes","floor":3,"turns":3},{"damage":45,"enemies":"3 Sentries","floor":6,"turns":9},{"damage":11,"enemies":"Looter","floor":8,"turns":2},{"damage":18,"enemies":"Red Slaver","floor":10,"turns":4},{"damage":0,"enemies":"3 Louse","floor":12,"turns":2},{"damage":8,"enemies":"Blue Slaver","floor":13,"turns":2},{"damage":51,"enemies":"The Guardian","floor":16,"turns":10},{"damage":48,"enemies":"Shell Parasite","floor":18,"turns":6},{"damage":12,"enemies":"Chosen","floor":20,"turns":2},{"damage":15,"enemies":"Shelled Parasite and Fungi","floor":21,"turns":1}],"seed_played":"3778482420529271524","potions_obtained":[{"floor":2,"key":"EssenceOfSteel"},{"floor":6,"key":"Weak Potion"},{"floor":10,"key":"EntropicBrew"},{"floor":16,"key":"DuplicationPotion"},{"floor":18,"key":"PowerPotion"}],"is_trial":false,"path_per_floor":["M","M","M","?","$","E","R","M","T","M","$","M","M","?","R","B",null,"M","$","M","M"],"character_chosen":"IRONCLAD","items_purchased":["Nunchaku","Pommel Strike","True Grit","Medical Kit"],"campfire_rested":2,"item_purchase_floors":[5,5,19,19],"current_hp_per_floor":[77,71,67,56,56,17,41,36,36,24,24,30,28,28,52,7,62,20,20,14,0,0],"gold":53,"neow_bonus":"UPGRADE_CARD","is_daily":false,"chose_seed":false,"campfire_upgraded":0,"win_rate":0.0,"timestamp":1611610232,"path_taken":["M","M","M","?","$","E","R","M","T","M","$","M","M","?","R","BOSS","M","$","M","M"],"items_purchased_type":["Relic","Card","Card","Relic"],"build_version":"2020-12-22","purchased_purges":1,"victory":false,"max_hp_per_floor":[80,80,80,80,80,80,80,80,80,80,80,80,80,80,80,80,80,80,80,80,80,80],"relic_stats":{"Nunchaku":[6],"counters":[12,47],"Pandora\u0027s Box":["Flex","Body Slam","Demon Form","Clothesline","Bludgeon","Immolate","Shrug It Off"],"Art of War":[3],"Medical Kit":[0],"obtain_stats":[{"Nunchaku":5,"Molten Egg 2":6,"Pandora\u0027s Box":17,"Art of War":9,"Medical Kit":19,"Burning Blood":0},{"Nunchaku":3,"Molten Egg 2":4,"Pandora\u0027s Box":9,"Art of War":5,"Medical Kit":10,"Burning Blood":0},{"Nunchaku":9,"Molten Egg 2":18,"Pandora\u0027s Box":38,"Art of War":20,"Medical Kit":44,"Burning Blood":0}],"Burning Blood":66},"card_choices":[{"not_picked":["True Grit","Headbutt"],"picked":"Wild Strike","floor":1},{"not_picked":["Armaments","Clash"],"picked":"Rampage","floor":2},{"not_picked":["Cleave","Clash"],"picked":"Perfected Strike","floor":3},{"not_picked":["Clash+1","Infernal Blade"],"picked":"Cleave+1","floor":6},{"not_picked":["True Grit","Warcry"],"picked":"Heavy Blade+1","floor":8},{"not_picked":["Clash+1","Heavy Blade+1"],"picked":"Rampage+1","floor":10},{"not_picked":["Headbutt+1","Barricade"],"picked":"Pommel Strike+1","floor":12},{"not_picked":["Burning Pact","Havoc"],"picked":"Rage","floor":13},{"not_picked":["Immolate+1","Fiend Fire+1"],"picked":"Impervious","floor":16},{"not_picked":["Warcry","Clothesline+1"],"picked":"Reckless Charge+1","floor":18},{"not_picked":["Cleave+1","Armaments"],"picked":"Battle Trance+1","floor":20}],"player_experience":157657,"relics_obtained":[{"floor":6,"key":"Molten Egg 2"},{"floor":9,"key":"Art of War"}],"event_choices":[{"damage_healed":0,"gold_gain":75,"player_choice":"Gather Gold","damage_taken":11,"max_hp_gain":0,"max_hp_loss":0,"event_name":"World of Goop","floor":4,"gold_loss":0},{"cards_removed":["Strike_R"],"damage_healed":0,"gold_gain":0,"player_choice":"Purged","damage_taken":0,"max_hp_gain":0,"max_hp_loss":0,"event_name":"Purifier","floor":14,"gold_loss":0}],"is_beta":false,"boss_relics":[{"not_picked":["Velvet Choker","Snecko Eye"],"picked":"Pandora\u0027s Box"}],"items_purged_floors":[11],"is_endless":false,"potions_floor_spawned":[2,6,10,16,18],"killed_by":"Shelled Parasite and Fungi","ascension_level":10}}