{"host":"1c17lcvl7acx821p","time":1611615117,"event":{"mods":["AchievementEnabler","BaseMod","Colored Map","Minty Spire (QoL Compilation)","Quick Restart","Relic Sorter","StSLib"],"gold_per_floor":[113,123,139,139,139,165,177,193,193,217,15,15,15,35,63,63,63,164,164,175,192,192,212,236,271,271,29,103,203,216,216,216,231,231,334,334,352,368,103,103,103],"floor_reached":40,"language":"ENG","playtime":2573,"items_purged":["Strike_P"],"score":645,"play_id":"b75a9de7-7155-4e55-a02e-b6a30817fc96","local_time":"20210126005157","is_ascension_mode":true,"campfire_choices":[{"floor":13.0,"key":"REST"},{"data":"PathToVictory","floor":16.0,"key":"SMITH"},{"floor":17.0,"key":"REST"},{"floor":31.0,"key":"REST"},{"floor":34,"key":"REST"}],"circlet_count":0,"master_deck":["AscendersBane","Strike_P+1","Strike_P+1","Defend_P","Defend_P+1","Defend_P","Defend_P+1","Eruption","Vigilance+1","Dramatic Entrance","PathToVictory+1","Wallop","FlyingSleeves","PathToVictory+1","ForeignInfluence+1","EmptyFist","Vengeance","InnerPeace+1","FlurryOfBlows","SpiritShield","CutThroughFate+1","LikeWater","LessonLearned","Decay","Wireheading","Tantrum","Flash of Steel","Protect+1","Adaptation","TalkToTheHand","Establishment","Tantrum+1","Indignation+1","Meditate"],"relics":["PureWater","StrikeDummy","Anchor","Whetstone","Juzu Bracelet","Happy Flower","Mummified Hand","Fusion Hammer","Strawberry","Damaru","Letter Opener","GoldenEye","Bottled Lightning","MutagenicStrength","Black Star","Lantern"],"acts_visited":["Exordium","TheCity","TheBeyond"],"potions_floor_usage":[],"damage_taken":[{"damage":5.0,"enemies":"Cultist","floor":1.0,"turns":5.0},{"damage":2.0,"enemies":"Jaw Worm","floor":2.0,"turns":3.0},{"damage":0.0,"enemies":"2 Louse","floor":3.0,"turns":1.0},{"damage":17.0,"enemies":"3 Sentries","floor":6.0,"turns":5.0},{"damage":0.0,"enemies":"Blue Slaver","floor":7.0,"turns":3.0},{"damage":0.0,"enemies":"Large Slime","floor":8.0,"turns":4.0},{"damage":0.0,"enemies":"Looter","floor":14.0,"turns":2.0},{"damage":15.0,"enemies":"Lagavulin","floor":15.0,"turns":4.0},{"damage":22.0,"enemies":"The Guardian","floor":18.0,"turns":9.0},{"damage":0.0,"enemies":"Chosen","floor":20.0,"turns":3.0},{"damage":18.0,"enemies":"3 Byrds","floor":21.0,"turns":4.0},{"damage":13.0,"enemies":"Snake Plant","floor":23.0,"turns":5.0},{"damage":26.0,"enemies":"Gremlin Leader","floor":25.0,"turns":5.0},{"damage":4.0,"enemies":"Colosseum Slavers","floor":29.0,"turns":4.0},{"damage":0.0,"enemies":"Colosseum Nobs","floor":29.0,"turns":4.0},{"damage":5.0,"enemies":"Snecko","floor":30.0,"turns":5.0},{"damage":0,"enemies":"3 Cultists","floor":33,"turns":3},{"damage":46,"enemies":"Automaton","floor":35,"turns":10},{"damage":0,"enemies":"Orb Walker","floor":37,"turns":2},{"damage":48,"enemies":"3 Darklings","floor":38,"turns":5},{"damage":41,"enemies":"Jaw Worm Horde","floor":40,"turns":2}],"seed_played":"2859141830369113395","potions_obtained":[{"floor":3.0,"key":"LiquidBronze"},{"floor":6.0,"key":"Weak Potion"},{"floor":30.0,"key":"SteroidPotion"},{"floor":33,"key":"Ambrosia"}],"is_trial":false,"path_per_floor":["M","M","M","?","T","E","M","M","T","T","$","?","R","M","E","R","R","B",null,"M","M","?","M","T","E","?","$","T","?","M","R","?","M","R","B",null,"M","M","$","M"],"character_chosen":"WATCHER","items_purchased":["EmptyFist","Happy Flower","Wireheading","Tantrum","Flash of Steel","Meditate","Lantern"],"campfire_rested":4,"item_purchase_floors":[11,11,27,27,27,39,39],"current_hp_per_floor":[60,58,58,44,44,27,27,27,27,27,27,27,48,48,33,33,54,32,62,62,44,44,31,38,12,12,12,12,8,3,26,26,26,49,3,60,60,12,12,0,0],"gold":103,"neow_bonus":"RANDOM_COLORLESS","is_daily":false,"chose_seed":false,"campfire_upgraded":1,"win_rate":0.0,"timestamp":1611615117,"path_taken":["M","?","?","?","?","E","M","M","T","T","$","?","R","M","E","R","R","BOSS","M","M","?","M","?","E","?","?","T","?","M","R","?","M","R","BOSS","M","M","$","M"],"items_purchased_type":["Card","Relic","Card","Card","Card","Card","Relic"],"build_version":"2020-12-22","purchased_purges":1,"victory":false,"max_hp_per_floor":[72,72,72,72,72,72,72,72,72,72,72,72,72,72,72,72,72,72,72,72,72,72,72,79,79,79,79,79,79,79,79,79,79,79,79,79,79,79,79,79,79],"card_choices":[{"not_picked":["Impatience","Jack Of All Trades"],"picked":"Dramatic Entrance","floor":0.0},{"not_picked":["EmptyFist","Sanctity"],"picked":"PathToVictory","floor":1.0},{"not_picked":["CrushJoints","Protect"],"picked":"Wallop","floor":2.0},{"not_picked":["Crescendo","Wireheading"],"picked":"FlyingSleeves","floor":3.0},{"not_picked":["Indignation","CarveReality","Crescendo"],"picked":"SKIP","floor":6.0},{"not_picked":["Worship","FlyingSleeves"],"picked":"PathToVictory","floor":7.0},{"not_picked":["BowlingBash","Prostrate"],"picked":"ForeignInfluence","floor":8.0},{"not_picked":["SignatureMove","WheelKick"],"picked":"InnerPeace","floor":14.0},{"not_picked":["CutThroughFate","Protect"],"picked":"FlurryOfBlows","floor":15.0},{"not_picked":["ConjureBlade","MasterReality"],"picked":"SpiritShield","floor":18.0},{"not_picked":["Consecrate","Worship+1"],"picked":"CutThroughFate+1","floor":20.0},{"not_picked":["EmptyBody","Halt+1"],"picked":"LikeWater","floor":21.0},{"not_picked":["SignatureMove+1","ThirdEye+1","EmptyBody"],"picked":"SKIP","floor":23.0},{"not_picked":["FlyingSleeves","FlurryOfBlows"],"picked":"LessonLearned","floor":25.0},{"not_picked":["Consecrate","CrushJoints+1"],"picked":"Protect","floor":29.0},{"not_picked":["Study","BowlingBash+1"],"picked":"Adaptation","floor":30.0},{"not_picked":["EmptyFist","Vault"],"picked":"TalkToTheHand","floor":33},{"not_picked":["Blasphemy","Ragnarok"],"picked":"Establishment","floor":35},{"not_picked":["PathToVictory+1","ClearTheMind"],"picked":"Tantrum+1","floor":37},{"not_picked":["SashWhip","BowlingBash+1"],"picked":"Indignation+1","floor":38}],"player_experience":210311,"relics_obtained":[{"floor":5.0,"key":"StrikeDummy"},{"floor":6.0,"key":"Anchor"},{"floor":9.0,"key":"Whetstone"},{"floor":10.0,"key":"Juzu Bracelet"},{"floor":15.0,"key":"Mummified Hand"},{"floor":24.0,"key":"Strawberry"},{"floor":25.0,"key":"Damaru"},{"floor":28.0,"key":"Letter Opener"},{"floor":29.0,"key":"GoldenEye"},{"floor":29.0,"key":"Bottled Lightning"}],"event_choices":[{"damage_healed":0.0,"max_hp_gain":0.0,"max_hp_loss":0.0,"gold_gain":0.0,"event_name":"Shining Light","player_choice":"Entered Light","floor":4.0,"gold_loss":0.0,"damage_taken":14.0,"cards_upgraded":["Defend_P","Defend_P"]},{"damage_healed":0.0,"max_hp_gain":0.0,"max_hp_loss":0.0,"gold_gain":0.0,"cards_transformed":["Strike_P"],"event_name":"Transmorgrifier","player_choice":"Transformed","floor":12.0,"gold_loss":0.0,"damage_taken":0.0,"cards_obtained":["Vengeance"]},{"damage_healed":0.0,"max_hp_gain":0.0,"max_hp_loss":0.0,"gold_gain":0.0,"event_name":"Vampires","player_choice":"Ignored","floor":22.0,"gold_loss":0.0,"damage_taken":0.0},{"damage_healed":0.0,"max_hp_gain":0.0,"max_hp_loss":0.0,"gold_gain":0.0,"event_name":"Forgotten Altar","player_choice":"Smashed Altar","floor":26.0,"gold_loss":0.0,"damage_taken":0.0,"cards_obtained":["Decay"]},{"damage_healed":0.0,"max_hp_gain":0.0,"max_hp_loss":0.0,"gold_gain":0.0,"event_name":"Colosseum","player_choice":"Fight","floor":29.0,"gold_loss":0.0,"damage_taken":0.0},{"damage_healed":0.0,"max_hp_gain":0.0,"max_hp_loss":0.0,"gold_gain":0.0,"event_name":"Colosseum","player_choice":"Fought Nobs","floor":29.0,"gold_loss":0.0,"damage_taken":0.0},{"damage_healed":0.0,"max_hp_gain":0.0,"max_hp_loss":0.0,"gold_gain":0.0,"event_name":"Drug Dealer","player_choice":"Inject Mutagens","floor":32.0,"gold_loss":0.0,"damage_taken":0.0,"relics_obtained":["MutagenicStrength"]}],"is_beta":false,"boss_relics":[{"not_picked":["Cursed Key","SacredBark"],"picked":"Fusion Hammer"},{"not_picked":["Coffee Dripper","Philosopher\u0027s Stone"],"picked":"Black Star"}],"items_purged_floors":[39],"is_endless":false,"potions_floor_spawned":[3,6,14,18,21,23,30,33,37],"killed_by":"Jaw Worm Horde","ascension_level":11}}