{"host":"7eytxr1oawi6r5nr","time":1611605369,"event":{"mods":["BaseMod","Better Third Choice","Curses Come First","Dark Map","Hermit","Hubris","Ironclad Rager","Jorbs\u0027s Wanderer Trilogy","Minty Spire (QoL Compilation)","Permanent Neow","Quick Restart","Rare Cards Sparkle","Reliquary","Replay The Spire","Robot Space Explorer","StSLib","The Cursed","The Disciple","The Dragon Tamer","The Forsaken","The Marked","The Mystic","The Runesmith","UnlockEverythingMod","Wide Potions"],"gold_per_floor":[15,15,29,46,57,91,91,103,181,181,201,201,151,151,212,324,324,359,396,396,432,488,488,562,562,562,562,604,205,205,252,252,374,374,403,403,419,419],"floor_reached":37,"language":"ENG","playtime":1740,"items_purged":[],"score":497,"play_id":"81043f8f-d4a2-41fb-a62b-74bc4eebf6cc","local_time":"20210125200929","is_ascension_mode":true,"campfire_choices":[{"data":"Wild Strike","floor":7,"key":"SMITH"},{"floor":10,"key":"RECALL"},{"data":"Rage","floor":12,"key":"SMITH"},{"floor":23,"key":"REST"},{"data":"Inflame","floor":27,"key":"SMITH"},{"data":"Spot Weakness","floor":32,"key":"SMITH"}],"circlet_count":0,"master_deck":["Bash","Twin Strike","Twin Strike","Twin Strike","Twin Strike","Iron Wave","Iron Wave","Iron Wave","Iron Wave","Wild Strike+1","Fire Breathing","Pommel Strike","Inflame+1","Whirlwind","Thunderclap","Rage+1","Spot Weakness+1","Reaper","Replay:Undeath\u0027s Touch+1","True Grit","Intimidate+1","Demon Form","Insight","theForsaken:Preservation","Metallicize","Replay:Undeath\u0027s Touch","Blood for Blood+1","theForsaken:TearsOfSunlight"],"relics":["Burning Blood","hubris:Towel","Runesmith:Nanobots","hubris:SphereOfDissonance","Replay:Bandana","Electric Blood","Calipers","hubris:DisguiseKit","Membership Card","Strawberry","Iron Hammer","betterThird:NestCultRelic","Red Mask","reliquary:WritOfMandamus"],"acts_visited":["Exordium","TheCity","TheBeyond"],"potions_floor_usage":[6,8,8,24,31],"damage_taken":[{"damage":0,"enemies":"2 Louse","floor":1,"turns":2},{"damage":0,"enemies":"Small Slimes","floor":3,"turns":2},{"damage":7,"enemies":"Jaw Worm","floor":4,"turns":2},{"damage":11,"enemies":"Lots of Slimes","floor":5,"turns":3},{"damage":20,"enemies":"3 Sentries","floor":6,"turns":4},{"damage":0,"enemies":"2 Fungi Beasts","floor":8,"turns":1},{"damage":0,"enemies":"Exordium Wildlife","floor":11,"turns":2},{"damage":0,"enemies":"Gremlin Nob","floor":15,"turns":2},{"damage":40,"enemies":"Hexaghost","floor":16,"turns":5},{"damage":2,"enemies":"Chosen","floor":18,"turns":2},{"damage":3,"enemies":"Shell Parasite","floor":19,"turns":2},{"damage":37,"enemies":"Snake Plant","floor":21,"turns":3},{"damage":4,"enemies":"3 Cultists","floor":22,"turns":2},{"damage":7,"enemies":"Gremlin Leader","floor":24,"turns":3},{"damage":12,"enemies":"Cultist and Chosen","floor":28,"turns":3},{"damage":33,"enemies":"Masked Bandits","floor":31,"turns":3},{"damage":45,"enemies":"Champ","floor":33,"turns":6},{"damage":49,"enemies":"3 Darklings","floor":35,"turns":4},{"damage":39,"enemies":"Orb Walker","floor":37,"turns":3}],"seed_played":"4289496617594061830","potions_obtained":[{"floor":1,"key":"Reflective Coating"},{"floor":3,"key":"Dexterity Potion"},{"floor":6,"key":"Explosive Potion"},{"floor":8,"key":"BloodPotion"},{"floor":15,"key":"Ancient Potion"},{"floor":24,"key":"Explosive Potion"},{"floor":28,"key":"Adrenaline Potion"}],"is_trial":false,"path_per_floor":["M","?","M","M","M","E","R","M","T","R","M","R","?","?","R","B",null,"M","M","?","M","M","R","E","?","T","R","M","$","?","?","R","B",null,"M","?","M"],"character_chosen":"IRONCLAD","items_purchased":["Membership Card","Metallicize","Strawberry","Iron Hammer","Replay:Undeath\u0027s Touch"],"campfire_rested":1,"item_purchase_floors":[29,29,29,29,29],"current_hp_per_floor":[57,57,63,62,57,43,43,63,63,63,69,69,69,69,72,38,72,72,72,65,34,36,57,72,72,72,72,66,73,73,68,68,47,79,36,36,0,0],"gold":419,"neow_bonus":"IRONCLAD_BERSERKER","is_daily":false,"chose_seed":false,"campfire_upgraded":4,"win_rate":0.0,"timestamp":1611605369,"path_taken":["M","?","M","M","M","E","R","M","T","R","M","R","?","?","R","BOSS","M","M","?","?","M","R","E","?","T","R","M","$","?","?","R","BOSS","M","?","M"],"items_purchased_type":["Relic","Card","Relic","Relic","Card"],"build_version":"2020-12-22","purchased_purges":0,"victory":false,"max_hp_per_floor":[72,72,72,72,72,72,72,72,72,72,72,72,72,72,72,72,72,72,72,72,72,72,72,72,72,72,72,72,79,79,79,79,79,79,79,79,79,79],"card_choices":[{"not_picked":["Sword Boomerang","ReplayTheSpireMod:LeadingStrike"],"picked":"Wild Strike","floor":1},{"not_picked":["Battle Trance","Twin Strike"],"picked":"Fire Breathing","floor":3},{"not_picked":["Heavy Blade","Abandon"],"picked":"Pommel Strike","floor":4},{"not_picked":["Shrug It Off","Perfected Strike"],"picked":"Inflame","floor":5},{"not_picked":["Twin Strike","Brutality"],"picked":"Whirlwind","floor":6},{"not_picked":["Armaments","Second Wind"],"picked":"Thunderclap","floor":8},{"not_picked":["Headbutt","Cleave"],"picked":"Rage","floor":11},{"not_picked":["Immolate","Demon Form"],"picked":"Reaper","floor":16},{"not_picked":["Clothesline","Carnage"],"picked":"Replay:Undeath\u0027s Touch+1","floor":18},{"not_picked":["Burning Pact","Second Wind"],"picked":"True Grit","floor":19},{"not_picked":["Pummel","Body Slam"],"picked":"Intimidate+1","floor":21},{"not_picked":["Corruption","Carnage","Run Through+1"],"picked":"SKIP","floor":22},{"not_picked":["Replay:Undeath\u0027s Touch+1","Thunderclap"],"picked":"Demon Form","floor":24},{"not_picked":["Pommel Strike","Intimidate","Run Through"],"picked":"theForsaken:Preservation","floor":28},{"not_picked":["Warcry","Rupture","theForsaken:CowardsBrand"],"picked":"Blood for Blood+1","floor":31},{"not_picked":["Immolate","Demonic Infusion","Barricade"],"picked":"theForsaken:TearsOfSunlight","floor":33},{"not_picked":["Warcry+1","Clash+1","Replay:Undeath\u0027s Touch+1","theForsaken:NobleSacrifice"],"picked":"SKIP","floor":35}],"player_experience":197941,"relics_obtained":[{"floor":6,"key":"Runesmith:Nanobots"},{"floor":9,"key":"hubris:SphereOfDissonance"},{"floor":15,"key":"Replay:Bandana"},{"floor":24,"key":"Calipers"},{"floor":26,"key":"hubris:DisguiseKit"},{"floor":31,"key":"Red Mask"}],"event_choices":[{"cards_removed":["stsjorbsmod:Amnesia"],"damage_healed":0,"gold_gain":0,"player_choice":"Card Removal","damage_taken":0,"max_hp_gain":0,"max_hp_loss":0,"event_name":"The Cleric","floor":13,"gold_loss":50},{"damage_healed":0,"gold_gain":30,"player_choice":"Searched \u00273\u0027 times","damage_taken":0,"max_hp_gain":0,"max_hp_loss":0,"event_name":"Dead Adventurer","floor":15,"gold_loss":0},{"damage_healed":0,"gold_gain":0,"player_choice":"Damaged","damage_taken":7,"max_hp_gain":0,"max_hp_loss":0,"event_name":"Wheel of Change","floor":20,"gold_loss":0},{"damage_healed":0,"gold_gain":0,"player_choice":"Insight","damage_taken":0,"max_hp_gain":0,"max_hp_loss":0,"event_name":"betterThird:BetterWriting","floor":25,"gold_loss":0,"cards_obtained":["Insight"]},{"damage_healed":0,"gold_gain":0,"player_choice":"Madness","damage_taken":0,"relics_obtained":["betterThird:NestCultRelic"],"max_hp_gain":0,"max_hp_loss":0,"event_name":"betterThird:BetterNest","floor":30,"gold_loss":0},{"damage_healed":0,"gold_gain":0,"player_choice":"Fought Bandits","damage_taken":0,"max_hp_gain":0,"max_hp_loss":0,"event_name":"Masked Bandits","floor":31,"gold_loss":0},{"cards_removed":["Twin Strike"],"damage_healed":0,"gold_gain":0,"player_choice":"Removed Attack","damage_taken":0,"max_hp_gain":0,"max_hp_loss":0,"event_name":"Falling","floor":36,"gold_loss":0}],"is_beta":false,"boss_relics":[{"not_picked":["Replay:Drink Me","hubris:TerracottaHorce"],"picked":"Electric Blood"},{"not_picked":["hubris:HollowSoul","Replay:Bronze Core"],"picked":"reliquary:WritOfMandamus"}],"items_purged_floors":[],"is_endless":false,"potions_floor_spawned":[1,3,6,8,15,21,24,28],"killed_by":"Orb Walker","ascension_level":4}}