{"host":"jpcy2bclvs7juczu","time":1611585311,"event":{"mods":["Alarm Clock","BaseMod","Bestiary","Block Reminder","Colored Map","Colored Powertips","Curses Come First","Dark Map","Minty Spire (QoL Compilation)","Quick Restart","RNG Fix","Relic Stats","Slay the Relics Exporter","SpireBot","StSLib","ojb\u0027s Better Paths Mod","ojb\u0027s Info Mod","slay the spire mod where everything is the same but ironclad has a cowboy hat"],"gold_per_floor":[117,117,131,149,199,199,217,245,272,306,323,338,78,112,112,185,185,204,218,237,32,42,72,72,97,135,147,171,26,60,74,74,74,74],"floor_reached":33,"language":"ENG","playtime":2951,"items_purged":["Strike_G","Strike_G"],"score":708,"play_id":"9a24831e-9454-452e-8dc6-4c336759b2d3","local_time":"20210125093511","is_ascension_mode":true,"campfire_choices":[{"data":"Predator","floor":6,"key":"SMITH"},{"data":"Noxious Fumes","floor":15,"key":"SMITH"},{"data":"Crippling Poison","floor":24,"key":"SMITH"},{"data":"Tactician","floor":27,"key":"SMITH"},{"data":"Blur","floor":32,"key":"SMITH"}],"circlet_count":0,"master_deck":["AscendersBane","Strike_G","Strike_G+1","Defend_G","Defend_G","Defend_G","Defend_G","Defend_G","Survivor","Neutralize","Deadly Poison","Predator+1","Poisoned Stab","Dagger Spray+1","Acrobatics","Phantasmal Killer","Leg Sweep","Backflip","Noxious Fumes+1","Dash","Night Terror","Crippling Poison+1","Catalyst","Blur+1","PiercingWail","Tactician+1","Tools of the Trade","Blur","Outmaneuver+1","Outmaneuver+1"],"relics":["Snecko Eye","Lizard Tail","Happy Flower","Whetstone","Membership Card","Bottled Flame","Black Star","Meat on the Bone","Tough Bandages","CaptainsWheel","MawBank","Strawberry","Lantern","Torii","Toxic Egg 2"],"acts_visited":["Exordium","TheCity"],"potions_floor_usage":[8,10,14,16,18,19,23,25,30,33],"damage_taken":[{"damage":1,"enemies":"Small Slimes","floor":1,"turns":5},{"damage":8,"enemies":"Cultist","floor":3,"turns":4},{"damage":1,"enemies":"2 Louse","floor":4,"turns":2},{"damage":0,"enemies":"2 Fungi Beasts","floor":7,"turns":3},{"damage":15,"enemies":"3 Sentries","floor":8,"turns":5},{"damage":0,"enemies":"Lagavulin","floor":10,"turns":3},{"damage":0,"enemies":"Blue Slaver","floor":11,"turns":4},{"damage":0,"enemies":"3 Louse","floor":12,"turns":4},{"damage":12,"enemies":"Gremlin Nob","floor":14,"turns":4},{"damage":7,"enemies":"The Guardian","floor":16,"turns":9},{"damage":17,"enemies":"2 Thieves","floor":18,"turns":5},{"damage":0,"enemies":"Chosen","floor":19,"turns":4},{"damage":6,"enemies":"3 Cultists","floor":20,"turns":4},{"damage":9,"enemies":"Centurion and Healer","floor":22,"turns":4},{"damage":18,"enemies":"Book of Stabbing","floor":23,"turns":5},{"damage":53,"enemies":"Gremlin Leader","floor":25,"turns":9},{"damage":14,"enemies":"Shelled Parasite and Fungi","floor":28,"turns":5},{"damage":34,"enemies":"Book of Stabbing","floor":30,"turns":8},{"damage":0,"enemies":"Chosen and Byrds","floor":31,"turns":7},{"damage":33,"enemies":"Automaton","floor":33,"turns":6}],"seed_played":"3747375908433820004","potions_obtained":[{"floor":1,"key":"Explosive Potion"},{"floor":8,"key":"AttackPotion"},{"floor":11,"key":"AttackPotion"},{"floor":14,"key":"DuplicationPotion"},{"floor":16,"key":"Regen Potion"},{"floor":18,"key":"Explosive Potion"},{"floor":20,"key":"Weak Potion"},{"floor":28,"key":"Explosive Potion"},{"floor":30,"key":"SmokeBomb"}],"is_trial":false,"path_per_floor":["M","?","M","M","?","R","M","E","T","E","M","M","$","E","R","B",null,"M","M","M","$","M","E","R","E","T","R","M","$","E","M","R","B"],"character_chosen":"THE_SILENT","items_purchased":["Membership Card","Noxious Fumes","Block Potion","Meat on the Bone","Blur","Lantern","Blur","SpeedPotion"],"campfire_rested":0,"item_purchase_floors":[13,13,13,21,21,29,29,29],"current_hp_per_floor":[58,58,50,49,43,43,43,28,28,28,28,28,28,16,16,9,52,35,47,41,41,44,38,38,40,40,40,38,38,16,28,28,0,0],"gold":74,"neow_bonus":"BOSS_RELIC","is_daily":false,"chose_seed":false,"campfire_upgraded":5,"win_rate":0.0,"timestamp":1611585311,"path_taken":["M","?","M","M","?","R","M","E","T","E","M","M","$","E","R","BOSS","M","M","M","?","M","E","R","E","T","R","M","$","E","M","R","BOSS"],"items_purchased_type":["Relic","Card","Potion","Relic","Card","Relic","Card","Potion"],"build_version":"2020-12-22","purchased_purges":2,"victory":false,"max_hp_per_floor":[66,66,66,66,66,66,66,66,66,66,66,66,66,66,66,66,66,66,66,66,66,66,66,66,73,73,73,73,73,73,73,73,73,73],"relic_stats":{"Lizard Tail":33,"Tough Bandages":[51],"Happy Flower":[27],"Torii":0,"counters":[20,100],"Snecko Eye":[182,175,193,189],"Black Star":3,"Whetstone":["Strike_G","Dagger Spray"],"MawBank":48,"obtain_stats":[{"Lantern":29,"Happy Flower":9,"Torii":30,"Whetstone":10,"MawBank":25,"Lizard Tail":8,"Bottled Flame":14,"Tough Bandages":23,"CaptainsWheel":23,"Strawberry":25,"Snecko Eye":0,"Black Star":17,"Membership Card":13,"Toxic Egg 2":30,"Ring of the Snake":0,"Meat on the Bone":21},{"Lantern":17,"Happy Flower":5,"Torii":18,"Whetstone":6,"MawBank":16,"Lizard Tail":5,"Bottled Flame":9,"Tough Bandages":15,"CaptainsWheel":15,"Strawberry":16,"Snecko Eye":0,"Black Star":10,"Membership Card":8,"Toxic Egg 2":18,"Ring of the Snake":0,"Meat on the Bone":13},{"Lantern":79,"Happy Flower":19,"Torii":87,"Whetstone":22,"MawBank":74,"Lizard Tail":19,"Bottled Flame":34,"Tough Bandages":65,"CaptainsWheel":65,"Strawberry":74,"Snecko Eye":0,"Black Star":43,"Membership Card":30,"Toxic Egg 2":87,"Ring of the Snake":0,"Meat on the Bone":56}],"Meat on the Bone":72},"card_choices":[{"not_picked":["Slice","Backflip"],"picked":"Deadly Poison","floor":1},{"not_picked":["Blade Dance","Outmaneuver"],"picked":"Poisoned Stab","floor":3},{"not_picked":["Backflip","Well Laid Plans"],"picked":"Dagger Spray","floor":4},{"not_picked":["PiercingWail","Masterful Stab"],"picked":"Acrobatics","floor":7},{"not_picked":["Outmaneuver","Blade Dance"],"picked":"Phantasmal Killer","floor":8},{"not_picked":["Acrobatics","Bane"],"picked":"Leg Sweep","floor":10},{"not_picked":["Bane","Poisoned Stab","Masterful Stab"],"picked":"SKIP","floor":11},{"not_picked":["Dagger Spray","Reflex"],"picked":"Backflip","floor":12},{"not_picked":["Prepared","Blade Dance"],"picked":"Dash","floor":14},{"not_picked":["Grand Finale","Storm of Steel"],"picked":"Night Terror","floor":16},{"not_picked":["Blade Dance","Outmaneuver"],"picked":"Crippling Poison","floor":18},{"not_picked":["Bouncing Flask","Leg Sweep"],"picked":"Catalyst","floor":19},{"not_picked":["Riddle With Holes","Deflect+1","Slice"],"picked":"SKIP","floor":20},{"not_picked":["Cloak And Dagger","Blade Dance"],"picked":"PiercingWail","floor":22},{"not_picked":["Accuracy","Outmaneuver"],"picked":"Tactician","floor":23},{"not_picked":["Glass Knife","Escape Plan"],"picked":"Tools of the Trade","floor":25},{"not_picked":["Flying Knee","Caltrops","Concentrate"],"picked":"SKIP","floor":28},{"not_picked":["Blade Dance+1","Tools of the Trade"],"picked":"Outmaneuver+1","floor":30},{"not_picked":["Flechettes","Sucker Punch"],"picked":"Outmaneuver+1","floor":31}],"player_experience":1492992,"relics_obtained":[{"floor":8,"key":"Lizard Tail"},{"floor":9,"key":"Happy Flower"},{"floor":10,"key":"Whetstone"},{"floor":14,"key":"Bottled Flame"},{"floor":23,"key":"Tough Bandages"},{"floor":23,"key":"CaptainsWheel"},{"floor":25,"key":"MawBank"},{"floor":25,"key":"Strawberry"},{"floor":30,"key":"Torii"},{"floor":30,"key":"Toxic Egg 2"}],"event_choices":[{"damage_healed":0,"gold_gain":0,"cards_transformed":["Strike_G"],"player_choice":"Change","damage_taken":0,"max_hp_gain":0,"max_hp_loss":0,"event_name":"Living Wall","floor":2,"gold_loss":0,"cards_obtained":["Predator"]},{"damage_healed":0,"gold_gain":50,"player_choice":"Touch","damage_taken":6,"max_hp_gain":0,"max_hp_loss":0,"event_name":"FaceTrader","floor":5,"gold_loss":0}],"is_beta":false,"boss_relics":[{"not_picked":["SacredBark","Fusion Hammer"],"picked":"Black Star"}],"items_purged_floors":[13,21],"is_endless":false,"potions_floor_spawned":[1,8,11,14,16,18,20,28,30],"killed_by":"Automaton","ascension_level":20}}