{"host":"dtvgc7uk609653br","time":1611600356,"event":{"mods":["BaseMod","Minty Spire (QoL Compilation)","StSLib"],"gold_per_floor":[20,20,20,30,30,56,56,69,96,128,128,78,88,98,98,98,98],"floor_reached":16,"language":"ENG","playtime":514,"items_purged":["Defend_B"],"score":110,"play_id":"55b1ce9b-113a-452e-8c9f-9d7ac3dee40b","local_time":"20210125134556","is_ascension_mode":false,"campfire_choices":[{"floor":7,"key":"REST"},{"floor":11,"key":"DIG"},{"floor":15,"key":"REST"}],"circlet_count":0,"master_deck":["Strike_B","Strike_B","Strike_B","Defend_B","Defend_B","Defend_B","Zap+1","Dualcast","Reboot","Go for the Eyes"],"relics":["Cracked Core","Smiling Mask","PreservedInsect","Shovel","Girya"],"acts_visited":["Exordium"],"potions_floor_usage":[16,16],"damage_taken":[{"damage":1,"enemies":"Jaw Worm","floor":1,"turns":4},{"damage":0,"enemies":"Small Slimes","floor":4,"turns":3},{"damage":38,"enemies":"3 Sentries","floor":6,"turns":9},{"damage":0,"enemies":"2 Louse","floor":8,"turns":1},{"damage":16,"enemies":"Lagavulin","floor":10,"turns":5},{"damage":11,"enemies":"Lots of Slimes","floor":13,"turns":4},{"damage":20,"enemies":"Large Slime","floor":14,"turns":6},{"damage":32,"enemies":"The Guardian","floor":16,"turns":12}],"seed_played":"-223415867314690673","potions_obtained":[{"floor":6,"key":"FearPotion"},{"floor":8,"key":"FearPotion"},{"floor":10,"key":"Weak Potion"}],"is_trial":false,"path_per_floor":["M","?","?","M","?","E","R","M","T","E","R","$","M","M","R","B"],"character_chosen":"DEFECT","items_purchased":[],"campfire_rested":2,"item_purchase_floors":[],"current_hp_per_floor":[74,74,67,67,67,29,51,51,51,35,35,35,24,4,26,0,0],"gold":98,"neow_bonus":"THREE_RARE_CARDS","is_daily":false,"chose_seed":false,"campfire_upgraded":0,"win_rate":0.0,"timestamp":1611600356,"path_taken":["M","?","?","M","?","E","R","?","T","E","R","$","M","M","R","BOSS"],"items_purchased_type":[],"build_version":"2020-12-22","purchased_purges":1,"victory":false,"max_hp_per_floor":[75,75,75,75,75,75,75,75,75,75,75,75,75,75,75,75,75],"card_choices":[{"not_picked":["Fission","Meteor Strike"],"picked":"Reboot","floor":0},{"not_picked":["Rebound","Coolheaded","Barrage"],"picked":"SKIP","floor":1},{"not_picked":["Blizzard","Streamline","Fusion"],"picked":"SKIP","floor":4},{"not_picked":["Stack","Hologram","Reinforced Body"],"picked":"SKIP","floor":6},{"not_picked":["Steam","Reprogram"],"picked":"Go for the Eyes","floor":8},{"not_picked":["Rebound","Cold Snap","Tempest"],"picked":"SKIP","floor":10},{"not_picked":["Redo","Hologram","Turbo"],"picked":"SKIP","floor":13},{"not_picked":["Coolheaded","Buffer","Heatsinks"],"picked":"SKIP","floor":14}],"player_experience":526871,"relics_obtained":[{"floor":6,"key":"Smiling Mask"},{"floor":9,"key":"PreservedInsect"},{"floor":10,"key":"Shovel"},{"floor":11,"key":"Girya"}],"event_choices":[{"damage_healed":0,"gold_gain":0,"player_choice":"Grow","damage_taken":0,"max_hp_gain":0,"max_hp_loss":0,"event_name":"Living Wall","floor":2,"gold_loss":0,"cards_upgraded":["Zap"]},{"cards_removed":["Strike_B"],"damage_healed":0,"gold_gain":0,"player_choice":"Card Removal","damage_taken":7,"max_hp_gain":0,"max_hp_loss":0,"event_name":"Golden Wing","floor":3,"gold_loss":0},{"damage_healed":0,"gold_gain":0,"player_choice":"Ignored","damage_taken":0,"max_hp_gain":0,"max_hp_loss":0,"event_name":"NoteForYourself","floor":5,"gold_loss":0}],"is_beta":false,"boss_relics":[],"items_purged_floors":[12],"is_endless":false,"potions_floor_spawned":[6,8,10],"killed_by":"The Guardian","ascension_level":0}}