{"host":"och2iitg9ibgz06n","time":1611614450,"event":{"mods":["Abigail Mod","AchievementEnabler","Aspiration","BaseMod","Colored Powertips","Dio Mod","Hubris","Hyrulean Relics","Infinite Spire","Minty Spire (QoL Compilation)","Replay The Spire","Small Relic Pack","StSLib","The Animator","The Bug Knight","The Hierophant","The Jungle","The Saiyan","TheHero","Wandering Minibosses","everything is the same but u backflip on backflip","slay the spire mod where everything is the same but ironclad has a cowboy hat"],"gold_per_floor":[109,123,140,153,165,191,191,223,223,223,223,223,76,104,104,205,205,219,219,219,219,232,232,259,259,259,294,294,309,340,265,265,364,464,474,485,495,515,526,553,553,582,582,582,597,632,632,632,632,632,632,632,483,512,512],"floor_reached":56,"language":"ENG","playtime":2419,"items_purged":["Strike_G+1","Strike_G+1"],"score":1364,"play_id":"eca449cf-c92c-46d7-99d4-9f95baba9619","local_time":"20210125164050","is_ascension_mode":true,"campfire_choices":[{"floor":7,"key":"REST"},{"floor":11,"key":"REST"},{"data":"Bouncing Flask","floor":15,"key":"SMITH"},{"data":"infinitespire:Neurotoxin","floor":23,"key":"SMITH"},{"floor":25,"key":"RECALL"},{"floor":32,"key":"REST"},{"floor":41,"key":"REST"},{"floor":44,"key":"REST"},{"data":"Noxious Fumes","floor":52,"key":"SMITH"}],"circlet_count":0,"master_deck":["Strike_G+1","Strike_G+1","Strike_G+1","Defend_G+1","Defend_G+1","Defend_G+1","Defend_G+1","Defend_G+1","Survivor","Neutralize","Escape Plan","Bouncing Flask+1","PiercingWail","Poisoned Stab","Replay:Poison Smokescreen","Poisoned Stab","Bane","infinitespire:Neurotoxin+1","Deadly Poison","Prepared","PiercingWail","Deflect+1","Deflect","Dagger Throw","Corpse Explosion","Poisoned Stab+1","Escape Plan+1","Noxious Fumes+1","Neutralize","Madness","hubris:TrickCloak","Fluid Movement+1"],"relics":["Ring of the Snake","aspiration:SneckoTail","Potion Belt","aspiration:HummingbirdHeart","relicPack:AllForOne","HandDrill","Replay:Ringing Soul","Black Star","hubris:Towel","infinitespire:BottledMercury","Mango","Pantograph","Replay:WaspNest","hubris:ScarierMask","Tough Bandages","PreservedInsect","Replay:Wanted Poster","aspiration:ArtOfWarUpgrade","Byrd Skull","ReplayTheSpireMod:Shallot","Lizard Tail","Bag of Preparation","Replay:Accelerometer","hubris:SphereOfDissonance","infinitespire:Beetle Shell","hubris:Metronome","Pen Nib"],"acts_visited":["Exordium","TheCity","TheBeyond","TheEnding"],"potions_floor_usage":[6,14,30,50,55],"damage_taken":[{"damage":10,"enemies":"Jaw Worm","floor":1,"turns":10},{"damage":1,"enemies":"Small Slimes","floor":2,"turns":4},{"damage":2,"enemies":"2 Louse","floor":3,"turns":3},{"damage":3,"enemies":"Blue Slaver","floor":4,"turns":4},{"damage":0,"enemies":"Looter","floor":5,"turns":4},{"damage":36,"enemies":"3 Sentries","floor":6,"turns":8},{"damage":11,"enemies":"Gremlin Nob","floor":8,"turns":4},{"damage":7,"enemies":"Lagavulin","floor":14,"turns":5},{"damage":9,"enemies":"Hexaghost","floor":16,"turns":7},{"damage":0,"enemies":"Spheric Guardian","floor":18,"turns":2},{"damage":0,"enemies":"Shell Parasite","floor":22,"turns":4},{"damage":22,"enemies":"Book of Stabbing","floor":24,"turns":6},{"damage":22,"enemies":"Slavers","floor":27,"turns":8},{"damage":9,"enemies":"Snake Plant","floor":29,"turns":4},{"damage":24,"enemies":"Gremlin Leader","floor":30,"turns":7},{"damage":59,"enemies":"Automaton","floor":33,"turns":10},{"damage":12,"enemies":"Orb Walker","floor":35,"turns":4},{"damage":0,"enemies":"3 Shapes","floor":36,"turns":3},{"damage":22,"enemies":"Spire Growth","floor":37,"turns":5},{"damage":2,"enemies":"Transient","floor":38,"turns":5},{"damage":0,"enemies":"4 Shapes","floor":39,"turns":3},{"damage":37,"enemies":"Giant Head","floor":40,"turns":7},{"damage":21,"enemies":"Reptomancer","floor":42,"turns":5},{"damage":0,"enemies":"3 Darklings","floor":45,"turns":3},{"damage":0,"enemies":"Giant Head","floor":46,"turns":5},{"damage":63,"enemies":"Replay:Hell Engine","floor":50,"turns":8},{"damage":0,"enemies":"Shield and Spear","floor":54,"turns":2},{"damage":76,"enemies":"The Heart","floor":55,"turns":12}],"seed_played":"4320945198663365324","potions_obtained":[{"floor":2,"key":"BlessingOfTheForge"},{"floor":3,"key":"DistilledChaos"},{"floor":4,"key":"Ancient Potion"},{"floor":6,"key":"BlessingOfTheForge"},{"floor":22,"key":"Elixir"},{"floor":24,"key":"SmokeBomb"},{"floor":27,"key":"Toxic Potion"},{"floor":38,"key":"LiquidBronze"},{"floor":45,"key":"ColorlessPotion"},{"floor":46,"key":"AttackPotion"},{"floor":54,"key":"Fire Potion"}],"is_trial":false,"path_per_floor":["M","M","M","M","M","E","R","E","T","?","R","?","$","E","R","B",null,"M","?","?","?","M","R","E","R","T","E","AVR","M","E","$","R","B",null,"M","M","M","M","M","E","R","E","T","R","M","E","R","?","R","B",null,"R","$","E","B",null],"character_chosen":"THE_SILENT","items_purchased":["HandDrill","infinitespire:Beetle Shell"],"campfire_rested":5,"item_purchase_floors":[13,53],"current_hp_per_floor":[67,66,64,61,61,25,48,37,37,37,60,65,65,61,61,55,88,91,91,91,91,94,94,89,89,89,70,70,64,43,43,79,48,123,114,117,95,93,93,59,98,77,77,116,116,116,116,119,119,72,135,135,135,138,62],"gold":512,"neow_bonus":"TEN_PERCENT_HP_BONUS","is_daily":false,"chose_seed":false,"campfire_upgraded":3,"win_rate":0.0,"timestamp":1611614450,"path_taken":["M","M","M","M","M","E","R","E","T","?","R","?","$","E","R","BOSS","M","?","?","?","?","R","E","R","T","E","AVR","M","E","?","R","BOSS","M","M","?","M","?","E","R","E","T","R","M","E","R","?","R","BOSS","R","$","E","BOSS"],"items_purchased_type":["Relic","Relic"],"build_version":"2020-12-22","purchased_purges":2,"victory":true,"max_hp_per_floor":[77,77,77,77,77,77,77,77,77,77,77,82,82,85,85,88,88,91,91,91,91,94,94,111,111,111,114,114,117,120,120,120,123,123,126,129,129,129,129,132,132,132,132,132,132,132,132,135,135,135,135,135,135,138,138],"card_choices":[{"not_picked":["ReplayTheSpireMod:Exploit Weakness","Prepared"],"picked":"Escape Plan","floor":1},{"not_picked":["Bane","hubris:SlightOfHand"],"picked":"Bouncing Flask","floor":2},{"not_picked":["ReplayTheSpireMod:Exploit Weakness","Concentrate","Acrobatics"],"picked":"SKIP","floor":3},{"not_picked":["Dagger Throw","Blade Dance"],"picked":"PiercingWail","floor":4},{"not_picked":["Blur","Dodge and Roll"],"picked":"Poisoned Stab","floor":5},{"not_picked":["Expertise","hubris:Counter"],"picked":"Replay:Poison Smokescreen","floor":6},{"not_picked":["Dagger Throw","Eviscerate"],"picked":"Poisoned Stab","floor":8},{"not_picked":["Sucker Punch","ReplayTheSpireMod:Shiv Toss"],"picked":"Bane","floor":14},{"not_picked":["Doppelganger","After Image"],"picked":"infinitespire:Neurotoxin","floor":16},{"not_picked":["Acrobatics","Heel Hook"],"picked":"Deadly Poison","floor":18},{"not_picked":["Deflect","Setup"],"picked":"Prepared","floor":22},{"not_picked":["Deadly Poison","Outmaneuver"],"picked":"PiercingWail","floor":24},{"not_picked":["Backflip+1","Flying Knee"],"picked":"Deflect+1","floor":27},{"not_picked":["Outmaneuver","Bane"],"picked":"Deflect","floor":29},{"not_picked":["Predator","Quick Slash"],"picked":"Dagger Throw","floor":30},{"not_picked":["ReplayTheSpireMod:From All Sides","infinitespire:Neurotoxin"],"picked":"Corpse Explosion","floor":33},{"not_picked":["Acrobatics","Predator+1"],"picked":"Poisoned Stab+1","floor":35},{"not_picked":["Dagger Spray","Dodge and Roll+1"],"picked":"Escape Plan+1","floor":36},{"not_picked":["Flying Knee+1","Infinite Blades","Dash+1"],"picked":"SKIP","floor":37},{"not_picked":["Backflip","Dagger Spray+1","Sucker Punch"],"picked":"SKIP","floor":38},{"not_picked":["Poisoned Stab","Dagger Spray","Cloak And Dagger+1"],"picked":"SKIP","floor":39},{"not_picked":["ReplayTheSpireMod:The Works","Doppelganger"],"picked":"Noxious Fumes","floor":40},{"not_picked":["Hidden Blade","Dagger Spray","Distraction"],"picked":"SKIP","floor":42},{"not_picked":["Bane+1","Deflect","Poisoned Stab+1"],"picked":"SKIP","floor":45},{"not_picked":["ReplayTheSpireMod:Tripwire+1","Distraction","Backflip"],"picked":"SKIP","floor":46},{"not_picked":["Backflip","Riddle With Holes+1"],"picked":"Fluid Movement+1","floor":54}],"player_experience":484134,"relics_obtained":[{"floor":6,"key":"aspiration:SneckoTail"},{"floor":8,"key":"Potion Belt"},{"floor":9,"key":"aspiration:HummingbirdHeart"},{"floor":14,"key":"Replay:Ringing Soul"},{"floor":24,"key":"infinitespire:BottledMercury"},{"floor":24,"key":"Mango"},{"floor":27,"key":"Pantograph"},{"floor":27,"key":"Replay:WaspNest"},{"floor":30,"key":"Tough Bandages"},{"floor":30,"key":"PreservedInsect"},{"floor":40,"key":"Art of War"},{"floor":40,"key":"Byrd Skull"},{"floor":42,"key":"ReplayTheSpireMod:Shallot"},{"floor":42,"key":"Lizard Tail"},{"floor":43,"key":"Bag of Preparation"},{"floor":46,"key":"Replay:Accelerometer"},{"floor":46,"key":"hubris:SphereOfDissonance"},{"floor":54,"key":"hubris:Metronome"},{"floor":54,"key":"Pen Nib"}],"event_choices":[{"damage_healed":0,"gold_gain":0,"player_choice":"Donut","damage_taken":0,"max_hp_gain":5,"max_hp_loss":0,"event_name":"Big Fish","floor":12,"gold_loss":0},{"damage_healed":0,"gold_gain":0,"player_choice":"Simplicity","damage_taken":0,"max_hp_gain":0,"max_hp_loss":0,"event_name":"Back to Basics","floor":20,"gold_loss":0,"cards_upgraded":["Strike_G","Strike_G","Strike_G","Strike_G","Strike_G","Defend_G","Defend_G","Defend_G","Defend_G","Defend_G"]},{"damage_healed":0,"gold_gain":0,"player_choice":"3 cards matched","damage_taken":0,"max_hp_gain":0,"max_hp_loss":0,"event_name":"Match and Keep!","floor":48,"gold_loss":0,"cards_obtained":["Neutralize","Madness","hubris:TrickCloak"]}],"is_beta":false,"boss_relics":[{"not_picked":["relicPack:StarArrow","hubris:VirtuousBlindfold"],"picked":"Black Star"},{"not_picked":["aspiration:RunicSpoon","hubris:HollowSoul"],"picked":"Replay:Wanted Poster"}],"items_purged_floors":[28,31],"is_endless":false,"potions_floor_spawned":[2,3,4,6,22,24,27,38,40,45,46,54],"ascension_level":3}}