{"host":"y24pqu7jih1n8m3t","time":1611553080,"event":{"mods":["AchievementEnabler","BaseMod","Bestiary","Block Reminder","Colored Map","Colored Powertips","DeckTracker","Highlight Path","Minty Spire (QoL Compilation)","Permanent Neow","Quick Restart","Rare Cards Sparkle","Relic Stats"],"gold_per_floor":[14,26,26,101,26,62,82,123,148,148,2,2,17,58,58,179,179,198,198,211,55,73,111,129,154,154,154,193,193,206,219,219,347,347,372,391,140,161,8,46,60,60,60,73,107,107,107,131,131,131,131,131,1,34,34,34],"floor_reached":55,"language":"ENG","playtime":5156,"items_purged":["Strike_B","Pain","Doubt"],"score":888,"play_id":"e85b526a-b1ce-4368-a39d-c506ce9d217c","local_time":"20210125003800","is_ascension_mode":true,"campfire_choices":[{"data":"Apotheosis","floor":10.0,"key":"SMITH"},{"floor":15,"key":"REST"},{"floor":27,"key":"REST"},{"floor":32,"key":"REST"},{"floor":49,"key":"RECALL"},{"data":"Rainbow","floor":52,"key":"SMITH"}],"circlet_count":0,"master_deck":["Strike_B","Strike_B","Strike_B","Defend_B","Defend_B","Defend_B","Defend_B","Zap","Dualcast","Apotheosis+1","Cold Snap","Double Energy","Seek","Undo","Gash","Defragment","Go for the Eyes","Rainbow+1","Conserve Battery+1","Rainbow","Go for the Eyes","Gash","Hologram","Gash","Go for the Eyes+1","Chaos","Cold Snap+1","Meteor Strike","Barrage","Skim","Conserve Battery+1","Double Energy","Defragment+1","Multi-Cast","Cold Snap","Sweeping Beam+1","Gash","Barrage","Writhe","Fusion+1","Leap+1","Panacea+1","Fusion+1","Chaos+1","Cold Snap+1"],"relics":["Cracked Core","Golden Idol","Ancient Tea Set","Boot","Bronze Scales","Runic Capacitor","Blood Vial","Tiny Chest","Cursed Key","Orrery","Anchor","PreservedInsect","Busted Crown","Lee\u0027s Waffle","Darkstone Periapt","Toxic Egg 2","The Courier","Omamori","Kunai"],"acts_visited":["Exordium","TheCity","TheBeyond","TheEnding"],"potions_floor_usage":[16,24,24,31,33,36,38,40,41,44,50,50],"damage_taken":[{"damage":0.0,"enemies":"2 Louse","floor":1.0,"turns":2.0},{"damage":9.0,"enemies":"Small Slimes","floor":2.0,"turns":3.0},{"damage":7.0,"enemies":"3 Sentries","floor":6.0,"turns":8.0},{"damage":10.0,"enemies":"Jaw Worm","floor":7.0,"turns":2.0},{"damage":9.0,"enemies":"Gremlin Nob","floor":8.0,"turns":5.0},{"damage":0,"enemies":"Red Slaver","floor":13,"turns":2},{"damage":5,"enemies":"3 Sentries","floor":14,"turns":7},{"damage":7,"enemies":"Slime Boss","floor":16,"turns":10},{"damage":0,"enemies":"Shell Parasite","floor":18,"turns":4},{"damage":15,"enemies":"3 Byrds","floor":20,"turns":3},{"damage":19,"enemies":"Sentry and Sphere","floor":22,"turns":4},{"damage":17,"enemies":"Book of Stabbing","floor":23,"turns":6},{"damage":10,"enemies":"Centurion and Healer","floor":24,"turns":6},{"damage":3,"enemies":"Cultist and Chosen","floor":25,"turns":5},{"damage":13,"enemies":"Gremlin Leader","floor":28,"turns":6},{"damage":11,"enemies":"Snake Plant","floor":30,"turns":4},{"damage":14,"enemies":"Centurion and Healer","floor":31,"turns":6},{"damage":14,"enemies":"Automaton","floor":33,"turns":9},{"damage":5,"enemies":"3 Darklings","floor":35,"turns":5},{"damage":20,"enemies":"3 Shapes","floor":36,"turns":3},{"damage":17,"enemies":"Jaw Worm Horde","floor":38,"turns":4},{"damage":26,"enemies":"Nemesis","floor":40,"turns":5},{"damage":8,"enemies":"Transient","floor":41,"turns":5},{"damage":6,"enemies":"Sphere and 2 Shapes","floor":44,"turns":5},{"damage":11,"enemies":"Giant Head","floor":45,"turns":8},{"damage":49,"enemies":"Spire Growth","floor":48,"turns":5},{"damage":16,"enemies":"Awakened One","floor":50,"turns":17},{"damage":73,"enemies":"Shield and Spear","floor":54,"turns":7},{"damage":17,"enemies":"The Heart","floor":55,"turns":2}],"seed_played":"9206347374064458599","potions_obtained":[{"floor":6.0,"key":"SpeedPotion"},{"floor":7.0,"key":"Weak Potion"},{"floor":16,"key":"Strength Potion"},{"floor":20,"key":"Strength Potion"},{"floor":22,"key":"Weak Potion"},{"floor":30,"key":"Fire Potion"},{"floor":31,"key":"GamblersBrew"},{"floor":33,"key":"Explosive Potion"},{"floor":40,"key":"LiquidMemories"},{"floor":41,"key":"AttackPotion"},{"floor":44,"key":"SkillPotion"},{"floor":48,"key":"LiquidBronze"},{"floor":54,"key":"Strength Potion"}],"is_trial":false,"path_per_floor":["M","M","?","?","$","E","M","E","T","R","$","?","M","E","R","B",null,"M","?","M","$","M","E","M","M","T","R","E","?","M","M","R","B",null,"M","M","$","M","$","E","M","T","T","M","E","?","?","M","R","B",null,"R","$","E","B"],"character_chosen":"DEFECT","items_purchased":["Runic Capacitor","Orrery","SneckoOil","Cold Snap","Lee\u0027s Waffle","Chaos+1"],"campfire_rested":3,"item_purchase_floors":[11,21,37,37,39,53],"current_hp_per_floor":[75,66,66,55,55,48,38,29,29,29,29,17,19,16,36,31,69,69,69,54,54,37,22,14,13,13,33,22,22,13,1,21,9,69,64,46,46,31,76,50,44,50,56,52,43,43,65,18,18,4,88,88,88,15,0,0],"gold":34,"neow_bonus":"RANDOM_COLORLESS_2","is_daily":false,"chose_seed":false,"campfire_upgraded":2,"win_rate":0.0,"timestamp":1611553080,"path_taken":["M","M","?","?","$","E","M","E","T","R","$","?","M","E","R","BOSS","M","?","M","$","M","E","M","?","T","R","E","?","M","M","R","BOSS","M","M","$","M","$","E","M","?","T","M","E","?","?","M","R","BOSS","R","$","E","BOSS"],"items_purchased_type":["Relic","Relic","Potion","Card","Relic","Card"],"build_version":"2020-12-22","purchased_purges":3,"victory":false,"max_hp_per_floor":[75,75,69,69,69,69,69,69,69,69,69,69,69,69,69,69,69,69,69,69,69,69,69,69,69,69,69,69,69,69,69,69,69,69,69,69,69,69,76,76,76,82,88,88,88,88,88,88,88,88,88,88,88,88,88,88],"relic_stats":{"Darkstone Periapt":12,"Lee\u0027s Waffle":45,"counters":[29,158],"Golden Idol":194,"PreservedInsect":251,"Boot":[137],"Cursed Key":3,"Blood Vial":38,"Busted Crown":20,"Bronze Scales":[489],"Tiny Chest":1,"Kunai":[0],"obtain_stats":[{"Darkstone Periapt":40,"Lee\u0027s Waffle":39,"Golden Idol":3,"PreservedInsect":28,"The Courier":43,"Runic Capacitor":11,"Omamori":45,"Ancient Tea Set":6,"Boot":8,"Cursed Key":17,"Blood Vial":12,"Anchor":23,"Busted Crown":34,"Bronze Scales":9,"Orrery":21,"Tiny Chest":14,"Kunai":54,"Toxic Egg 2":42,"Cracked Core":0},{"Darkstone Periapt":22,"Lee\u0027s Waffle":21,"Golden Idol":2,"PreservedInsect":15,"The Courier":23,"Runic Capacitor":5,"Omamori":25,"Ancient Tea Set":3,"Boot":5,"Cursed Key":8,"Blood Vial":5,"Anchor":12,"Busted Crown":18,"Bronze Scales":5,"Orrery":10,"Tiny Chest":7,"Kunai":28,"Toxic Egg 2":23,"Cracked Core":0},{"Darkstone Periapt":109,"Lee\u0027s Waffle":104,"Golden Idol":5,"PreservedInsect":73,"The Courier":114,"Runic Capacitor":20,"Omamori":127,"Ancient Tea Set":13,"Boot":20,"Cursed Key":39,"Blood Vial":20,"Anchor":56,"Busted Crown":92,"Bronze Scales":20,"Orrery":46,"Tiny Chest":29,"Kunai":156,"Toxic Egg 2":114,"Cracked Core":0}]},"card_choices":[{"not_picked":["Magnetism","Secret Technique"],"picked":"Apotheosis","floor":0.0},{"not_picked":["Stack","Hologram"],"picked":"Cold Snap","floor":1.0},{"not_picked":["Hologram","Force Field"],"picked":"Double Energy","floor":2.0},{"not_picked":["Go for the Eyes","Streamline"],"picked":"Seek","floor":6.0},{"not_picked":["Conserve Battery","White Noise"],"picked":"Undo","floor":7.0},{"not_picked":["Recycle","Static Discharge"],"picked":"Gash","floor":8.0},{"not_picked":["Auto Shields","Reinforced Body"],"picked":"Defragment","floor":13},{"not_picked":["Hologram","White Noise"],"picked":"Go for the Eyes","floor":14},{"not_picked":["Multi-Cast","Amplify"],"picked":"Rainbow","floor":16},{"not_picked":["Reinforced Body+1","Compile Driver"],"picked":"Conserve Battery+1","floor":18},{"not_picked":["Cold Snap","Redo"],"picked":"Go for the Eyes","floor":20},{"not_picked":["Stack","Leap"],"picked":"Gash","floor":21},{"not_picked":["Leap","Hello World"],"picked":"Hologram","floor":21},{"not_picked":["Sunder","Beam Cell"],"picked":"Gash","floor":21},{"not_picked":["Lockon","Aggregate"],"picked":"Go for the Eyes+1","floor":21},{"not_picked":["Ball Lightning","Static Discharge+1"],"picked":"Chaos","floor":21},{"not_picked":["Conserve Battery","Ball Lightning"],"picked":"Cold Snap+1","floor":22},{"not_picked":["Steam","Double Energy+1"],"picked":"Meteor Strike","floor":23},{"not_picked":["Turbo","Cold Snap"],"picked":"Barrage","floor":24},{"not_picked":["Recycle","Storm+1"],"picked":"Skim","floor":25},{"not_picked":["Sweeping Beam","Steam"],"picked":"Conserve Battery+1","floor":28},{"not_picked":["Genetic Algorithm","White Noise"],"picked":"Double Energy","floor":30},{"not_picked":["Echo Form","Static Discharge"],"picked":"Defragment+1","floor":31},{"not_picked":["Amplify","Thunder Strike"],"picked":"Multi-Cast","floor":33},{"not_picked":["Genetic Algorithm+1"],"picked":"SKIP","floor":35},{"not_picked":["Sweeping Beam"],"picked":"SKIP","floor":36},{"not_picked":[],"picked":"Sweeping Beam+1","floor":38},{"not_picked":[],"picked":"Gash","floor":40},{"not_picked":[],"picked":"Barrage","floor":41},{"not_picked":[],"picked":"Fusion+1","floor":44},{"not_picked":[],"picked":"Leap+1","floor":45},{"not_picked":[],"picked":"Panacea+1","floor":46},{"not_picked":[],"picked":"Fusion+1","floor":48},{"not_picked":[],"picked":"Cold Snap+1","floor":54}],"player_experience":202047,"relics_obtained":[{"floor":6.0,"key":"Ancient Tea Set"},{"floor":8.0,"key":"Boot"},{"floor":9.0,"key":"Bronze Scales"},{"floor":14,"key":"Tiny Chest"},{"floor":23,"key":"Anchor"},{"floor":28,"key":"PreservedInsect"},{"floor":40,"key":"Darkstone Periapt"},{"floor":42,"key":"Toxic Egg 2"},{"floor":43,"key":"The Courier"},{"floor":45,"key":"Omamori"},{"floor":54,"key":"Kunai"}],"event_choices":[{"damage_healed":0.0,"max_hp_gain":0.0,"max_hp_loss":6.0,"gold_gain":0.0,"event_name":"Golden Idol","player_choice":"Lose Max HP","floor":3.0,"gold_loss":0.0,"damage_taken":0.0,"relics_obtained":["Golden Idol"]},{"damage_healed":0.0,"max_hp_gain":0.0,"max_hp_loss":0.0,"gold_gain":75.0,"event_name":"World of Goop","player_choice":"Gather Gold","floor":4.0,"gold_loss":0.0,"damage_taken":11.0},{"damage_healed":0,"gold_gain":0,"player_choice":"Success","damage_taken":12,"relics_obtained":["Blood Vial"],"max_hp_gain":0,"max_hp_loss":0,"event_name":"Scrap Ooze","floor":12,"gold_loss":0},{"damage_healed":0,"gold_gain":0,"player_choice":"Copied","damage_taken":0,"max_hp_gain":0,"max_hp_loss":0,"event_name":"Duplicator","floor":19,"gold_loss":0,"cards_obtained":["Rainbow"]},{"damage_healed":0,"gold_gain":0,"player_choice":"Ignored","damage_taken":0,"max_hp_gain":0,"max_hp_loss":0,"event_name":"Cursed Tome","floor":29,"gold_loss":0},{"damage_healed":0,"gold_gain":0,"player_choice":"Memory 1","damage_taken":0,"max_hp_gain":0,"max_hp_loss":0,"event_name":"SensoryStone","floor":46,"gold_loss":0},{"damage_healed":22,"gold_gain":0,"player_choice":"Writhe","damage_taken":0,"max_hp_gain":0,"max_hp_loss":0,"event_name":"Winding Halls","floor":47,"gold_loss":0,"cards_obtained":["Writhe"]}],"is_beta":false,"boss_relics":[{"not_picked":["Snecko Eye","SacredBark"],"picked":"Cursed Key"},{"not_picked":["FrozenCore","Pandora\u0027s Box"],"picked":"Busted Crown"}],"items_purged_floors":[5,37,53],"is_endless":false,"potions_floor_spawned":[6,7,16,20,22,30,31,33,40,41,44,48,54],"killed_by":"The Heart","ascension_level":2}}