{"host":"vld99k9l4elccfy8","time":1611538345,"event":{"mods":["AchievementEnabler","BaseMod","Bestiary","Block Reminder","Colored Map","Colored Powertips","Custom Start","Highlight Path","Minty Spire (QoL Compilation)","Permanent Neow","Rare Cards Sparkle"],"gold_per_floor":[118,118,118,118,131,131,160,160,231,231,306,306,231,251,251,251,251],"floor_reached":16,"language":"ENG","playtime":670,"items_purged":["Pain"],"score":96,"play_id":"222b764a-a753-4495-bd02-95cec9ee60ef","local_time":"20210124183225","is_ascension_mode":false,"campfire_choices":[{"data":"Armaments","floor":6.0,"key":"SMITH"},{"data":"Seeing Red","floor":8,"key":"SMITH"},{"data":"Bash","floor":10,"key":"SMITH"},{"data":"Intimidate","floor":15,"key":"SMITH"}],"circlet_count":0,"master_deck":["Strike_R","Strike_R","Strike_R","Strike_R","Defend_R","Defend_R","Defend_R","Defend_R","Bash+1","Metallicize","Seeing Red+1","Armaments+1","Shrug It Off","Intimidate+1"],"relics":["Burning Blood","Frozen Egg 2","Torii","Question Card","WarpedTongs"],"acts_visited":["Exordium"],"potions_floor_usage":[7,16],"damage_taken":[{"damage":6.0,"enemies":"2 Louse","floor":1.0,"turns":3.0},{"damage":1.0,"enemies":"Jaw Worm","floor":5.0,"turns":4.0},{"damage":21,"enemies":"Gremlin Nob","floor":7,"turns":4},{"damage":0,"enemies":"Small Slimes","floor":14,"turns":4},{"damage":66,"enemies":"Hexaghost","floor":16,"turns":14}],"seed_played":"-3838712735060945967","potions_obtained":[{"floor":1.0,"key":"Swift Potion"},{"floor":5.0,"key":"DistilledChaos"}],"is_trial":false,"path_per_floor":["M","?","?","T","M","R","E","R","T","R","?","?","$","M","R","B"],"character_chosen":"IRONCLAD","items_purchased":[],"campfire_rested":0,"item_purchase_floors":[],"current_hp_per_floor":[80,85,85,85,85,85,70,70,70,70,59,59,59,65,65,0,0],"gold":251,"neow_bonus":"TRANSFORM_CARD","is_daily":false,"chose_seed":false,"campfire_upgraded":4,"win_rate":0.0,"timestamp":1611538345,"path_taken":["M","?","?","?","M","R","E","R","T","R","?","?","$","M","R","BOSS"],"items_purchased_type":[],"build_version":"2020-12-22","purchased_purges":1,"victory":false,"max_hp_per_floor":[80,85,85,85,85,85,85,85,85,85,85,85,85,85,85,85,85],"card_choices":[{"not_picked":["Clash","Flex"],"picked":"Seeing Red","floor":1.0},{"not_picked":["Dual Wield","Entrench"],"picked":"Armaments","floor":5.0},{"not_picked":["Headbutt","Bloodletting"],"picked":"Shrug It Off","floor":7},{"not_picked":["Thunderclap","Body Slam","Shrug It Off"],"picked":"Intimidate","floor":14}],"player_experience":274486,"relics_obtained":[{"floor":4.0,"key":"Frozen Egg 2"},{"floor":7,"key":"Torii"},{"floor":9,"key":"Question Card"}],"event_choices":[{"damage_healed":0.0,"max_hp_gain":5.0,"max_hp_loss":0.0,"gold_gain":0.0,"event_name":"Big Fish","player_choice":"Donut","floor":2.0,"gold_loss":0.0,"damage_taken":0.0},{"damage_healed":0.0,"max_hp_gain":0.0,"max_hp_loss":0.0,"gold_gain":0.0,"event_name":"The Cleric","player_choice":"Leave","floor":3.0,"gold_loss":0.0,"damage_taken":0.0},{"damage_healed":0,"gold_gain":75,"player_choice":"Gather Gold","damage_taken":11,"max_hp_gain":0,"max_hp_loss":0,"event_name":"World of Goop","floor":11,"gold_loss":0},{"damage_healed":0,"gold_gain":0,"player_choice":"Rummage","damage_taken":0,"relics_obtained":["WarpedTongs"],"max_hp_gain":0,"max_hp_loss":0,"event_name":"Accursed Blacksmith","floor":12,"gold_loss":0,"cards_obtained":["Pain"]}],"is_beta":false,"boss_relics":[],"items_purged_floors":[13],"is_endless":false,"potions_floor_spawned":[1,5],"killed_by":"Hexaghost","ascension_level":0}}