{"host":"rwd7yp9nr3nfpfre","time":1611579684,"event":{"mods":["Act Like it!","BaseMod","Hallownest","Minty Spire (QoL Compilation)","StSLib","The Bug Knight","The Senshi"],"gold_per_floor":[118,118,44,63,103,138,138,157,157,172,2,2,15,96,96,96,96],"floor_reached":16,"language":"ENG","playtime":1399,"items_purged":[],"score":125,"play_id":"56f7cb04-ab64-420c-82bb-1043e95594f2","local_time":"20210125140124","is_ascension_mode":false,"campfire_choices":[{"data":"HollowMod:ShapeofUnn","floor":7,"key":"SMITH"},{"floor":15,"key":"REST"}],"circlet_count":0,"master_deck":["HollowMod:NailStrikeStart","HollowMod:NailStrikeStart","HollowMod:NailStrikeStart","HollowMod:NailStrikeStart","HollowMod:QuickDashStart","HollowMod:QuickDashStart","HollowMod:QuickDashStart","HollowMod:QuickDashStart","HollowMod:FocusHealStart","HollowMod:PogoStrike","HollowMod:HeavyBlow","HollowMod:ShapeofUnn+1","HollowMod:PureNailStrike","HollowMod:InfectedAttack","HollowMod:InfectionAssault","HollowMod:DesolateDive","HollowMod:Grubsong","HollowMod:NewLittleFool","HollowMod:InfectedCysts"],"relics":["HollowMod:VesselMask","StoneCalendar","Pear","Ornamental Fan"],"acts_visited":["Hallownest:Greenpath"],"potions_floor_usage":[10,10,13],"damage_taken":[{"damage":3,"enemies":"Hallownest:2_MossCreeps","floor":1,"turns":6},{"damage":9,"enemies":"2_ Uuma","floor":4,"turns":5},{"damage":37,"enemies":"Hallownest:eliteCrystalGuardian","floor":6,"turns":8},{"damage":4,"enemies":"Hallownest:2_Baldur","floor":8,"turns":3},{"damage":39,"enemies":"Hallownest:1_Ooma_and_2_Uuma","floor":10,"turns":7},{"damage":27,"enemies":"Hallownest:Guard_and_Warrior","floor":13,"turns":5},{"damage":54,"enemies":"Hallownest:BossBrokenVessel","floor":16,"turns":6}],"seed_played":"2911245310637171052","potions_obtained":[{"floor":6,"key":"Regen Potion"},{"floor":8,"key":"LiquidBronze"}],"is_trial":false,"path_per_floor":["M","?","$","M","?","E","R","M","T","M","$","?","M","T","R","B"],"character_chosen":"THE_BUGKNIGHT","items_purchased":["HollowMod:ShapeofUnn","HollowMod:Grubsong","HollowMod:NewLittleFool","Swift Potion"],"campfire_rested":1,"item_purchase_floors":[3,11,11,11],"current_hp_per_floor":[80,80,80,77,77,50,50,46,56,38,38,38,17,17,44,0,0],"gold":96,"neow_bonus":"TEN_PERCENT_HP_BONUS","is_daily":false,"chose_seed":false,"campfire_upgraded":1,"win_rate":0.0,"timestamp":1611579684,"path_taken":["M","?","$","M","?","E","R","M","T","M","?","?","?","?","R","BOSS"],"items_purchased_type":["Card","Card","Card","Potion"],"build_version":"2020-12-22","purchased_purges":0,"victory":false,"max_hp_per_floor":[82,82,82,82,82,82,82,82,92,92,92,92,92,92,92,92,92],"card_choices":[{"not_picked":["HollowMod:CornifersMapStart","HollowMod:CloakDash"],"picked":"HollowMod:HeavyBlow","floor":1},{"not_picked":["HollowMod:AbyssShriek","HollowMod:NewGlowingWomb"],"picked":"HollowMod:PureNailStrike","floor":4},{"not_picked":["HollowMod:SiblingsSouls","HollowMod:GoodIntentions"],"picked":"HollowMod:InfectedAttack","floor":6},{"not_picked":["HollowMod:DoubleDash","HollowMod:GoodIntentions"],"picked":"HollowMod:InfectionAssault","floor":8},{"not_picked":["HollowMod:DashSlash","HollowMod:InfectedAttack"],"picked":"HollowMod:DesolateDive","floor":10},{"not_picked":["HollowMod:CrystalDash","HollowMod:VengefulVoid"],"picked":"HollowMod:InfectedCysts","floor":13}],"player_experience":361082,"relics_obtained":[{"floor":6,"key":"StoneCalendar"},{"floor":9,"key":"Pear"},{"floor":14,"key":"Ornamental Fan"}],"event_choices":[],"is_beta":false,"boss_relics":[],"items_purged_floors":[],"is_endless":false,"potions_floor_spawned":[6,8],"killed_by":"Hallownest:BossBrokenVessel","ascension_level":0}}