{"host":"id1lehtnb7dzklac","time":1611580907,"event":{"mods":["AchievementEnabler","BaseMod","Bestiary","Block Reminder","Colored Map","Highlight Path","Minty Spire (QoL Compilation)","Permanent Neow","Quick Restart","Random Character Button","StSLib","slay the spire mod where everything is the same but ironclad has a cowboy hat"],"gold_per_floor":[360,310,326,68,143,175,175,205,205],"floor_reached":8,"language":"ENG","playtime":256,"items_purged":["Strike_P"],"score":93,"play_id":"0839e567-e140-44ad-895d-33b6f20a9de2","local_time":"20210125212147","is_ascension_mode":true,"campfire_choices":[{"floor":7,"key":"REST"}],"circlet_count":0,"master_deck":["Strike_P","Strike_P","Strike_P","Defend_P+1","Defend_P+1","Defend_P","Eruption","Vigilance","FlurryOfBlows","CrushJoints","Wireheading"],"relics":["PureWater","Lantern","Eternal Feather","War Paint"],"acts_visited":["Exordium"],"potions_floor_usage":[6,8],"damage_taken":[{"damage":0,"enemies":"Small Slimes","floor":1,"turns":4},{"damage":0,"enemies":"Jaw Worm","floor":3,"turns":3},{"damage":26,"enemies":"3 Sentries","floor":6,"turns":5},{"damage":0,"enemies":"Gremlin Nob","floor":8,"turns":2}],"seed_played":"7884309642778838007","potions_obtained":[{"floor":3,"key":"GamblersBrew"},{"floor":6,"key":"LiquidMemories"}],"is_trial":false,"path_per_floor":["M","?","M","$","?","E","R","E"],"character_chosen":"WATCHER","items_purchased":["CrushJoints","Lantern"],"campfire_rested":1,"item_purchase_floors":[4,4],"current_hp_per_floor":[51,51,51,51,40,14,41,41,41],"gold":205,"neow_bonus":"TWO_FIFTY_GOLD","is_daily":false,"chose_seed":false,"campfire_upgraded":0,"win_rate":0.0,"timestamp":1611580907,"path_taken":["M","?","M","$","?","E","R","E"],"items_purchased_type":["Card","Relic"],"build_version":"2020-12-22","purchased_purges":1,"victory":false,"max_hp_per_floor":[72,72,72,72,72,72,72,72,72],"card_choices":[{"not_picked":["Halt","ClearTheMind","Evaluate"],"picked":"SKIP","floor":1},{"not_picked":["EmptyMind","BattleHymn"],"picked":"FlurryOfBlows","floor":3},{"not_picked":["PathToVictory","BattleHymn"],"picked":"Wireheading","floor":6}],"player_experience":241300,"relics_obtained":[{"floor":6,"key":"Eternal Feather"},{"floor":8,"key":"War Paint"}],"event_choices":[{"cards_removed":["Defend_P"],"damage_healed":0,"gold_gain":0,"player_choice":"Card Removal","damage_taken":0,"max_hp_gain":0,"max_hp_loss":0,"event_name":"The Cleric","floor":2,"gold_loss":50},{"damage_healed":0,"gold_gain":75,"player_choice":"Gather Gold","damage_taken":11,"max_hp_gain":0,"max_hp_loss":0,"event_name":"World of Goop","floor":5,"gold_loss":0}],"is_beta":false,"boss_relics":[],"items_purged_floors":[4],"is_endless":false,"potions_floor_spawned":[3,6],"killed_by":"Gremlin Nob","ascension_level":1}}