{"host":"2pffx5rqbod9ds0c","time":1611541308,"event":{"mods":["BaseMod","Better Altar","Better Match","Better Note","Better Sensory Stone","Better Skull","Better Third Choice","Custom Start","Hubris","Minty Spire (QoL Compilation)","Quick Restart","Relic Stats","Spicy Shops","StSLib","The Marked"],"gold_per_floor":[116,129,129,129,141,141,174,174,174,194,194,194],"floor_reached":11,"language":"ENG","playtime":297,"items_purged":[],"score":77,"play_id":"bdcf0b1d-875f-4c1b-bdcd-3adee30dd7aa","local_time":"20210124182148","is_ascension_mode":true,"campfire_choices":[{"data":"theMarked:ComboAttacks","floor":6.0,"key":"SMITH"},{"data":"theMarked:ChannelForce","floor":8.0,"key":"SMITH"}],"circlet_count":0,"master_deck":["theMarked:Strike","theMarked:Strike","theMarked:Strike","theMarked:Strike","theMarked:Strike","theMarked:Defend","theMarked:Defend","theMarked:Defend","theMarked:Defend","theMarked:SoldierOfQuellstein","Finesse","theMarked:ComboAttacks+1","theMarked:ResourceFulStrike","Pain","theMarked:ChannelForce+1"],"relics":["theMarked:ArtifactOfAir","hubris:Icosahedron","WarpedTongs","theMarked:KettuFlask","Darkstone Periapt"],"acts_visited":["Exordium"],"potions_floor_usage":[],"damage_taken":[{"damage":0.0,"enemies":"2 Louse","floor":1.0,"turns":2.0},{"damage":0.0,"enemies":"Cultist","floor":2.0,"turns":3.0},{"damage":4.0,"enemies":"Jaw Worm","floor":5.0,"turns":3.0},{"damage":25.0,"enemies":"Lagavulin","floor":7.0,"turns":7.0},{"damage":9.0,"enemies":"Exordium Wildlife","floor":10.0,"turns":5.0},{"damage":0,"enemies":"Gremlin Nob","floor":11,"turns":1}],"seed_played":"1147390657238636183","potions_obtained":[{"floor":2.0,"key":"ColorlessPotion"},{"floor":10.0,"key":"SkillPotion"}],"is_trial":false,"path_per_floor":["M","M","?","?","M","R","E","R","T","M","E"],"character_chosen":"THE_DEFAULT","items_purchased":[],"campfire_rested":0,"item_purchase_floors":[],"current_hp_per_floor":[70,70,70,70,66,66,41,41,41,32,32,32],"gold":194,"neow_bonus":"RANDOM_COLORLESS","is_daily":false,"chose_seed":false,"campfire_upgraded":2,"win_rate":0.0,"timestamp":1611541308,"path_taken":["M","M","?","?","?","R","E","R","T","?","E"],"items_purchased_type":[],"build_version":"2020-12-22","purchased_purges":0,"victory":false,"max_hp_per_floor":[70,70,70,70,70,70,70,70,70,70,70,70],"relic_stats":{"Darkstone Periapt":0,"counters":[6,21],"obtain_stats":[{"Darkstone Periapt":9,"theMarked:ArtifactOfAir":0,"hubris:Icosahedron":3,"WarpedTongs":4,"theMarked:KettuFlask":7},{"Darkstone Periapt":4,"theMarked:ArtifactOfAir":0,"hubris:Icosahedron":2,"WarpedTongs":2,"theMarked:KettuFlask":4},{"Darkstone Periapt":15,"theMarked:ArtifactOfAir":0,"hubris:Icosahedron":5,"WarpedTongs":5,"theMarked:KettuFlask":15}],"WarpedTongs":[13]},"card_choices":[{"not_picked":["Mind Blast","Dark Shackles"],"picked":"Finesse","floor":0.0},{"not_picked":["theMarked:Parkour","theMarked:HeightenedSenses"],"picked":"theMarked:ComboAttacks","floor":1.0},{"not_picked":["theMarked:Maelstrom","theMarked:Static"],"picked":"theMarked:ResourceFulStrike","floor":2.0},{"not_picked":["theMarked:ResourceFulStrike","theMarked:ElectricStrings","theMarked:Standoff"],"picked":"SKIP","floor":5.0},{"not_picked":["theMarked:Polarize","theMarked:MysticalArsenal"],"picked":"theMarked:ChannelForce","floor":7.0},{"not_picked":["theMarked:Friction","theMarked:BanishingWave","theMarked:ComboAttacks"],"picked":"SKIP","floor":10.0}],"player_experience":741467,"relics_obtained":[{"floor":7.0,"key":"theMarked:KettuFlask"},{"floor":9.0,"key":"Darkstone Periapt"}],"event_choices":[{"damage_healed":0.0,"max_hp_gain":0.0,"max_hp_loss":0.0,"gold_gain":0.0,"event_name":"Accursed Blacksmith","player_choice":"Rummage","floor":4.0,"gold_loss":0.0,"damage_taken":0.0,"relics_obtained":["WarpedTongs"],"cards_obtained":["Pain"]}],"is_beta":false,"boss_relics":[],"items_purged_floors":[],"is_endless":false,"potions_floor_spawned":[2,10],"killed_by":"Gremlin Nob","ascension_level":1}}