{"host":"hk3n60c9tb8azi3z","time":1611558147,"event":{"mods":["AchievementEnabler","BaseMod","Minty Spire (QoL Compilation)","Relic Sorter","Relic Stats"],"gold_per_floor":[119,29,47,59,69,69,99,112,112,112,126,151,151,161,161,161,161],"floor_reached":16,"language":"ENG","playtime":803,"items_purged":[],"score":228,"play_id":"2dc7a541-8221-45f3-8086-5a17b1ba6b0a","local_time":"20210125080227","is_ascension_mode":true,"campfire_choices":[{"data":"Defragment","floor":6,"key":"SMITH"},{"floor":10,"key":"REST"},{"floor":13,"key":"REST"},{"data":"Loop","floor":15,"key":"SMITH"}],"circlet_count":0,"master_deck":["AscendersBane","Strike_B","Strike_B","Strike_B","Strike_B","Defend_B","Defend_B","Defend_B","Defend_B","Zap","Dualcast","Sweeping Beam","Defragment+1","Cold Snap","Genetic Algorithm","Capacitor","Echo Form","Turbo","Loop+1"],"relics":["Cracked Core","NeowsBlessing","Matryoshka","The Courier","Gremlin Horn","Gambling Chip"],"acts_visited":["Exordium"],"potions_floor_usage":[7,7,16,16],"damage_taken":[{"damage":0,"enemies":"Cultist","floor":1,"turns":1},{"damage":0,"enemies":"Small Slimes","floor":3,"turns":1},{"damage":0,"enemies":"Jaw Worm","floor":4,"turns":1},{"damage":5,"enemies":"2 Fungi Beasts","floor":5,"turns":4},{"damage":20,"enemies":"Gremlin Nob","floor":7,"turns":4},{"damage":16,"enemies":"3 Louse","floor":8,"turns":3},{"damage":8,"enemies":"Large Slime","floor":11,"turns":6},{"damage":15,"enemies":"Lagavulin","floor":12,"turns":8},{"damage":0,"enemies":"2 Fungi Beasts","floor":14,"turns":3},{"damage":46,"enemies":"Slime Boss","floor":16,"turns":8}],"seed_played":"8084822677159187502","potions_obtained":[{"floor":1,"key":"GamblersBrew"},{"floor":4,"key":"DuplicationPotion"},{"floor":11,"key":"DuplicationPotion"},{"floor":14,"key":"GamblersBrew"}],"is_trial":false,"path_per_floor":["M","$","M","M","M","R","E","M","T","R","M","E","R","M","R","B"],"character_chosen":"DEFECT","items_purchased":["Defragment","Cold Snap"],"campfire_rested":2,"item_purchase_floors":[2,2],"current_hp_per_floor":[64,64,64,64,59,59,39,23,23,44,36,21,42,42,42,0,0],"gold":161,"neow_bonus":"THREE_ENEMY_KILL","is_daily":false,"chose_seed":false,"campfire_upgraded":2,"win_rate":0.0,"timestamp":1611558147,"path_taken":["M","$","M","M","?","R","E","M","T","R","?","E","R","M","R","BOSS"],"items_purchased_type":["Card","Card"],"build_version":"2020-12-22","purchased_purges":0,"victory":false,"max_hp_per_floor":[71,71,71,71,71,71,71,71,71,71,71,71,71,71,71,71,71],"relic_stats":{"Gremlin Horn":[3,3],"counters":[10,39],"Gambling Chip":[12],"obtain_stats":[{"Matryoshka":7,"NeowsBlessing":0,"Gremlin Horn":9,"Gambling Chip":12,"The Courier":9,"Cracked Core":0},{"Matryoshka":5,"NeowsBlessing":0,"Gremlin Horn":6,"Gambling Chip":8,"The Courier":6,"Cracked Core":0},{"Matryoshka":11,"NeowsBlessing":0,"Gremlin Horn":14,"Gambling Chip":28,"The Courier":14,"Cracked Core":0}]},"card_choices":[{"not_picked":["Conserve Battery","Reprogram"],"picked":"Sweeping Beam","floor":1},{"not_picked":["Coolheaded","Conserve Battery"],"picked":"Genetic Algorithm","floor":3},{"not_picked":["Steam","Melter","Recycle"],"picked":"SKIP","floor":4},{"not_picked":["Tempest","Streamline"],"picked":"Capacitor","floor":5},{"not_picked":["Hello World","Self Repair"],"picked":"Echo Form","floor":7},{"not_picked":["Sweeping Beam","Compile Driver"],"picked":"Turbo","floor":8},{"not_picked":["Double Energy","Heatsinks","Rip and Tear"],"picked":"SKIP","floor":11},{"not_picked":["Gash","Genetic Algorithm"],"picked":"Loop","floor":12},{"not_picked":["Stack","Beam Cell","Redo"],"picked":"SKIP","floor":14}],"player_experience":1607252,"relics_obtained":[{"floor":7,"key":"Matryoshka"},{"floor":9,"key":"The Courier"},{"floor":9,"key":"Gremlin Horn"},{"floor":12,"key":"Gambling Chip"}],"event_choices":[],"is_beta":false,"boss_relics":[],"items_purged_floors":[],"is_endless":false,"potions_floor_spawned":[1,4,11,14],"killed_by":"Slime Boss","ascension_level":20}}