{"host":"0mk07bycsqo1qk03","time":1611564199,"event":{"mods":["BaseMod","Downfall","Hermit","Hubris","Minty Spire (QoL Compilation)","StSLib","The Cursed"],"gold_per_floor":[119,129,129,129,129,154,154,170,217,217,249,94,105,134,134,212,212,230,57,57,77,2,29,47,47,47,67,67,67],"floor_reached":28,"language":"ENG","playtime":757,"items_purged":["Strike_R"],"score":562,"play_id":"4cfb9a7d-e757-4451-ad3c-712a1d0a5183","local_time":"20210125094319","is_ascension_mode":true,"campfire_choices":[{"data":"Shockwave","floor":7,"key":"SMITH"},{"data":"Inflame","floor":10,"key":"SMITH"},{"floor":15,"key":"REST"},{"data":"Limit Break","floor":25,"key":"SMITH"}],"circlet_count":0,"master_deck":["AscendersBane","Strike_R+1","Strike_R","Strike_R","Strike_R","Defend_R","Defend_R","Defend_R","Defend_R","Bash+1","Shockwave+1","Carnage+1","Metallicize","Shrug It Off","Inflame+1","Double Tap","Disarm","Limit Break+1","Shrug It Off","Metallicize"],"relics":["Burning Blood","Pantograph","Pen Nib","MawBank","Tiny Chest","Omamori","Snecko Eye","PreservedInsect","Whetstone","hubris:MysteriousPyramids","Paper Frog"],"acts_visited":["Exordium","TheCity"],"potions_floor_usage":[6,11,16,21],"damage_taken":[{"damage":8,"enemies":"2 Louse","floor":1,"turns":3},{"damage":13,"enemies":"Small Slimes","floor":2,"turns":4},{"damage":5,"enemies":"Gremlin Nob","floor":6,"turns":3},{"damage":9,"enemies":"Jaw Worm","floor":8,"turns":3},{"damage":20,"enemies":"Lagavulin","floor":11,"turns":7},{"damage":8,"enemies":"Blue Slaver","floor":13,"turns":2},{"damage":26,"enemies":"Gremlin Nob","floor":14,"turns":4},{"damage":34,"enemies":"The Guardian","floor":16,"turns":9},{"damage":19,"enemies":"Spheric Guardian","floor":18,"turns":5},{"damage":14,"enemies":"2 Thieves","floor":21,"turns":4},{"damage":21,"enemies":"Book of Stabbing","floor":23,"turns":4},{"damage":5,"enemies":"Centurion and Healer","floor":24,"turns":6},{"damage":22,"enemies":"Cultist and Chosen","floor":27,"turns":4},{"damage":25,"enemies":"Snecko","floor":28,"turns":6}],"seed_played":"-1827124995525138985","potions_obtained":[{"floor":1,"key":"hexamod:SoulburnPotion"},{"floor":6,"key":"Weak Potion"},{"floor":13,"key":"SkillPotion"},{"floor":14,"key":"champ:CounterPotion"},{"floor":16,"key":"ElixirPotion"},{"floor":27,"key":"Swift Potion"}],"is_trial":false,"path_per_floor":["M","M","?","?","$","E","R","M","T","R","E","$","M","E","R","B",null,"M","$","T","M","$","E","M","R","T","M","M"],"character_chosen":"IRONCLAD","items_purchased":["Tiny Chest","PreservedInsect"],"campfire_rested":1,"item_purchase_floors":[12,19],"current_hp_per_floor":[73,66,66,66,66,67,67,64,64,64,50,50,48,28,52,49,74,61,61,61,53,53,38,39,39,39,23,0,0],"gold":67,"neow_bonus":"TEN_PERCENT_HP_BONUS","is_daily":false,"chose_seed":false,"campfire_upgraded":3,"win_rate":0.0,"timestamp":1611564199,"path_taken":["M","M","?","?","?","E","R","?","T","R","E","$","M","E","R","BOSS","M","$","?","M","?","E","M","R","T","M","M"],"items_purchased_type":["Relic","Relic"],"build_version":"2020-12-22","purchased_purges":1,"victory":false,"max_hp_per_floor":[82,82,82,82,82,82,82,82,82,82,82,82,82,82,82,82,82,82,82,82,82,82,82,82,82,82,82,82,82],"card_choices":[{"not_picked":["Warcry","Iron Wave"],"picked":"Shockwave","floor":1},{"not_picked":["Wild Strike","Clothesline"],"picked":"Carnage","floor":2},{"not_picked":["Sword Boomerang","Seeing Red"],"picked":"Shrug It Off","floor":6},{"not_picked":["Thunderclap","True Grit"],"picked":"Inflame","floor":8},{"not_picked":["Clash","Second Wind"],"picked":"Double Tap","floor":11},{"not_picked":["Bloodletting","Warcry"],"picked":"Disarm","floor":13},{"not_picked":["Havoc","Rupture","Feel No Pain"],"picked":"SKIP","floor":14},{"not_picked":["Impervious","Juggernaut"],"picked":"Limit Break","floor":16},{"not_picked":["Spot Weakness","Havoc"],"picked":"Shrug It Off","floor":18},{"not_picked":["hubris:ReadiedAction+1","Sword Boomerang","Body Slam"],"picked":"SKIP","floor":21},{"not_picked":["Havoc+1","Sever Soul","Burning Pact"],"picked":"SKIP","floor":23},{"not_picked":["Shrug It Off","hubris:CleavingFinish","Iron Wave"],"picked":"SKIP","floor":24},{"not_picked":["Clash","Rampage"],"picked":"Metallicize","floor":27}],"player_experience":964362,"relics_obtained":[{"floor":6,"key":"Pantograph"},{"floor":9,"key":"Pen Nib"},{"floor":11,"key":"MawBank"},{"floor":14,"key":"Omamori"},{"floor":20,"key":"Whetstone"},{"floor":23,"key":"hubris:MysteriousPyramids"},{"floor":26,"key":"Paper Frog"}],"event_choices":[{"damage_healed":0,"gold_gain":0,"player_choice":"Grow","damage_taken":0,"max_hp_gain":0,"max_hp_loss":0,"event_name":"Living Wall","floor":4,"gold_loss":0,"cards_upgraded":["Carnage"]}],"is_beta":false,"boss_relics":[{"not_picked":["hubris:CrackedHourglass","Philosopher\u0027s Stone"],"picked":"Snecko Eye"}],"items_purged_floors":[22],"is_endless":false,"potions_floor_spawned":[1,6,13,14,16,27],"killed_by":"Snecko","ascension_level":20}}