{"host":"u19jhb6amotr3ucl","time":1611533880,"event":{"mods":["Act Like it!","Astrologer","BaseMod","Better Match","BetterRewards","Conspire","Duelist Mod","Hubris","Infinite Spire","Jorbs\u0027s Wanderer Trilogy","Marisa????????","Minty Spire (QoL Compilation)","Quick Restart","Replay The Spire","Spicy Shops","StSLib","The Animator"],"gold_per_floor":[118,293,311,327,339,373,373,408,408,408,408,438,438,438,438,438,438],"floor_reached":16,"language":"ENG","playtime":580,"items_purged":[],"score":136,"play_id":"44748c44-b36d-4375-a5b2-b0d46f73c038","local_time":"20210124191800","is_ascension_mode":true,"campfire_choices":[{"floor":7,"key":"REST"},{"floor":11,"key":"RECALL"},{"floor":13,"key":"REST"}],"circlet_count":0,"master_deck":["Strike_MRS","Strike_MRS","Strike_MRS","Strike_MRS","Defend_MRS","Defend_MRS","Defend_MRS","Defend_MRS","MasterSpark","UpSweep","MysteriousBeam","Doubt","WitchLeyline","DragonMeteor+1","LuminesStrike","SuperPerseids","UltimateShortwave","MilkyWay"],"relics":["MiniHakkero","NeowsBlessing","Smiling Mask","White Beast Statue","Question Card","hubris:Icosahedron"],"acts_visited":["Exordium"],"potions_floor_usage":[8,16],"damage_taken":[{"damage":0,"enemies":"Cultist","floor":1,"turns":1},{"damage":0,"enemies":"2 Louse","floor":3,"turns":1},{"damage":0,"enemies":"Jaw Worm","floor":4,"turns":1},{"damage":9,"enemies":"Red Slaver","floor":5,"turns":3},{"damage":25,"enemies":"Lagavulin","floor":6,"turns":5},{"damage":27,"enemies":"3 Sentries","floor":8,"turns":7},{"damage":29,"enemies":"Lagavulin","floor":12,"turns":5},{"damage":74,"enemies":"The Guardian","floor":16,"turns":8}],"seed_played":"8185298574558216409","potions_obtained":[{"floor":1,"key":"SteroidPotion"},{"floor":3,"key":"SmokeBomb"},{"floor":12,"key":"conspire:TimeTravelPotion"}],"is_trial":false,"path_per_floor":["M","?","M","M","M","E","R","E","T","?","R","E","R","?","R","B"],"character_chosen":"MARISA","items_purchased":[],"campfire_rested":2,"item_purchase_floors":[],"current_hp_per_floor":[75,75,75,75,66,41,63,36,36,36,36,7,29,29,51,0,0],"gold":438,"neow_bonus":"THREE_ENEMY_KILL","is_daily":false,"chose_seed":false,"campfire_upgraded":0,"win_rate":0.0,"timestamp":1611533880,"path_taken":["M","?","M","M","M","E","R","E","T","?","R","E","R","?","R","BOSS"],"items_purchased_type":[],"build_version":"2020-12-22","purchased_purges":0,"victory":false,"max_hp_per_floor":[75,75,75,75,75,75,75,75,75,75,75,75,75,75,75,75,75],"card_choices":[{"not_picked":["GrandCross","DC"],"picked":"MysteriousBeam","floor":1},{"not_picked":["Occultation","FairyDestructionRay"],"picked":"WitchLeyline","floor":3},{"not_picked":["StarBarrage","DarkSpark"],"picked":"DragonMeteor","floor":4},{"not_picked":["UnstableBomb","NonDirectionalLaser"],"picked":"LuminesStrike","floor":5},{"not_picked":["MachineGunSpark","OrrerysSun"],"picked":"SuperPerseids","floor":6},{"not_picked":["SporeBomb","CollectingQuirk"],"picked":"UltimateShortwave","floor":8},{"not_picked":["GravityBeat","OrrerysSun"],"picked":"MilkyWay","floor":12}],"player_experience":346746,"relics_obtained":[{"floor":6,"key":"Smiling Mask"},{"floor":8,"key":"White Beast Statue"},{"floor":12,"key":"Question Card"}],"event_choices":[{"damage_healed":0,"gold_gain":175,"player_choice":"AGREE","damage_taken":0,"max_hp_gain":0,"max_hp_loss":0,"event_name":"Liars Game","floor":2,"gold_loss":0,"cards_obtained":["Doubt"]}],"is_beta":false,"boss_relics":[],"items_purged_floors":[],"is_endless":false,"potions_floor_spawned":[1,3,12],"killed_by":"The Guardian","ascension_level":3}}