{"host":"1c52r9kaxdyo25eq","time":1611591967,"event":{"mods":["AchievementEnabler","BaseMod","Minty Spire (QoL Compilation)","Rare Cards Sparkle","SuperFastMode","everything is the same but u backflip on backflip"],"gold_per_floor":[119,129,304,320,320,320,334,345,345,363,313,313,89,89,89,194,194,214,42,59,70,70,70,89,21,93,109,109,109,84,100,100,200,200,219,235,246,266,282,314,314,330,330,347,20,20,52,52,52],"floor_reached":48,"language":"KOR","playtime":2904,"items_purged":["Strike_B","Strike_B","Shame"],"score":590,"play_id":"ecf1af0e-8578-4425-8e67-020149b12965","local_time":"20210126012607","is_ascension_mode":true,"campfire_choices":[{"data":"Dualcast","floor":6.0,"key":"SMITH"},{"data":"Recycle","floor":12.0,"key":"SMITH"},{"floor":15.0,"key":"REST"},{"data":"Coolheaded","floor":23.0,"key":"SMITH"},{"data":"Turbo","floor":28.0,"key":"SMITH"},{"data":"Redo","floor":32.0,"key":"SMITH"},{"data":"Reboot","floor":41.0,"key":"SMITH"},{"data":"Heatsinks","floor":46,"key":"SMITH"}],"circlet_count":0,"master_deck":["Strike_B+1","Defend_B+1","Defend_B+1","Defend_B+1","Defend_B+1","Zap+1","Dualcast+1","Recycle+1","Compile Driver","Storm+1","Coolheaded+1","Reboot+1","Capacitor","Defragment","Darkness","Echo Form","Go for the Eyes+1","Static Discharge","Turbo+1","Heatsinks+1","Rainbow","Conserve Battery+1","Redo+1","Creative AI","Compile Driver","Force Field","Hello World+1","Aggregate+1","Steam Power+1","Buffer","Compile Driver","FTL"],"relics":["Cracked Core","Letter Opener","Coffee Dripper","Symbiotic Virus","Cursed Key","Darkstone Periapt","Ornamental Fan"],"acts_visited":["Exordium","TheCity","TheBeyond"],"potions_floor_usage":[],"damage_taken":[{"damage":1.0,"enemies":"Cultist","floor":1.0,"turns":3.0},{"damage":5.0,"enemies":"Small Slimes","floor":2.0,"turns":3.0},{"damage":2.0,"enemies":"2 Louse","floor":4.0,"turns":3.0},{"damage":1.0,"enemies":"2 Fungi Beasts","floor":7.0,"turns":3.0},{"damage":18.0,"enemies":"Gremlin Gang","floor":8.0,"turns":5.0},{"damage":8.0,"enemies":"Blue Slaver","floor":10.0,"turns":3.0},{"damage":8.0,"enemies":"The Guardian","floor":16.0,"turns":7.0},{"damage":10.0,"enemies":"3 Byrds","floor":18.0,"turns":3.0},{"damage":6.0,"enemies":"2 Thieves","floor":20.0,"turns":3.0},{"damage":11.0,"enemies":"Snecko","floor":21.0,"turns":4.0},{"damage":14.0,"enemies":"Centurion and Healer","floor":24.0,"turns":5.0},{"damage":0.0,"enemies":"Sentry and Sphere","floor":27.0,"turns":3.0},{"damage":0.0,"enemies":"Snake Plant","floor":31.0,"turns":3.0},{"damage":14.0,"enemies":"Automaton","floor":33.0,"turns":7.0},{"damage":16.0,"enemies":"3 Shapes","floor":35.0,"turns":3.0},{"damage":3.0,"enemies":"Orb Walker","floor":36.0,"turns":4.0},{"damage":9.0,"enemies":"Maw","floor":37.0,"turns":6.0},{"damage":10.0,"enemies":"Spire Growth","floor":38.0,"turns":4.0},{"damage":26.0,"enemies":"3 Darklings","floor":39.0,"turns":3.0},{"damage":0.0,"enemies":"Giant Head","floor":40.0,"turns":6.0},{"damage":0.0,"enemies":"Transient","floor":42.0,"turns":5.0},{"damage":1,"enemies":"4 Shapes","floor":44,"turns":3},{"damage":9,"enemies":"Reptomancer","floor":47,"turns":4},{"damage":7,"enemies":"Sphere and 2 Shapes","floor":48,"turns":2}],"seed_played":"-5838636911607946740","potions_obtained":[{"floor":8.0,"key":"Ancient Potion"},{"floor":10.0,"key":"Fire Potion"},{"floor":16.0,"key":"DuplicationPotion"},{"floor":20.0,"key":"SkillPotion"},{"floor":35.0,"key":"FocusPotion"},{"floor":39.0,"key":"SkillPotion"},{"floor":42.0,"key":"Dexterity Potion"},{"floor":47,"key":"EssenceOfDarkness"}],"is_trial":false,"path_per_floor":["M","M","?","M","?","R","M","M","T","M","?","R","$","?","R","B",null,"M","$","M","M","?","R","M","$","T","M","R","?","$","M","R","B",null,"M","M","M","M","M","E","R","M","T","M","$","R","E","M"],"character_chosen":"DEFECT","items_purchased":["Defragment","Darkness","Static Discharge","Rainbow","Redo","Buffer","Compile Driver"],"campfire_rested":1,"item_purchase_floors":[13,13,19,25,30,45,45],"current_hp_per_floor":[74,69,69,67,52,52,51,33,33,25,25,25,25,25,47,39,75,65,65,59,48,48,48,34,34,34,34,34,34,34,34,34,20,75,59,56,47,37,11,11,11,11,17,16,16,16,7,0,0],"gold":52,"neow_bonus":"TRANSFORM_CARD","is_daily":false,"chose_seed":false,"campfire_upgraded":7,"win_rate":0.0,"timestamp":1611591967,"path_taken":["M","M","?","M","?","R","M","M","T","M","?","R","$","?","R","BOSS","M","$","?","?","?","R","M","$","T","M","R","?","?","M","R","BOSS","M","M","M","M","M","E","R","M","T","M","$","R","E","M"],"items_purchased_type":["Card","Card","Card","Card","Card","Card","Card"],"build_version":"2020-12-22","purchased_purges":3,"victory":false,"max_hp_per_floor":[75,75,75,75,75,75,75,75,75,75,75,75,75,75,75,75,75,75,75,75,75,75,75,75,75,75,75,75,75,75,75,75,75,75,75,75,75,75,75,75,75,75,81,81,81,81,81,81,81],"card_choices":[{"not_picked":["Sweeping Beam","Rebound","Conserve Battery"],"picked":"SKIP","floor":1.0},{"not_picked":["Redo","Capacitor"],"picked":"Compile Driver","floor":2.0},{"not_picked":["Cold Snap","Beam Cell"],"picked":"Storm","floor":4.0},{"not_picked":["Go for the Eyes","Conserve Battery"],"picked":"Coolheaded","floor":7.0},{"not_picked":["Coolheaded","Tempest"],"picked":"Reboot","floor":8.0},{"not_picked":["Beam Cell","Reprogram"],"picked":"Capacitor","floor":10.0},{"not_picked":["Rainbow","Reboot"],"picked":"Echo Form","floor":16.0},{"not_picked":["Stack","Sweeping Beam"],"picked":"Go for the Eyes+1","floor":18.0},{"not_picked":["Compile Driver+1","Storm"],"picked":"Turbo","floor":20.0},{"not_picked":["Stack","Hologram","Rebound"],"picked":"SKIP","floor":21.0},{"not_picked":["Double Energy","Tempest"],"picked":"Heatsinks","floor":24.0},{"not_picked":["Storm","Leap"],"picked":"Conserve Battery+1","floor":27.0},{"not_picked":["Multi-Cast","Coolheaded","Leap"],"picked":"SKIP","floor":31.0},{"not_picked":["Buffer","Reboot"],"picked":"Creative AI","floor":33.0},{"not_picked":["Redo","Tempest","Streamline"],"picked":"SKIP","floor":35.0},{"not_picked":["Ball Lightning","Melter+1","Double Energy"],"picked":"SKIP","floor":36.0},{"not_picked":["Beam Cell+1","Genetic Algorithm+1"],"picked":"Compile Driver","floor":37.0},{"not_picked":["Streamline+1","Cold Snap"],"picked":"Force Field","floor":38.0},{"not_picked":["Storm+1","Barrage+1"],"picked":"Hello World+1","floor":39.0},{"not_picked":["Creative AI","Chill"],"picked":"Aggregate+1","floor":40.0},{"not_picked":["Beam Cell","Scrape+1"],"picked":"Steam Power+1","floor":42.0},{"not_picked":["White Noise","Leap","Chill"],"picked":"SKIP","floor":44},{"not_picked":["Compile Driver+1","Conserve Battery+1"],"picked":"FTL","floor":47}],"player_experience":612567,"relics_obtained":[{"floor":9.0,"key":"Letter Opener"},{"floor":26.0,"key":"Symbiotic Virus"},{"floor":40.0,"key":"Darkstone Periapt"},{"floor":47,"key":"Ornamental Fan"}],"event_choices":[{"damage_healed":0.0,"max_hp_gain":0.0,"max_hp_loss":0.0,"gold_gain":175.0,"event_name":"Liars Game","player_choice":"AGREE","floor":3.0,"gold_loss":0.0,"damage_taken":0.0,"cards_obtained":["Doubt"]},{"damage_healed":0.0,"max_hp_gain":0.0,"max_hp_loss":0.0,"gold_gain":0.0,"event_name":"Shining Light","player_choice":"Entered Light","floor":5.0,"gold_loss":0.0,"damage_taken":15.0,"cards_upgraded":["Zap","Strike_B"]},{"cards_removed":["Doubt"],"damage_healed":0.0,"max_hp_gain":0.0,"max_hp_loss":0.0,"gold_gain":0.0,"event_name":"The Cleric","player_choice":"Card Removal","floor":11.0,"gold_loss":50.0,"damage_taken":0.0},{"damage_healed":0.0,"max_hp_gain":0.0,"max_hp_loss":0.0,"gold_gain":0.0,"event_name":"Accursed Blacksmith","player_choice":"Forge","floor":14.0,"gold_loss":0.0,"damage_taken":0.0,"cards_upgraded":["Storm"]},{"damage_healed":0.0,"max_hp_gain":0.0,"max_hp_loss":0.0,"gold_gain":0.0,"event_name":"Vampires","player_choice":"Ignored","floor":22.0,"gold_loss":0.0,"damage_taken":0.0},{"damage_healed":0.0,"max_hp_gain":0.0,"max_hp_loss":0.0,"gold_gain":0.0,"event_name":"Back to Basics","player_choice":"Simplicity","floor":29.0,"gold_loss":0.0,"damage_taken":0.0,"cards_upgraded":["Defend_B","Defend_B","Defend_B","Defend_B"]}],"is_beta":false,"boss_relics":[{"not_picked":["FrozenCore","Velvet Choker"],"picked":"Coffee Dripper"},{"not_picked":["Runic Dome","Pandora\u0027s Box"],"picked":"Cursed Key"}],"items_purged_floors":[13,19,45],"is_endless":false,"potions_floor_spawned":[8,10,16,20,24,31,35,39,42,47],"killed_by":"Sphere and 2 Shapes","ascension_level":3}}