{"host":"zk71suw73lg2r165","time":1611539336,"event":{"mods":["BaseMod","Colored Map","Minty Spire (QoL Compilation)","Permanent Neow","Relic Stats","StSLib"],"gold_per_floor":[10,10,33,33,33,33,33],"floor_reached":6,"language":"ENG","playtime":143,"items_purged":[],"score":68,"play_id":"19aa6777-fac8-4b30-a7bb-0cac3e1ffe4f","local_time":"20210124204856","is_ascension_mode":true,"campfire_choices":[],"circlet_count":0,"master_deck":["AscendersBane","Strike_R","Strike_R","Strike_R","Strike_R","Strike_R+1","Defend_R+1","Defend_R","Defend_R","Defend_R","Bash","Offering","Pommel Strike","Perfected Strike","Pain"],"relics":["Burning Blood","Golden Idol","WarpedTongs"],"acts_visited":["Exordium"],"potions_floor_usage":[6],"damage_taken":[{"damage":7.0,"enemies":"Small Slimes","floor":1.0,"turns":4.0},{"damage":8.0,"enemies":"Jaw Worm","floor":3.0,"turns":4.0},{"damage":16,"enemies":"3 Sentries","floor":6,"turns":3}],"seed_played":"-3370353793789800938","potions_obtained":[{"floor":1.0,"key":"ElixirPotion"},{"floor":3.0,"key":"LiquidBronze"}],"is_trial":false,"path_per_floor":["M","?","M","?","?","E"],"character_chosen":"IRONCLAD","items_purchased":[],"campfire_rested":0,"item_purchase_floors":[],"current_hp_per_floor":[67,41,39,16,16,0,0],"gold":33,"neow_bonus":"THREE_RARE_CARDS","is_daily":false,"chose_seed":false,"campfire_upgraded":0,"win_rate":0.0,"timestamp":1611539336,"path_taken":["M","?","M","?","?","E"],"items_purchased_type":[],"build_version":"2020-12-22","purchased_purges":0,"victory":false,"max_hp_per_floor":[75,75,75,75,75,75,75],"relic_stats":{"counters":[3,11],"Golden Idol":5,"obtain_stats":[{"Golden Idol":2,"Burning Blood":0,"WarpedTongs":5},{"Golden Idol":1,"Burning Blood":0,"WarpedTongs":2},{"Golden Idol":4,"Burning Blood":0,"WarpedTongs":8}],"Burning Blood":12,"WarpedTongs":[3]},"card_choices":[{"not_picked":["Bludgeon","Berserk"],"picked":"Offering","floor":0.0},{"not_picked":["Feel No Pain","Thunderclap"],"picked":"Pommel Strike","floor":1.0},{"not_picked":["Sever Soul","Pommel Strike"],"picked":"Perfected Strike","floor":3.0}],"player_experience":1358440,"relics_obtained":[],"event_choices":[{"damage_healed":0.0,"max_hp_gain":0.0,"max_hp_loss":0.0,"gold_gain":0.0,"event_name":"Golden Idol","player_choice":"Take Damage","floor":2.0,"gold_loss":0.0,"damage_taken":26.0,"relics_obtained":["Golden Idol"]},{"damage_healed":0.0,"max_hp_gain":0.0,"max_hp_loss":0.0,"gold_gain":0.0,"event_name":"Shining Light","player_choice":"Entered Light","floor":4.0,"gold_loss":0.0,"damage_taken":23.0,"cards_upgraded":["Defend_R","Strike_R"]},{"damage_healed":0.0,"max_hp_gain":0.0,"max_hp_loss":0.0,"gold_gain":0.0,"event_name":"Accursed Blacksmith","player_choice":"Rummage","floor":5.0,"gold_loss":0.0,"damage_taken":0.0,"relics_obtained":["WarpedTongs"],"cards_obtained":["Pain"]}],"is_beta":false,"boss_relics":[],"items_purged_floors":[],"is_endless":false,"potions_floor_spawned":[1,3],"killed_by":"3 Sentries","ascension_level":20}}