{"host":"3jpwrwmmgyabjceh","time":1611572240,"event":{"mods":["AchievementEnabler","BaseMod","Colored Map","Colored Powertips","Highlight Path","Minty Spire (QoL Compilation)","Quick Restart","Relic Stats","StSLib","SuperFastMode"],"gold_per_floor":[109,128,138,150,150,184,184,212,238,9,28,28,48,66,66,165,165,178,103,103,116,134,134,169,169,169,199,199,83,111,127,127,222,222,234,245,257,81,134,134,154,204,204,235,253,253,253,269,269,269,269,269,35,69,69],"floor_reached":56,"language":"ENG","playtime":2117,"items_purged":["Strike_R","Strike_R","Writhe"],"score":1574,"play_id":"2b2a25f5-fe7e-420a-85b0-7242aefa2c11","local_time":"20210125135720","is_ascension_mode":true,"campfire_choices":[{"data":"Searing Blow","floor":7.0,"key":"SMITH"},{"data":"Searing Blow+1","floor":12.0,"key":"SMITH"},{"data":"Searing Blow+2","floor":15.0,"key":"SMITH"},{"data":"Searing Blow+3","floor":23.0,"key":"SMITH"},{"data":"Searing Blow+4","floor":25.0,"key":"SMITH"},{"floor":28.0,"key":"REST"},{"data":"Searing Blow+5","floor":32.0,"key":"SMITH"},{"data":"Searing Blow+6","floor":40.0,"key":"SMITH"},{"data":"Searing Blow+7","floor":46.0,"key":"SMITH"},{"floor":49.0,"key":"RECALL"},{"data":"Searing Blow+8","floor":52.0,"key":"SMITH"}],"circlet_count":0,"master_deck":["Defend_R","Defend_R","Defend_R","Defend_R","Bash","Searing Blow+9","Pommel Strike","Demon Form","True Grit","Apotheosis","Pommel Strike","Burning Pact","Corruption","Body Slam","Feel No Pain","Seeing Red+1","Feed","Entrench","Ghostly Armor","Double Tap","Power Through","Armaments"],"relics":["Burning Blood","Incense Burner","Oddly Smooth Stone","Blood Vial","Membership Card","Philosopher\u0027s Stone","Nunchaku","Bag of Preparation","Happy Flower","Lizard Tail","Blue Candle","Busted Crown","Pantograph","Unceasing Top","Charon\u0027s Ashes","InkBottle","StoneCalendar","White Beast Statue"],"acts_visited":["Exordium","TheCity","TheBeyond","TheEnding"],"potions_floor_usage":[55,55,55],"damage_taken":[{"damage":7.0,"enemies":"Jaw Worm","floor":1.0,"turns":3.0},{"damage":2.0,"enemies":"2 Louse","floor":2.0,"turns":2.0},{"damage":6.0,"enemies":"Cultist","floor":3.0,"turns":4.0},{"damage":8.0,"enemies":"Red Slaver","floor":4.0,"turns":5.0},{"damage":10.0,"enemies":"3 Sentries","floor":6.0,"turns":6.0},{"damage":32.0,"enemies":"Gremlin Nob","floor":8.0,"turns":4.0},{"damage":6.0,"enemies":"Looter","floor":11.0,"turns":3.0},{"damage":12.0,"enemies":"Gremlin Gang","floor":13.0,"turns":4.0},{"damage":2.0,"enemies":"Exordium Thugs","floor":14.0,"turns":6.0},{"damage":25.0,"enemies":"The Guardian","floor":16.0,"turns":12.0},{"damage":39.0,"enemies":"3 Byrds","floor":18.0,"turns":6.0},{"damage":14.0,"enemies":"Spheric Guardian","floor":21.0,"turns":4.0},{"damage":0.0,"enemies":"3 Cultists","floor":22.0,"turns":4.0},{"damage":20.0,"enemies":"Slavers","floor":24.0,"turns":5.0},{"damage":22.0,"enemies":"Gremlin Leader","floor":27.0,"turns":6.0},{"damage":27.0,"enemies":"Book of Stabbing","floor":30.0,"turns":4.0},{"damage":1.0,"enemies":"Centurion and Healer","floor":31.0,"turns":4.0},{"damage":29.0,"enemies":"Collector","floor":33.0,"turns":6.0},{"damage":0.0,"enemies":"Orb Walker","floor":35.0,"turns":1.0},{"damage":17.0,"enemies":"3 Darklings","floor":36.0,"turns":5.0},{"damage":19.0,"enemies":"Writhing Mass","floor":37.0,"turns":4.0},{"damage":16.0,"enemies":"2 Orb Walkers","floor":39.0,"turns":5.0},{"damage":2.0,"enemies":"Sphere and 2 Shapes","floor":41.0,"turns":6.0},{"damage":0.0,"enemies":"Mind Bloom Boss Battle","floor":42.0,"turns":1.0},{"damage":0.0,"enemies":"Giant Head","floor":44.0,"turns":5.0},{"damage":24.0,"enemies":"4 Shapes","floor":45.0,"turns":3.0},{"damage":16.0,"enemies":"Writhing Mass","floor":48.0,"turns":3.0},{"damage":26.0,"enemies":"Time Eater","floor":50.0,"turns":6.0},{"damage":0.0,"enemies":"Shield and Spear","floor":54.0,"turns":4.0},{"damage":61,"enemies":"The Heart","floor":55,"turns":6}],"seed_played":"5875748110602131008","potions_obtained":[{"floor":1.0,"key":"BloodPotion"},{"floor":3.0,"key":"SneckoOil"},{"floor":11.0,"key":"Fire Potion"},{"floor":16.0,"key":"DuplicationPotion"},{"floor":18.0,"key":"Fire Potion"},{"floor":27.0,"key":"PowerPotion"},{"floor":33.0,"key":"Energy Potion"},{"floor":35.0,"key":"Strength Potion"}],"is_trial":false,"path_per_floor":["M","M","M","M","?","E","R","E","T","$","M","R","M","M","R","B",null,"M","?","?","M","M","R","E","R","T","E","R","$","E","M","R","B",null,"M","M","M","$","?","R","M","?","T","E","M","R","?","M","R","B",null,"R","$","E","B",null],"character_chosen":"IRONCLAD","items_purchased":["Membership Card","Apotheosis","Feed","Pantograph","StoneCalendar","AttackPotion"],"campfire_rested":1,"item_purchase_floors":[10,10,29,38,53,53],"current_hp_per_floor":[87,88,88,86,79,75,75,49,49,49,51,51,47,53,53,36,75,44,44,44,38,46,46,34,34,34,20,46,46,27,38,38,39,82,90,81,70,70,62,62,72,100,100,100,86,86,86,78,78,84,99,99,99,104,49],"gold":69,"neow_bonus":"TEN_PERCENT_HP_BONUS","is_daily":false,"chose_seed":false,"campfire_upgraded":9,"win_rate":0.0,"timestamp":1611572240,"path_taken":["M","M","M","M","?","E","R","E","T","$","M","R","M","M","R","BOSS","M","?","?","M","M","R","E","R","T","E","R","$","E","M","R","BOSS","M","M","M","$","?","R","M","?","T","E","M","R","?","M","R","BOSS","R","$","E","BOSS"],"items_purchased_type":["Relic","Card","Card","Relic","Relic","Potion"],"build_version":"2020-12-22","purchased_purges":3,"victory":true,"max_hp_per_floor":[88,88,88,88,88,88,88,88,88,88,88,88,88,88,88,88,88,88,88,88,88,88,88,88,88,88,88,88,88,88,92,92,96,96,96,96,96,96,96,96,100,100,100,100,104,104,104,104,104,104,104,104,104,104,104],"relic_stats":{"Happy Flower":[23],"counters":[30,137],"Blue Candle":[1],"StoneCalendar":[0],"Charon\u0027s Ashes":[232],"Bag of Preparation":[32],"Burning Blood":163,"Blood Vial":41,"Nunchaku":[17],"Lizard Tail":0,"Busted Crown":20,"Pantograph":50,"obtain_stats":[{"Happy Flower":26,"Blue Candle":30,"Oddly Smooth Stone":8,"StoneCalendar":53,"Charon\u0027s Ashes":42,"Incense Burner":6,"Bag of Preparation":24,"Burning Blood":0,"White Beast Statue":54,"Blood Vial":9,"Nunchaku":20,"Lizard Tail":27,"Busted Crown":34,"Pantograph":38,"Philosopher\u0027s Stone":17,"Membership Card":10,"Unceasing Top":39,"InkBottle":44},{"Happy Flower":14,"Blue Candle":16,"Oddly Smooth Stone":6,"StoneCalendar":28,"Charon\u0027s Ashes":24,"Incense Burner":5,"Bag of Preparation":14,"Burning Blood":0,"White Beast Statue":29,"Blood Vial":6,"Nunchaku":11,"Lizard Tail":15,"Busted Crown":18,"Pantograph":21,"Philosopher\u0027s Stone":10,"Membership Card":6,"Unceasing Top":22,"InkBottle":25},{"Happy Flower":68,"Blue Candle":78,"Oddly Smooth Stone":24,"StoneCalendar":127,"Charon\u0027s Ashes":110,"Incense Burner":20,"Bag of Preparation":68,"Burning Blood":0,"White Beast Statue":131,"Blood Vial":24,"Nunchaku":55,"Lizard Tail":74,"Busted Crown":88,"Pantograph":98,"Philosopher\u0027s Stone":49,"Membership Card":24,"Unceasing Top":103,"InkBottle":115}],"Unceasing Top":[0],"InkBottle":[8]},"card_choices":[{"not_picked":["Blood for Blood","Havoc"],"picked":"Searing Blow","floor":1.0},{"not_picked":["Anger","Heavy Blade","Havoc"],"picked":"SKIP","floor":2.0},{"not_picked":["Clash","Cleave"],"picked":"Pommel Strike","floor":3.0},{"not_picked":["Iron Wave","Reckless Charge","Perfected Strike"],"picked":"SKIP","floor":4.0},{"not_picked":["Warcry","Shrug It Off"],"picked":"Demon Form","floor":6.0},{"not_picked":["Sever Soul","Sword Boomerang"],"picked":"True Grit","floor":8.0},{"not_picked":["Cleave","Evolve"],"picked":"Pommel Strike","floor":11.0},{"not_picked":["Hemokinesis","Flex"],"picked":"Burning Pact","floor":13.0},{"not_picked":["Sword Boomerang","Clash","Armaments"],"picked":"SKIP","floor":14.0},{"not_picked":["Fiend Fire","Reaper"],"picked":"Corruption","floor":16.0},{"not_picked":["Flex","Sword Boomerang","Heavy Blade"],"picked":"SKIP","floor":18.0},{"not_picked":["Wild Strike","Exhume"],"picked":"Body Slam","floor":21.0},{"not_picked":["Seeing Red","Sever Soul","Flex"],"picked":"SKIP","floor":22.0},{"not_picked":["Warcry","Sword Boomerang+1"],"picked":"Feel No Pain","floor":24.0},{"not_picked":["Carnage+1","Pummel"],"picked":"Seeing Red+1","floor":27.0},{"not_picked":["Wild Strike","Sword Boomerang"],"picked":"Entrench","floor":30.0},{"not_picked":["Armaments","Cleave"],"picked":"Ghostly Armor","floor":31.0},{"not_picked":["Berserk","Bludgeon"],"picked":"Double Tap","floor":33.0},{"not_picked":["Havoc"],"picked":"SKIP","floor":35.0},{"not_picked":["Clothesline"],"picked":"SKIP","floor":36.0},{"not_picked":[],"picked":"Power Through","floor":37.0},{"not_picked":["Clash"],"picked":"SKIP","floor":41.0},{"not_picked":["Twin Strike"],"picked":"SKIP","floor":44.0},{"not_picked":["Sword Boomerang"],"picked":"SKIP","floor":45.0},{"not_picked":["Twin Strike+1"],"picked":"SKIP","floor":48.0},{"not_picked":[],"picked":"Armaments","floor":54.0}],"player_experience":277634,"relics_obtained":[{"floor":6.0,"key":"Incense Burner"},{"floor":8.0,"key":"Oddly Smooth Stone"},{"floor":9.0,"key":"Blood Vial"},{"floor":24.0,"key":"Bag of Preparation"},{"floor":26.0,"key":"Happy Flower"},{"floor":27.0,"key":"Lizard Tail"},{"floor":30.0,"key":"Blue Candle"},{"floor":39.0,"key":"Unceasing Top"},{"floor":42.0,"key":"Charon\u0027s Ashes"},{"floor":44.0,"key":"InkBottle"},{"floor":54.0,"key":"White Beast Statue"}],"event_choices":[{"cards_removed":["Strike_R"],"damage_healed":0.0,"max_hp_gain":0.0,"max_hp_loss":0.0,"gold_gain":0.0,"event_name":"Golden Wing","player_choice":"Card Removal","floor":5.0,"gold_loss":0.0,"damage_taken":7.0},{"cards_removed":["Strike_R"],"damage_healed":0.0,"max_hp_gain":0.0,"max_hp_loss":0.0,"gold_gain":0.0,"event_name":"Beggar","player_choice":"Gave Gold","floor":19.0,"gold_loss":75.0,"damage_taken":0.0},{"damage_healed":0.0,"max_hp_gain":0.0,"max_hp_loss":0.0,"gold_gain":0.0,"event_name":"The Mausoleum","player_choice":"Opened","floor":20.0,"gold_loss":0.0,"damage_taken":0.0,"relics_obtained":["Nunchaku"],"cards_obtained":["Writhe"]},{"damage_healed":0.0,"max_hp_gain":0.0,"max_hp_loss":0.0,"gold_gain":0.0,"event_name":"Mysterious Sphere","player_choice":"Fight","floor":39.0,"gold_loss":0.0,"damage_taken":0.0},{"damage_healed":0.0,"max_hp_gain":0.0,"max_hp_loss":0.0,"gold_gain":0.0,"event_name":"MindBloom","player_choice":"Fight","floor":42.0,"gold_loss":0.0,"damage_taken":0.0},{"cards_removed":["Strike_R"],"damage_healed":0.0,"max_hp_gain":0.0,"max_hp_loss":0.0,"gold_gain":0.0,"event_name":"Bonfire Elementals","player_choice":"Offered Basic","floor":47.0,"gold_loss":0.0,"damage_taken":0.0}],"is_beta":false,"boss_relics":[{"not_picked":["Runic Dome","Empty Cage"],"picked":"Philosopher\u0027s Stone"},{"not_picked":["Calling Bell","Coffee Dripper"],"picked":"Busted Crown"}],"items_purged_floors":[29,38,53],"is_endless":false,"potions_floor_spawned":[1,3,11,16,18,21,27,33,35,42,45],"ascension_level":5}}