{"host":"kokp9cirgkksa174","time":1611548452,"event":{"mods":["AchievementEnabler","BaseMod","Best Route Mod","Bestiary","Better Third Choice","Block Reminder","Colored Map","Colored Powertips","DeckTracker","Exacting","Jorbs\u0027s Wanderer Trilogy","Key Reminder","Minty Spire (QoL Compilation)","Permanent Neow","Random Character Button","Rare Cards Sparkle","Relic Stats","Slay the Relics Exporter","StSLib","Unceasing Turn Reminder"],"gold_per_floor":[129,146,221,171,191,225,243,272,272,307,32,32,46,65,65,167,167,137,155,175,192,212,266,278,303,303,303,16,47,47,79,79,79,79],"floor_reached":33,"language":"ENG","playtime":4128,"items_purged":[],"score":374,"play_id":"45d94417-a022-455b-9437-b002ac810950","local_time":"20210124232052","is_ascension_mode":true,"campfire_choices":[{"data":"SandsOfTime","floor":12.0,"key":"SMITH"},{"data":"Omniscience","floor":15.0,"key":"SMITH"},{"floor":27,"key":"REST"},{"floor":30,"key":"RECALL"},{"data":"JustLucky","floor":32,"key":"SMITH"}],"circlet_count":0,"master_deck":["Eruption","Vigilance","CrushJoints","FollowUp","SandsOfTime+1","Consecrate","JustLucky+1","Omniscience+1","InnerPeace","Prostrate","Study","EmptyMind","Blasphemy","Perseverance","Judgement","FollowUp","Tantrum","Sanctity","Scrawl","BattleHymn","FlurryOfBlows","EmptyBody","Halt","ReachHeaven","Scrawl","SashWhip+1","Conclude+1","Vengeance","EmptyFist+1","CarveReality+1"],"relics":["Cursed Key","Anchor","Unceasing Top","Pear","Meat on the Bone","Pandora\u0027s Box","Matryoshka","Blood Vial","HornCleat","Eternal Feather","keyreminder:keyreminder"],"acts_visited":["Exordium","TheCity"],"potions_floor_usage":[18,23,23,25,25,25,29,31],"damage_taken":[{"damage":0.0,"enemies":"Small Slimes","floor":1.0,"turns":4.0},{"damage":1.0,"enemies":"Jaw Worm","floor":2.0,"turns":2.0},{"damage":12.0,"enemies":"Cultist","floor":5.0,"turns":2.0},{"damage":37.0,"enemies":"3 Sentries","floor":6.0,"turns":7.0},{"damage":0.0,"enemies":"Gremlin Gang","floor":7.0,"turns":3.0},{"damage":0.0,"enemies":"Gremlin Nob","floor":8.0,"turns":2.0},{"damage":10.0,"enemies":"Lagavulin","floor":10.0,"turns":6.0},{"damage":0.0,"enemies":"Looter","floor":13.0,"turns":1.0},{"damage":0.0,"enemies":"2 Fungi Beasts","floor":14.0,"turns":1.0},{"damage":18.0,"enemies":"Hexaghost","floor":16.0,"turns":9.0},{"damage":0,"enemies":"2 Thieves","floor":18,"turns":2},{"damage":0,"enemies":"Chosen","floor":19,"turns":3},{"damage":24,"enemies":"Shelled Parasite and Fungi","floor":20,"turns":4},{"damage":8,"enemies":"Cultist and Chosen","floor":21,"turns":4},{"damage":39,"enemies":"Centurion and Healer","floor":22,"turns":4},{"damage":6,"enemies":"Book of Stabbing","floor":23,"turns":4},{"damage":16,"enemies":"Snecko","floor":24,"turns":5},{"damage":21,"enemies":"Gremlin Leader","floor":25,"turns":3},{"damage":22,"enemies":"Slavers","floor":29,"turns":4},{"damage":31,"enemies":"Snake Plant","floor":31,"turns":2},{"damage":65,"enemies":"Collector","floor":33,"turns":6}],"seed_played":"4851764847873533679","potions_obtained":[{"floor":1.0,"key":"Ancient Potion"},{"floor":5.0,"key":"LiquidBronze"},{"floor":6.0,"key":"Weak Potion"},{"floor":7.0,"key":"SmokeBomb"},{"floor":8.0,"key":"Explosive Potion"},{"floor":16.0,"key":"EntropicBrew"},{"floor":21,"key":"BlessingOfTheForge"},{"floor":22,"key":"ColorlessPotion"},{"floor":25,"key":"ColorlessPotion"}],"is_trial":false,"path_per_floor":["M","M","?","?","M","E","M","E","T","E","$","R","M","M","R","B",null,"M","M","M","M","M","E","M","E","T","R","$","E","R","M","R","B"],"character_chosen":"WATCHER","items_purchased":["Prostrate","Meat on the Bone","HornCleat","Vengeance"],"campfire_rested":1,"item_purchase_floors":[11,11,28,28],"current_hp_per_floor":[72,71,60,60,48,11,11,11,11,11,11,11,23,35,35,29,82,82,82,58,50,23,29,25,16,16,40,40,32,47,30,48,0,0],"gold":79,"neow_bonus":"BOSS_RELIC","is_daily":false,"chose_seed":false,"campfire_upgraded":3,"win_rate":0.0,"timestamp":1611548452,"path_taken":["M","M","?","?","M","E","M","E","T","E","$","R","?","M","R","BOSS","M","M","M","M","M","E","M","E","T","R","$","E","R","M","R","BOSS"],"items_purchased_type":["Card","Relic","Relic","Card"],"build_version":"2020-12-22","purchased_purges":0,"victory":false,"max_hp_per_floor":[72,72,72,72,72,72,72,72,72,82,82,82,82,82,82,82,82,82,82,82,82,82,82,82,82,82,82,82,82,82,82,82,82,82],"relic_stats":{"Blood Vial":6,"counters":[21,78],"Pandora\u0027s Box":["Perseverance","Judgement","FollowUp","Tantrum","Sanctity","Scrawl","BattleHymn"],"Eternal Feather":33,"Cursed Key":0,"obtain_stats":[{"Blood Vial":25,"keyreminder:keyreminder":30,"Anchor":6,"Pear":10,"Matryoshka":23,"HornCleat":28,"Pandora\u0027s Box":17,"Eternal Feather":29,"PureWater":0,"Cursed Key":0,"Unceasing Top":8,"Meat on the Bone":11},{"Blood Vial":18,"keyreminder:keyreminder":19,"Anchor":4,"Pear":7,"Matryoshka":16,"HornCleat":18,"Pandora\u0027s Box":10,"Eternal Feather":19,"PureWater":0,"Cursed Key":0,"Unceasing Top":6,"Meat on the Bone":7},{"Blood Vial":66,"keyreminder:keyreminder":70,"Anchor":15,"Pear":26,"Matryoshka":58,"HornCleat":66,"Pandora\u0027s Box":37,"Eternal Feather":70,"PureWater":0,"Cursed Key":0,"Unceasing Top":20,"Meat on the Bone":26}],"Unceasing Top":[7],"Meat on the Bone":108},"card_choices":[{"not_picked":["Indignation","Consecrate"],"picked":"CrushJoints","floor":1.0},{"not_picked":["CrushJoints","WindmillStrike"],"picked":"FollowUp","floor":2.0},{"not_picked":["Study","CutThroughFate"],"picked":"SandsOfTime","floor":5.0},{"not_picked":["FlyingSleeves","Protect"],"picked":"Consecrate","floor":6.0},{"not_picked":["CarveReality","CrushJoints"],"picked":"JustLucky","floor":7.0},{"not_picked":["SashWhip","Protect"],"picked":"Omniscience","floor":8.0},{"not_picked":["ThirdEye","Prostrate"],"picked":"InnerPeace","floor":10.0},{"not_picked":["CutThroughFate","FlyingSleeves"],"picked":"Study","floor":13.0},{"not_picked":["PathToVictory","Consecrate"],"picked":"EmptyMind","floor":14.0},{"not_picked":["Ragnarok","MasterReality"],"picked":"Blasphemy","floor":16.0},{"not_picked":["SignatureMove","InnerPeace+1"],"picked":"FlurryOfBlows","floor":19},{"not_picked":["FlyingSleeves","BowlingBash"],"picked":"EmptyBody","floor":20},{"not_picked":["FlyingSleeves","CrushJoints"],"picked":"Halt","floor":21},{"not_picked":["FlyingSleeves","Collect"],"picked":"ReachHeaven","floor":22},{"not_picked":["Fasting2","CrushJoints"],"picked":"Scrawl","floor":23},{"not_picked":["ClearTheMind","PathToVictory"],"picked":"SashWhip+1","floor":24},{"not_picked":["Protect","ReachHeaven"],"picked":"Conclude+1","floor":25},{"not_picked":["InnerPeace","SignatureMove"],"picked":"EmptyFist+1","floor":29},{"not_picked":["ForeignInfluence","Collect"],"picked":"CarveReality+1","floor":31}],"player_experience":159127,"relics_obtained":[{"floor":6.0,"key":"Anchor"},{"floor":8.0,"key":"Unceasing Top"},{"floor":10.0,"key":"Pear"},{"floor":23,"key":"Matryoshka"},{"floor":25,"key":"Blood Vial"},{"floor":29,"key":"Eternal Feather"}],"event_choices":[{"damage_healed":0.0,"max_hp_gain":0.0,"max_hp_loss":0.0,"gold_gain":75.0,"event_name":"betterThird:BetterGoop","player_choice":"Gold","floor":3.0,"gold_loss":0.0,"damage_taken":11.0},{"cards_removed":["Strike_P"],"damage_healed":0.0,"max_hp_gain":0.0,"max_hp_loss":0.0,"gold_gain":0.0,"event_name":"The Cleric","player_choice":"Card Removal","floor":4.0,"gold_loss":50.0,"damage_taken":0.0}],"is_beta":false,"boss_relics":[{"not_picked":["Fusion Hammer","SlaversCollar"],"picked":"Pandora\u0027s Box"}],"items_purged_floors":[],"is_endless":false,"potions_floor_spawned":[1,5,7,8,16,18,21,22,25],"killed_by":"Collector","ascension_level":1}}