{"host":"y15j0sqd0it1yzon","time":1611610749,"event":{"mods":["AchievementEnabler","BaseMod","Lobotomy","Minty Spire (QoL Compilation)","StSLib"],"gold_per_floor":[119,138,70,70,70,70,80,80,80,80,80,96,113,138,138,212,212,158,176,87,87,87,87,87,87],"floor_reached":24,"language":"ENG","playtime":3691,"items_purged":[],"score":196,"play_id":"747a20e3-cfb9-41e1-9555-c5c60da28c3c","local_time":"20210125213909","is_ascension_mode":false,"campfire_choices":[{"data":"Noxious Fumes","floor":6,"key":"SMITH"},{"data":"Deadly Poison","floor":8,"key":"SMITH"},{"data":"Quick Slash","floor":10,"key":"SMITH"},{"floor":15,"key":"REST"},{"floor":23,"key":"REST"}],"circlet_count":0,"master_deck":["Strike_G","Strike_G","Strike_G","Defend_G","Defend_G","Defend_G","Survivor","Neutralize","SpiderBud","Quick Slash+1","QueenBee","Noxious Fumes+1","UniverseFragment","Deadly Poison+1","BeautyBeast","Deflect","Freischutz","SingingMachine","Backflip","Scorched","Die Die Die","HappyTeddy","Poisoned Stab","Rudolta","Bandage Up","Slice+1"],"relics":["Ring of the Snake","CogitoBucket","Dream Catcher","Nunchaku","Empty Cage","BackwardClock"],"acts_visited":["Exordium","TheCity"],"potions_floor_usage":[14,16,19,22],"damage_taken":[{"damage":0,"enemies":"Jaw Worm","floor":1,"turns":4},{"damage":0,"enemies":"Small Slimes","floor":2,"turns":3},{"damage":0,"enemies":"Cultist","floor":7,"turns":4},{"damage":3,"enemies":"3 Louse","floor":12,"turns":4},{"damage":8,"enemies":"Lots of Slimes","floor":13,"turns":4},{"damage":7,"enemies":"Lagavulin","floor":14,"turns":5},{"damage":51,"enemies":"Slime Boss","floor":16,"turns":16},{"damage":42,"enemies":"Chosen","floor":18,"turns":6},{"damage":32,"enemies":"2 Thieves","floor":19,"turns":4},{"damage":0,"enemies":"Shelled Parasite and Fungi","floor":22,"turns":1},{"damage":31,"enemies":"Cultist and Chosen","floor":24,"turns":5}],"seed_played":"8918360934290054488","potions_obtained":[{"floor":2,"key":"SmokeBomb"},{"floor":7,"key":"LiquidMemories"},{"floor":12,"key":"SteroidPotion"},{"floor":18,"key":"Fire Potion"}],"is_trial":false,"path_per_floor":["M","M","$","?","?","R","M","R","T","R","?","M","M","E","R","B",null,"M","M","$","?","M","R","M"],"character_chosen":"THE_SILENT","items_purchased":["Noxious Fumes","Bandage Up"],"campfire_rested":2,"item_purchase_floors":[3,20],"current_hp_per_floor":[70,70,70,75,75,75,75,75,75,75,75,72,64,57,75,24,75,33,1,1,1,1,23,0,0],"gold":87,"neow_bonus":"","is_daily":false,"chose_seed":false,"campfire_upgraded":3,"win_rate":0.0,"timestamp":1611610749,"path_taken":["M","M","$","?","?","R","?","R","T","R","?","M","M","E","R","BOSS","M","?","$","?","?","R","M"],"items_purchased_type":["Card","Card"],"build_version":"2020-12-22","purchased_purges":0,"victory":false,"max_hp_per_floor":[70,70,70,75,75,75,75,75,75,75,75,75,75,75,75,75,75,75,75,75,75,75,75,75,75],"card_choices":[{"not_picked":["FairyFestival","LittlePrince"],"picked":"SpiderBud","floor":1},{"not_picked":["Acrobatics","Bane"],"picked":"Quick Slash","floor":1},{"not_picked":["BigBadWolf","VoidDream"],"picked":"QueenBee","floor":2},{"not_picked":["Acrobatics","Terror","Predator"],"picked":"SKIP","floor":2},{"not_picked":["CherryBlossoms","Murderer"],"picked":"UniverseFragment","floor":7},{"not_picked":["Reflex","Dagger Spray"],"picked":"Deadly Poison","floor":7},{"not_picked":["VoidDream","Bloodbath"],"picked":"BeautyBeast","floor":12},{"not_picked":["Slice","Blade Dance"],"picked":"Deflect","floor":12},{"not_picked":["PunishingBird","FairyFestival"],"picked":"Freischutz","floor":13},{"not_picked":["Deflect","Dagger Spray","Flying Knee"],"picked":"SKIP","floor":13},{"not_picked":["LaLuna","WallGazer"],"picked":"SingingMachine","floor":14},{"not_picked":["Dagger Spray","Dagger Throw","Quick Slash"],"picked":"SKIP","floor":14},{"not_picked":["Prepared","Riddle With Holes"],"picked":"Backflip","floor":15},{"not_picked":["PunishingBird","DreamingCurrent"],"picked":"Scorched","floor":16},{"not_picked":["Storm of Steel","Phantasmal Killer"],"picked":"Die Die Die","floor":16},{"not_picked":["Murderer","BigBird","VoidDream"],"picked":"Singing Bowl","floor":18},{"not_picked":["Murderer","Funeral"],"picked":"HappyTeddy","floor":18},{"not_picked":["Sucker Punch","Blade Dance"],"picked":"Poisoned Stab","floor":18},{"not_picked":["LongBird","WallGazer"],"picked":"Rudolta","floor":19},{"not_picked":["Dagger Spray","Sucker Punch","Choke"],"picked":"SKIP","floor":19},{"not_picked":["Poisoned Stab","Expertise+1"],"picked":"Slice+1","floor":23}],"player_experience":429027,"relics_obtained":[{"floor":9,"key":"Dream Catcher"},{"floor":14,"key":"Nunchaku"}],"event_choices":[{"damage_healed":0,"gold_gain":0,"player_choice":"Donut","damage_taken":0,"max_hp_gain":5,"max_hp_loss":0,"event_name":"Big Fish","floor":4,"gold_loss":0},{"cards_removed":["Strike_G"],"damage_healed":0,"gold_gain":0,"player_choice":"Purged","damage_taken":0,"max_hp_gain":0,"max_hp_loss":0,"event_name":"Purifier","floor":5,"gold_loss":0},{"cards_removed":["Defend_G"],"damage_healed":0,"gold_gain":0,"player_choice":"Offered Basic","damage_taken":0,"max_hp_gain":0,"max_hp_loss":0,"event_name":"Bonfire Elementals","floor":11,"gold_loss":0},{"damage_healed":0,"gold_gain":0,"player_choice":"Ignored","damage_taken":0,"max_hp_gain":0,"max_hp_loss":0,"event_name":"NoteForYourself","floor":21,"gold_loss":0}],"is_beta":false,"boss_relics":[{"not_picked":["HoveringKite","Pandora\u0027s Box"],"picked":"Empty Cage"}],"items_purged_floors":[],"is_endless":false,"potions_floor_spawned":[2,7,12,18],"killed_by":"Cultist and Chosen","ascension_level":0}}