{"host":"up2ld7cwom0c6tq3","time":1611552659,"event":{"mods":["Act Like it!","BaseMod","Conspire","Downfall","Gensokyo","Marisa£®ÏF”Í°°ƒß¿Ì…≥£©","Minty Spire (QoL Compilation)","StSLib","The Blackbeard","The Mystic","The Servant 0.9.4","Yuyuko"],"gold_per_floor":[117,129,129,129,147,147,170,170,170,170,202,102,102,115,115,216,216,234,254,32,32,32,59,59,59,59,59,71,71,71,102,102,204,204,223,223,234,234,234,234,260,10,85,85,112,112,132,167,167,167],"floor_reached":51,"language":"ZHS","playtime":5124,"items_purged":["Faramita\u0027s Temptation+1","Dreamy Sakura"],"score":1015,"play_id":"21015c63-c87a-49a6-af66-7ebf1aa8da35","local_time":"20210125133059","daily_mods":["Vintage","Heirloom","Time Dilation","Flight","downfall:Jewelcrafting","downfall:ChampStances"],"is_ascension_mode":false,"campfire_choices":[{"data":"Faramita\u0027s Temptation","floor":8,"key":"SMITH"},{"data":"Deathly Ground","floor":10,"key":"SMITH"},{"data":"Monster Cherry Tree","floor":15,"key":"SMITH"},{"data":"Night Terror","floor":25,"key":"SMITH"},{"data":"Guardian:ExploitGems","floor":27,"key":"SMITH"},{"data":"Guardian:ExploitGems","floor":29,"key":"SMITH"},{"data":"Fondling of Papilio","floor":30,"key":"SMITH"},{"data":"Open The Fan","floor":32,"key":"SMITH"},{"data":"Full Inky Sakura","floor":44,"key":"SMITH"},{"data":"Madness","floor":46,"key":"SMITH"},{"data":"Madness","floor":49,"key":"SMITH"}],"circlet_count":0,"master_deck":["Fantasy Butterflies","Fantasy Butterflies","Fantasy Butterflies","Dreamy Sakura+1","Dreamy Sakura+1","Dreamy Sakura","Dreamy Sakura","Deathly Ground+1","Guardian:ExploitGems+1","Guardian:ExploitGems+1","Linger over Flower","Monster Cherry Tree+1","Ghostly","Full Inky Sakura+1","Night Terror+1","Fondling of Papilio+1","Open The Fan+1","Trap Lamp","Madness+1","Madness+1","Sweet of Phantom+1","Become Phantom+1"],"relics":["Coronal","Yuyuko\u0027s fan","Guardian:PickAxe","champ:ChampStancesModRelic","mysticmod:CrystalBall","Unceasing Top","conspire:GlowingRock","conspire:DeflatedDodgeball","Letter Opener","Odd Mushroom","Mummified Hand","HornCleat","Pocketwatch","Lantern","Busted Crown","Boot","Happy Flower","Slimebound:StickyStick","Prayer Wheel","Ginger","Blue Candle","MealTicket","conspire:RunicOctahedron","conspire:Boomerang","Ghost Lamp","Meat on the Bone","Dream Catcher","Slimebound:PreparedRelic","hexamod:Sixitude","Thread and Needle","sneckomod:BlankCard"],"acts_visited":["Exordium","Gensokyo:Gensokyoer","TheBeyond"],"potions_floor_usage":[18],"damage_taken":[{"damage":48,"enemies":"Jaw Worm","floor":1,"turns":5},{"damage":32,"enemies":"Small Slimes","floor":2,"turns":2},{"damage":2,"enemies":"Cultist","floor":5,"turns":2},{"damage":9,"enemies":"The Mushroom Lair","floor":7,"turns":3},{"damage":56,"enemies":"Lagavulin","floor":11,"turns":9},{"damage":33,"enemies":"2 Fungi Beasts","floor":14,"turns":2},{"damage":6,"enemies":"Slime Boss","floor":16,"turns":6},{"damage":51,"enemies":"Gensokyo:2_Gloops","floor":18,"turns":3},{"damage":35,"enemies":"Gensokyo:CosmicMonolith","floor":19,"turns":2},{"damage":26,"enemies":"Gensokyo:Tenshi","floor":23,"turns":3},{"damage":3,"enemies":"Gensokyo:Wraith","floor":28,"turns":3},{"damage":2,"enemies":"Gensokyo:Reisen","floor":31,"turns":2},{"damage":38,"enemies":"Gensokyo:Eternal_Rivals","floor":33,"turns":3},{"damage":7,"enemies":"3 Darklings","floor":35,"turns":2},{"damage":10,"enemies":"3 Shapes","floor":37,"turns":2},{"damage":27,"enemies":"Reptomancer","floor":41,"turns":2},{"damage":13,"enemies":"Giant Head","floor":45,"turns":1},{"damage":1,"enemies":"3 Darklings","floor":47,"turns":1},{"damage":15,"enemies":"Nemesis","floor":48,"turns":1},{"damage":65,"enemies":"Time Eater","floor":50,"turns":4}],"seed_played":"-1952242321940037168","potions_obtained":[{"floor":2,"key":"Fruit Juice"},{"floor":5,"key":"Firefly"},{"floor":14,"key":"SmokeBomb"},{"floor":16,"key":"FearPotion"},{"floor":18,"key":"Fire Potion"},{"floor":28,"key":"DuplicationPotion"},{"floor":41,"key":"DuplicationPotion"}],"is_trial":true,"path_per_floor":["M","M","?","?","M","R","?","R","T","R","E","?","T","M","R","B",null,"M","M","$","?","?","E","R","R","T","R","M","R","R","E","R","B",null,"M","?","M","?","?","R","E","$","T","R","E","R","M","E","R","B",null],"character_chosen":"YUYOKO","items_purchased":["Slimebound:StickyStick","Dream Catcher"],"campfire_rested":0,"item_purchase_floors":[20,42],"current_hp_per_floor":[35,38,30,23,36,36,36,36,36,36,23,23,23,35,35,34,40,45,45,45,45,41,36,36,36,36,36,42,42,42,43,43,45,45,43,43,37,37,31,31,43,45,45,45,45,45,44,45,45,45],"gold":167,"neow_bonus":"","is_daily":false,"chose_seed":false,"campfire_upgraded":11,"win_rate":0.0,"timestamp":1611552659,"path_taken":["M","M","?","?","?","R","?","R","T","R","E","?","?","M","R","BOSS","M","M","?","?","?","E","R","R","T","R","M","R","R","E","R","BOSS","M","?","?","?","?","R","E","?","T","R","E","R","M","E","R","BOSS"],"items_purchased_type":["Relic","Relic"],"build_version":"2020-12-22","purchased_purges":2,"victory":true,"max_hp_per_floor":[40,40,40,40,40,40,40,40,40,40,40,40,40,40,40,40,40,45,45,45,45,45,45,45,45,45,45,45,45,45,45,45,45,45,45,45,45,45,45,45,45,45,45,45,45,45,45,45,45,45],"card_choices":[{"not_picked":["Song of Papilio","Elegance"],"picked":"Linger over Flower","floor":7},{"not_picked":["Bloom","End of Faramita"],"picked":"Monster Cherry Tree","floor":11},{"not_picked":["Scenery of Papilio","Unfulfilling Attachment"],"picked":"Full Inky Sakura","floor":16},{"not_picked":[],"picked":"Fondling of Papilio","floor":23},{"not_picked":[],"picked":"Open The Fan","floor":31},{"not_picked":[],"picked":"Sweet of Phantom+1","floor":41},{"not_picked":[],"picked":"Become Phantom+1","floor":45},{"not_picked":["Unborn Light"],"picked":"SKIP","floor":48}],"player_experience":57926,"relics_obtained":[{"floor":1,"key":"conspire:GlowingRock"},{"floor":2,"key":"conspire:DeflatedDodgeball"},{"floor":5,"key":"Letter Opener"},{"floor":7,"key":"Odd Mushroom"},{"floor":9,"key":"Mummified Hand"},{"floor":11,"key":"HornCleat"},{"floor":13,"key":"Pocketwatch"},{"floor":14,"key":"Lantern"},{"floor":18,"key":"Boot"},{"floor":19,"key":"Happy Flower"},{"floor":23,"key":"Prayer Wheel"},{"floor":26,"key":"Ginger"},{"floor":28,"key":"Blue Candle"},{"floor":31,"key":"MealTicket"},{"floor":35,"key":"conspire:Boomerang"},{"floor":37,"key":"Ghost Lamp"},{"floor":41,"key":"Meat on the Bone"},{"floor":43,"key":"Slimebound:PreparedRelic"},{"floor":45,"key":"hexamod:Sixitude"},{"floor":47,"key":"Thread and Needle"},{"floor":48,"key":"sneckomod:BlankCard"}],"event_choices":[{"damage_healed":0,"gold_gain":0,"player_choice":"Entered Light","damage_taken":8,"max_hp_gain":0,"max_hp_loss":0,"event_name":"Shining Light","floor":3,"gold_loss":0,"cards_upgraded":["Dreamy Sakura","Dreamy Sakura"]},{"cards_removed":["Fantasy Butterflies"],"damage_healed":0,"gold_gain":0,"player_choice":"Card Removal","damage_taken":7,"max_hp_gain":0,"max_hp_loss":0,"event_name":"Golden Wing","floor":4,"gold_loss":0},{"damage_healed":0,"gold_gain":0,"player_choice":"Fought Mushrooms","damage_taken":0,"max_hp_gain":0,"max_hp_loss":0,"event_name":"Mushrooms","floor":7,"gold_loss":0},{"damage_healed":0,"gold_gain":0,"player_choice":"Argue","damage_taken":0,"max_hp_gain":0,"max_hp_loss":0,"event_name":"conspire:LoneGhost","floor":12,"gold_loss":0},{"damage_healed":0,"gold_gain":0,"player_choice":"Leave","damage_taken":0,"max_hp_gain":0,"max_hp_loss":0,"event_name":"conspire:Investor","floor":21,"gold_loss":0},{"damage_healed":0,"gold_gain":0,"player_choice":"1 cards matched","damage_taken":0,"max_hp_gain":0,"max_hp_loss":0,"event_name":"Match and Keep!","floor":36,"gold_loss":0,"cards_obtained":["Trap Lamp"]},{"cards_removed":["Fantasy Butterflies"],"damage_healed":0,"gold_gain":0,"player_choice":"Removed Attack","damage_taken":0,"max_hp_gain":0,"max_hp_loss":0,"event_name":"Falling","floor":38,"gold_loss":0},{"damage_healed":0,"gold_gain":0,"player_choice":"Embrace Madness","damage_taken":6,"max_hp_gain":0,"max_hp_loss":0,"event_name":"Winding Halls","floor":39,"gold_loss":0,"cards_obtained":["Madness","Madness"]}],"is_beta":false,"boss_relics":[{"not_picked":["Velvet Choker","Fusion Hammer"],"picked":"Busted Crown"},{"not_picked":["conspire:SpecialSausage","Cursed Key"],"picked":"conspire:RunicOctahedron"}],"items_purged_floors":[20,42],"is_endless":false,"potions_floor_spawned":[2,5,14,16,18,23,28,35,41,45],"ascension_level":0}}