{"host":"ievzwsxi676hcxyy","time":1611553086,"event":{"mods":["Aspiration","BaseMod","Downfall","Hermit","Minty Spire (QoL Compilation)","Replay The Spire","StSLib","The Construct","The Cursed","The Disciple","The Jungle","everything is the same but u backflip on backflip"],"gold_per_floor":[110,28,28,28,44,44,70,90,115,115,134,134,146,146,146,245,245,256,273,282,121,146,146,184,184,184,213,213,213,213,313,313,420,420,441,525,37,50,69,102,102,128,128,128,128,128],"floor_reached":45,"language":"ENG","playtime":2248,"items_purged":["Shame","ReplayTheSpireMod:Splinters"],"score":682,"play_id":"e73a529d-5e62-4ee4-b8f4-e5c03642a1da","local_time":"20210124233806","is_ascension_mode":false,"campfire_choices":[{"data":"hermit:BigShot","floor":6,"key":"SMITH"},{"floor":10,"key":"REST"},{"floor":15,"key":"REST"},{"data":"Survey Options","floor":23,"key":"SMITH"},{"floor":25,"key":"REST"},{"floor":30,"key":"REST"},{"floor":32,"key":"REST"},{"floor":41,"key":"REST"}],"circlet_count":0,"master_deck":["hermit:Strike_Hermit+1","hermit:Strike_Hermit","hermit:Strike_Hermit","hermit:Defend_Hermit","hermit:Defend_Hermit","hermit:Defend_Hermit+1","hermit:Defend_Hermit","hermit:Snapshot","hermit:Covet","hermit:PistolWhip","hermit:BigShot+1","hermit:Deadeye+1","hermit:ItchyTrigger+1","hermit:CalledShot+1","hermit:Maintenance+1","hermit:TrackingShot+1","hermit:RoundhouseKick","hermit:Headshot","hermit:FlashPowder","Survey Options+1","hermit:Snipe","hermit:GhostlyPresence+1","hermit:HighNoon+1","hermit:Maintenance+1","hermit:Headshot+1","Impatience","hermit:EternalForm+1","hermit:Roulette+1"],"relics":["aspiration:FutureDiary","hermit:RyeStalk","Centennial Puzzle","ChewingGum","CeramicFish","Gremlin Food","Oddly Smooth Stone","Anchor","aspiration:RitualStick","Torii","Frozen Egg 2","Sozu","ReplayFunnel","Replay:Baseball","Bottled Flame","Potion Belt"],"acts_visited":["Exordium","TheCity","TheBeyond"],"potions_floor_usage":[24,27,40,42],"damage_taken":[{"damage":1,"enemies":"2 Louse","floor":1,"turns":3},{"damage":3,"enemies":"Small Slimes","floor":5,"turns":3},{"damage":25,"enemies":"Gremlin Nob","floor":7,"turns":4},{"damage":11,"enemies":"Jaw Worm","floor":8,"turns":3},{"damage":0,"enemies":"Large Slime","floor":11,"turns":4},{"damage":6,"enemies":"2 Fungi Beasts","floor":13,"turns":3},{"damage":5,"enemies":"Fading Forest","floor":16,"turns":11},{"damage":5,"enemies":"Chosen","floor":18,"turns":4},{"damage":14,"enemies":"Shell Parasite","floor":19,"turns":4},{"damage":3,"enemies":"Centurion and Healer","floor":22,"turns":4},{"damage":22,"enemies":"Slavers","floor":24,"turns":4},{"damage":0,"enemies":"Gremlin Leader","floor":27,"turns":6},{"damage":0,"enemies":"Colosseum Slavers","floor":31,"turns":4},{"damage":10,"enemies":"Colosseum Nobs","floor":31,"turns":4},{"damage":22,"enemies":"Pondfish","floor":33,"turns":12},{"damage":0,"enemies":"Orb Walker","floor":35,"turns":2},{"damage":12,"enemies":"3 Shapes","floor":38,"turns":3},{"damage":3,"enemies":"Writhing Mass","floor":39,"turns":5},{"damage":40,"enemies":"Reptomancer","floor":40,"turns":7},{"damage":38,"enemies":"R_Hoarder","floor":42,"turns":6},{"damage":8,"enemies":"Jaw Worm Horde","floor":45,"turns":2}],"seed_played":"-1526153769186631405","potions_obtained":[{"floor":8,"key":"Reflective Coating"},{"floor":13,"key":"Swift Potion"},{"floor":16,"key":"Dexterity Potion"},{"floor":22,"key":"GamblersBrew"},{"floor":24,"key":"Energy Potion"},{"floor":27,"key":"Adrenaline Potion"}],"is_trial":false,"path_per_floor":["M","$","?","?","M","R","E","M","T","R","M","?","M","?","R","B",null,"M","M","?","$","M","R","E","R","T","E","?","$","R","?","R","B",null,"M","?","$","M","M","E","R","E","T","?","M"],"character_chosen":"HERMIT","items_purchased":["hermit:BigShot","Survey Options","Impatience","Replay:Baseball","hermit:EternalForm+1","hermit:Roulette+1"],"campfire_rested":6,"item_purchase_floors":[2,21,37,37,37,37],"current_hp_per_floor":[74,74,74,74,71,71,46,35,35,57,57,57,51,36,58,63,75,70,56,56,56,53,53,31,53,53,53,38,38,60,50,72,50,75,75,75,75,63,60,20,42,4,4,4,0,0],"gold":128,"neow_bonus":"BOSS_RELIC","is_daily":false,"chose_seed":false,"campfire_upgraded":2,"win_rate":0.0,"timestamp":1611553086,"path_taken":["M","$","?","?","?","R","E","M","T","R","M","?","M","?","R","BOSS","M","M","?","$","M","R","E","R","T","E","?","$","R","?","R","BOSS","M","?","$","M","M","E","R","E","T","?","M"],"items_purchased_type":["Card","Card","Card","Relic","Card","Card"],"build_version":"2020-12-22","purchased_purges":2,"victory":false,"max_hp_per_floor":[75,75,75,75,75,75,75,75,75,75,75,75,75,75,75,75,75,75,75,75,75,75,75,75,75,75,75,75,75,75,75,75,75,75,75,75,75,75,75,75,75,75,75,75,75,75],"card_choices":[{"not_picked":["hermit:Ricochet","hermit:HighCaliber"],"picked":"hermit:PistolWhip","floor":1},{"not_picked":["hermit:HoleUp","hermit:TakeCover"],"picked":"hermit:Deadeye","floor":5},{"not_picked":["hermit:HoleUp","hermit:Coalescence"],"picked":"hermit:ItchyTrigger","floor":7},{"not_picked":["hermit:Grudge","hermit:HighCaliber"],"picked":"hermit:CalledShot","floor":8},{"not_picked":["hermit:Headshot","hermit:HighCaliber"],"picked":"hermit:Maintenance","floor":11},{"not_picked":["hermit:Glare","hermit:LowProfile"],"picked":"hermit:TrackingShot","floor":13},{"not_picked":["hermit:Gambit","hermit:BlackWind"],"picked":"hermit:RoundhouseKick","floor":16},{"not_picked":["hermit:Coalescence","hermit:Determination"],"picked":"hermit:Headshot","floor":18},{"not_picked":["hermit:GhostlyPresence","hermit:FullyLoaded"],"picked":"hermit:FlashPowder","floor":19},{"not_picked":["hermit:BodyArmor","hermit:LuckOfTheDraw"],"picked":"hermit:Snipe","floor":22},{"not_picked":["hermit:Vantage+1","hermit:Glare"],"picked":"hermit:GhostlyPresence+1","floor":24},{"not_picked":["hermit:Vantage","hermit:Manifest+1","hermit:Quickdraw"],"picked":"SKIP","floor":27},{"not_picked":["hermit:Dissolve","hermit:OverwhelmingPower+1"],"picked":"hermit:HighNoon+1","floor":33},{"not_picked":["hermit:Roulette+1","hermit:HighCaliber+1"],"picked":"hermit:Maintenance+1","floor":35},{"not_picked":["hermit:Glare+1","hermit:Quickdraw+1"],"picked":"hermit:Headshot+1","floor":36},{"not_picked":["hermit:HighCaliber","hermit:Deadeye","hermit:FlashPowder"],"picked":"SKIP","floor":38},{"not_picked":["hermit:Grudge+1","hermit:Vantage+1","hermit:Coalescence"],"picked":"SKIP","floor":39},{"not_picked":["hermit:Adapt+1","hermit:Ricochet","hermit:Vantage+1"],"picked":"SKIP","floor":40},{"not_picked":["hermit:Showdown","hermit:Manifest+1","hermit:TakeAim+1"],"picked":"SKIP","floor":42}],"player_experience":483231,"relics_obtained":[{"floor":7,"key":"hermit:RyeStalk"},{"floor":9,"key":"Centennial Puzzle"},{"floor":24,"key":"Gremlin Food"},{"floor":26,"key":"Oddly Smooth Stone"},{"floor":27,"key":"Anchor"},{"floor":31,"key":"Torii"},{"floor":31,"key":"Frozen Egg 2"},{"floor":36,"key":"ReplayFunnel"},{"floor":40,"key":"Bottled Flame"},{"floor":42,"key":"Potion Belt"}],"event_choices":[{"damage_healed":0,"gold_gain":0,"player_choice":"Ignored","damage_taken":0,"max_hp_gain":0,"max_hp_loss":0,"event_name":"Liars Game","floor":3,"gold_loss":0},{"damage_healed":0,"gold_gain":0,"player_choice":"Grow","damage_taken":0,"max_hp_gain":0,"max_hp_loss":0,"event_name":"Living Wall","floor":12,"gold_loss":0,"cards_upgraded":["hermit:Maintenance"]},{"damage_healed":0,"gold_gain":0,"player_choice":"Entered Light","damage_taken":15,"max_hp_gain":0,"max_hp_loss":0,"event_name":"Shining Light","floor":14,"gold_loss":0,"cards_upgraded":["hermit:Defend_Hermit","hermit:CalledShot"]},{"damage_healed":0,"gold_gain":0,"player_choice":"Stole Relic","damage_taken":0,"relics_obtained":["CeramicFish"],"max_hp_gain":0,"max_hp_loss":0,"event_name":"Addict","floor":20,"gold_loss":0,"cards_obtained":["Shame"]},{"damage_healed":0,"gold_gain":0,"player_choice":"Fight","damage_taken":0,"max_hp_gain":0,"max_hp_loss":0,"event_name":"Colosseum","floor":31,"gold_loss":0},{"damage_healed":0,"gold_gain":0,"player_choice":"Fought Nobs","damage_taken":0,"max_hp_gain":0,"max_hp_loss":0,"event_name":"Colosseum","floor":31,"gold_loss":0},{"damage_healed":0,"gold_gain":0,"player_choice":"Bought 0 Potions","damage_taken":0,"max_hp_gain":0,"max_hp_loss":0,"event_name":"The Woman in Blue","floor":44,"gold_loss":0}],"is_beta":false,"boss_relics":[{"not_picked":["Tiny House","bronze:MakeshiftBattery"],"picked":"ChewingGum"},{"not_picked":["aspiration:RitualDagger","Coffee Dripper"],"picked":"Sozu"}],"items_purged_floors":[21,37],"is_endless":false,"potions_floor_spawned":[8,13,16,22,24,27,31,38,39],"killed_by":"Jaw Worm Horde","ascension_level":0}}