{"host":"q4b0c643vtafhvqv","time":1611553680,"event":{"mods":["AchievementEnabler","BaseMod","Colored Map","Colored Powertips","Downfall","Minty Spire (QoL Compilation)","Permanent Neow","Quick Restart","StSLib"],"gold_per_floor":[513,254,270,189,189,218,218,218,218,251,251,262,278,303,303,374,374,385,385,410,237,249,274,274,308,357,357,357,387,387,404,404,479,479,497,421,469,487,110,144,144,144,144,177,177,206,206,220,220,220,220,220,220,30,62,62],"floor_reached":57,"language":"ZHS","playtime":3406,"items_purged":[],"score":4145,"play_id":"f7ee1cd9-0f7d-4615-9654-8640ec6ecdf7","local_time":"20210125134800","is_ascension_mode":true,"campfire_choices":[{"floor":7.0,"key":"RECALL"},{"data":"Noxious Fumes","floor":15.0,"key":"SMITH"},{"data":"Choke","floor":28.0,"key":"SMITH"},{"data":"Ghostly","floor":32.0,"key":"SMITH"},{"data":"Secret Technique","floor":42.0,"key":"SMITH"},{"data":"Ghostly","floor":49.0,"key":"SMITH"},{"data":"Ghostly","floor":53.0,"key":"SMITH"}],"circlet_count":0,"master_deck":["Defend_G+1","Survivor+1","Neutralize+1","Panacea+1","Panacea+1","Madness+1","Die Die Die+1","Choke+1","Noxious Fumes+1","Night Terror+1","Neutralize+1","Ghostly+1","Ghostly+1","Ghostly+1","Blur","Secret Technique+1","Madness+1","Madness"],"relics":["Strange Spoon","Unceasing Top","ClockworkSouvenir","Oddly Smooth Stone","Lantern","Boot","Busted Crown","Juzu Bracelet","Medical Kit","Molten Egg 2","Nunchaku","Toy Ornithopter","Bag of Marbles","SacredBark","StoneCalendar","Potion Belt","Anchor","Letter Opener","Whetstone","The Courier","War Paint","Blood Vial"],"acts_visited":["Exordium","TheCity","TheBeyond","TheEnding"],"potions_floor_usage":[56,56,56,56],"damage_taken":[{"damage":0.0,"enemies":"Cultist","floor":1.0,"turns":3.0},{"damage":0.0,"enemies":"2 Louse","floor":3.0,"turns":2.0},{"damage":0.0,"enemies":"Lagavulin","floor":6.0,"turns":3.0},{"damage":1.0,"enemies":"3 Sentries","floor":10.0,"turns":3.0},{"damage":0.0,"enemies":"Jaw Worm","floor":12.0,"turns":2.0},{"damage":0.0,"enemies":"Looter","floor":13.0,"turns":2.0},{"damage":0.0,"enemies":"Lagavulin","floor":14.0,"turns":5.0},{"damage":0.0,"enemies":"Hexaghost","floor":16.0,"turns":5.0},{"damage":15.0,"enemies":"Spheric Guardian","floor":18.0,"turns":4.0},{"damage":0.0,"enemies":"2 Thieves","floor":22.0,"turns":3.0},{"damage":0.0,"enemies":"Gremlin Leader","floor":23.0,"turns":4.0},{"damage":29.0,"enemies":"Slavers","floor":25.0,"turns":3.0},{"damage":6.0,"enemies":"Gremlin Leader","floor":29.0,"turns":5.0},{"damage":1.0,"enemies":"Centurion and Healer","floor":31.0,"turns":3.0},{"damage":0.0,"enemies":"Collector","floor":33.0,"turns":7.0},{"damage":0.0,"enemies":"3 Darklings","floor":35.0,"turns":4.0},{"damage":4.0,"enemies":"2 Orb Walkers","floor":37.0,"turns":6.0},{"damage":0.0,"enemies":"Orb Walker","floor":38.0,"turns":4.0},{"damage":0.0,"enemies":"Nemesis","floor":40.0,"turns":6.0},{"damage":0.0,"enemies":"Giant Head","floor":44.0,"turns":8.0},{"damage":0.0,"enemies":"Nemesis","floor":46.0,"turns":5.0},{"damage":0.0,"enemies":"Transient","floor":48.0,"turns":5.0},{"damage":0.0,"enemies":"Time Eater","floor":50.0,"turns":13.0},{"damage":4.0,"enemies":"Donu and Deca","floor":51.0,"turns":8.0},{"damage":0.0,"enemies":"Shield and Spear","floor":55.0,"turns":9.0},{"damage":38,"enemies":"The Heart","floor":56,"turns":8}],"seed_played":"-8624555658200127488","potions_obtained":[{"floor":1.0,"key":"Dexterity Potion"},{"floor":12.0,"key":"Regen Potion"},{"floor":29.0,"key":"SneckoOil"},{"floor":31.0,"key":"CunningPotion"},{"floor":33.0,"key":"DistilledChaos"},{"floor":35.0,"key":"LiquidBronze"},{"floor":46.0,"key":"AttackPotion"},{"floor":55.0,"key":"Fire Potion"}],"is_trial":false,"path_per_floor":["M","$","M","$","?","E","R","?","T","E","?","M","M","E","R","B",null,"M","?","T","$","M","E","?","E","T","?","R","E","?","M","R","B",null,"M","$","?","M","$","E","?","R","T","E","?","E","T","M","R","B","B",null,"R","$","E","B",null],"character_chosen":"THE_SILENT","items_purchased":["Madness","ClockworkSouvenir","Die Die Die","Medical Kit","Blur","Potion Belt","Secret Technique","DuplicationPotion","War Paint"],"campfire_rested":0,"item_purchase_floors":[2,2,4,21,36,39,39,54,54],"current_hp_per_floor":[70,70,70,70,70,70,70,70,70,69,69,69,69,69,69,69,70,55,55,55,55,55,55,55,38,38,35,35,29,22,21,21,26,37,40,40,36,36,36,36,36,36,36,40,33,33,33,33,33,33,29,37,37,37,37,21],"gold":62,"neow_bonus":"ONE_RANDOM_RARE_CARD","is_daily":false,"chose_seed":false,"campfire_upgraded":6,"win_rate":0.0,"timestamp":1611553680,"path_taken":["M","$","M","$","?","E","R","?","T","E","?","M","?","E","R","BOSS","M","?","?","$","M","E","?","E","T","?","R","E","?","M","R","BOSS","M","$","?","M","$","E","?","R","T","E","?","E","?","M","R","BOSS","BOSS","R","$","E","BOSS"],"items_purchased_type":["Card","Relic","Card","Relic","Card","Relic","Card","Potion","Relic"],"build_version":"2020-12-22","purchased_purges":0,"victory":true,"max_hp_per_floor":[70,70,70,70,70,70,70,70,70,70,70,70,70,70,70,70,70,70,70,70,70,70,70,70,70,70,35,35,35,40,40,40,40,40,40,40,40,40,40,40,40,40,40,40,40,40,40,40,40,40,40,40,40,40,40,40],"card_choices":[{"not_picked":["Eviscerate","Bane","Backflip"],"picked":"SKIP","floor":1.0},{"not_picked":["Acrobatics","Bane","Slice"],"picked":"SKIP","floor":3.0},{"not_picked":["Accuracy","Bane","Tactician"],"picked":"SKIP","floor":6.0},{"not_picked":["Bouncing Flask","Dodge and Roll"],"picked":"Choke","floor":10.0},{"not_picked":["Outmaneuver","Dodge and Roll","Dash"],"picked":"SKIP","floor":12.0},{"not_picked":["Doppelganger","Quick Slash","Skewer"],"picked":"SKIP","floor":13.0},{"not_picked":["Reflex","Masterful Stab"],"picked":"Noxious Fumes","floor":14.0},{"not_picked":["Malaise","A Thousand Cuts"],"picked":"Night Terror","floor":16.0},{"not_picked":["Skewer"],"picked":"SKIP","floor":18.0},{"not_picked":["Cloak And Dagger"],"picked":"SKIP","floor":22.0},{"not_picked":["Endless Agony+1"],"picked":"SKIP","floor":23.0},{"not_picked":["Acrobatics"],"picked":"SKIP","floor":25.0},{"not_picked":[],"picked":"PiercingWail","floor":29.0},{"not_picked":["Poisoned Stab+1"],"picked":"SKIP","floor":31.0},{"not_picked":["Cloak And Dagger"],"picked":"SKIP","floor":35.0},{"not_picked":["Heel Hook+1"],"picked":"SKIP","floor":38.0},{"not_picked":["Dagger Throw+1"],"picked":"SKIP","floor":40.0},{"not_picked":["Blur"],"picked":"SKIP","floor":44.0},{"not_picked":["Accuracy"],"picked":"SKIP","floor":46.0},{"not_picked":["Blade Dance+1"],"picked":"SKIP","floor":48.0},{"not_picked":["Bane+1"],"picked":"SKIP","floor":55.0}],"player_experience":54747,"relics_obtained":[{"floor":6.0,"key":"Oddly Smooth Stone"},{"floor":10.0,"key":"Lantern"},{"floor":14.0,"key":"Boot"},{"floor":20.0,"key":"Juzu Bracelet"},{"floor":23.0,"key":"Molten Egg 2"},{"floor":25.0,"key":"Nunchaku"},{"floor":26.0,"key":"Toy Ornithopter"},{"floor":29.0,"key":"Bag of Marbles"},{"floor":37.0,"key":"StoneCalendar"},{"floor":40.0,"key":"Anchor"},{"floor":43.0,"key":"Letter Opener"},{"floor":46.0,"key":"Whetstone"},{"floor":47.0,"key":"The Courier"},{"floor":55.0,"key":"Blood Vial"}],"event_choices":[{"damage_healed":0.0,"max_hp_gain":0.0,"max_hp_loss":0.0,"gold_gain":0.0,"event_name":"The Cleric","player_choice":"Leave","floor":5.0,"gold_loss":0.0,"damage_taken":0.0},{"damage_healed":0.0,"max_hp_gain":0.0,"max_hp_loss":0.0,"gold_gain":0.0,"event_name":"Living Wall","player_choice":"Grow","floor":8.0,"gold_loss":0.0,"damage_taken":0.0,"cards_upgraded":["Madness"]},{"cards_removed":["Strike_G"],"damage_healed":0.0,"max_hp_gain":0.0,"max_hp_loss":0.0,"gold_gain":0.0,"event_name":"Purifier","player_choice":"Purged","floor":11.0,"gold_loss":0.0,"damage_taken":0.0},{"cards_removed":["Strike_G"],"damage_healed":0.0,"max_hp_gain":0.0,"max_hp_loss":0.0,"gold_gain":0.0,"event_name":"Back to Basics","player_choice":"Elegance","floor":19.0,"gold_loss":0.0,"damage_taken":0.0},{"damage_healed":0.0,"max_hp_gain":0.0,"max_hp_loss":0.0,"gold_gain":0.0,"event_name":"Match and Keep!","player_choice":"1 cards matched","floor":24.0,"gold_loss":0.0,"damage_taken":0.0,"cards_obtained":["Neutralize"]},{"damage_healed":0.0,"max_hp_gain":0.0,"max_hp_loss":35.0,"gold_gain":0.0,"event_name":"Ghosts","player_choice":"Became a Ghost","floor":27.0,"gold_loss":0.0,"damage_taken":0.0,"cards_obtained":["Ghostly","Ghostly","Ghostly"]},{"damage_healed":0.0,"max_hp_gain":5.0,"max_hp_loss":0.0,"gold_gain":0.0,"event_name":"Forgotten Altar","player_choice":"Shed Blood","floor":30.0,"gold_loss":0.0,"damage_taken":12.0},{"damage_healed":0.0,"max_hp_gain":0.0,"max_hp_loss":0.0,"gold_gain":0.0,"event_name":"Mysterious Sphere","player_choice":"Fight","floor":37.0,"gold_loss":0.0,"damage_taken":0.0},{"cards_removed":["PiercingWail"],"damage_healed":0.0,"max_hp_gain":0.0,"max_hp_loss":0.0,"gold_gain":0.0,"event_name":"Falling","player_choice":"Removed Skill","floor":41.0,"gold_loss":0.0,"damage_taken":0.0},{"damage_healed":0.0,"max_hp_gain":0.0,"max_hp_loss":0.0,"gold_gain":0.0,"event_name":"Winding Halls","player_choice":"Embrace Madness","floor":45.0,"gold_loss":0.0,"damage_taken":7.0,"cards_obtained":["Madness","Madness"]}],"is_beta":false,"boss_relics":[{"not_picked":["Runic Dome","Pandora\u0027s Box"],"picked":"Busted Crown"},{"not_picked":["Black Star","WristBlade"],"picked":"SacredBark"}],"items_purged_floors":[],"is_endless":false,"potions_floor_spawned":[1,12,14,22,29,31,33,35,37,38,46,55],"ascension_level":20}}