{"host":"ju58ncaxwefs1zmn","time":1611593161,"event":{"mods":["100% Spire Juice","2.2 Compatiblity","Act Like it!","Aspiration","BaseMod","CapriCore","ChefMod","Colored Map","Gensokyo","Hermit","Highlight Path","HololiveMod","Hubris","Infinite Spire","Koishi","Marisa????????","Minty Spire (QoL Compilation)","Permanent Neow","Quick Restart","Random Character Button","Reliquary","Robot Space Explorer","StSLib","The Animator","The Cursed","The Hierophant","The Immortal","The Marked","The Servant 0.9.4","The Showman","TheBandit","Wandering Minibosses","Yakumo Yukari mod"],"gold_per_floor":[113,188,188,204,129,164,164,37,37,68,68,68,109,137,137,233,233,233,233],"floor_reached":18,"language":"ENG","playtime":1225,"items_purged":["animator:Strike"],"score":338,"play_id":"b65571e8-0697-4ee5-b1c9-c68d494f77d0","local_time":"20210125084601","is_ascension_mode":true,"campfire_choices":[{"data":"animator:AcuraAkari","floor":7,"key":"SMITH"},{"data":"animator:DolaStephanie","floor":11,"key":"SMITH"},{"data":"animator:KrulTepes","floor":15,"key":"SMITH"}],"circlet_count":0,"master_deck":["AscendersBane","animator:Strike_HitsugiNoChaika","animator:Defend_HitsugiNoChaika","animator:Defend","animator:Defend","animator:Defend","animator:AcuraAkari+1","animator:Gillette","animator:PandorasActor","animator:RoryMercury","animator:DolaStephanie+1","animator:Viivi","animator:YunYun","animator:KrulTepes+1","animator:Envy"],"relics":["animator:LivingPicture","animator:TheMissingPiece","animator:PurgingStone","NeowsBlessing","Dream Catcher","aspiration:FetidBarrel","Golden Idol","Centennial Puzzle","aspiration:IroncladSkillbook"],"acts_visited":["Exordium","TheCity"],"potions_floor_usage":[],"damage_taken":[{"damage":0,"enemies":"2 Louse","floor":1,"turns":1},{"damage":0,"enemies":"Small Slimes","floor":4,"turns":1},{"damage":0,"enemies":"Lagavulin","floor":6,"turns":1},{"damage":1,"enemies":"Jaw Worm","floor":10,"turns":2},{"damage":10,"enemies":"3 Sentries","floor":13,"turns":7},{"damage":2,"enemies":"Looter","floor":14,"turns":2},{"damage":19,"enemies":"Hexaghost","floor":16,"turns":7},{"damage":26,"enemies":"Shell Parasite","floor":18,"turns":4}],"seed_played":"-4692435656101979005","potions_obtained":[{"floor":4,"key":"Swift Potion"}],"is_trial":false,"path_per_floor":["M","?","?","M","?","E","R","$","T","M","R","?","E","M","R","B",null,"M"],"character_chosen":"THE_ANIMATOR","items_purchased":["Fire Potion"],"campfire_rested":0,"item_purchase_floors":[8],"current_hp_per_floor":[54,43,43,43,43,43,43,43,43,42,42,42,32,30,30,11,43,17,17],"gold":233,"neow_bonus":"THREE_ENEMY_KILL","is_daily":false,"chose_seed":false,"campfire_upgraded":3,"win_rate":0.0,"timestamp":1611593161,"path_taken":["M","?","?","M","?","E","R","$","T","M","R","?","E","M","R","BOSS","M"],"items_purchased_type":["Potion"],"build_version":"2020-12-22","purchased_purges":1,"victory":false,"max_hp_per_floor":[60,60,60,60,60,60,60,60,60,60,60,54,54,54,54,54,54,54,54],"card_choices":[{"not_picked":["animator:Sloth","animator:Chung"],"picked":"animator:PandorasActor","floor":1},{"not_picked":["animator:Genos","animator:Alexander"],"picked":"animator:RoryMercury","floor":4},{"not_picked":["animator:Benimaru","animator:ZankiKiguchi"],"picked":"animator:DolaStephanie","floor":6},{"not_picked":["animator:Gillette","animator:Guy"],"picked":"animator:Viivi","floor":10},{"not_picked":["animator:Entoma","animator:Kuribayashi"],"picked":"animator:YunYun","floor":13},{"not_picked":["animator:MumenRider","animator:LizardPriest"],"picked":"animator:KrulTepes","floor":14},{"not_picked":["animator:Albedo","animator:Shiro"],"picked":"animator:Envy","floor":16}],"player_experience":1164150,"relics_obtained":[{"floor":6,"key":"Dream Catcher"},{"floor":9,"key":"aspiration:FetidBarrel"},{"floor":13,"key":"Centennial Puzzle"}],"event_choices":[{"damage_healed":0,"gold_gain":75,"player_choice":"Gather Gold","damage_taken":11,"max_hp_gain":0,"max_hp_loss":0,"event_name":"World of Goop","floor":2,"gold_loss":0},{"cards_removed":["animator:Strike"],"damage_healed":0,"gold_gain":0,"player_choice":"Forget","damage_taken":0,"max_hp_gain":0,"max_hp_loss":0,"event_name":"Living Wall","floor":3,"gold_loss":0},{"cards_removed":["animator:Strike"],"damage_healed":0,"gold_gain":0,"player_choice":"Card Removal","damage_taken":0,"max_hp_gain":0,"max_hp_loss":0,"event_name":"The Cleric","floor":5,"gold_loss":75},{"damage_healed":0,"gold_gain":0,"player_choice":"Lose Max HP","damage_taken":0,"relics_obtained":["Golden Idol"],"max_hp_gain":0,"max_hp_loss":6,"event_name":"Golden Idol","floor":12,"gold_loss":0}],"is_beta":false,"boss_relics":[{"not_picked":["Busted Crown","aspiration:RitualDagger"],"picked":"aspiration:IroncladSkillbook"}],"items_purged_floors":[8],"is_endless":false,"potions_floor_spawned":[4,10,13,16],"killed_by":"Shell Parasite","ascension_level":15}}