{"host":"ees9py5fbpv5lclk","time":1611539355,"event":{"mods":["AchievementEnabler","BaseMod","Challenge The Spire","Colored Map","Colored Powertips","Conspire","Downfall","Hermit","Hero for Fun","Infinite Spire","Minty Spire (QoL Compilation)","Replay The Spire","Shop Mod","Spicy Shops","StSLib","SuperFastMode","The Bug Knight","The Cursed","The Dragon Tamer","The Servant 0.9.4"],"gold_per_floor":[99,109,109,122,222,285,285,305,324,341,341,391,391,391],"floor_reached":13,"language":"ENG","playtime":1223,"items_purged":[],"score":77,"play_id":"d9a0b15c-5b8e-4ddd-872d-4b7df4bf2e65","local_time":"20210124204915","is_ascension_mode":false,"campfire_choices":[{"floor":1,"key":"RECALL"},{"floor":11,"key":"REST"}],"circlet_count":0,"master_deck":["Strike_S","Strike_S","Strike_S","Strike_S","Defend_S","Defend_S","Defend_S","Defend_S","KidneyShot","Exchange","Potential","Spin","SpecialFormula","Unruled","Ricochet","Rewind","TimeWarp"],"relics":["Uniform","downfall:CloakOfManyFaces","CultistMask","FaceOfCleric","NlothsMask","GremlinMask","SsserpentHead"],"acts_visited":["Exordium"],"potions_floor_usage":[5,10],"damage_taken":[{"damage":10,"enemies":"Jaw Worm","floor":2,"turns":4},{"damage":17,"enemies":"conspire:RoseBush","floor":4,"turns":2},{"damage":24,"enemies":"downfall:FaceTrader","floor":5,"turns":15},{"damage":5,"enemies":"Cultist","floor":6,"turns":4},{"damage":3,"enemies":"2 Fungi Beasts","floor":8,"turns":3},{"damage":25,"enemies":"conspire:2 RoseBushes","floor":9,"turns":5},{"damage":4,"enemies":"Red Slaver","floor":10,"turns":3},{"damage":31,"enemies":"3 Sentries","floor":13,"turns":4}],"seed_played":"68887607898506568","potions_obtained":[{"floor":4,"key":"Dexterity Potion"},{"floor":8,"key":"Flashbang"},{"floor":10,"key":"BlessingOfTheForge"}],"is_trial":false,"path_per_floor":["R","M","?","M","?","M","T","M","M","M","R","?","E"],"character_chosen":"THE_SERVANT","items_purchased":[],"campfire_rested":1,"item_purchase_floors":[],"current_hp_per_floor":[71,61,61,44,20,21,21,24,5,2,24,24,0,0],"gold":391,"neow_bonus":"TEN_PERCENT_HP_BONUS","is_daily":false,"chose_seed":false,"campfire_upgraded":0,"win_rate":0.0,"timestamp":1611539355,"path_taken":["R","M","?","M","?","?","T","M","M","M","R","?","E"],"items_purchased_type":[],"build_version":"2020-12-22","purchased_purges":0,"victory":false,"max_hp_per_floor":[71,71,71,71,71,72,72,73,74,75,75,75,75,75],"card_choices":[{"not_picked":["Moonlight","Defy"],"picked":"Potential","floor":2},{"not_picked":["Potential","Starlight"],"picked":"Spin","floor":4},{"not_picked":["TimeWarp","FastForward"],"picked":"SpecialFormula","floor":5},{"not_picked":["ShiftingGears","GearUp"],"picked":"Unruled","floor":6},{"not_picked":["Rearm","ShatteredReality"],"picked":"Ricochet","floor":8},{"not_picked":["ShatteredReality","Unruled"],"picked":"Rewind","floor":9},{"not_picked":["RealityMarble","BottledTime"],"picked":"TimeWarp","floor":10}],"player_experience":132534,"relics_obtained":[{"floor":5,"key":"downfall:CloakOfManyFaces"}],"event_choices":[],"is_beta":false,"boss_relics":[],"items_purged_floors":[],"is_endless":false,"potions_floor_spawned":[4,8,10],"killed_by":"3 Sentries","ascension_level":0}}