{"host":"mn5kbj4x7gv3jr0o","time":1611572194,"event":{"mods":["2.2 Compatiblity","A Magickal Journey","AchievementEnabler","Ascension Reborn","Ascension Unlocker","Aspiration","BaseMod","Bestiary","Better Altar","Better Note","Better Sensory Stone","Better Silent Start","Better Skull","Better Third Choice","Better Vampires","Better-Laid Plans","BetterRewards","Block Reminder","CCEM","Colored Powertips","Colorless Booster Pack","Conjunction","Conspire","Curses Come First","Dota2Spire","Downfall","Emptier Cage","Energized Spire","Fox Events","GifTheSpireLib","Halation","HololiveMod","Hubris","Infinite Spire","Ironclad Rager","Jess\u0027s Bottle","Keyboard Shortcuts","Minty Spire (QoL Compilation)","Mirrors Mod","Poem Panic","Potion Indicator Mod","Potionbrewer","Puzzle Mod","Quarter Circle Forward PUNCH!","Quick Restart","Random Character Button","RatMod","Relic Sorter","Retaliation","Reworked Bosses","SCP261 Mod","SacredBarkPlus","Shop Mod","Small Relic Pack","Spicy Shops","Spikes Relics","StS++","StSLib","Stuff the Spire","The Blue Laboratory","Thieving Mod","Trackpad","Uncapped","UnlockEverythingMod","Useless Jewels Mod","Virulent Crown"],"gold_per_floor":[111,142,142,158,177,192,413,424,473,166,181,181,181],"floor_reached":12,"language":"ENG","playtime":1148,"items_purged":[],"score":72,"play_id":"6ff819b2-fd79-43c9-8444-0cf62925759b","local_time":"20210125055634","is_ascension_mode":true,"campfire_choices":[],"circlet_count":0,"master_deck":["Strike_P","Strike_P","Strike_P","Strike_P","Defend_P","Defend_P","Defend_P","Defend_P","Eruption","Vigilance","EmptyFist","StSpp:LatentStrike","ThirdEye","LikeWater","conspire:Banana","PathToVictory"],"relics":["halation:Risk","Dota2Spire:BladeMail","trackpad:WritersBlock","hubris:Towel","Art of War"],"acts_visited":["Exordium"],"potions_floor_usage":[12],"damage_taken":[{"damage":0,"enemies":"Small Slimes","floor":1,"turns":5},{"damage":22,"enemies":"conspire:MimicChest","floor":2,"turns":4},{"damage":1,"enemies":"Jaw Worm","floor":4,"turns":3},{"damage":0,"enemies":"2 Louse","floor":5,"turns":3},{"damage":0,"enemies":"Red Slaver","floor":6,"turns":4},{"damage":0,"enemies":"Looter","floor":8,"turns":4},{"damage":0,"enemies":"Blue Slaver","floor":11,"turns":2},{"damage":38,"enemies":"3 Sentries","floor":12,"turns":8}],"seed_played":"-3768440317130844104","potions_obtained":[{"floor":2,"key":"Explosive Potion"},{"floor":6,"key":"potionbrewer:BarricadePotion"},{"floor":8,"key":"Slimebound:ThreeZeroPotion"}],"is_trial":false,"path_per_floor":["M","?","?","M","M","M","?","M","T","$","M","E"],"character_chosen":"WATCHER","items_purchased":["LikeWater","conspire:Banana","Art of War"],"campfire_rested":0,"item_purchase_floors":[10,10,10],"current_hp_per_floor":[72,50,50,49,49,49,33,33,33,33,33,0,0],"gold":181,"neow_bonus":"BOSS_RELIC","is_daily":false,"chose_seed":false,"campfire_upgraded":0,"win_rate":0.0,"timestamp":1611572194,"path_taken":["M","?","?","M","?","M","?","M","T","$","M","E"],"items_purchased_type":["Card","Card","Relic"],"build_version":"2020-12-22","purchased_purges":0,"victory":false,"max_hp_per_floor":[72,72,72,72,72,72,72,72,72,72,72,74,74],"card_choices":[{"not_picked":["BowlingBash","SignatureMove","CrushJoints"],"picked":"SKIP","floor":1},{"not_picked":["FlurryOfBlows","Weave"],"picked":"EmptyFist","floor":2},{"not_picked":["EmptyBody","CrushJoints","Establishment"],"picked":"SKIP","floor":4},{"not_picked":["CrushJoints","ClearTheMind"],"picked":"StSpp:LatentStrike","floor":5},{"not_picked":["EmptyMind","WheelKick"],"picked":"ThirdEye","floor":6},{"not_picked":["CrushJoints","Consecrate","Vengeance"],"picked":"SKIP","floor":8},{"not_picked":["Halt","Study"],"picked":"PathToVictory","floor":11}],"player_experience":153259,"relics_obtained":[{"floor":2,"key":"trackpad:WritersBlock"},{"floor":9,"key":"Dota2Spire:BladeMail"}],"event_choices":[{"damage_healed":0,"gold_gain":221,"player_choice":"GO GO ","damage_taken":18,"relics_obtained":[],"max_hp_gain":0,"max_hp_loss":0,"event_name":"betterSkull:BetterSkull","floor":7,"gold_loss":0,"cards_upgraded":[]}],"is_beta":false,"boss_relics":[],"items_purged_floors":[],"is_endless":false,"potions_floor_spawned":[2,6,8],"killed_by":"3 Sentries","ascension_level":0}}