{"host":"vfg9szunmpjwj08o","time":1611617674,"event":{"mods":["Act Like it!","BaseMod","Challenge The Spire","Colored Map","Colored Powertips","Conspire","Dark Map","Minty Spire (QoL Compilation)","Relic Stats","StSLib","Waifu the Spire"],"gold_per_floor":[130,205,236,268,368,422,171,171,171],"floor_reached":8,"language":"ENG","playtime":261,"items_purged":["Regret"],"score":78,"play_id":"3a9cfc7f-b363-4f22-bb11-ef089b95f318","local_time":"20210126003434","is_ascension_mode":true,"campfire_choices":[],"circlet_count":0,"master_deck":["Strike_P","Strike_P","Strike_P","Strike_P","Defend_P","Defend_P","Defend_P","Defend_P","Eruption","Vigilance","HandOfGreed","CutThroughFate","Halt","Study","Sanctity","Secret Technique"],"relics":["PureWater","Question Card"],"acts_visited":["Exordium"],"potions_floor_usage":[6],"damage_taken":[{"damage":0,"enemies":"2 Louse","floor":1,"turns":3},{"damage":0,"enemies":"Cultist","floor":3,"turns":2},{"damage":7,"enemies":"conspire:RoseBush","floor":4,"turns":4},{"damage":24,"enemies":"3 Sentries","floor":6,"turns":4},{"damage":58,"enemies":"Lagavulin","floor":8,"turns":3}],"seed_played":"-1103910531359614778","potions_obtained":[{"floor":3,"key":"PowerPotion"}],"is_trial":false,"path_per_floor":["M","?","M","M","?","E","$","E"],"character_chosen":"WATCHER","items_purchased":["Secret Technique"],"campfire_rested":0,"item_purchase_floors":[7],"current_hp_per_floor":[65,58,58,51,51,27,27,0,0],"gold":171,"neow_bonus":"RANDOM_COLORLESS_2","is_daily":false,"chose_seed":false,"campfire_upgraded":0,"win_rate":0.0,"timestamp":1611617674,"path_taken":["M","?","M","?","?","E","$","E"],"items_purchased_type":["Card"],"build_version":"2020-12-22","purchased_purges":1,"victory":false,"max_hp_per_floor":[72,72,72,72,72,72,72,72,72],"relic_stats":{"counters":[5,16],"Question Card":0,"obtain_stats":[{"PureWater":0,"Question Card":6},{"PureWater":0,"Question Card":4},{"PureWater":0,"Question Card":13}]},"card_choices":[{"not_picked":["The Bomb","Transmutation"],"picked":"HandOfGreed","floor":0},{"not_picked":["Consecrate","Tantrum"],"picked":"CutThroughFate","floor":1},{"not_picked":["WreathOfFlame","Protect"],"picked":"Halt","floor":3},{"not_picked":["CarveReality","BattleHymn"],"picked":"Study","floor":4},{"not_picked":["Conclude","Tantrum"],"picked":"Sanctity","floor":6}],"player_experience":1081074,"relics_obtained":[{"floor":6,"key":"Question Card"}],"event_choices":[{"damage_healed":0,"gold_gain":75,"player_choice":"Touch","damage_taken":7,"max_hp_gain":0,"max_hp_loss":0,"event_name":"FaceTrader","floor":2,"gold_loss":0},{"damage_healed":0,"gold_gain":100,"player_choice":"Gold","damage_taken":0,"max_hp_gain":0,"max_hp_loss":0,"event_name":"Wheel of Change","floor":5,"gold_loss":0}],"is_beta":false,"boss_relics":[],"items_purged_floors":[7],"is_endless":false,"potions_floor_spawned":[3],"killed_by":"Lagavulin","ascension_level":8}}