{"host":"ga4s3hj9m6nkn6gp","time":1611597156,"event":{"mods":["AchievementEnabler","BaseMod","Bestiary","Colored Powertips","Highlight Path","Minty Spire (QoL Compilation)","Relic Stats","everything is the same but u backflip on backflip"],"gold_per_floor":[119,135,150,166,184,217,44,70,70,88,100,117,134,134,134],"floor_reached":14,"language":"ENG","playtime":1238,"items_purged":[],"score":216,"play_id":"8fd6492b-254c-4988-b8da-065290c5d869","local_time":"20210125185236","is_ascension_mode":true,"campfire_choices":[],"circlet_count":0,"master_deck":["AscendersBane","Strike_G","Strike_G","Strike_G","Strike_G","Strike_G","Defend_G","Defend_G","Defend_G","Defend_G","Defend_G","Survivor","Neutralize","Cloak And Dagger","Escape Plan","Dash","Dagger Throw","Slice","Footwork","Terror","Eviscerate","Well Laid Plans"],"relics":["SacredBark","Pantograph","Bag of Marbles"],"acts_visited":["Exordium"],"potions_floor_usage":[5,6,6,12],"damage_taken":[{"damage":6,"enemies":"Cultist","floor":1,"turns":5},{"damage":1,"enemies":"Small Slimes","floor":2,"turns":5},{"damage":3,"enemies":"Jaw Worm","floor":3,"turns":4},{"damage":1,"enemies":"Looter","floor":4,"turns":4},{"damage":5,"enemies":"Gremlin Gang","floor":5,"turns":6},{"damage":31,"enemies":"Lagavulin","floor":6,"turns":9},{"damage":20,"enemies":"3 Sentries","floor":8,"turns":15},{"damage":0,"enemies":"3 Louse","floor":10,"turns":5},{"damage":12,"enemies":"Large Slime","floor":11,"turns":7},{"damage":0,"enemies":"Red Slaver","floor":12,"turns":3},{"damage":7,"enemies":"3 Louse","floor":13,"turns":3},{"damage":29,"enemies":"Gremlin Nob","floor":14,"turns":3}],"seed_played":"-2068539377779268269","potions_obtained":[{"floor":3,"key":"CunningPotion"},{"floor":4,"key":"Regen Potion"},{"floor":5,"key":"Fire Potion"},{"floor":6,"key":"Swift Potion"}],"is_trial":false,"path_per_floor":["M","M","M","M","M","E","$","E","T","M","M","M","M","E"],"character_chosen":"THE_SILENT","items_purchased":["Footwork","Terror"],"campfire_rested":0,"item_purchase_floors":[7,7],"current_hp_per_floor":[53,52,49,48,43,56,56,36,36,36,24,24,17,0,0],"gold":134,"neow_bonus":"BOSS_RELIC","is_daily":false,"chose_seed":false,"campfire_upgraded":0,"win_rate":0.0,"timestamp":1611597156,"path_taken":["M","M","M","M","M","E","?","E","T","?","M","M","M","E"],"items_purchased_type":["Card","Card"],"build_version":"2020-12-22","purchased_purges":0,"victory":false,"max_hp_per_floor":[66,66,66,66,66,66,66,66,66,66,66,66,66,66,66],"relic_stats":{"counters":[12,69],"Pantograph":0,"obtain_stats":[{"SacredBark":0,"Pantograph":8,"Bag of Marbles":9,"Ring of the Snake":0},{"SacredBark":0,"Pantograph":7,"Bag of Marbles":7,"Ring of the Snake":0},{"SacredBark":0,"Pantograph":48,"Bag of Marbles":48,"Ring of the Snake":0}]},"card_choices":[{"not_picked":["Caltrops","Distraction"],"picked":"Cloak And Dagger","floor":1},{"not_picked":["Blur","Distraction"],"picked":"Escape Plan","floor":2},{"not_picked":["Predator","Bane"],"picked":"Dash","floor":3},{"not_picked":["Cloak And Dagger","Blade Dance"],"picked":"Dagger Throw","floor":4},{"not_picked":["Dodge and Roll","Bane","Cloak And Dagger"],"picked":"SKIP","floor":5},{"not_picked":["Acrobatics","Envenom"],"picked":"Slice","floor":6},{"not_picked":["Deflect","Footwork","Flying Knee"],"picked":"SKIP","floor":8},{"not_picked":["Flying Knee","Tactician"],"picked":"Eviscerate","floor":10},{"not_picked":["Tactician","Riddle With Holes","Sucker Punch"],"picked":"SKIP","floor":11},{"not_picked":["Flying Knee","Sucker Punch"],"picked":"Well Laid Plans","floor":12},{"not_picked":["Flying Knee","Deadly Poison","Cloak And Dagger"],"picked":"SKIP","floor":13}],"player_experience":689035,"relics_obtained":[{"floor":8,"key":"Pantograph"},{"floor":9,"key":"Bag of Marbles"}],"event_choices":[],"is_beta":false,"boss_relics":[],"items_purged_floors":[],"is_endless":false,"potions_floor_spawned":[3,4,5,6],"killed_by":"Gremlin Nob","ascension_level":20}}