{"host":"dwyzfvnzfcqffr30","time":1611578882,"event":{"mods":["2.2 Compatiblity","Act Like it!","Aspiration","BaseMod","Beaked The Cultist","Better Altar","Better Match","Better Note","Better Sensory Stone","Better Skull","Better Third Choice","Clockwork Mod","Colored Map","Colored Powertips","Conspire","Elementarium","GifTheSpireLib","Halation","Hermit","Hubris","Infinite Spire","Ironclad Rager","Jedi Mod","Menagerie","Mimic Mod","Minty Spire (QoL Compilation)","Permanent Neow","Random Character Button","Reliquary","Replay The Spire","Spicy Shops","Spikes Relics","StSLib","Stuff the Spire","The Construct","The Disciple","The Druid","The Marked","TheFirefly","Trackpad","Wandering Minibosses"],"gold_per_floor":[116,41,41,64,87,119,119,119,142,184,10,10,36,52,52,153,153,182,211,211,211,8,8,40,40,74,110,38,38,55,72,72,175,175,206,239,267,47,94,94,129,147,182,213,252,6,17,43,43,43,43,43,19,48,48],"floor_reached":56,"language":"ENG","playtime":5006,"items_purged":["ICR:ShieldBash+1","SecondHand+1"],"score":1539,"play_id":"5a62e410-c12e-4948-9e46-9a564e5a608e","local_time":"20210125044802","is_ascension_mode":true,"campfire_choices":[{"floor":8.0,"key":"REST"},{"floor":12.0,"key":"REST"},{"floor":15,"key":"RECALL"},{"data":"SecondHand","floor":23,"key":"SMITH"},{"floor":25,"key":"REST"},{"data":"hermit:Coalescence+2","floor":32,"key":"SMITH"},{"data":"hermit:Snipe+1","floor":40,"key":"SMITH"},{"floor":49,"key":"REST"},{"data":"hermit:Snipe+2","floor":49,"key":"SMITH"},{"data":"hermit:FlashPowder+1","floor":52,"key":"SMITH"}],"circlet_count":0,"master_deck":["Limit Break+1","hermit:Strike_Hermit+1","hermit:Strike_Hermit+1","hermit:Strike_Hermit+1","hermit:Strike_Hermit+1","hermit:Defend_Hermit+1","hermit:Defend_Hermit+1","hermit:Defend_Hermit+1","hermit:Defend_Hermit+1","hermit:Snapshot+1","hermit:Determination+1","hermit:Determination+1","Apotheosis+1","MasterReality+1","hermit:Coalescence+3","hermit:Glare+1","hermit:Gestalt+1","hermit:FlashPowder+2","hermit:Maintenance+1","hermit:Gestalt+1","hermit:Grudge+1","CommonCold","Clockwork:WarmUp+1","StuffTheSpire:PlasmaPulse+1","infinitespire:Execution+1","hermit:Snipe+3"],"relics":["hermit:Momento","Bottled Tornado","conspire:InfiniteJournal","SacredBark","infinitespire:EvilPickle","Quantum Egg","Frozen Egg 2","Molten Egg 2","Toxic Egg 2","halation:PromiseList","reliquary:PartyBalloon","trackpad:CultistFigurine","StuffTheSpire:Experiment12","reliquary:WritOfMandamus","hubris:Towel","Membership Card","jedi:firstaidkit","infinitespire:WardingShard","aspiration:SeaSaltIceCream","aspiration:Nostalgia","Cracked Core","Ancient Tea Set","Pen Nib","ReplayTheSpireMod:SealedPack","hermit:PetGhost","trackpad:BiPhaseBiplane","infinitespire:Magic Flask","Kunai","trackpad:ZombieHeart","Calipers","Akabeko","GiantMaggot","conspire:DeflatedDodgeball","StrikeDummy","aspiration:AnachronicSnailShell"],"acts_visited":["Exordium","TheCity","TheBeyond","TheEnding"],"potions_floor_usage":[16,19,24,30,30,33,33,39,42,50,54],"damage_taken":[{"damage":4.0,"enemies":"Small Slimes","floor":1.0,"turns":4.0},{"damage":0.0,"enemies":"Cultist","floor":4.0,"turns":3.0},{"damage":0.0,"enemies":"2 Louse","floor":5.0,"turns":3.0},{"damage":0.0,"enemies":"Gremlin Nob","floor":6.0,"turns":1.0},{"damage":14.0,"enemies":"3 Sentries","floor":10.0,"turns":7.0},{"damage":6.0,"enemies":"Gremlin Nob","floor":13.0,"turns":3.0},{"damage":1.0,"enemies":"Red Slaver","floor":14.0,"turns":5.0},{"damage":0,"enemies":"Fading Forest","floor":16,"turns":9},{"damage":3,"enemies":"Chosen","floor":18,"turns":6},{"damage":0,"enemies":"Spheric Guardian","floor":19,"turns":3},{"damage":25,"enemies":"Replay:Snechameleon","floor":24,"turns":6},{"damage":0,"enemies":"Snecko","floor":26,"turns":7},{"damage":15,"enemies":"conspire:Head Lice","floor":27,"turns":8},{"damage":0,"enemies":"Snecko","floor":30,"turns":5},{"damage":19,"enemies":"Shelled Parasite and Fungi","floor":31,"turns":5},{"damage":14,"enemies":"Champ","floor":33,"turns":7},{"damage":0,"enemies":"3 Shapes","floor":35,"turns":5},{"damage":1,"enemies":"Orb Walker","floor":36,"turns":4},{"damage":15,"enemies":"Writhing Mass","floor":37,"turns":4},{"damage":5,"enemies":"2 Orb Walkers","floor":39,"turns":6},{"damage":1,"enemies":"Giant Head","floor":41,"turns":6},{"damage":2,"enemies":"Jaw Worm Horde","floor":42,"turns":3},{"damage":0,"enemies":"Maw","floor":43,"turns":8},{"damage":3,"enemies":"Maw","floor":44,"turns":6},{"damage":0,"enemies":"R_Hoarder","floor":45,"turns":7},{"damage":3,"enemies":"Sphere and 2 Shapes","floor":47,"turns":4},{"damage":1,"enemies":"Giant Head","floor":48,"turns":7},{"damage":5,"enemies":"Replay:Hell Engine","floor":50,"turns":8},{"damage":0,"enemies":"Shield and Spear","floor":54,"turns":4},{"damage":24,"enemies":"The Heart","floor":55,"turns":9}],"seed_played":"5322728304454426763","potions_obtained":[{"floor":3.0,"key":"SkillPotion"},{"floor":3.0,"key":"hermit:Eclipse"},{"floor":4.0,"key":"jedi:StrikingPotion"},{"floor":13.0,"key":"hermit:Tonic"},{"floor":16,"key":"Explosive Potion"},{"floor":24,"key":"Venom Potion"},{"floor":30,"key":"Strength Potion"},{"floor":36,"key":"jedi:tentaclejuice"},{"floor":39,"key":"SkillPotion"},{"floor":44,"key":"Energy Potion"},{"floor":47,"key":"hermit:BlackBile"}],"is_trial":false,"path_per_floor":["M","$","?","M","M","E","?","R","T","E","$","R","E","M","R","B",null,"M","M","?","?","$","R","E","R","MIM","E","$","?","M","M","R","B",null,"M","M","M","$","?","R","E","M","MIM","M","E","$","M","E","R","B",null,"R","$","E","B",null],"character_chosen":"HERMIT","items_purchased":["hermit:Gestalt+1","Strength Potion","Membership Card","jedi:holywater","Pen Nib","hermit:PetGhost","trackpad:BiPhaseBiplane","hermit:Snipe+1","GiantMaggot","conspire:DeflatedDodgeball","Fire Potion"],"campfire_rested":4,"item_purchase_floors":[11,11,22,22,28,38,38,38,46,46,53],"current_hp_per_floor":[64,64,64,64,64,64,47,69,69,55,55,75,69,68,68,75,75,72,72,72,72,72,72,47,69,69,64,64,64,64,68,68,60,71,71,72,59,59,65,65,64,62,62,60,61,61,63,65,81,77,81,81,81,83,85],"gold":48,"neow_bonus":"THREE_RARE_CARDS","is_daily":false,"chose_seed":false,"campfire_upgraded":5,"win_rate":0.0,"timestamp":1611578882,"path_taken":["M","$","?","M","?","E","?","R","T","E","$","R","E","?","R","BOSS","M","M","?","?","$","R","E","R","MIM","E","?","?","M","?","R","BOSS","M","?","?","$","?","R","E","M","MIM","M","E","?","M","E","R","BOSS","R","$","E","BOSS"],"items_purchased_type":["Card","Potion","Relic","Potion","Relic","Relic","Relic","Card","Relic","Relic","Potion"],"build_version":"2020-12-22","purchased_purges":2,"victory":true,"max_hp_per_floor":[75,75,75,75,75,75,75,75,75,75,75,75,75,75,75,75,75,75,75,75,75,75,75,75,75,75,75,75,75,75,75,75,75,75,75,75,75,75,75,75,75,75,75,76,77,77,80,81,81,82,82,82,82,84,85],"card_choices":[{"not_picked":["hermit:Combo+1","hermit:BodyArmor+1"],"picked":"hermit:Coalescence+1","floor":1.0},{"not_picked":["hermit:TrackingShot+1","hermit:ItchyTrigger+1","hermit:Headshot+1"],"picked":"SKIP","floor":4.0},{"not_picked":["hermit:CalledShot+1","hermit:Ricochet+1","hermit:Roulette+1"],"picked":"SKIP","floor":5.0},{"not_picked":["hermit:Misfire+1","hermit:FinalCanter+1","hermit:TrackingShot+1"],"picked":"SKIP","floor":6.0},{"not_picked":["hermit:BodyArmor+1","hermit:HighCaliber+1"],"picked":"hermit:Glare+1","floor":10.0},{"not_picked":["hermit:Reprieve+1","hermit:Vantage+1","hermit:BodyArmor+1"],"picked":"SKIP","floor":13.0},{"not_picked":["hermit:Quickdraw+1","hermit:Misfire+1"],"picked":"hermit:FlashPowder+1","floor":14},{"not_picked":["hermit:Desperado+1","hermit:Coalescence+1"],"picked":"hermit:Maintenance+1","floor":18},{"not_picked":["hermit:LuckOfTheDraw+1","hermit:TakeCover+1"],"picked":"hermit:Gestalt+1","floor":19},{"not_picked":["hermit:HighCaliber+1","hermit:Headshot+1","hermit:DeadMansHand+1"],"picked":"SKIP","floor":24},{"not_picked":["hermit:Headshot+1","hermit:Gestalt+1"],"picked":"hermit:Grudge+1","floor":26},{"not_picked":["hermit:CalledShot+1","hermit:SprayPray+1","hermit:Virtue+1"],"picked":"SKIP","floor":27},{"not_picked":["hermit:LoneWolf+1","hermit:Determination+1","hermit:Midnight+1"],"picked":"SKIP","floor":30},{"not_picked":["hermit:EyeOfTheStorm+1","hermit:TrackingShot+1","hermit:Manifest+1"],"picked":"SKIP","floor":31},{"not_picked":["construct:AttackMode","hermit:Snapshot"],"picked":"Clockwork:WarmUp","floor":34},{"not_picked":["Dark Shackles","ReplayTheSpireMod:Private Reserves"],"picked":"StuffTheSpire:PlasmaPulse","floor":34},{"not_picked":["infinitespire:Menacing","ReplayTheSpireMod:??????????????????????"],"picked":"infinitespire:Execution","floor":34},{"not_picked":["hermit:Reprieve+1","hermit:BigShot+1","hermit:Feint+1"],"picked":"SKIP","floor":35},{"not_picked":["hermit:LowProfile+1","hermit:BlackWind+1","hermit:ShadowCloak+1"],"picked":"SKIP","floor":36},{"not_picked":["hermit:HoleUp+1","hermit:BigShot+1","hermit:Midnight+1"],"picked":"SKIP","floor":37},{"not_picked":["hermit:CalledShot+1","hermit:Roughhouse+1","hermit:ItchyTrigger+1"],"picked":"SKIP","floor":41},{"not_picked":["hermit:Showdown+1","hermit:HoleUp+1","hermit:WideOpen+1"],"picked":"SKIP","floor":42},{"not_picked":["hermit:Roulette+1","hermit:LowProfile+1","hermit:Cheat+1"],"picked":"SKIP","floor":44},{"not_picked":["hermit:NoHoldsBarred+1","hermit:WideOpen+1","hermit:HoleUp+1"],"picked":"SKIP","floor":45},{"not_picked":["hermit:Horror+1","hermit:NoHoldsBarred+1","hermit:Snipe+1"],"picked":"SKIP","floor":47},{"not_picked":["hermit:ShadowCloak+1","hermit:Ricochet+1","hermit:Misfire+1"],"picked":"SKIP","floor":48},{"not_picked":["hermit:HoleUp+1","hermit:HighCaliber+1","hermit:LowProfile+1"],"picked":"SKIP","floor":54}],"player_experience":2232697,"relics_obtained":[{"floor":6.0,"key":"halation:PromiseList"},{"floor":9.0,"key":"trackpad:CultistFigurine"},{"floor":10.0,"key":"StuffTheSpire:Experiment12"},{"floor":24,"key":"jedi:firstaidkit"},{"floor":26,"key":"infinitespire:WardingShard"},{"floor":26,"key":"aspiration:SeaSaltIceCream"},{"floor":27,"key":"Ancient Tea Set"},{"floor":39,"key":"infinitespire:Magic Flask"},{"floor":41,"key":"Kunai"},{"floor":43,"key":"trackpad:ZombieHeart"},{"floor":43,"key":"Calipers"},{"floor":45,"key":"Akabeko"},{"floor":48,"key":"StrikeDummy"},{"floor":54,"key":"aspiration:AnachronicSnailShell"}],"event_choices":[{"damage_healed":0.0,"max_hp_gain":0.0,"max_hp_loss":9.0,"gold_gain":0.0,"event_name":"betterThird:BetterWriting","player_choice":"Simplicity","floor":0.0,"gold_loss":0.0,"damage_taken":0.0},{"cards_removed":["hermit:Covet"],"damage_healed":0.0,"max_hp_gain":0.0,"max_hp_loss":0.0,"gold_gain":0.0,"event_name":"betterThird:BetterWriting","player_choice":"Elegance","floor":0.0,"gold_loss":0.0,"damage_taken":0.0},{"damage_healed":0.0,"max_hp_gain":0.0,"max_hp_loss":0.0,"gold_gain":0.0,"event_name":"Lab","player_choice":"Got Potions","floor":3.0,"gold_loss":0.0,"damage_taken":0.0},{"damage_healed":0.0,"max_hp_gain":0.0,"max_hp_loss":0.0,"gold_gain":0.0,"event_name":"betterSkull:BetterSkull","player_choice":"RE ","floor":7.0,"gold_loss":0.0,"damage_taken":19.0,"cards_upgraded":[],"relics_obtained":["reliquary:PartyBalloon"]},{"damage_healed":0,"gold_gain":0,"player_choice":"Upgraded","damage_taken":0,"max_hp_gain":0,"max_hp_loss":0,"event_name":"Upgrade Shrine","floor":21,"gold_loss":0,"cards_upgraded":["hermit:Coalescence"]},{"damage_healed":0,"gold_gain":0,"player_choice":"Ignored","damage_taken":0,"max_hp_gain":0,"max_hp_loss":0,"event_name":"Ghosts","floor":29,"gold_loss":0},{"damage_healed":0,"gold_gain":0,"player_choice":"Fight","damage_taken":0,"max_hp_gain":0,"max_hp_loss":0,"event_name":"Mysterious Sphere","floor":39,"gold_loss":0}],"is_beta":false,"boss_relics":[{"not_picked":["StuffTheSpire:RunicHypercube","halation:PlatinumPhoenix"],"picked":"reliquary:WritOfMandamus"},{"not_picked":["jedi:hotpepper","jedi:battlestandard"],"picked":"ReplayTheSpireMod:SealedPack"}],"items_purged_floors":[2,38],"is_endless":false,"potions_floor_spawned":[4,10,13,16,24,27,30,31,36,39,44,47],"ascension_level":7}}