{"host":"15aj5evy2lp05ri4","time":1611572186,"event":{"mods":["AchievementEnabler","BaseMod","Minty Spire (QoL Compilation)"],"gold_per_floor":[114,114,64,64,79,109,34,49,74,74,74,74,89,104,104,204,204,219,193,208,223,238,238,88,88,88,103,103,133,33,48,48,148,148,163,163,163,178,53,53,68,68,68,83,83,98,113,113,113,113],"floor_reached":51,"language":"ENG","playtime":937,"items_purged":["Strike_B","Bash","Zap+1"],"score":794,"play_id":"a4f3d591-a24d-4437-b549-68faae826c19","local_time":"20210125115626","daily_mods":["Chimera","Time Dilation","Lethality"],"is_ascension_mode":false,"campfire_choices":[{"data":"Eruption","floor":10,"key":"SMITH"},{"data":"Seeing Red","floor":12,"key":"SMITH"},{"data":"Seeing Red","floor":15,"key":"SMITH"},{"data":"Shrug It Off","floor":23,"key":"SMITH"},{"data":"Armaments","floor":25,"key":"SMITH"},{"data":"Body Slam","floor":32,"key":"SMITH"},{"data":"Limit Break","floor":40,"key":"SMITH"},{"data":"Entrench","floor":42,"key":"SMITH"},{"data":"Flame Barrier","floor":45,"key":"SMITH"},{"floor":49,"key":"REST"}],"circlet_count":0,"master_deck":["Survivor","Eruption+1","Whirlwind+1","Seeing Red+1","Cleave","Seeing Red+1","Limit Break+1","Shrug It Off+1","Armaments+1","Body Slam+1","Thunderclap+1","Flame Barrier+1","Bash","Entrench+1","Spot Weakness","Madness","Madness","Heavy Blade+1","Flame Barrier+1","Sword Boomerang+1"],"relics":["Burning Blood","Darkstone Periapt","Omamori","Pandora\u0027s Box","Brimstone","Gremlin Horn","Du-Vu Doll","Cursed Key","Self Forming Clay"],"acts_visited":["Exordium","TheCity","TheBeyond"],"potions_floor_usage":[6,8,16,31,33,35,47,50],"damage_taken":[{"damage":0,"enemies":"Cultist","floor":1,"turns":2},{"damage":0,"enemies":"2 Louse","floor":5,"turns":1},{"damage":0,"enemies":"Gremlin Nob","floor":6,"turns":1},{"damage":0,"enemies":"Small Slimes","floor":8,"turns":1},{"damage":10,"enemies":"Exordium Thugs","floor":13,"turns":2},{"damage":0,"enemies":"Exordium Wildlife","floor":14,"turns":1},{"damage":0,"enemies":"Slime Boss","floor":16,"turns":2},{"damage":0,"enemies":"2 Thieves","floor":18,"turns":1},{"damage":16,"enemies":"Chosen","floor":20,"turns":2},{"damage":0,"enemies":"3 Cultists","floor":21,"turns":2},{"damage":25,"enemies":"Snake Plant","floor":22,"turns":2},{"damage":0,"enemies":"Sentry and Sphere","floor":27,"turns":1},{"damage":0,"enemies":"Gremlin Leader","floor":29,"turns":1},{"damage":9,"enemies":"Cultist and Chosen","floor":31,"turns":2},{"damage":8,"enemies":"Champ","floor":33,"turns":3},{"damage":11,"enemies":"3 Darklings","floor":35,"turns":2},{"damage":0,"enemies":"Orb Walker","floor":38,"turns":2},{"damage":0,"enemies":"Jaw Worm Horde","floor":41,"turns":1},{"damage":20,"enemies":"Spire Growth","floor":44,"turns":3},{"damage":13,"enemies":"Sphere and 2 Shapes","floor":46,"turns":3},{"damage":16,"enemies":"4 Shapes","floor":47,"turns":3},{"damage":68,"enemies":"Donu and Deca","floor":50,"turns":3}],"seed_played":"7295166269203286773","potions_obtained":[{"floor":1,"key":"FearPotion"},{"floor":5,"key":"DistilledChaos"},{"floor":6,"key":"Strength Potion"},{"floor":18,"key":"FairyPotion"},{"floor":29,"key":"Regen Potion"},{"floor":31,"key":"Strength Potion"},{"floor":33,"key":"DuplicationPotion"},{"floor":41,"key":"LiquidBronze"},{"floor":46,"key":"LiquidMemories"}],"is_trial":false,"path_per_floor":["M","?","?","?","M","E","$","M","T","R","?","R","M","M","R","B",null,"M","$","M","M","M","R","$","R","T","M","?","E","$","M","R","B",null,"M","?","?","M","$","R","M","R","T","M","R","M","M","$","R","B",null],"character_chosen":"IRONCLAD","items_purchased":["Armaments","Brimstone"],"campfire_rested":1,"item_purchase_floors":[19,24],"current_hp_per_floor":[80,85,85,68,74,80,80,85,85,85,85,85,81,85,85,85,85,85,85,75,81,62,62,62,62,62,68,68,74,74,76,76,74,85,80,80,69,75,75,75,81,81,81,67,67,60,50,50,75,13],"gold":113,"neow_bonus":"","is_daily":true,"chose_seed":false,"campfire_upgraded":9,"win_rate":0.0,"timestamp":1611572186,"path_taken":["M","?","?","?","M","E","$","M","T","R","?","R","M","M","R","BOSS","M","$","M","M","?","R","$","R","T","M","?","E","?","?","R","BOSS","M","?","?","M","$","R","M","R","T","M","R","M","M","$","R","BOSS"],"items_purchased_type":["Card","Relic"],"build_version":"2020-12-22","purchased_purges":3,"victory":true,"max_hp_per_floor":[80,85,85,85,85,85,85,85,85,85,85,85,85,85,85,85,85,85,85,85,85,85,85,85,85,85,85,85,85,85,85,85,85,85,85,85,85,85,85,85,85,85,85,85,85,85,85,85,85,85],"card_choices":[{"not_picked":["Bloodletting","Clothesline"],"picked":"Whirlwind","floor":1},{"not_picked":["Pommel Strike","Disarm"],"picked":"Seeing Red","floor":5},{"not_picked":["Fire Breathing","Power Through"],"picked":"Cleave","floor":6},{"not_picked":["Twin Strike","Flex","Clothesline"],"picked":"SKIP","floor":8},{"not_picked":["Body Slam","Clothesline"],"picked":"Seeing Red","floor":13},{"not_picked":["Bloodletting","True Grit","Havoc"],"picked":"SKIP","floor":14},{"not_picked":["Exhume","Juggernaut"],"picked":"Limit Break","floor":16},{"not_picked":["Burning Pact","Heavy Blade+1"],"picked":"Shrug It Off","floor":18},{"not_picked":["Disarm","Whirlwind"],"picked":"Body Slam","floor":20},{"not_picked":["Hemokinesis","Body Slam","Headbutt"],"picked":"SKIP","floor":21},{"not_picked":["Body Slam","Dropkick+1","Warcry+1"],"picked":"SKIP","floor":22},{"not_picked":["Bloodletting","Wild Strike"],"picked":"Thunderclap+1","floor":27},{"not_picked":["Uppercut","Headbutt+1"],"picked":"Entrench","floor":29},{"not_picked":["Rampage","Heavy Blade","Twin Strike"],"picked":"SKIP","floor":31},{"not_picked":["Headbutt+1","Wild Strike"],"picked":"Spot Weakness","floor":35},{"not_picked":["Dark Embrace","Clothesline"],"picked":"Heavy Blade+1","floor":38},{"not_picked":["Metallicize","Berserk","Armaments"],"picked":"SKIP","floor":41},{"not_picked":["Ghostly Armor","Clothesline+1"],"picked":"Flame Barrier+1","floor":44},{"not_picked":["Sever Soul","Flame Barrier"],"picked":"Sword Boomerang+1","floor":46},{"not_picked":["Flame Barrier+1","Armaments","Whirlwind"],"picked":"SKIP","floor":47}],"player_experience":669164,"relics_obtained":[{"floor":6,"key":"Darkstone Periapt"},{"floor":9,"key":"Omamori"},{"floor":26,"key":"Gremlin Horn"},{"floor":29,"key":"Du-Vu Doll"},{"floor":43,"key":"Self Forming Clay"}],"event_choices":[{"damage_healed":0,"gold_gain":0,"player_choice":"Donut","damage_taken":0,"max_hp_gain":5,"max_hp_loss":0,"event_name":"Big Fish","floor":2,"gold_loss":0},{"cards_removed":["Strike_G"],"damage_healed":0,"gold_gain":0,"player_choice":"Card Removal","damage_taken":0,"max_hp_gain":0,"max_hp_loss":0,"event_name":"The Cleric","floor":3,"gold_loss":50},{"damage_healed":0,"gold_gain":0,"player_choice":"Entered Light","damage_taken":17,"max_hp_gain":0,"max_hp_loss":0,"event_name":"Shining Light","floor":4,"gold_loss":0,"cards_upgraded":["Strike_R","Whirlwind"]},{"damage_healed":0,"gold_gain":0,"player_choice":"Upgraded","damage_taken":0,"max_hp_gain":0,"max_hp_loss":0,"event_name":"Upgrade Shrine","floor":11,"gold_loss":0,"cards_upgraded":["Zap"]},{"damage_healed":0,"gold_gain":0,"player_choice":"2 cards matched","damage_taken":0,"max_hp_gain":0,"max_hp_loss":0,"event_name":"Match and Keep!","floor":28,"gold_loss":0,"cards_obtained":["Flame Barrier","Bash"]},{"damage_healed":0,"gold_gain":0,"player_choice":"Ignored","damage_taken":0,"max_hp_gain":0,"max_hp_loss":0,"event_name":"Tomb of Lord Red Mask","floor":36,"gold_loss":0},{"damage_healed":0,"gold_gain":0,"player_choice":"Embrace Madness","damage_taken":11,"max_hp_gain":0,"max_hp_loss":0,"event_name":"Winding Halls","floor":37,"gold_loss":0,"cards_obtained":["Madness","Madness"]}],"is_beta":false,"boss_relics":[{"not_picked":["Fusion Hammer","Sozu"],"picked":"Pandora\u0027s Box"},{"not_picked":["Busted Crown","Velvet Choker"],"picked":"Cursed Key"}],"items_purged_floors":[7,30,39],"is_endless":false,"potions_floor_spawned":[1,5,6,18,29,31,33,41,46],"ascension_level":0}}