{"host":"s9n53dspxjwkh5no","time":1611550661,"event":{"mods":["AchievementEnabler","Aspiration","Bard","BaseMod","Beaked The Cultist","Better Altar","Better Match","Better Note","Better Sensory Stone","Better Skull","Better Third Choice","BetterRewards","Colored Map","Colored Powertips","Conspire","Disable Question Mark Monsters","Downfall","Halation","Hermit","Hubris","Jorbs\u0027s Wanderer Trilogy","Koishi","Marisa????????","Marked Mod","Melee Mod","Minty Spire (QoL Compilation)","Permanent Neow","Quick Restart","RRrroohrrRGHHhhh!!","Random Character Button","Rare Cards Sparkle","Reimu??????","Relic Stats","Remilia??????","Replay The Spire","Shade Mod","Small Relic Pack","Spicy Shops","Spire Arcade","StSLib","The Animator","The Bug Knight","The Construct","The Disciple","The Hierophant","The Mystic","The Runesmith","The Senshi","The Servant 0.9.4","The Valiant","The Wild Card","TheBandit","TheVacant","Wandering Minibosses"],"gold_per_floor":[112,112,2,18,35,35,55,55,55],"floor_reached":8,"language":"ENG","playtime":286,"items_purged":["SwitchConfidence"],"score":196,"play_id":"5699685d-f383-4c5c-9d64-e6d4a5b4c5d5","local_time":"20210124215741","is_ascension_mode":false,"campfire_choices":[{"floor":6,"key":"REST"}],"circlet_count":0,"master_deck":["Strike_P","Strike_P","Strike_P","Strike_P","Defend_P","Defend_P","Defend_P","Defend_P+1","Eruption","Vigilance","ReplayTheSpireMod:IOU","ReplayTheSpireMod:IOU","ReplayTheSpireMod:IOU","ReplayTheSpireMod:IOU","ReplayTheSpireMod:IOU","ReplayTheSpireMod:IOU","ReplayTheSpireMod:IOU","MarkedMod:OneThousandNeedles+1","ReplayTheSpireMod:IOU","TalkToTheHand","MarkedMod:FirstStrike","FearNoEvil","BattleHymn","ReplayTheSpireMod:IOU","JustLucky"],"relics":["PureWater","Gremlin Food","Vajra","Runesmith:Locket","Replay:Wax Seal","Chemical X","PureWhite:ReiMu","Peace Pipe","ReplayTheSpireMod:CursedCoin","rorgmod:Ceramic Fish","halation:LostSnail"],"acts_visited":["Exordium"],"potions_floor_usage":[],"damage_taken":[{"damage":0,"enemies":"2 Louse","floor":1,"turns":3},{"damage":8,"enemies":"Jaw Worm","floor":4,"turns":5},{"damage":4,"enemies":"Cultist","floor":7,"turns":4},{"damage":0,"enemies":"3 Sentries","floor":8,"turns":1}],"seed_played":"-6088396434465776349","potions_obtained":[{"floor":1,"key":"Dexterity Potion"}],"is_trial":false,"path_per_floor":["M","?","$","M","$","R","M","E"],"character_chosen":"WATCHER","items_purchased":["Gremlin Food","Vajra","Replay:Wax Seal","Chemical X","MarkedMod:OneThousandNeedles","ReplayTheSpireMod:CursedCoin","TalkToTheHand","rorgmod:Ceramic Fish","FearNoEvil","halation:LostSnail"],"campfire_rested":1,"item_purchase_floors":[0,0,0,0,0,0,0,3,3,5],"current_hp_per_floor":[72,72,72,64,64,72,68,68,68],"gold":55,"neow_bonus":"","is_daily":false,"chose_seed":false,"campfire_upgraded":0,"win_rate":0.0,"timestamp":1611550661,"path_taken":["M","?","$","M","$","R","M","E"],"items_purchased_type":["Relic","Relic","Relic","Relic","Card","Relic","Card","Relic","Card","Relic"],"build_version":"2020-12-22","purchased_purges":1,"victory":false,"max_hp_per_floor":[72,72,72,72,72,72,72,72,72],"relic_stats":{"Peace Pipe":1,"counters":[18,67],"Chemical X":[1],"obtain_stats":[{"Gremlin Food":0,"BargainBundle":4,"rorgmod:Ceramic Fish":3,"NeowsBlessing":0,"rorgmod:Black Star":17,"ReplayTheSpireMod:CursedCoin":0,"Vajra":0,"Runesmith:Locket":0,"Thread and Needle":0,"Ginger":6,"MarkedMod:AcupunctureKit":24,"Peace Pipe":0,"Replay:Bandana":12,"PureWhite:ReiMu":0,"hubris:Icosahedron":2,"Molten Egg 2":26,"ReplayTheSpireMod:TigerMarble":9,"Chemical X":0,"PureWater":0,"Replay:Wax Seal":0,"halation:LostSnail":5,"ReplayTheSpireMod:Lightbulb":24,"hubris:GlazedTorus":21},{"Gremlin Food":14,"BargainBundle":1,"rorgmod:Ceramic Fish":15,"NeowsBlessing":0,"rorgmod:Black Star":7,"ReplayTheSpireMod:CursedCoin":14,"Vajra":14,"Runesmith:Locket":14,"Thread and Needle":14,"Ginger":2,"MarkedMod:AcupunctureKit":11,"Peace Pipe":14,"Replay:Bandana":5,"PureWhite:ReiMu":14,"hubris:Icosahedron":1,"Molten Egg 2":12,"ReplayTheSpireMod:TigerMarble":4,"Chemical X":14,"PureWater":0,"Replay:Wax Seal":14,"halation:LostSnail":16,"ReplayTheSpireMod:Lightbulb":11,"hubris:GlazedTorus":9},{"Gremlin Food":54,"BargainBundle":1,"rorgmod:Ceramic Fish":57,"NeowsBlessing":0,"rorgmod:Black Star":18,"ReplayTheSpireMod:CursedCoin":54,"Vajra":54,"Runesmith:Locket":54,"Thread and Needle":54,"Ginger":2,"MarkedMod:AcupunctureKit":42,"Peace Pipe":54,"Replay:Bandana":9,"PureWhite:ReiMu":54,"hubris:Icosahedron":1,"Molten Egg 2":45,"ReplayTheSpireMod:TigerMarble":7,"Chemical X":54,"PureWater":0,"Replay:Wax Seal":54,"halation:LostSnail":62,"ReplayTheSpireMod:Lightbulb":42,"hubris:GlazedTorus":29}]},"card_choices":[{"not_picked":["FlyingSleeves","Nirvana"],"picked":"MarkedMod:FirstStrike","floor":1},{"not_picked":["Protect","Replay:AtTheReady"],"picked":"BattleHymn","floor":4},{"not_picked":["Replay:AtTheReady","ClearTheMind"],"picked":"JustLucky","floor":7}],"player_experience":379866,"relics_obtained":[],"event_choices":[],"is_beta":false,"boss_relics":[],"items_purged_floors":[0],"is_endless":false,"potions_floor_spawned":[1],"killed_by":"3 Sentries","ascension_level":0}}