{"host":"xmrw7jl1ir2912vf","time":1611534028,"event":{"mods":["BaseMod","Minty Spire (QoL Compilation)"],"gold_per_floor":[213,24,40,56,69,69,89,131,131,17,17,17,17,58,58,58,58],"floor_reached":16,"language":"ENG","playtime":791,"items_purged":["Strike_R","Strike_R"],"score":193,"play_id":"d7d32333-f630-46c7-a2b5-ad53ab3381d9","local_time":"20210124192028","is_ascension_mode":true,"campfire_choices":[{"data":"Searing Blow","floor":6,"key":"SMITH"},{"data":"Searing Blow+1","floor":11,"key":"SMITH"},{"data":"Searing Blow+2","floor":13,"key":"SMITH"},{"data":"Searing Blow+3","floor":15,"key":"SMITH"}],"circlet_count":0,"master_deck":["AscendersBane","Strike_R","Strike_R","Strike_R","Defend_R","Defend_R","Defend_R","Defend_R","Bash","Searing Blow+4","Rampage","Cleave","Headbutt","Dropkick","Berserk","Shrug It Off","Pommel Strike"],"relics":["Burning Blood","CeramicFish","The Courier","Toxic Egg 2","StrikeDummy"],"acts_visited":["Exordium"],"potions_floor_usage":[7,8],"damage_taken":[{"damage":8,"enemies":"Cultist","floor":1,"turns":6},{"damage":0,"enemies":"Small Slimes","floor":3,"turns":4},{"damage":2,"enemies":"Jaw Worm","floor":4,"turns":3},{"damage":11,"enemies":"Blue Slaver","floor":5,"turns":3},{"damage":27,"enemies":"Exordium Thugs","floor":7,"turns":5},{"damage":30,"enemies":"Lagavulin","floor":8,"turns":7},{"damage":26,"enemies":"Gremlin Nob","floor":14,"turns":4},{"damage":27,"enemies":"Hexaghost","floor":16,"turns":4}],"seed_played":"7360493208976304890","potions_obtained":[{"floor":1,"key":"SpeedPotion"},{"floor":3,"key":"BloodPotion"},{"floor":8,"key":"Regen Potion"}],"is_trial":false,"path_per_floor":["M","$","M","M","M","R","M","E","T","$","R","?","R","E","R","B"],"character_chosen":"IRONCLAD","items_purchased":["Rampage","Cleave","Shrug It Off"],"campfire_rested":0,"item_purchase_floors":[2,2,10],"current_hp_per_floor":[66,66,72,75,70,70,49,40,40,40,40,40,40,20,20,0,0],"gold":58,"neow_bonus":"HUNDRED_GOLD","is_daily":false,"chose_seed":false,"campfire_upgraded":4,"win_rate":0.0,"timestamp":1611534028,"path_taken":["M","$","?","M","M","R","M","E","T","?","R","?","R","E","R","BOSS"],"items_purchased_type":["Card","Card","Card"],"build_version":"2020-12-22","purchased_purges":2,"victory":false,"max_hp_per_floor":[75,75,75,75,75,75,75,75,75,75,75,75,75,75,75,75,75],"card_choices":[{"not_picked":["Shockwave","Thunderclap"],"picked":"Searing Blow","floor":1},{"not_picked":["Rupture","Perfected Strike","Reckless Charge"],"picked":"SKIP","floor":3},{"not_picked":["Anger","Heavy Blade"],"picked":"Headbutt","floor":4},{"not_picked":["Shockwave","Whirlwind"],"picked":"Dropkick","floor":5},{"not_picked":["Heavy Blade","Anger","Havoc"],"picked":"SKIP","floor":7},{"not_picked":["Juggernaut","Havoc"],"picked":"Berserk","floor":8},{"not_picked":["Demon Form","Cleave"],"picked":"Pommel Strike","floor":14}],"player_experience":399607,"relics_obtained":[{"floor":8,"key":"CeramicFish"},{"floor":9,"key":"The Courier"},{"floor":14,"key":"StrikeDummy"}],"event_choices":[{"damage_healed":0,"gold_gain":0,"player_choice":"Gave Potion","damage_taken":0,"relics_obtained":["Toxic Egg 2"],"max_hp_gain":0,"max_hp_loss":0,"event_name":"WeMeetAgain","floor":12,"gold_loss":0}],"is_beta":false,"boss_relics":[],"items_purged_floors":[2,10],"is_endless":false,"potions_floor_spawned":[1,3,8],"killed_by":"Hexaghost","ascension_level":15}}