{"host":"v3mpq6flurzldi5g","time":1611605107,"event":{"mods":["AchievementEnabler","BaseMod","Colored Powertips","Highlight Path","Minty Spire (QoL Compilation)","StSLib"],"gold_per_floor":[115,133,208,227,227,254,254,281,308,322,322,351,316,329,329,424,424,439,451,451,451],"floor_reached":20,"language":"ENG","playtime":920,"items_purged":[],"score":310,"play_id":"27a20453-9a92-4213-b25c-212b75863b7f","local_time":"20210125150507","is_ascension_mode":true,"campfire_choices":[{"floor":7,"key":"REST"},{"floor":11,"key":"REST"},{"floor":15,"key":"REST"}],"circlet_count":0,"master_deck":["AscendersBane","Strike_G","Strike_G","Strike_G","Strike_G","Defend_G","Defend_G","Defend_G","Defend_G","Defend_G","Survivor","Neutralize","Backflip","Deadly Poison","Bane","Cloak And Dagger","Slice","Poisoned Stab","Riddle With Holes+1","Heel Hook+1","Malaise","Blade Dance"],"relics":["Ring of the Snake","Juzu Bracelet","Vajra","Oddly Smooth Stone","Molten Egg 2","SacredBark"],"acts_visited":["Exordium","TheCity"],"potions_floor_usage":[6,8,16,16,20],"damage_taken":[{"damage":2,"enemies":"Cultist","floor":1,"turns":5},{"damage":7,"enemies":"Small Slimes","floor":2,"turns":4},{"damage":0,"enemies":"2 Louse","floor":4,"turns":3},{"damage":19,"enemies":"Gremlin Nob","floor":6,"turns":4},{"damage":20,"enemies":"3 Sentries","floor":8,"turns":9},{"damage":7,"enemies":"Blue Slaver","floor":10,"turns":3},{"damage":16,"enemies":"Gremlin Nob","floor":12,"turns":4},{"damage":2,"enemies":"Looter","floor":14,"turns":3},{"damage":16,"enemies":"Hexaghost","floor":16,"turns":7},{"damage":39,"enemies":"Spheric Guardian","floor":18,"turns":6},{"damage":20,"enemies":"Chosen","floor":19,"turns":5},{"damage":6,"enemies":"Snake Plant","floor":20,"turns":2}],"seed_played":"-99951172057751149","potions_obtained":[{"floor":2,"key":"SkillPotion"},{"floor":4,"key":"Swift Potion"},{"floor":8,"key":"CultistPotion"},{"floor":14,"key":"LiquidBronze"},{"floor":18,"key":"SteroidPotion"}],"is_trial":false,"path_per_floor":["M","M","?","M","?","E","R","E","T","M","R","E","?","M","R","B",null,"M","M","M"],"character_chosen":"THE_SILENT","items_purchased":[],"campfire_rested":3,"item_purchase_floors":[],"current_hp_per_floor":[61,54,43,43,43,24,45,25,25,18,39,23,40,38,59,43,63,24,4,0,0],"gold":451,"neow_bonus":"THREE_CARDS","is_daily":false,"chose_seed":false,"campfire_upgraded":0,"win_rate":0.0,"timestamp":1611605107,"path_taken":["M","?","?","M","?","E","R","E","T","M","R","E","?","M","R","BOSS","M","M","M"],"items_purchased_type":[],"build_version":"2020-12-22","purchased_purges":0,"victory":false,"max_hp_per_floor":[70,70,70,70,70,70,70,70,70,70,70,70,70,70,70,70,70,70,70,70,70],"card_choices":[{"not_picked":["Cloak And Dagger","Prepared"],"picked":"Backflip","floor":0},{"not_picked":["Escape Plan","Tactician"],"picked":"Deadly Poison","floor":1},{"not_picked":["Concentrate","Flying Knee"],"picked":"Bane","floor":2},{"not_picked":["Setup","Finisher"],"picked":"Cloak And Dagger","floor":4},{"not_picked":["Eviscerate","Sucker Punch"],"picked":"Slice","floor":6},{"not_picked":["Bane","Dagger Throw"],"picked":"Poisoned Stab","floor":8},{"not_picked":["Eviscerate","Dodge and Roll","Sucker Punch"],"picked":"SKIP","floor":10},{"not_picked":["Reflex","Terror"],"picked":"Riddle With Holes+1","floor":12},{"not_picked":["Deflect","Underhanded Strike+1"],"picked":"Heel Hook+1","floor":14},{"not_picked":["A Thousand Cuts","Venomology"],"picked":"Malaise","floor":16},{"not_picked":["Skewer+1","Poisoned Stab+1"],"picked":"Blade Dance","floor":18},{"not_picked":["Dodge and Roll","Quick Slash+1","Deadly Poison"],"picked":"SKIP","floor":19}],"player_experience":1056072,"relics_obtained":[{"floor":6,"key":"Juzu Bracelet"},{"floor":8,"key":"Vajra"},{"floor":9,"key":"Oddly Smooth Stone"},{"floor":12,"key":"Molten Egg 2"}],"event_choices":[{"damage_healed":0,"gold_gain":75,"player_choice":"Gather Gold","damage_taken":11,"max_hp_gain":0,"max_hp_loss":0,"event_name":"World of Goop","floor":3,"gold_loss":0},{"cards_removed":["Strike_G"],"damage_healed":0,"gold_gain":0,"player_choice":"Offered Basic","damage_taken":0,"max_hp_gain":0,"max_hp_loss":0,"event_name":"Bonfire Elementals","floor":5,"gold_loss":0},{"damage_healed":17,"gold_gain":0,"player_choice":"Healed","damage_taken":0,"max_hp_gain":0,"max_hp_loss":0,"event_name":"The Cleric","floor":13,"gold_loss":35}],"is_beta":false,"boss_relics":[{"not_picked":["Runic Pyramid","Pandora\u0027s Box"],"picked":"SacredBark"}],"items_purged_floors":[],"is_endless":false,"potions_floor_spawned":[2,4,8,14,18],"killed_by":"Snake Plant","ascension_level":12}}