{"host":"k5yjj86hwv5qv2gx","time":1611592361,"event":{"mods":["BaseMod","BetterRewards","Minty Spire (QoL Compilation)","StSLib"],"gold_per_floor":[111,36,55,130,140,175,175,204,204,204,204,8,25,53,53,132,132,85,95,95,115,165,165,197,211,211,238,256,270,0,35,35,35,35],"floor_reached":33,"language":"ENG","playtime":1504,"items_purged":["Strike_R"],"score":650,"play_id":"65e46233-d417-4e65-940e-9fb5aeac4df6","local_time":"20210125083241","is_ascension_mode":true,"campfire_choices":[{"floor":7,"key":"REST"},{"floor":10,"key":"REST"},{"floor":15,"key":"RECALL"},{"data":"Whirlwind","floor":23,"key":"SMITH"},{"data":"1","floor":32,"key":"LIFT"}],"circlet_count":0,"master_deck":["AscendersBane","Strike_R","Strike_R","Strike_R","Defend_R","Defend_R","Defend_R","Defend_R","Bash","Ghostly Armor","Pommel Strike","Clothesline","Reaper","Flame Barrier","Perfected Strike","Perfected Strike","Impervious","Whirlwind+1","Ghostly","Ghostly","Ghostly","Armaments+1","Clothesline","Flame Barrier+1","Armaments+1","Barricade","Carnage"],"relics":["Black Star","Omamori","StoneCalendar","Regal Pillow","Toy Ornithopter","Kunai","Mercury Hourglass","Membership Card","PreservedInsect","Meat on the Bone","Mark of Pain","The Courier","Ginger","Juzu Bracelet","Toxic Egg 2","OrangePellets","Girya","Ancient Tea Set","Bottled Lightning"],"acts_visited":["Exordium","TheCity"],"potions_floor_usage":[14,16,29,31,33,33],"damage_taken":[{"damage":1,"enemies":"Cultist","floor":1,"turns":3},{"damage":0,"enemies":"Small Slimes","floor":3,"turns":4},{"damage":1,"enemies":"2 Louse","floor":5,"turns":3},{"damage":44,"enemies":"Gremlin Nob","floor":6,"turns":5},{"damage":17,"enemies":"Lagavulin","floor":8,"turns":7},{"damage":3,"enemies":"Blue Slaver","floor":13,"turns":5},{"damage":10,"enemies":"3 Sentries","floor":14,"turns":7},{"damage":60,"enemies":"Hexaghost","floor":16,"turns":9},{"damage":7,"enemies":"2 Thieves","floor":18,"turns":5},{"damage":32,"enemies":"Shell Parasite","floor":19,"turns":7},{"damage":28,"enemies":"Sentry and Sphere","floor":21,"turns":7},{"damage":14,"enemies":"Slavers","floor":24,"turns":6},{"damage":16,"enemies":"Snecko","floor":25,"turns":5},{"damage":8,"enemies":"Gremlin Leader","floor":27,"turns":7},{"damage":0,"enemies":"Snake Plant","floor":28,"turns":3},{"damage":3,"enemies":"3 Cultists","floor":29,"turns":4},{"damage":25,"enemies":"Book of Stabbing","floor":31,"turns":6},{"damage":57,"enemies":"Champ","floor":33,"turns":27}],"seed_played":"-2806462902194568154","potions_obtained":[{"floor":5,"key":"Dexterity Potion"},{"floor":6,"key":"SneckoOil"},{"floor":14,"key":"CultistPotion"},{"floor":16,"key":"DuplicationPotion"},{"floor":18,"key":"CultistPotion"},{"floor":31,"key":"BloodPotion"}],"is_trial":false,"path_per_floor":["M","?","M","?","M","E","R","E","T","R","?","$","M","E","R","B",null,"M","M","?","M","?","R","E","M","T","E","M","M","$","E","R","B"],"character_chosen":"IRONCLAD","items_purchased":["Membership Card","OrangePellets","Barricade","Girya","Block Potion"],"campfire_rested":2,"item_purchase_floors":[12,30,30,30,30],"current_hp_per_floor":[67,67,67,56,55,11,33,16,16,53,42,42,43,50,50,18,61,62,42,37,21,21,21,27,29,29,31,31,33,33,24,24,0,0],"gold":35,"neow_bonus":"BOSS_RELIC","is_daily":false,"chose_seed":false,"campfire_upgraded":1,"win_rate":0.0,"timestamp":1611592361,"path_taken":["M","?","M","?","M","E","R","E","T","R","?","?","M","E","R","BOSS","M","M","?","M","?","R","E","M","T","E","M","M","$","E","R","BOSS"],"items_purchased_type":["Relic","Relic","Card","Relic","Potion"],"build_version":"2020-12-22","purchased_purges":1,"victory":false,"max_hp_per_floor":[75,75,75,75,75,75,75,75,75,75,75,75,75,75,75,75,75,75,75,37,37,37,37,37,37,37,37,37,37,37,37,37,37,37],"card_choices":[{"not_picked":["Clash","Twin Strike"],"picked":"Ghostly Armor","floor":1},{"not_picked":["Anger","True Grit"],"picked":"Pommel Strike","floor":3},{"not_picked":["Flex","Intimidate"],"picked":"Clothesline","floor":5},{"not_picked":["Flex","Iron Wave"],"picked":"Reaper","floor":6},{"not_picked":["Twin Strike","Intimidate"],"picked":"Flame Barrier","floor":8},{"not_picked":["Warcry","Anger"],"picked":"Perfected Strike","floor":13},{"not_picked":["Ghostly Armor","Shrug It Off"],"picked":"Perfected Strike","floor":14},{"not_picked":["Juggernaut","Corruption"],"picked":"Impervious","floor":16},{"not_picked":["Iron Wave","Wild Strike","Body Slam"],"picked":"SKIP","floor":18},{"not_picked":["Battle Trance","Dark Embrace"],"picked":"Whirlwind","floor":19},{"not_picked":["Body Slam","Thunderclap+1"],"picked":"Armaments+1","floor":21},{"not_picked":["Thunderclap","Cleave","Warcry+1"],"picked":"SKIP","floor":24},{"not_picked":["Combust","Warcry","True Grit"],"picked":"SKIP","floor":25},{"not_picked":["Immolate","Cleave"],"picked":"Clothesline","floor":27},{"not_picked":["Armaments+1","Intimidate+1"],"picked":"Flame Barrier+1","floor":28},{"not_picked":["Rampage","Reckless Charge"],"picked":"Armaments+1","floor":29},{"not_picked":["Searing Blow+1","Flex+1"],"picked":"Carnage","floor":31}],"player_experience":1122298,"relics_obtained":[{"floor":6,"key":"Omamori"},{"floor":6,"key":"StoneCalendar"},{"floor":8,"key":"Regal Pillow"},{"floor":8,"key":"Toy Ornithopter"},{"floor":9,"key":"Kunai"},{"floor":14,"key":"PreservedInsect"},{"floor":14,"key":"Meat on the Bone"},{"floor":24,"key":"The Courier"},{"floor":24,"key":"Ginger"},{"floor":27,"key":"Juzu Bracelet"},{"floor":27,"key":"Toxic Egg 2"},{"floor":31,"key":"Ancient Tea Set"},{"floor":31,"key":"Bottled Lightning"}],"event_choices":[{"cards_removed":["Strike_R"],"damage_healed":0,"gold_gain":0,"player_choice":"Card Removal","damage_taken":0,"max_hp_gain":0,"max_hp_loss":0,"event_name":"The Cleric","floor":2,"gold_loss":75},{"damage_healed":0,"gold_gain":75,"player_choice":"Gather Gold","damage_taken":11,"max_hp_gain":0,"max_hp_loss":0,"event_name":"World of Goop","floor":4,"gold_loss":0},{"damage_healed":0,"gold_gain":0,"player_choice":"Success","damage_taken":11,"relics_obtained":["Mercury Hourglass"],"max_hp_gain":0,"max_hp_loss":0,"event_name":"Scrap Ooze","floor":11,"gold_loss":0},{"damage_healed":0,"gold_gain":0,"player_choice":"Became a Ghost","damage_taken":0,"max_hp_gain":0,"max_hp_loss":38,"event_name":"Ghosts","floor":20,"gold_loss":0,"cards_obtained":["Ghostly","Ghostly","Ghostly"]},{"damage_healed":0,"gold_gain":50,"player_choice":"Stole From Cult","damage_taken":0,"max_hp_gain":0,"max_hp_loss":0,"event_name":"Nest","floor":22,"gold_loss":0}],"is_beta":false,"boss_relics":[{"not_picked":["Pandora\u0027s Box","Empty Cage"],"picked":"Mark of Pain"}],"items_purged_floors":[12],"is_endless":false,"potions_floor_spawned":[5,6,13,14,16,18,19,21,31],"killed_by":"Champ","ascension_level":20}}