{"host":"zx8rmvlb08usbkpl","time":1611543020,"event":{"mods":["BaseMod","BetterRewards","Colored Powertips","Dota2Spire","Downfall","GifTheSpireLib","Marisa????????","Minty Spire (QoL Compilation)","Quick Restart","StSLib","Stuff the Spire","The Bug Knight","The Senshi"],"gold_per_floor":[113,38,63,89,112,158,170,199,290,314,326,338,350,372,384,396,396],"floor_reached":0,"language":"ENG","playtime":0,"items_purged":["Strike_R"],"score":0,"play_id":"9e4ecd10-9a1a-49c1-8fa3-668af69b68ef","local_time":"20210124215020","is_ascension_mode":false,"campfire_choices":[{"data":"Forethought","floor":11,"key":"SMITH"},{"floor":15,"key":"REST"}],"circlet_count":0,"master_deck":["Strike_R","Strike_R","Strike_R","Strike_R","Defend_R","Defend_R","Defend_R","Defend_R","Bash","Forethought+1","Battle Trance","Rage","Seeing Red","Barricade","Parasite","Shrug It Off","Pommel Strike","Offering"],"relics":["Burning Blood","MawBank","Dota2Spire:DrumOfEndurance","Dota2Spire:Dagon"],"acts_visited":["Exordium"],"potions_floor_usage":[16],"damage_taken":[{"damage":12,"enemies":"Cultist","floor":1,"turns":5},{"damage":7,"enemies":"Small Slimes","floor":4,"turns":4},{"damage":1,"enemies":"Jaw Worm","floor":5,"turns":4},{"damage":43,"enemies":"Lagavulin","floor":6,"turns":9},{"damage":22,"enemies":"Looter","floor":8,"turns":4},{"damage":12,"enemies":"2 Fungi Beasts","floor":10,"turns":5},{"damage":7,"enemies":"3 Louse","floor":14,"turns":4},{"damage":57,"enemies":"Hexaghost","floor":16,"turns":12}],"seed_played":"-5107146840107272352","potions_obtained":[{"floor":14,"key":"ColorlessPotion"}],"is_trial":false,"path_per_floor":["M","$","T","M","M","E","?","M","T","M","R","$","T","M","R","B"],"character_chosen":"IRONCLAD","items_purchased":[],"campfire_rested":1,"item_purchase_floors":[],"current_hp_per_floor":[74,74,74,73,78,41,61,45,45,39,39,39,39,38,62,5,5],"gold":396,"neow_bonus":"RANDOM_COLORLESS","is_daily":false,"chose_seed":false,"campfire_upgraded":1,"win_rate":0.0,"timestamp":1611543020,"path_taken":["M","$","?","M","M","E","?","M","T","M","R","$","?","M","R","BOSS"],"items_purchased_type":[],"build_version":"2020-12-22","purchased_purges":1,"victory":false,"max_hp_per_floor":[80,80,80,80,80,80,80,80,80,80,80,80,80,80,80,80,80],"card_choices":[{"not_picked":["Dark Shackles","Good Instincts"],"picked":"Forethought","floor":0},{"not_picked":["Whirlwind","Sentinel"],"picked":"Battle Trance","floor":1},{"not_picked":["Searing Blow","Sword Boomerang"],"picked":"Rage","floor":4},{"not_picked":["Rage","Body Slam"],"picked":"Seeing Red","floor":5},{"not_picked":["Clothesline","Sword Boomerang"],"picked":"Barricade","floor":6},{"not_picked":["Uppercut","Heavy Blade"],"picked":"Shrug It Off","floor":8},{"not_picked":["Havoc","Blood for Blood"],"picked":"Pommel Strike","floor":10},{"not_picked":["StuffTheSpire:Incineration","Thunderclap"],"picked":"Offering","floor":14}],"player_experience":973436,"relics_obtained":[{"floor":3,"key":"MawBank"},{"floor":6,"key":"Dota2Spire:DrumOfEndurance"},{"floor":13,"key":"Dota2Spire:Dagon"}],"event_choices":[{"damage_healed":20,"gold_gain":0,"player_choice":"Healed and dodged fight","damage_taken":0,"max_hp_gain":0,"max_hp_loss":0,"event_name":"Mushrooms","floor":7,"gold_loss":0,"cards_obtained":["Parasite"]}],"is_beta":false,"boss_relics":[],"items_purged_floors":[2],"is_endless":false,"potions_floor_spawned":[14],"killed_by":"Hexaghost","ascension_level":0}}