{"host":"c95txy58ipbu969e","time":1611575360,"event":{"mods":["Act Like it!","BaseMod","Downfall","Minty Spire (QoL Compilation)","Quick Restart","StSLib"],"gold_per_floor":[99,116,130,130,130,39,39,56,88,103,114,145,145,160,176,176,176,176],"floor_reached":16,"language":"ZHS","playtime":1326,"items_purged":[],"score":228,"play_id":"4dc3e2fc-2a8c-4aab-b3ae-b8592ee5dc1e","local_time":"20210125194920","is_ascension_mode":true,"campfire_choices":[{"data":"hexamod:Float","floor":1.0,"key":"SMITH"},{"floor":13,"key":"REST"}],"circlet_count":0,"master_deck":["AscendersBane","hexamod:Strike","hexamod:Strike","hexamod:Strike","hexamod:Defend","hexamod:Defend","hexamod:Defend","hexamod:Defend","hexamod:Sear","hexamod:Float+1","hexamod:StepThrough","hexamod:CatchUp","hexamod:Hexaguard","hexamod:UnlimitedPower","hexamod:AdvancingGuard"],"relics":["hexamod:SpiritBrand","PreservedInsect","Anchor","Bag of Preparation","Omamori"],"acts_visited":["Exordium"],"potions_floor_usage":[12,16,16],"damage_taken":[{"damage":2.0,"enemies":"Jaw Worm","floor":2.0,"turns":3.0},{"damage":0.0,"enemies":"Cultist","floor":3.0,"turns":3.0},{"damage":0.0,"enemies":"downfall:FleeingMerchant","floor":6.0,"turns":4.0},{"damage":0.0,"enemies":"2 Louse","floor":8.0,"turns":2.0},{"damage":26.0,"enemies":"3 Sentries","floor":9.0,"turns":9.0},{"damage":2.0,"enemies":"Lots of Slimes","floor":10.0,"turns":5.0},{"damage":25.0,"enemies":"Gremlin Gang","floor":11.0,"turns":6.0},{"damage":5,"enemies":"Lagavulin","floor":12,"turns":6},{"damage":0,"enemies":"2 Fungi Beasts","floor":14,"turns":4},{"damage":7,"enemies":"Exordium Wildlife","floor":15,"turns":4},{"damage":24,"enemies":"IC_STATUS_ARCHETYPE","floor":16,"turns":8}],"seed_played":"3249059914412068267","potions_obtained":[{"floor":3.0,"key":"Dexterity Potion"},{"floor":11.0,"key":"Slimebound:ThreeZeroPotion"},{"floor":12,"key":"GamblersBrew"}],"is_trial":false,"path_per_floor":["R","M","M","?","?","$","T","M","E","M","M","E","R","M","M","B"],"character_chosen":"THE_SPIRIT","items_purchased":["hexamod:CatchUp"],"campfire_rested":1,"item_purchase_floors":[6],"current_hp_per_floor":[57,55,55,60,60,60,60,60,34,32,7,2,22,22,15,0,0,0],"gold":176,"neow_bonus":"RANDOM_COMMON_RELIC","is_daily":false,"chose_seed":false,"campfire_upgraded":1,"win_rate":0.0,"timestamp":1611575360,"path_taken":["R","M","M","?","?","$","T","M","E","M","?","E","R","M","M","BOSS"],"items_purchased_type":["Card"],"build_version":"2020-12-22","purchased_purges":0,"victory":false,"max_hp_per_floor":[63,63,63,68,68,68,68,68,68,68,68,68,68,68,68,68,68,68],"card_choices":[{"not_picked":["hexamod:NightmareStrike","hexamod:BurningTouch","hexamod:SpectralAdrenaline"],"picked":"SKIP","floor":2.0},{"not_picked":["hexamod:HeatMetal","hexamod:PhantomFireball"],"picked":"hexamod:StepThrough","floor":3.0},{"not_picked":["hexamod:ThermalTransfer","hexamod:HeatMetal","hexamod:NightmareStrike"],"picked":"SKIP","floor":6.0},{"not_picked":["hexamod:InspiringFlames","hexamod:ThermalTransfer"],"picked":"hexamod:Hexaguard","floor":8.0},{"not_picked":["hexamod:PowerFromBeyond","hexamod:InspiringFlames"],"picked":"hexamod:UnlimitedPower","floor":9.0},{"not_picked":["hexamod:RadiantFlame","hexamod:HeatShield","hexamod:GhostShield"],"picked":"SKIP","floor":10.0},{"not_picked":["hexamod:ThermalTransfer","hexamod:BurningTouch"],"picked":"hexamod:AdvancingGuard","floor":11.0},{"not_picked":["hexamod:SoulSteal","hexamod:SecondSeal","hexamod:AdvancingGuard"],"picked":"SKIP","floor":12},{"not_picked":["hexamod:Hexaguard","hexamod:NightmareStrike","hexamod:Incineration"],"picked":"SKIP","floor":14},{"not_picked":["hexamod:NightmareGuise","hexamod:ThirdSeal","hexamod:Firestarter"],"picked":"SKIP","floor":15}],"player_experience":519515,"relics_obtained":[{"floor":7.0,"key":"Anchor"},{"floor":9.0,"key":"Bag of Preparation"},{"floor":12,"key":"Omamori"}],"event_choices":[{"damage_healed":0.0,"max_hp_gain":5.0,"max_hp_loss":0.0,"gold_gain":0.0,"event_name":"Big Fish","player_choice":"Donut","floor":4.0,"gold_loss":0.0,"damage_taken":0.0},{"cards_removed":["hexamod:Strike"],"damage_healed":0.0,"max_hp_gain":0.0,"max_hp_loss":0.0,"gold_gain":0.0,"event_name":"Bonfire Elementals","player_choice":"Offered Basic","floor":5.0,"gold_loss":0.0,"damage_taken":0.0}],"is_beta":false,"boss_relics":[],"items_purged_floors":[],"is_endless":false,"potions_floor_spawned":[3,11,12,15],"killed_by":"IC_STATUS_ARCHETYPE","ascension_level":20}}