{"host":"ljmxc81w1zg7qdd2","time":1611608964,"event":{"mods":["BaseMod","BetterRewards","Colored Map","Hubris","Minty Spire (QoL Compilation)","Replay The Spire","Shop Mod","StSLib","The Animator","The Construct","The Cursed","The Necromancer","The Servant 0.9.4"],"gold_per_floor":[119,119,133,144,161,161,161,86,113,124,150,150,150,150,150,246,246,246,246],"floor_reached":18,"language":"ENG","playtime":763,"items_purged":["Defend_P"],"score":160,"play_id":"8779e05f-37f3-46d2-8e7c-232984b83eb3","local_time":"20210125130924","is_ascension_mode":false,"campfire_choices":[{"data":"BattleHymn","floor":6,"key":"SMITH"},{"floor":13,"key":"RECALL"},{"floor":15,"key":"REST"}],"circlet_count":0,"master_deck":["Strike_P","Strike_P","Strike_P","Strike_P","Defend_P","Defend_P","Defend_P","Eruption","Vigilance","SashWhip+1","FlyingSleeves","CutThroughFate","BattleHymn+1","CutThroughFate","Consecrate","DevaForm"],"relics":["PureWater","Mirror","Ancient Tea Set","Ice Cream","Ectoplasm"],"acts_visited":["Exordium","TheCity"],"potions_floor_usage":[11,11,16],"damage_taken":[{"damage":17,"enemies":"Jaw Worm","floor":1,"turns":2},{"damage":2,"enemies":"Cultist","floor":3,"turns":6},{"damage":2,"enemies":"2 Louse","floor":4,"turns":2},{"damage":10,"enemies":"Blue Slaver","floor":5,"turns":4},{"damage":9,"enemies":"3 Louse","floor":10,"turns":4},{"damage":24,"enemies":"Lagavulin","floor":11,"turns":5},{"damage":33,"enemies":"Hexaghost","floor":16,"turns":9},{"damage":0,"enemies":"3 Byrds","floor":18,"turns":1}],"seed_played":"545787120413304624","potions_obtained":[{"floor":4,"key":"LifebloodPotion"},{"floor":10,"key":"ColorlessPotion"},{"floor":11,"key":"EssenceOfSteel"}],"is_trial":false,"path_per_floor":["M","?","M","M","M","R","T","$","T","M","E","?","R","?","R","B",null,"M"],"character_chosen":"WATCHER","items_purchased":[],"campfire_rested":1,"item_purchase_floors":[],"current_hp_per_floor":[62,62,60,58,48,48,48,48,48,39,15,15,15,15,38,5,79,79,79],"gold":246,"neow_bonus":"TEN_PERCENT_HP_BONUS","is_daily":false,"chose_seed":false,"campfire_upgraded":1,"win_rate":0.0,"timestamp":1611608964,"path_taken":["M","?","M","M","?","R","?","$","T","M","E","?","R","?","R","BOSS","M"],"items_purchased_type":[],"build_version":"2020-12-22","purchased_purges":1,"victory":false,"max_hp_per_floor":[79,79,79,79,79,79,79,79,79,79,79,79,79,79,79,79,79,79,79],"card_choices":[{"not_picked":["LikeWater","FlurryOfBlows"],"picked":"SashWhip","floor":1},{"not_picked":["Replay:BluntJabs","ClearTheMind"],"picked":"FlyingSleeves","floor":3},{"not_picked":["BowlingBash","FollowUp"],"picked":"CutThroughFate","floor":4},{"not_picked":["ThirdEye","Halt"],"picked":"BattleHymn","floor":5},{"not_picked":["FollowUp","BattleHymn"],"picked":"CutThroughFate","floor":10},{"not_picked":["FlurryOfBlows","FlyingSleeves"],"picked":"Consecrate","floor":11},{"not_picked":["Replay:LoomingThreat","LessonLearned"],"picked":"DevaForm","floor":16}],"player_experience":97766,"relics_obtained":[{"floor":7,"key":"Mirror"},{"floor":11,"key":"Ancient Tea Set"}],"event_choices":[{"damage_healed":0,"gold_gain":0,"player_choice":"Bought 0 Potions","damage_taken":0,"max_hp_gain":0,"max_hp_loss":0,"event_name":"The Woman in Blue","floor":2,"gold_loss":0},{"damage_healed":0,"gold_gain":0,"player_choice":"Searched \u00272\u0027 times","damage_taken":0,"relics_obtained":["Ice Cream"],"max_hp_gain":0,"max_hp_loss":0,"event_name":"Dead Adventurer","floor":14,"gold_loss":0}],"is_beta":false,"boss_relics":[{"not_picked":["construct:WeddingRing","hubris:HollowSoul"],"picked":"Ectoplasm"}],"items_purged_floors":[8],"is_endless":false,"potions_floor_spawned":[4,10,11],"killed_by":"3 Byrds","ascension_level":0}}