{"host":"jh7kh5nqtgzr3auj","time":1611614710,"event":{"mods":["AchievementEnabler","Act Like it!","BaseMod","CapriCore","Highlight Path","Minty Spire (QoL Compilation)","Quick Restart","StSLib","TestMod","The Bug Knight"],"gold_per_floor":[209,1,17,34,34,64,64,92,92,92,118,118,153,169,169,269,269,281,281,63,0,17,17,46,123,123,38,38,38,65,81,81,178,178,194,212,137,137,147,147,2,33,59,92,92,109,109,127,127,127],"floor_reached":51,"language":"ZHS","playtime":3793,"items_purged":["HollowMod:QuickDashStart"],"score":1086,"play_id":"ebefbf7f-cdc1-4550-9dd2-091e24901aaf","local_time":"20210126064510","is_ascension_mode":true,"campfire_choices":[{"data":"HollowMod:SoulSplash","floor":7.0,"key":"SMITH"},{"data":"HollowMod:HowlingWraiths","floor":10.0,"key":"SMITH"},{"data":"HollowMod:DashSlash","floor":15.0,"key":"SMITH"},{"data":"HollowMod:CornifersMapStart","floor":23.0,"key":"SMITH"},{"data":"HollowMod:ChannelNail","floor":32.0,"key":"SMITH"},{"data":"Madness","floor":40,"key":"SMITH"},{"data":"HollowMod:DungDefenderAura","floor":45,"key":"SMITH"},{"floor":49,"key":"RECALL"}],"circlet_count":0,"master_deck":["HollowMod:QuickDashStart+1","HollowMod:QuickDashStart+1","HollowMod:FocusHealStart+1","HollowMod:PogoStrike+1","HollowMod:HowlingWraiths+1","HollowMod:HeavyBlow+1","Secret Weapon+1","HollowMod:MonarchWings+1","HollowMod:FastStrike+1","HollowMod:SoulSplash+1","HollowMod:SoulVessel+1","HollowMod:NewLittleFool+1","HollowMod:HuntersJournal+1","HollowMod:DashSlash+1","HollowMod:HerrahsAnger+1","HollowMod:LifebloodCocoon+1","Jack Of All Trades+1","HollowMod:RecoilStrike+1","HollowMod:CornifersMapStart+1","HollowMod:CloakDash+1","HollowMod:SoulMaster+1","HollowMod:ChannelNail+1","HollowMod:HerrahsAnger+1","HollowMod:DashSlash+1","HollowMod:SoulSplash+1","Madness+1","Madness+1","HollowMod:BaldurShell+1","HollowMod:DungDefenderAura+1","HollowMod:CloakDash+1"],"relics":["HollowMod:VesselMask","testmod-TestBox","testmod-BloodSacrificeSpiritualization","Tiny Chest","StrikeDummy","Vajra","testmod-Alchemist","Meat on the Bone","testmod-Temperance","HollowMod:LifeEnderRelic","testmod-Muramasa","Bottled Tornado","Ornamental Fan","Potion Belt","Letter Opener","Sozu","Oddly Smooth Stone","Bag of Preparation","Boot","Torii","Gambling Chip"],"acts_visited":["Exordium","TheCity","TheBeyond"],"potions_floor_usage":[42,50,50,50],"damage_taken":[{"damage":7.0,"enemies":"Small Slimes","floor":1.0,"turns":2.0},{"damage":16.0,"enemies":"Jaw Worm","floor":3.0,"turns":3.0},{"damage":14.0,"enemies":"2 Louse","floor":4.0,"turns":5.0},{"damage":17.0,"enemies":"3 Sentries","floor":6.0,"turns":6.0},{"damage":7.0,"enemies":"HollowMod:MossKnight","floor":8.0,"turns":7.0},{"damage":7.0,"enemies":"Lagavulin","floor":11.0,"turns":5.0},{"damage":22.0,"enemies":"3 Sentries","floor":13.0,"turns":4.0},{"damage":7.0,"enemies":"Blue Slaver","floor":14.0,"turns":2.0},{"damage":19.0,"enemies":"HollowMod:FalseKnight","floor":16.0,"turns":6.0},{"damage":7.0,"enemies":"Shell Parasite","floor":18.0,"turns":3.0},{"damage":7.0,"enemies":"HollowMod:HuskSentry","floor":22.0,"turns":5.0},{"damage":7.0,"enemies":"Book of Stabbing","floor":24.0,"turns":4.0},{"damage":7.0,"enemies":"Gremlin Leader","floor":30.0,"turns":4.0},{"damage":7.0,"enemies":"Snecko","floor":31.0,"turns":2.0},{"damage":14.0,"enemies":"Champ","floor":33.0,"turns":8.0},{"damage":13.0,"enemies":"Orb Walker","floor":35.0,"turns":4.0},{"damage":7,"enemies":"3 Shapes","floor":36,"turns":4},{"damage":7,"enemies":"Spire Growth","floor":39,"turns":3},{"damage":2,"enemies":"Reptomancer","floor":42,"turns":3},{"damage":7,"enemies":"Nemesis","floor":44,"turns":5},{"damage":0,"enemies":"Maw","floor":46,"turns":6},{"damage":0,"enemies":"Sphere and 2 Shapes","floor":48,"turns":3},{"damage":7,"enemies":"Time Eater","floor":50,"turns":7}],"seed_played":"45028158981497095","potions_obtained":[{"floor":3.0,"key":"EssenceOfSteel"},{"floor":4.0,"key":"BlessingOfTheForge"},{"floor":16.0,"key":"AttackPotion"},{"floor":18.0,"key":"EssenceOfSteel"},{"floor":31.0,"key":"Fire Potion"}],"is_trial":false,"path_per_floor":["M","$","M","M","?","E","R","E","T","R","E","?","E","M","R","B",null,"M","?","$","?","M","R","E","T","T","?","$","$","E","M","R","B",null,"M","M","$","?","M","R","$","E","T","E","R","M","T","M","R","B",null],"character_chosen":"THE_BUGKNIGHT","items_purchased":["HollowMod:HeavyBlow","Secret Weapon","HollowMod:LifebloodCocoon","Jack Of All Trades","HollowMod:RecoilStrike","Oddly Smooth Stone"],"campfire_rested":0,"item_purchase_floors":[2,2,20,20,20,41],"current_hp_per_floor":[74,74,68,64,64,53,53,56,56,56,59,59,43,48,48,41,67,66,66,66,66,65,65,64,64,64,64,64,64,67,66,66,58,71,64,63,63,54,57,57,57,61,61,63,63,75,75,75,75,71],"gold":127,"neow_bonus":"HUNDRED_GOLD","is_daily":false,"chose_seed":false,"campfire_upgraded":7,"win_rate":0.0,"timestamp":1611614710,"path_taken":["M","$","M","M","?","E","R","E","T","R","E","?","E","M","R","BOSS","M","?","$","?","M","R","E","?","T","?","?","$","E","M","R","BOSS","M","M","$","?","M","R","$","E","T","E","R","M","?","M","R","BOSS"],"items_purchased_type":["Card","Card","Card","Card","Card","Relic"],"build_version":"2020-12-22","purchased_purges":1,"victory":true,"max_hp_per_floor":[75,75,75,75,75,75,75,75,75,75,75,75,75,75,75,75,75,75,75,75,75,75,75,75,75,75,75,75,75,75,75,75,75,75,75,75,75,75,75,75,75,75,75,75,75,75,75,75,75,75],"card_choices":[{"not_picked":["HollowMod:WraithStrike","HollowMod:DashSlash"],"picked":"HollowMod:HowlingWraiths","floor":1.0},{"not_picked":["HollowMod:BlackTendrils","HollowMod:DescendingDark"],"picked":"HollowMod:MonarchWings","floor":3.0},{"not_picked":["HollowMod:SiblingsSouls","HollowMod:LifebloodCocoon"],"picked":"HollowMod:FastStrike","floor":4.0},{"not_picked":["HollowMod:InfectedAttack","HollowMod:SoulStrike"],"picked":"HollowMod:SoulSplash","floor":6.0},{"not_picked":["HollowMod:SoulSplash","HollowMod:DoubleDash"],"picked":"HollowMod:SoulVessel","floor":8.0},{"not_picked":["HollowMod:VengefulSpirit","HollowMod:CoiledNail"],"picked":"HollowMod:NewLittleFool","floor":11.0},{"not_picked":["HollowMod:DoubleDash","HollowMod:theNailsmith"],"picked":"HollowMod:HuntersJournal","floor":13.0},{"not_picked":["HollowMod:BlackTendrils","HollowMod:TaintedHusks"],"picked":"HollowMod:DashSlash","floor":14.0},{"not_picked":["HollowMod:HornetsHelp","HollowMod:MidwifesHunger"],"picked":"HollowMod:HerrahsAnger","floor":16.0},{"not_picked":["HollowMod:NewLittleFool","HollowMod:BrokenVessel","HollowMod:InfectionAssault"],"picked":"SKIP","floor":18.0},{"not_picked":["HollowMod:CycloneSlash+1","HollowMod:RecoilStrike+1"],"picked":"HollowMod:CornifersMapStart","floor":22.0},{"not_picked":["HollowMod:LuriensSpire","HollowMod:FastStrike"],"picked":"HollowMod:CloakDash","floor":24.0},{"not_picked":["HollowMod:BlackTendrils+1","HollowMod:DreamGate"],"picked":"HollowMod:SoulMaster","floor":30.0},{"not_picked":["HollowMod:CycloneSlash+1","HollowMod:DescendingDark"],"picked":"HollowMod:ChannelNail","floor":31.0},{"not_picked":["HollowMod:PureVessel","HollowMod:NewInfectedGuardian"],"picked":"HollowMod:HerrahsAnger","floor":33.0},{"not_picked":["HollowMod:InfectedAttack+1","HollowMod:NewJinnsSoul"],"picked":"HollowMod:DashSlash+1","floor":35.0},{"not_picked":["HollowMod:InfectionAssault","HollowMod:HowlingWraiths+1"],"picked":"HollowMod:SoulSplash+1","floor":36},{"not_picked":["HollowMod:BaldurShell+1","HollowMod:SoulVessel","HollowMod:HeavyBlow+1"],"picked":"SKIP","floor":39},{"not_picked":["HollowMod:NewJinnsSoul","HollowMod:SoulSplash"],"picked":"HollowMod:BaldurShell+1","floor":42},{"not_picked":["HollowMod:VengefulVoid+1","HollowMod:SiblingsSouls+1"],"picked":"HollowMod:DungDefenderAura","floor":44},{"not_picked":["HollowMod:InfectedAttack+1","HollowMod:ShadowDash","HollowMod:AbyssShriek+1"],"picked":"SKIP","floor":46},{"not_picked":["HollowMod:DesolateDive","HollowMod:NewLittleFool"],"picked":"HollowMod:CloakDash+1","floor":48}],"player_experience":323159,"relics_obtained":[{"floor":6.0,"key":"Tiny Chest"},{"floor":8.0,"key":"StrikeDummy"},{"floor":9.0,"key":"Vajra"},{"floor":11.0,"key":"testmod-Alchemist"},{"floor":13.0,"key":"Meat on the Bone"},{"floor":24.0,"key":"testmod-Muramasa"},{"floor":25.0,"key":"Bottled Tornado"},{"floor":26.0,"key":"Ornamental Fan"},{"floor":30.0,"key":"Letter Opener"},{"floor":42,"key":"Bag of Preparation"},{"floor":43,"key":"Boot"},{"floor":44,"key":"Torii"},{"floor":47,"key":"Gambling Chip"}],"event_choices":[{"damage_healed":0.0,"max_hp_gain":0.0,"max_hp_loss":0.0,"gold_gain":0.0,"event_name":"给自己的盒子","player_choice":"Swap Relic","floor":5.0,"relics_lost":["War Paint"],"gold_loss":0.0,"damage_taken":0.0,"relics_obtained":["War Paint"]},{"damage_healed":0.0,"max_hp_gain":0.0,"max_hp_loss":0.0,"gold_gain":0.0,"event_name":"Ghosts","player_choice":"Ignored","floor":19.0,"gold_loss":0.0,"damage_taken":0.0},{"damage_healed":0.0,"max_hp_gain":0.0,"max_hp_loss":0.0,"gold_gain":0.0,"event_name":"Addict","player_choice":"Obtained Relic","floor":27.0,"gold_loss":85.0,"damage_taken":0.0,"relics_obtained":["Potion Belt"]},{"damage_healed":0,"gold_gain":0,"player_choice":"Embrace Madness","damage_taken":9,"max_hp_gain":0,"max_hp_loss":0,"event_name":"Winding Halls","floor":38,"gold_loss":0,"cards_obtained":["Madness","Madness"]}],"is_beta":false,"boss_relics":[{"not_picked":["testmod-NegativeEmotionEnhancer","Calling Bell"],"picked":"testmod-Temperance"},{"not_picked":["testmod-StringDisintegrator","testmod-BatchProcessingSystem"],"picked":"Sozu"}],"items_purged_floors":[37],"is_endless":false,"potions_floor_spawned":[3,4,16,18,31,42,44,46,48],"ascension_level":5}}