{"host":"aj7el8l5kufbk20z","time":1611542064,"event":{"mods":["AchievementEnabler","BaseMod","Colored Map","Colored Powertips","Curses Come First","Highlight Path","Minty Spire (QoL Compilation)","Permanent Neow","Poor People Problems","Quick Restart","Rare Cards Sparkle","Relic Stats","StSLib","SuperFastMode","Waifu the Spire"],"gold_per_floor":[111,111,111,126,126,126,136,136,163,191,245,245,245,99,99,99,99],"floor_reached":16,"language":"ZHS","playtime":649,"items_purged":["Strike_G"],"score":138,"play_id":"660874a5-20ae-444b-9460-28518dae35ca","local_time":"20210125103424","is_ascension_mode":true,"campfire_choices":[{"data":"Cloak And Dagger","floor":6,"key":"SMITH"},{"data":"Blade Dance","floor":8,"key":"SMITH"},{"data":"Neutralize","floor":13,"key":"SMITH"},{"data":"Infinite Blades","floor":15,"key":"SMITH"}],"circlet_count":0,"master_deck":["AscendersBane","Strike_G+1","Strike_G+1","Strike_G+1","Defend_G","Defend_G","Defend_G","Defend_G+1","Defend_G","Survivor","Neutralize+1","Cloak And Dagger+1","Expertise","Blade Dance+1","Prepared","Backstab","Infinite Blades+1"],"relics":["Ring of the Snake","Lantern","Odd Mushroom","Whetstone"],"acts_visited":["Exordium"],"potions_floor_usage":[16],"damage_taken":[{"damage":8,"enemies":"Jaw Worm","floor":1,"turns":7},{"damage":0,"enemies":"Cultist","floor":4,"turns":5},{"damage":0,"enemies":"Small Slimes","floor":7,"turns":4},{"damage":4,"enemies":"The Mushroom Lair","floor":10,"turns":5},{"damage":15,"enemies":"Hexaghost","floor":16,"turns":11}],"seed_played":"-8528958706528201243","potions_obtained":[{"floor":4,"key":"SpeedPotion"},{"floor":7,"key":"Ancient Potion"}],"is_trial":false,"path_per_floor":["M","?","?","M","$","R","M","R","T","?","T","?","R","$","R","B"],"character_chosen":"THE_SILENT","items_purchased":["Infinite Blades"],"campfire_rested":0,"item_purchase_floors":[14],"current_hp_per_floor":[62,47,47,47,47,47,47,47,47,43,43,48,48,48,48,33,33],"gold":99,"neow_bonus":"TEN_PERCENT_HP_BONUS","is_daily":false,"chose_seed":false,"campfire_upgraded":4,"win_rate":0.0,"timestamp":1611542064,"path_taken":["M","?","?","M","$","R","?","R","T","?","?","?","R","$","R","BOSS"],"items_purchased_type":["Card"],"build_version":"2020-12-22","purchased_purges":1,"victory":false,"max_hp_per_floor":[77,77,77,77,77,77,77,77,77,77,77,82,82,82,82,82,82],"relic_stats":{"counters":[5,31],"Whetstone":["Strike_G","Strike_G"],"obtain_stats":[{"Lantern":9,"Whetstone":11,"Odd Mushroom":10,"Ring of the Snake":0},{"Lantern":3,"Whetstone":4,"Odd Mushroom":4,"Ring of the Snake":0},{"Lantern":16,"Whetstone":21,"Odd Mushroom":21,"Ring of the Snake":0}],"Ring of the Snake":[10]},"card_choices":[{"not_picked":["Underhanded Strike","Tactician"],"picked":"Cloak And Dagger","floor":1},{"not_picked":["Sucker Punch","Poisoned Stab"],"picked":"Blade Dance","floor":4},{"not_picked":["PiercingWail","Dagger Throw"],"picked":"Prepared","floor":7},{"not_picked":["Flying Knee","Dagger Throw"],"picked":"Backstab","floor":10}],"player_experience":373607,"relics_obtained":[{"floor":9,"key":"Lantern"},{"floor":10,"key":"Odd Mushroom"},{"floor":11,"key":"Whetstone"}],"event_choices":[{"damage_healed":0,"gold_gain":0,"player_choice":"Entered Light","damage_taken":15,"max_hp_gain":0,"max_hp_loss":0,"event_name":"Shining Light","floor":2,"gold_loss":0,"cards_upgraded":["Strike_G","Defend_G"]},{"damage_healed":0,"gold_gain":0,"cards_transformed":["Strike_G"],"player_choice":"Transformed","damage_taken":0,"max_hp_gain":0,"max_hp_loss":0,"event_name":"Transmorgrifier","floor":3,"gold_loss":0,"cards_obtained":["Expertise"]},{"damage_healed":0,"gold_gain":0,"player_choice":"Fought Mushrooms","damage_taken":0,"max_hp_gain":0,"max_hp_loss":0,"event_name":"Mushrooms","floor":10,"gold_loss":0},{"damage_healed":0,"gold_gain":0,"player_choice":"Donut","damage_taken":0,"max_hp_gain":5,"max_hp_loss":0,"event_name":"Big Fish","floor":12,"gold_loss":0}],"is_beta":false,"boss_relics":[],"items_purged_floors":[14],"is_endless":false,"potions_floor_spawned":[4,7],"killed_by":"Hexaghost","ascension_level":12}}