{"host":"h1qktzcccqnez8tx","time":1611611493,"event":{"mods":["AchievementEnabler","BaseMod","Bestiary","Better Note","Block Reminder","Colored Map","Colored Powertips","Curses Come First","Highlight Path","Minty Spire (QoL Compilation)","Permanent Neow","Quick Restart","Relic Stats","StSLib","UnlockEverythingMod"],"gold_per_floor":[110,70,90,110,110,144,155,155,155,180,195,213,57,70,70,70,70],"floor_reached":16,"language":"ENG","playtime":710,"items_purged":[],"score":193,"play_id":"79747d23-8696-44b3-8154-3451d7f9b054","local_time":"20210125225133","is_ascension_mode":true,"campfire_choices":[{"data":"Feed","floor":8,"key":"SMITH"},{"floor":15,"key":"REST"}],"circlet_count":0,"master_deck":["Strike_R","Strike_R","Strike_R","Strike_R","Strike_R","Defend_R","Defend_R","Defend_R","Defend_R","Bash","Feed+1","Perfected Strike","Feel No Pain","Clothesline","Flame Barrier","Reaper","Thunderclap","Cleave","Cleave","Sentinel","Warcry","Shrug It Off","Whirlwind","True Grit","Flex","Rampage","True Grit","Shockwave","Shrug It Off","Infernal Blade"],"relics":["Burning Blood","Prayer Wheel","Mango","Orrery"],"acts_visited":["Exordium"],"potions_floor_usage":[10,12,16,16],"damage_taken":[{"damage":2,"enemies":"Jaw Worm","floor":1,"turns":3},{"damage":11,"enemies":"Cultist","floor":3,"turns":4},{"damage":0,"enemies":"2 Louse","floor":4,"turns":3},{"damage":22,"enemies":"Gremlin Nob","floor":6,"turns":5},{"damage":22,"enemies":"Gremlin Gang","floor":7,"turns":5},{"damage":40,"enemies":"Lagavulin","floor":10,"turns":8},{"damage":13,"enemies":"3 Louse","floor":11,"turns":3},{"damage":36,"enemies":"Exordium Wildlife","floor":12,"turns":5},{"damage":8,"enemies":"Blue Slaver","floor":14,"turns":5},{"damage":57,"enemies":"Hexaghost","floor":16,"turns":14}],"seed_played":"6065241334247381220","potions_obtained":[{"floor":1,"key":"Swift Potion"},{"floor":4,"key":"ColorlessPotion"},{"floor":10,"key":"LiquidBronze"},{"floor":11,"key":"FearPotion"}],"is_trial":false,"path_per_floor":["M","$","M","M","?","E","M","R","T","E","M","M","$","M","R","B"],"character_chosen":"IRONCLAD","items_purchased":["Feel No Pain","Orrery"],"campfire_rested":1,"item_purchase_floors":[2,13],"current_hp_per_floor":[63,63,61,70,70,54,45,45,59,29,26,8,8,14,50,0,0],"gold":70,"neow_bonus":"THREE_RARE_CARDS","is_daily":false,"chose_seed":false,"campfire_upgraded":1,"win_rate":0.0,"timestamp":1611611493,"path_taken":["M","$","M","M","?","E","M","R","T","E","M","M","$","?","R","BOSS"],"items_purchased_type":["Card","Relic"],"build_version":"2020-12-22","purchased_purges":0,"victory":false,"max_hp_per_floor":[83,83,86,89,89,89,92,92,106,110,114,118,118,122,122,122,122],"relic_stats":{"counters":[10,55],"Prayer Wheel":4,"obtain_stats":[{"Orrery":13,"Prayer Wheel":6,"Mango":9,"Burning Blood":0},{"Orrery":8,"Prayer Wheel":4,"Mango":5,"Burning Blood":0},{"Orrery":36,"Prayer Wheel":15,"Mango":20,"Burning Blood":0}],"Burning Blood":54},"card_choices":[{"not_picked":["Reaper","Offering"],"picked":"Feed","floor":0},{"not_picked":["Rupture","Dropkick"],"picked":"Perfected Strike","floor":1},{"not_picked":["Blood for Blood","Heavy Blade"],"picked":"Clothesline","floor":3},{"not_picked":["Armaments","Headbutt"],"picked":"Flame Barrier","floor":4},{"not_picked":["Uppercut","Juggernaut"],"picked":"Thunderclap","floor":6},{"not_picked":["Sword Boomerang","Rupture"],"picked":"Cleave","floor":7},{"not_picked":["Evolve","Searing Blow"],"picked":"Cleave","floor":7},{"not_picked":["Headbutt","Armaments"],"picked":"Sentinel","floor":10},{"not_picked":["Twin Strike","Shrug It Off"],"picked":"Warcry","floor":11},{"not_picked":["Headbutt","Iron Wave","Spot Weakness"],"picked":"SKIP","floor":11},{"not_picked":["Bloodletting","Flex"],"picked":"Shrug It Off","floor":12},{"not_picked":["Dark Embrace","Reckless Charge"],"picked":"Whirlwind","floor":12},{"not_picked":["Body Slam","Thunderclap"],"picked":"True Grit","floor":13},{"not_picked":["Clash","Entrench"],"picked":"Flex","floor":13},{"not_picked":["Inflame","Heavy Blade"],"picked":"Rampage","floor":13},{"not_picked":["Sever Soul","Brutality"],"picked":"True Grit","floor":13},{"not_picked":["Clothesline","Combust"],"picked":"Shockwave","floor":13},{"not_picked":["Heavy Blade","Shockwave"],"picked":"Shrug It Off","floor":14},{"not_picked":["Wild Strike","Warcry"],"picked":"Infernal Blade","floor":14}],"player_experience":160033,"relics_obtained":[{"floor":6,"key":"Prayer Wheel"},{"floor":9,"key":"Mango"}],"event_choices":[{"cards_removed":["Clothesline"],"damage_healed":0,"gold_gain":0,"player_choice":"Take \u0026 Give","damage_taken":0,"max_hp_gain":0,"max_hp_loss":0,"event_name":"betterNote:BetterNote","floor":5,"gold_loss":0,"cards_obtained":["Reaper"]}],"is_beta":false,"boss_relics":[],"items_purged_floors":[],"is_endless":false,"potions_floor_spawned":[1,4,10,11],"killed_by":"Hexaghost","ascension_level":5}}