{"host":"928gv66myv2vlnsd","time":1611592387,"event":{"mods":["BaseMod","Minty Spire (QoL Compilation)","StSLib"],"gold_per_floor":[119,119,44,62,62,90,109,138,191,203,25,25,50,70,70,148,198,209,209,228,240,0,34,34,34,34],"floor_reached":25,"language":"ENG","playtime":965,"items_purged":["Bite"],"score":524,"play_id":"4425f7e3-8a9c-410e-b6d9-08e28fc74cab","local_time":"20210125113307","is_ascension_mode":true,"campfire_choices":[{"data":"True Grit","floor":12,"key":"SMITH"},{"floor":15,"key":"REST"},{"data":"Limit Break","floor":24,"key":"SMITH"}],"circlet_count":0,"master_deck":["AscendersBane","Defend_R","Defend_R","Defend_R","Defend_R","Bash","Sword Boomerang","True Grit+1","Clothesline","Combust","Rupture","Immolate","Offering","Limit Break+1","Metallicize+1","Bite","Bite","Bite","Bite","Sentinel","Burning Pact","Disarm"],"relics":["Burning Blood","NeowsBlessing","Self Forming Clay","Bronze Scales","Orichalcum","Odd Mushroom","Tiny House","Medical Kit","Torii"],"acts_visited":["Exordium","TheCity"],"potions_floor_usage":[8,16,23,23],"damage_taken":[{"damage":0,"enemies":"Small Slimes","floor":1,"turns":1},{"damage":0,"enemies":"Jaw Worm","floor":4,"turns":1},{"damage":0,"enemies":"Gremlin Nob","floor":6,"turns":2},{"damage":1,"enemies":"Cultist","floor":7,"turns":3},{"damage":39,"enemies":"Lagavulin","floor":8,"turns":7},{"damage":6,"enemies":"Large Slime","floor":10,"turns":5},{"damage":8,"enemies":"The Mushroom Lair","floor":13,"turns":3},{"damage":0,"enemies":"Lots of Slimes","floor":14,"turns":1},{"damage":28,"enemies":"Hexaghost","floor":16,"turns":9},{"damage":12,"enemies":"Chosen","floor":18,"turns":5},{"damage":22,"enemies":"Shell Parasite","floor":20,"turns":6},{"damage":16,"enemies":"Chosen and Byrds","floor":21,"turns":4},{"damage":34,"enemies":"Book of Stabbing","floor":23,"turns":6},{"damage":36,"enemies":"Gremlin Leader","floor":25,"turns":3}],"seed_played":"-940572430201014081","potions_obtained":[{"floor":7,"key":"LiquidBronze"},{"floor":8,"key":"HeartOfIron"},{"floor":10,"key":"AttackPotion"},{"floor":17,"key":"DuplicationPotion"}],"is_trial":false,"path_per_floor":["M","?","?","M","?","E","M","E","T","M","$","R","?","M","R","B",null,"M","?","M","M","$","E","R","E"],"character_chosen":"IRONCLAD","items_purchased":["Rupture","Immolate","Medical Kit"],"campfire_rested":1,"item_purchase_floors":[11,11,22],"current_hp_per_floor":[74,74,74,75,52,58,63,30,30,30,30,30,28,34,56,34,70,64,56,52,50,50,28,28,0,0],"gold":34,"neow_bonus":"THREE_ENEMY_KILL","is_daily":false,"chose_seed":false,"campfire_upgraded":2,"win_rate":0.0,"timestamp":1611592387,"path_taken":["M","?","?","M","?","E","?","E","T","M","$","R","?","M","R","BOSS","M","?","M","M","$","E","R","E"],"items_purchased_type":["Card","Card","Relic"],"build_version":"2020-12-22","purchased_purges":1,"victory":false,"max_hp_per_floor":[75,75,75,75,75,75,75,75,75,75,75,75,75,75,75,75,80,80,56,56,56,56,56,56,56,56],"card_choices":[{"not_picked":["Twin Strike","Thunderclap"],"picked":"Sword Boomerang","floor":1},{"not_picked":["Body Slam","Wild Strike"],"picked":"True Grit","floor":4},{"not_picked":["Sword Boomerang","Havoc","Twin Strike"],"picked":"SKIP","floor":6},{"not_picked":["Headbutt","Havoc"],"picked":"Clothesline","floor":7},{"not_picked":["Heavy Blade","Havoc","Sword Boomerang"],"picked":"SKIP","floor":8},{"not_picked":["Sentinel","Warcry"],"picked":"Combust","floor":10},{"not_picked":["Pommel Strike","Iron Wave"],"picked":"Offering","floor":13},{"not_picked":["Body Slam","Seeing Red","Bloodletting"],"picked":"SKIP","floor":14},{"not_picked":["Corruption","Fiend Fire"],"picked":"Limit Break","floor":16},{"not_picked":["Body Slam","Perfected Strike"],"picked":"Metallicize+1","floor":18},{"not_picked":["Clash","Havoc"],"picked":"Sentinel","floor":20},{"not_picked":["Sword Boomerang","Iron Wave"],"picked":"Burning Pact","floor":21},{"not_picked":["Anger","Infernal Blade"],"picked":"Disarm","floor":23}],"player_experience":1316296,"relics_obtained":[{"floor":6,"key":"Self Forming Clay"},{"floor":8,"key":"Bronze Scales"},{"floor":9,"key":"Orichalcum"},{"floor":13,"key":"Odd Mushroom"},{"floor":23,"key":"Torii"}],"event_choices":[{"cards_removed":["Strike_R"],"damage_healed":0,"gold_gain":0,"player_choice":"Forget","damage_taken":0,"max_hp_gain":0,"max_hp_loss":0,"event_name":"Living Wall","floor":2,"gold_loss":0},{"cards_removed":["Strike_R"],"damage_healed":0,"gold_gain":0,"player_choice":"Card Removal","damage_taken":0,"max_hp_gain":0,"max_hp_loss":0,"event_name":"The Cleric","floor":3,"gold_loss":75},{"damage_healed":0,"gold_gain":0,"player_choice":"Entered Light","damage_taken":23,"max_hp_gain":0,"max_hp_loss":0,"event_name":"Shining Light","floor":5,"gold_loss":0,"cards_upgraded":["Strike_R","Strike_R"]},{"damage_healed":0,"gold_gain":0,"player_choice":"Fought Mushrooms","damage_taken":0,"max_hp_gain":0,"max_hp_loss":0,"event_name":"Mushrooms","floor":13,"gold_loss":0},{"damage_healed":0,"gold_gain":0,"player_choice":"Became a vampire","damage_taken":0,"max_hp_gain":0,"max_hp_loss":24,"event_name":"Vampires","floor":19,"gold_loss":0,"cards_obtained":["Bite","Bite","Bite","Bite","Bite"]}],"is_beta":false,"boss_relics":[{"not_picked":["Philosopher\u0027s Stone","Runic Cube"],"picked":"Tiny House"}],"items_purged_floors":[22],"is_endless":false,"potions_floor_spawned":[7,8,10,21],"killed_by":"Gremlin Leader","ascension_level":19}}