{"host":"u9h06qdlnp3wgzsw","time":1611598003,"event":{"mods":["Act Like it!","BaseMod","Curses Come First","Downfall","Hallownest","Hermit","Minty Spire (QoL Compilation)","Quick Restart","Rare Cards Sparkle","Replay The Spire","Shop Mod","StSLib","The Disciple","The Hierophant","The Servant 0.9.4"],"gold_per_floor":[138,61,100,0,0,0,0,0,52,120,155,180,180,267,267,273,273],"floor_reached":16,"language":"ENG","playtime":481,"items_purged":[],"score":156,"play_id":"6967ee9f-ce0c-45ed-80c0-28b1b43c624e","local_time":"20210125130643","is_ascension_mode":false,"campfire_choices":[{"data":"HandOfGreed","floor":6,"key":"SMITH"},{"floor":13,"key":"REST"},{"floor":15,"key":"RECALL"}],"circlet_count":0,"master_deck":["Strike_P","Strike_P","Strike_P","Strike_P","Defend_P","Defend_P","Defend_P","Defend_P","Eruption","Vigilance","HandOfGreed+1","Writhe","Pot Of Greed","Pot Of Greed"],"relics":["PureWater","Replay:Bandana","Ring of Searing","Grinning Jar","Divine Protection","Damaru","Bottled Flame"],"acts_visited":["Exordium"],"potions_floor_usage":[11,14,16],"damage_taken":[{"damage":1,"enemies":"Hallownest:monsterHuskWarrior","floor":1,"turns":4},{"damage":0,"enemies":"Hallownest:monsterHuskGuard","floor":3,"turns":2},{"damage":10,"enemies":"2_ Uuma","floor":10,"turns":4},{"damage":0,"enemies":"Hallownest:eliteCrystalGuardian","floor":11,"turns":2},{"damage":10,"enemies":"Hallownest:eliteVengeflyKing","floor":14,"turns":4},{"damage":66,"enemies":"Hallownest:BossBrokenVessel","floor":16,"turns":8}],"seed_played":"-7893965470868407897","potions_obtained":[{"floor":3,"key":"hexamod:SoulburnPotion"},{"floor":10,"key":"SkillPotion"},{"floor":14,"key":"SpeedPotion"}],"is_trial":false,"path_per_floor":["M","$","M","?","?","R","?","?","T","M","E","T","R","E","R","B"],"character_chosen":"WATCHER","items_purchased":["DuplicationPotion"],"campfire_rested":1,"item_purchase_floors":[2],"current_hp_per_floor":[64,64,64,64,72,72,72,63,63,53,53,53,73,63,63,0,0],"gold":273,"neow_bonus":"RANDOM_COLORLESS_2","is_daily":false,"chose_seed":false,"campfire_upgraded":1,"win_rate":0.0,"timestamp":1611598003,"path_taken":["M","$","M","?","?","R","?","?","T","M","E","?","R","E","R","BOSS"],"items_purchased_type":["Potion"],"build_version":"2020-12-22","purchased_purges":0,"victory":false,"max_hp_per_floor":[65,65,65,65,73,73,73,73,73,73,73,73,73,73,73,73,73],"card_choices":[{"not_picked":["Midas Touch","Chrysalis"],"picked":"HandOfGreed","floor":0},{"not_picked":["SignatureMove","BowlingBash","ForeignInfluence"],"picked":"SKIP","floor":1},{"not_picked":["ThirdEye","Crescendo","Fasting2"],"picked":"SKIP","floor":3},{"not_picked":["EmptyMind","BowlingBash","Replay:ManipulateFuture"],"picked":"SKIP","floor":10},{"not_picked":["Tantrum","Protect","Perseverance"],"picked":"SKIP","floor":11},{"not_picked":["ClearTheMind","Halt","Omniscience"],"picked":"SKIP","floor":14}],"player_experience":887531,"relics_obtained":[{"floor":7,"key":"Ring of Searing"},{"floor":9,"key":"Grinning Jar"},{"floor":11,"key":"Divine Protection"},{"floor":12,"key":"Damaru"},{"floor":14,"key":"Bottled Flame"}],"event_choices":[],"is_beta":false,"boss_relics":[],"items_purged_floors":[],"is_endless":false,"potions_floor_spawned":[3,10,14],"killed_by":"Hallownest:BossBrokenVessel","ascension_level":0}}