{"host":"lrlw254gqe5layub","time":1611586154,"event":{"mods":["AchievementEnabler","BaseMod","Colored Map","Colored Powertips","Minty Spire (QoL Compilation)","Rare Cards Sparkle","SuperFastMode"],"gold_per_floor":[113,133,153,153,10,42,58,74,74,93,268,268,23,41,41,140,140,156,156,33,52,151,178,178,178,178,210,210,33,64,82,82,182,182,200,212,37,53,53,53],"floor_reached":39,"language":"KOR","playtime":2124,"items_purged":[],"score":642,"play_id":"650a7e84-ea5a-4a9f-94af-faa43038199d","local_time":"20210125234914","is_ascension_mode":true,"campfire_choices":[{"floor":12.0,"key":"REST"},{"data":"Double Energy","floor":15.0,"key":"SMITH"},{"floor":24.0,"key":"REST"},{"floor":32.0,"key":"REST"}],"circlet_count":0,"master_deck":["Strike_B+1","Strike_B+1","Strike_B+1","Strike_B+1","Defend_B+1","Defend_B+1","Defend_B+1","Defend_B+1","Zap","Dualcast","Hello World","Ball Lightning","Gash","Double Energy+1","Self Repair","Self Repair","Consume","Leap","Cold Snap","Gash","Hello World","Beam Cell","Amplify","Coolheaded","Stack","Sweeping Beam","Darkness+1","Defragment","Loop","Beam Cell","Go for the Eyes","Chill","Hologram+1","Machine Learning","Defragment+1","Compile Driver+1","Apotheosis","Auto Shields+1"],"relics":["Cracked Core","NeowsBlessing","Vajra","Anchor","Runic Capacitor","Philosopher\u0027s Stone","PreservedInsect","Blue Candle","Oddly Smooth Stone","Toy Ornithopter","Empty Cage"],"acts_visited":["Exordium","TheCity","TheBeyond"],"potions_floor_usage":[],"damage_taken":[{"damage":0.0,"enemies":"Cultist","floor":1.0,"turns":1.0},{"damage":0.0,"enemies":"Small Slimes","floor":2.0,"turns":1.0},{"damage":0.0,"enemies":"Jaw Worm","floor":3.0,"turns":1.0},{"damage":51.0,"enemies":"Gremlin Nob","floor":6.0,"turns":5.0},{"damage":14.0,"enemies":"Exordium Thugs","floor":7.0,"turns":4.0},{"damage":11.0,"enemies":"Looter","floor":8.0,"turns":2.0},{"damage":0.0,"enemies":"Large Slime","floor":10.0,"turns":4.0},{"damage":1.0,"enemies":"3 Louse","floor":14.0,"turns":4.0},{"damage":47.0,"enemies":"Hexaghost","floor":16.0,"turns":7.0},{"damage":22.0,"enemies":"2 Thieves","floor":18.0,"turns":4.0},{"damage":25.0,"enemies":"3 Byrds","floor":21.0,"turns":4.0},{"damage":58.0,"enemies":"Gremlin Leader","floor":23.0,"turns":9.0},{"damage":44.0,"enemies":"Slavers","floor":27.0,"turns":7.0},{"damage":30.0,"enemies":"Gremlin Leader","floor":30.0,"turns":6.0},{"damage":12.0,"enemies":"3 Cultists","floor":31.0,"turns":7.0},{"damage":27.0,"enemies":"Champ","floor":33.0,"turns":11.0},{"damage":23.0,"enemies":"3 Darklings","floor":35.0,"turns":8.0},{"damage":17.0,"enemies":"Orb Walker","floor":36.0,"turns":5.0},{"damage":31,"enemies":"Maw","floor":38,"turns":8},{"damage":47,"enemies":"Sphere and 2 Shapes","floor":39,"turns":3}],"seed_played":"570314455841475188","potions_obtained":[{"floor":2.0,"key":"BlessingOfTheForge"},{"floor":3.0,"key":"Dexterity Potion"},{"floor":7.0,"key":"EssenceOfDarkness"},{"floor":10.0,"key":"Dexterity Potion"},{"floor":16.0,"key":"GamblersBrew"},{"floor":18.0,"key":"AttackPotion"},{"floor":23.0,"key":"Swift Potion"},{"floor":33.0,"key":"Explosive Potion"},{"floor":35.0,"key":"PotionOfCapacity"},{"floor":36.0,"key":"SneckoOil"}],"is_trial":false,"path_per_floor":["M","M","M","?","$","E","M","M","T","M","?","R","$","M","R","B",null,"M","?","$","M","?","E","R","?","T","E","?","$","E","M","R","B",null,"M","M","$","M","M"],"character_chosen":"DEFECT","items_purchased":["Double Energy","Self Repair","Runic Capacitor","Gash","Hello World","FairyPotion","Stack","Loop","Beam Cell","Go for the Eyes","Apotheosis"],"campfire_rested":3,"item_purchase_floors":[5,5,13,13,13,20,20,29,29,29,37],"current_hp_per_floor":[68,68,68,73,73,32,32,21,21,35,35,59,59,72,72,39,70,62,62,62,44,44,38,62,62,62,39,39,39,16,18,42,29,67,63,60,60,46,0,0],"gold":53,"neow_bonus":"THREE_ENEMY_KILL","is_daily":false,"chose_seed":false,"campfire_upgraded":1,"win_rate":0.0,"timestamp":1611586154,"path_taken":["M","M","?","?","$","E","M","M","T","M","?","R","?","M","R","BOSS","M","?","$","M","?","E","R","?","T","E","?","$","E","M","R","BOSS","M","M","$","M","M"],"items_purchased_type":["Card","Card","Relic","Card","Card","Potion","Card","Card","Card","Card","Card"],"build_version":"2020-12-22","purchased_purges":0,"victory":false,"max_hp_per_floor":[75,75,75,80,80,80,80,80,80,80,80,80,80,80,80,80,80,80,80,80,80,80,80,80,80,80,80,80,80,80,80,80,80,80,80,80,80,80,80,80],"card_choices":[{"not_picked":["Beam Cell","Storm"],"picked":"Hello World","floor":1.0},{"not_picked":["Sunder","Rebound"],"picked":"Ball Lightning","floor":2.0},{"not_picked":["Steam","Reinforced Body"],"picked":"Gash","floor":3.0},{"not_picked":["Steam","Sweeping Beam"],"picked":"Self Repair","floor":6.0},{"not_picked":["Fusion","Beam Cell"],"picked":"Consume","floor":7.0},{"not_picked":["Lockon","Turbo"],"picked":"Leap","floor":8.0},{"not_picked":["BootSequence","Sweeping Beam"],"picked":"Cold Snap","floor":10.0},{"not_picked":["Streamline","BootSequence"],"picked":"Beam Cell","floor":14.0},{"not_picked":["Thunder Strike","Hyperbeam"],"picked":"Amplify","floor":16.0},{"not_picked":["Skim","Redo"],"picked":"Coolheaded","floor":18.0},{"not_picked":["Hologram","Redo"],"picked":"Sweeping Beam","floor":21.0},{"not_picked":["Fusion","Stack+1"],"picked":"Darkness+1","floor":23.0},{"not_picked":["Beam Cell","Gash"],"picked":"Defragment","floor":27.0},{"not_picked":["Conserve Battery","Streamline"],"picked":"Chill","floor":30.0},{"not_picked":["Rebound","Compile Driver+1"],"picked":"Hologram+1","floor":31.0},{"not_picked":["All For One","Electrodynamics"],"picked":"Machine Learning","floor":33.0},{"not_picked":["Blizzard+1","Conserve Battery"],"picked":"Defragment+1","floor":35.0},{"not_picked":["Tempest","Turbo+1"],"picked":"Compile Driver+1","floor":36.0},{"not_picked":["Blizzard+1","Redo"],"picked":"Auto Shields+1","floor":38}],"player_experience":450708,"relics_obtained":[{"floor":6.0,"key":"Vajra"},{"floor":9.0,"key":"Anchor"},{"floor":23.0,"key":"PreservedInsect"},{"floor":27.0,"key":"Blue Candle"},{"floor":30.0,"key":"Toy Ornithopter"}],"event_choices":[{"damage_healed":0.0,"max_hp_gain":5.0,"max_hp_loss":0.0,"gold_gain":0.0,"event_name":"Big Fish","player_choice":"Donut","floor":4.0,"gold_loss":0.0,"damage_taken":0.0},{"damage_healed":0.0,"max_hp_gain":0.0,"max_hp_loss":0.0,"gold_gain":175.0,"event_name":"Liars Game","player_choice":"AGREE","floor":11.0,"gold_loss":0.0,"damage_taken":0.0,"cards_obtained":["Doubt"]},{"damage_healed":0.0,"max_hp_gain":0.0,"max_hp_loss":0.0,"gold_gain":0.0,"event_name":"Back to Basics","player_choice":"Simplicity","floor":19.0,"gold_loss":0.0,"damage_taken":0.0,"cards_upgraded":["Strike_B","Strike_B","Strike_B","Strike_B","Defend_B","Defend_B","Defend_B","Defend_B"]},{"damage_healed":0.0,"max_hp_gain":0.0,"max_hp_loss":0.0,"gold_gain":99.0,"event_name":"Nest","player_choice":"Stole From Cult","floor":22.0,"gold_loss":0.0,"damage_taken":0.0},{"damage_healed":0.0,"max_hp_gain":0.0,"max_hp_loss":0.0,"gold_gain":0.0,"event_name":"Cursed Tome","player_choice":"Ignored","floor":25.0,"gold_loss":0.0,"damage_taken":0.0},{"damage_healed":0.0,"max_hp_gain":0.0,"max_hp_loss":0.0,"gold_gain":0.0,"event_name":"Addict","player_choice":"Stole Relic","floor":28.0,"gold_loss":0.0,"damage_taken":0.0,"relics_obtained":["Oddly Smooth Stone"],"cards_obtained":["Shame"]}],"is_beta":false,"boss_relics":[{"not_picked":["Black Star","Runic Dome"],"picked":"Philosopher\u0027s Stone"},{"not_picked":["SacredBark","Coffee Dripper"],"picked":"Empty Cage"}],"items_purged_floors":[],"is_endless":false,"potions_floor_spawned":[2,3,7,10,16,18,23,33,35,36],"killed_by":"Sphere and 2 Shapes","ascension_level":8}}