{"host":"18wi9kpcl4eah7pe","time":1611554379,"event":{"mods":["BaseMod","Colored Powertips","Downfall","Minty Spire (QoL Compilation)","StSLib"],"gold_per_floor":[99,99,99,99,99,111,111,124,141,41,67,83,101,101,101,101],"floor_reached":14,"language":"ENG","playtime":688,"items_purged":[],"score":90,"play_id":"5a8bc7d1-f243-4b57-87f2-aa87af8af287","local_time":"20210124235939","is_ascension_mode":false,"campfire_choices":[{"floor":1,"key":"RECALL"}],"circlet_count":0,"master_deck":["sneckomod:Strike","sneckomod:Strike","sneckomod:Strike","sneckomod:Defend","sneckomod:Defend","sneckomod:Defend","sneckomod:TailWhip","sneckomod:SnekBite","sneckomod:Unknown","sneckomod:Unknown","sneckomod:WideSting","sneckomod:UnknownCommonSkill","sneckomod:UnknownBlock","sneckomod:PureSnecko","sneckomod:DiceBlock","sneckomod:MixItUp","Leap","sneckomod:TrashToTreasure","sneckomod:UnknownWeak","sneckomod:Memorize"],"relics":["sneckomod:SneckoSoul","downfall:HeartsMalice","downfall:HeartBlessingBlue","sneckomod:LoadedDie"],"acts_visited":["Exordium"],"potions_floor_usage":[11,13,14],"damage_taken":[{"damage":0,"enemies":"Cultist","floor":2,"turns":1},{"damage":0,"enemies":"Jaw Worm","floor":3,"turns":1},{"damage":0,"enemies":"Small Slimes","floor":4,"turns":1},{"damage":0,"enemies":"Gremlin Gang","floor":6,"turns":3},{"damage":0,"enemies":"Exordium Wildlife","floor":8,"turns":5},{"damage":26,"enemies":"Exordium Thugs","floor":9,"turns":6},{"damage":19,"enemies":"3 Sentries","floor":11,"turns":6},{"damage":24,"enemies":"Large Slime","floor":12,"turns":6},{"damage":0,"enemies":"Red Slaver","floor":13,"turns":3},{"damage":39,"enemies":"Lagavulin","floor":14,"turns":11}],"seed_played":"5547699952086423334","potions_obtained":[{"floor":6,"key":"CultistPotion"},{"floor":8,"key":"SpeedPotion"},{"floor":11,"key":"GamblersBrew"}],"is_trial":false,"path_per_floor":["R","M","M","M","?","M","T","M","M","R","E","M","M","E"],"character_chosen":"THE_SNECKO","items_purchased":[],"campfire_rested":0,"item_purchase_floors":[],"current_hp_per_floor":[90,90,90,90,90,90,90,90,64,74,55,31,31,0,0,0],"gold":101,"neow_bonus":"THREE_ENEMY_KILL","is_daily":false,"chose_seed":false,"campfire_upgraded":0,"win_rate":0.0,"timestamp":1611554379,"path_taken":["R","M","M","?","?","M","T","?","M","R","E","M","M","E"],"items_purchased_type":[],"build_version":"2020-12-22","purchased_purges":0,"victory":false,"max_hp_per_floor":[90,90,90,90,90,90,90,90,90,100,100,100,100,100,100,100],"card_choices":[{"not_picked":["sneckomod:SoulRoll","sneckomod:IronFang"],"picked":"sneckomod:WideSting","floor":2},{"not_picked":["sneckomod:Unknown1Cost","sneckomod:UnknownVulnerable"],"picked":"sneckomod:UnknownBlock","floor":3},{"not_picked":["sneckomod:DiceCrush","sneckomod:RainOfDice"],"picked":"sneckomod:UnknownCommonSkill","floor":4},{"not_picked":["sneckomod:Nope","sneckomod:RainOfDice"],"picked":"sneckomod:PureSnecko","floor":6},{"not_picked":["sneckomod:SoulDraw","sneckomod:UnknownCommonSkill"],"picked":"sneckomod:DiceBlock","floor":8},{"not_picked":["sneckomod:UnknownUncommonSkill","sneckomod:UnknownDraw"],"picked":"sneckomod:MixItUp","floor":9},{"not_picked":["sneckomod:UnknownX","sneckomod:SoulDraw"],"picked":"sneckomod:TrashToTreasure","floor":11},{"not_picked":["sneckomod:UnknownCommonSkill","sneckomod:PureSnecko"],"picked":"sneckomod:UnknownWeak","floor":12},{"not_picked":["sneckomod:IronFang","sneckomod:QuickBite"],"picked":"sneckomod:Memorize","floor":13}],"player_experience":956902,"relics_obtained":[{"floor":11,"key":"sneckomod:LoadedDie"}],"event_choices":[],"is_beta":false,"boss_relics":[],"items_purged_floors":[],"is_endless":false,"potions_floor_spawned":[6,8,11],"killed_by":"Lagavulin","ascension_level":0}}