{"host":"vyiqbz5w606ur92t","time":1611581965,"event":{"mods":["BaseMod","Downfall","Minty Spire (QoL Compilation)","StSLib"],"gold_per_floor":[111,135,132,144,171,214,281,322,348,360,172,284,330,342,367,379,379,379],"floor_reached":16,"language":"ENG","playtime":1318,"items_purged":[],"score":124,"play_id":"d0a62130-5b78-4262-b2ab-5e5c091e3169","local_time":"20210125133925","is_ascension_mode":true,"campfire_choices":[{"data":"Guardian:CurlUp","floor":1,"key":"SMITH"},{"data":"Guardian:TwinSlam","floor":11,"key":"SMITH"}],"circlet_count":0,"master_deck":["Guardian:Strike_Guardian","Guardian:Defend_Guardian","Guardian:Defend_Guardian","Guardian:Defend_Guardian","Guardian:Defend_Guardian","Guardian:CurlUp+1","Guardian:TwinSlam+1","CurseOfTheBell","Guardian:SpikerProtocol+1","Guardian:StasisStrike+1","Guardian:RollAttack+1","Guardian:MultiBeam+1","Guardian:BronzeOrb+1","Guardian:PrismaticBeam+1","Guardian:StasisField","Guardian:Planning","Guardian:SpikerProtocol+1"],"relics":["Calling Bell","MawBank","Frozen Egg 2","Incense Burner","Molten Egg 2","Eternal Feather","downfall:HeartBlessingGreen","downfall:HeartBlessingBlue","PreservedInsect","downfall:BrokenWingStatue"],"acts_visited":["Exordium"],"potions_floor_usage":[12,16,16],"damage_taken":[{"damage":1,"enemies":"Jaw Worm","floor":2,"turns":5},{"damage":0,"enemies":"downfall:FleeingMerchant","floor":3,"turns":4},{"damage":0,"enemies":"Cultist","floor":5,"turns":4},{"damage":12,"enemies":"3 Sentries","floor":6,"turns":6},{"damage":30,"enemies":"Gremlin Nob","floor":8,"turns":5},{"damage":5,"enemies":"Small Slimes","floor":9,"turns":2},{"damage":8,"enemies":"downfall:Heads","floor":12,"turns":5},{"damage":16,"enemies":"Lagavulin","floor":13,"turns":7},{"damage":0,"enemies":"3 Louse","floor":15,"turns":3},{"damage":85,"enemies":"DF_ARCHETYPE_STREAMLINE","floor":16,"turns":14}],"seed_played":"2215840372222922024","potions_obtained":[{"floor":5,"key":"AttackPotion"},{"floor":8,"key":"Weak Potion"},{"floor":9,"key":"LiquidBronze"},{"floor":12,"key":"Explosive Potion"}],"is_trial":false,"path_per_floor":["R","M","$","?","M","E","T","E","M","?","R","?","E","?","M","B"],"character_chosen":"GUARDIAN","items_purchased":[],"campfire_rested":0,"item_purchase_floors":[],"current_hp_per_floor":[80,79,79,79,79,67,67,37,32,32,51,43,27,27,27,0,0,0],"gold":379,"neow_bonus":"BOSS_RELIC","is_daily":false,"chose_seed":false,"campfire_upgraded":2,"win_rate":0.0,"timestamp":1611581965,"path_taken":["R","M","$","?","M","E","T","E","?","?","R","?","E","?","M","BOSS"],"items_purchased_type":[],"build_version":"2020-12-22","purchased_purges":0,"victory":false,"max_hp_per_floor":[80,80,80,80,80,80,80,80,80,80,90,90,90,90,90,90,90,90],"card_choices":[{"not_picked":["Guardian:Planning","Guardian:Incinerate"],"picked":"Guardian:SpikerProtocol+1","floor":2},{"not_picked":["Guardian:Incinerate","Guardian:Recover"],"picked":"Guardian:StasisStrike","floor":3},{"not_picked":["Guardian:Gem_Green","Guardian:ShieldCharger"],"picked":"Guardian:RollAttack","floor":5},{"not_picked":["Guardian:DonusPower","Guardian:Suspension"],"picked":"Guardian:Gem_Blue","floor":6},{"not_picked":["Guardian:VentSteam","Guardian:RefractedBeam+1"],"picked":"Guardian:MultiBeam+1","floor":8},{"not_picked":["Guardian:Gem_Red","Guardian:Recover"],"picked":"Guardian:BronzeOrb+1","floor":9},{"not_picked":["Guardian:Gem_Red","Guardian:PrimingBeam+1"],"picked":"Guardian:StasisField","floor":12},{"not_picked":["Guardian:RollAttack+1","Guardian:CrystalBeam+1"],"picked":"Guardian:Planning","floor":13},{"not_picked":["Guardian:RefractedBeam+1","Guardian:Suspension"],"picked":"Guardian:SpikerProtocol+1","floor":15}],"player_experience":1043625,"relics_obtained":[{"floor":0,"key":"MawBank"},{"floor":0,"key":"Frozen Egg 2"},{"floor":0,"key":"Incense Burner"},{"floor":6,"key":"Molten Egg 2"},{"floor":8,"key":"Eternal Feather"},{"floor":13,"key":"PreservedInsect"}],"event_choices":[],"is_beta":false,"boss_relics":[],"items_purged_floors":[],"is_endless":false,"potions_floor_spawned":[5,8,9,12,15],"killed_by":"DF_ARCHETYPE_STREAMLINE","ascension_level":1}}