{"host":"pgm1p3lvdjflie30","time":1611554466,"event":{"mods":["100% Spire Juice","ATMod(阿瑾Mod)","AchievementEnabler","Act Like it!","Aspiration","Astrologer","Bard","BaseMod","Block Reminder","Challenge The Spire","Colored Map","Colored Powertips","Conspire","Downfall","Energized Spire","Gensokyo","Gremlin Mod","GungeonMod","Hermit","Highlight Path","HornydragonMod","Hunter ?人","Koishi","KomeijiMod","LagranYue(拉格朗·月)","Luminous","Minty Spire (QoL Compilation)","MostiFishMod","Nova Terra(?娃·泰拉)","Quarter Circle Forward PUNCH!","Reimu（博???）","Replay The Spire","Robot Space Explorer","SOS（斯巴?之子）","StSLib","TestMod","The Alterego","The Blackbeard","The Bladedancer","The Bug Knight","The Cursed","The Dragon Tamer","The Gatherer","The Hayseed","The Hierophant","The IronCluck","The Jungle","The Mystic","The Poker Player","The Runesmith","The Saiyan","The Senshi","The Showman","TheHeartMod","Waifu the Spire","Warlord Emblem","Youmu（魂魄妖?）","Yuri Mod","【功能Mod】混沌之?修复?丁","【?物卡牌】REMEMod","篝火指南"],"gold_per_floor":[146,156,172,214,232,232,232],"floor_reached":6,"language":"ZHS","playtime":284,"items_purged":[],"score":40,"play_id":"592b6ea0-4eab-4fce-a512-ac83959efaa9","local_time":"20210125140106","is_ascension_mode":false,"campfire_choices":[],"circlet_count":0,"master_deck":["Strike_Giant","Strike_Giant","Defend_Giant","Defend_Giant","Defend_Giant","Defend_Giant","CultistPetCall","EagleFirst","EagleFirst","EagleSecond","Commander_Giant","Encourage_Giant","Echo Attack","Spirit Of Beast","SpikerPetCall","alterego_mod:STier"],"relics":["GiantSoulBox","AT_ATBox","DaveBox","testmod-TestBox","REME_ComplimentaryCards","LagranYue:RandomDrawCardRelic","NeowsBlessing","SynthV:TestCard"],"acts_visited":["Exordium"],"potions_floor_usage":[5,6],"damage_taken":[{"damage":0,"enemies":"Cultist","floor":1,"turns":1},{"damage":0,"enemies":"Jaw Worm","floor":2,"turns":1},{"damage":0,"enemies":"2 Louse","floor":3,"turns":1},{"damage":9,"enemies":"Looter","floor":4,"turns":3},{"damage":60,"enemies":"Gremlin Gang","floor":5,"turns":5},{"damage":5,"enemies":"Gremlin Nob","floor":6,"turns":2}],"seed_played":"4565309805680746171","potions_obtained":[{"floor":3,"key":"bronze:BurnAndBuffPotion"},{"floor":5,"key":"Fire Potion"}],"is_trial":false,"path_per_floor":["M","M","M","M","M","E"],"character_chosen":"Giant","items_purchased":[],"campfire_rested":0,"item_purchase_floors":[],"current_hp_per_floor":[65,65,65,61,1,0,0],"gold":232,"neow_bonus":"THREE_ENEMY_KILL","is_daily":false,"chose_seed":false,"campfire_upgraded":0,"win_rate":0.0,"timestamp":1611554466,"path_taken":["M","M","?","M","?","E"],"items_purchased_type":[],"build_version":"2020-12-22","purchased_purges":0,"victory":false,"max_hp_per_floor":[65,65,65,70,70,70,70],"card_choices":[{"not_picked":["TakeAction_Giant","Mana Growth"],"picked":"Commander_Giant","floor":1},{"not_picked":["Random Death Rattle","Pummel Giant","Trace_Giant","EagleSecond"],"picked":"Encourage_Giant","floor":2},{"not_picked":["Trace_Giant","Pummel Giant","EagleSecond","TakeAction_Giant"],"picked":"Echo Attack","floor":3},{"not_picked":["HPGrowth_Giant","Combo Recycle","CultistPetCall","EagleSecond"],"picked":"Spirit Of Beast","floor":4},{"not_picked":["TakeAction_Giant","Echo Defend Giant","Protect_Giant","Ready_Giant"],"picked":"SpikerPetCall","floor":5}],"player_experience":338842,"relics_obtained":[{"floor":1,"key":"SynthV:TestCard"}],"event_choices":[],"is_beta":false,"boss_relics":[],"items_purged_floors":[],"is_endless":false,"potions_floor_spawned":[3,5],"killed_by":"Gremlin Nob","ascension_level":0}}