{"host":"2hlhnd4tei6r1t0s","time":1611560936,"event":{"mods":["100% Spire Juice","ATMod(阿瑾Mod)","Act Like it!","Arknights The Spire","Ascension Reborn","Aspiration","Astrologer","Bard","BaseMod","Chen","Conspire","Dota2Spire","Downfall","Energized Spire","Evolution","Gensokyo","Gremlin Mod","Hallownest","HololiveMod","HumanHunterMod(怪物杀人mod)","Jedi Mod","Jorbs\u0027s Wanderer Trilogy","KinomotoSakuraMod(木之本樱)","Koishi","Lobotomy","LobotomyExtend","Luminous","Mari Mod (Legacy)","Mari\u0027s V1 Patch","Minty Spire (QoL Compilation)","MostiFishMod","Pale of the Ancients","Potionbrewer","Prisma Mod","Quick Restart","Reimu（博丽灵梦）","Replay The Spire","Robot Space Explorer","RumiaBox-露米娅的神秘盒子","Slay the StarCraft II Mod","Spicy Shops","StSLib","TestMod","The Administrix","The Alterego","The Animator","The Blackbeard","The Construct","The Cursed","The Forsaken","The Gatherer","The Hayseed","The Jungle","The Marked","The Mystic","The Runesmith","The Saiyan","The Senshi","The Showman","TheHeartMod","TheWitcher","Uncapped","WarShipGirlsR/战舰少女R mod","Yakumo Yukari mod","Yuyuko","[GremlinLeader]The Maniac","[IsaacMod]以撒尖塔","noobMod","【功能Mod】混沌之环修复补丁","【功能Mod】聪明的最终Boss","【遗物卡牌】REMEMod","残留之物","篝火指南"],"gold_per_floor":[99,119,119,142,154,998925,998972,999029,999029,999029,998367,998367,998437,998502,998311,998338,998338],"floor_reached":16,"language":"ZHS","playtime":2597,"items_purged":["SlaytheStarCraft2Mod:Basic_Defend_Protoss","SlaytheStarCraft2Mod:Basic_Defend_Protoss","SlaytheStarCraft2Mod:Basic_Defend_Protoss","AT_EmpoweredMortalDraw","SlaytheStarCraft2Mod:Basic_Strike_Protoss","Replay:Parry"],"score":400,"play_id":"d75e4e38-13e0-4965-9d40-7fa85a91d1f4","local_time":"20210125154856","is_ascension_mode":true,"campfire_choices":[],"circlet_count":0,"master_deck":["SlaytheStarCraft2Mod:Basic_Strike_Protoss","SlaytheStarCraft2Mod:Basic_Strike_Protoss","SlaytheStarCraft2Mod:Basic_Strike_Protoss","EpicFetus+1","testmod-AdversityCounterattack+1","HalloweenModCandy","Regret","HalloweenModGhostCostume","Regret","MostiFishMod:ButterFly","SlaytheStarCraft2Mod:DefiniteHatred","REME_HeartOfCthun","SlaytheStarCraft2Mod:VoidSpiralBall","Regret","SlaytheStarCraft2Mod:LightningFlush","ReplayTheSpireMod:Private Reserves","HalloweenModTrick","SlaytheStarCraft2Mod:BatterSlash","SlaytheStarCraft2Mod:LightningFlush","Regret","SlaytheStarCraft2Mod:BatterSlash","SlaytheStarCraft2Mod:VoidPowerCannon","SlaytheStarCraft2Mod:TearSlash","SlaytheStarCraft2Mod:VoidStrike","SlaytheStarCraft2Mod:StretchLightning","Swift Strike","SlaytheStarCraft2Mod:DefiniteHatred","SlaytheStarCraft2Mod:VoidStrike","SlaytheStarCraft2Mod:VoidPowerCannon","Parasite","Gatherer:FruitForce","HalloweenModCandy","HalloweenModCandy","SlaytheStarCraft2Mod:SingularityStub","SlaytheStarCraft2Mod:SingularityStub","testmod-PerfectCombo","theHeart:ChaoticEnergy"],"relics":["EVO:Axolotl","ice","testmod-TestBox","DaveBox","REME_ComplimentaryCards","HushsDoor","KeepersGift","AT_ATBox","DiscerningMonocle","HalloweenModHalloween","Blue Candle","Sozu","LetterFromLob","MawBank","REME_ArchaeologicalTools","Mango","HandDrill","testmod-Register","SynthV:C4","Dota2Spire:MonkeyKingBar","ArrowTower","Dota2Spire:ShadowBlade","ReplayTheSpireMod:ShopPack","Membership Card","TungstenRod","Shuriken","testmod-Déjàvu","jedi:purplefairy","AT_SunfireAegis","construct:FoamFinger","PlaceholderMod:FlatBlood","OrangePellets","Dead Branch","MagicDraw3","testmod-HeartOfDaVinci","Dota2Spire:LotusOrb","Chemical X","Oddly Smooth Stone","Orrery","theForsaken:Lifeblossom","testmod-Maize","Gremlin Horn","Sling","Gatherer:MistGenerator","Guide Book","theHeart:Burger"],"acts_visited":["Exordium"],"potions_floor_usage":[],"damage_taken":[{"damage":4,"enemies":"conspire:RoseBush","floor":2,"turns":2},{"damage":53,"enemies":"Cultist","floor":4,"turns":9},{"damage":0,"enemies":"Gremlin Nob","floor":7,"turns":1},{"damage":17,"enemies":"2 Louse","floor":8,"turns":5},{"damage":0,"enemies":"Looter","floor":13,"turns":3},{"damage":58,"enemies":"Red Slaver","floor":14,"turns":10},{"damage":0,"enemies":"Slime Boss","floor":16,"turns":7}],"seed_played":"-4217477288622692202","potions_obtained":[],"is_trial":false,"path_per_floor":["?","M","?","M","$","R","E","M","T","$","R","$","M","M","R","B"],"character_chosen":"PROTOSS","items_purchased":["REME_ArchaeologicalTools","Mango","HandDrill","testmod-Register","SynthV:C4","Dota2Spire:MonkeyKingBar","MostiFishMod:ButterFly","SlaytheStarCraft2Mod:DefiniteHatred","REME_HeartOfCthun","SlaytheStarCraft2Mod:VoidSpiralBall","ArrowTower","Dota2Spire:ShadowBlade","ReplayTheSpireMod:ShopPack","Membership Card","TungstenRod","Shuriken","SlaytheStarCraft2Mod:LightningFlush","AT_SunfireAegis","construct:FoamFinger","PlaceholderMod:FlatBlood","OrangePellets","Dead Branch","SlaytheStarCraft2Mod:BatterSlash","SlaytheStarCraft2Mod:LightningFlush","MagicDraw3","testmod-HeartOfDaVinci","Dota2Spire:LotusOrb","Chemical X","Oddly Smooth Stone","SlaytheStarCraft2Mod:BatterSlash","SlaytheStarCraft2Mod:VoidPowerCannon","Orrery","theForsaken:Lifeblossom","testmod-Maize","Gremlin Horn","Sling","Swift Strike","SlaytheStarCraft2Mod:DefiniteHatred","SlaytheStarCraft2Mod:VoidStrike","SlaytheStarCraft2Mod:VoidPowerCannon","Gatherer:MistGenerator","Guide Book","SlaytheStarCraft2Mod:SingularityStub","testmod-PerfectCombo","theHeart:Burger"],"campfire_rested":0,"item_purchase_floors":[5,5,5,5,5,5,5,5,5,6,6,6,6,6,6,6,6,10,10,10,10,10,10,10,11,11,11,11,11,11,11,11,12,12,12,12,12,12,12,12,12,12,15,15,15],"current_hp_per_floor":[68,64,64,31,45,45,49,44,44,44,44,44,57,89,101,22,22],"gold":998338,"neow_bonus":"BOSS_RELIC","is_daily":false,"chose_seed":false,"campfire_upgraded":0,"win_rate":0.0,"timestamp":1611560936,"path_taken":["?","?","?","M","$","R","E","M","T","$","R","$","?","M","R","BOSS"],"items_purchased_type":["Relic","Relic","Relic","Relic","Relic","Relic","Card","Card","Card","Card","Relic","Relic","Relic","Relic","Relic","Relic","Card","Relic","Relic","Relic","Relic","Relic","Card","Card","Relic","Relic","Relic","Relic","Relic","Card","Card","Relic","Relic","Relic","Relic","Relic","Card","Card","Card","Card","Relic","Relic","Card","Card","Relic"],"build_version":"2020-12-22","purchased_purges":6,"victory":false,"max_hp_per_floor":[75,75,75,75,89,89,89,89,89,89,89,89,89,89,101,102,102],"card_choices":[{"not_picked":[],"picked":"EpicFetus","floor":0},{"not_picked":["HalloweenModTrick","HalloweenModGhostCostume"],"picked":"HalloweenModCandy","floor":2},{"not_picked":["HalloweenModCandy","HalloweenModTrick"],"picked":"HalloweenModGhostCostume","floor":4},{"not_picked":["MostiFishMod:Galeforce","testmod-AssimilatedRune"],"picked":"ChaosCard","floor":6},{"not_picked":["testmod-BloodBlade","Swift Strike"],"picked":"ReplayTheSpireMod:Private Reserves","floor":6},{"not_picked":["BettingIsNotGood","jedi:forcepush"],"picked":"Replay:Parry","floor":6},{"not_picked":["HalloweenModCandy","HalloweenModGhostCostume"],"picked":"HalloweenModTrick","floor":7},{"not_picked":["HalloweenModCandy","HalloweenModGhostCostume"],"picked":"HalloweenModTrick","floor":8},{"not_picked":["Bomb","SlaytheStarCraft2Mod:ShadowBarrier"],"picked":"SlaytheStarCraft2Mod:TearSlash","floor":11},{"not_picked":["SlaytheStarCraft2Mod:ShadowBarrier","SlaytheStarCraft2Mod:CounterAttack"],"picked":"SlaytheStarCraft2Mod:VoidStrike","floor":11},{"not_picked":["SlaytheStarCraft2Mod:WayofDarkTemplar","SlaytheStarCraft2Mod:Blink"],"picked":"SlaytheStarCraft2Mod:TaughtStrike","floor":11},{"not_picked":["SlaytheStarCraft2Mod:TearSlash","SlaytheStarCraft2Mod:VoidSneakAttack"],"picked":"SlaytheStarCraft2Mod:StretchLightning","floor":11},{"not_picked":["HalloweenModTrick","HalloweenModGhostCostume"],"picked":"HalloweenModCandy","floor":13},{"not_picked":["HalloweenModTrick","HalloweenModGhostCostume"],"picked":"HalloweenModCandy","floor":14}],"player_experience":153875,"relics_obtained":[{"floor":2,"key":"LetterFromLob"},{"floor":7,"key":"testmod-Déjàvu"},{"floor":9,"key":"jedi:purplefairy"}],"event_choices":[{"cards_removed":["SlaytheStarCraft2Mod:Basic_Defend_Protoss"],"damage_healed":0,"gold_gain":0,"player_choice":"Card Removal","damage_taken":7,"max_hp_gain":0,"max_hp_loss":0,"event_name":"Golden Wing","floor":1,"gold_loss":0},{"damage_healed":0,"gold_gain":0,"player_choice":"Box","damage_taken":0,"relics_obtained":["MawBank"],"max_hp_gain":0,"max_hp_loss":0,"event_name":"Big Fish","floor":3,"gold_loss":0,"cards_obtained":["Regret"]}],"is_beta":false,"boss_relics":[],"items_purged_floors":[5,6,6,10,11,12],"is_endless":false,"potions_floor_spawned":[2,7,8],"killed_by":"Slime Boss","ascension_level":0}}