{"host":"8c7ixdz8x9d2d2wv","time":1611609471,"event":{"mods":["AYAYA","BaseMod","Better Altar","Better Sensory Stone","Better Third Choice","Better-Laid Plans","BetterRewards","Colored Map","Colored Powertips","Curses Come First","Dark Map","Defuse TimeMaze Blight","Emptier Cage","Good Game Mod","Highlight Path","Minty Spire (QoL Compilation)","Quick Restart","Rare Cards Sparkle","Relic Sorter","Remove Card Discount Mod","Reorder Act Four","Shop Mod","StSLib","Transform Curses","Uncapped","everything is the same but u backflip on backflip"],"gold_per_floor":[116,291,291,291,366,399,44,67,141,141,179,197,67,82,82,201,201,216,232,232,248,269,269,305,170,216,230,230,570,570,588,588,711,711,736,736,718,736,736,736,772,847,859,871,883,920,932,1009,1021,1033,1045,1158,1158,1192,1192,1192],"floor_reached":55,"language":"ENG","playtime":2470,"items_purged":["Strike_G","Doubt","Survivor","Defend_G","Strike_G","Strike_G","Defend_G","Defend_G","Defend_G","Defend_G","Leg Sweep","Escape Plan","Deflect"],"score":1086,"play_id":"9918faeb-6075-4c64-91d6-3c38c7de2ba2","local_time":"20210125221751","is_ascension_mode":false,"campfire_choices":[{"data":"1","floor":10.0,"key":"LIFT"},{"data":"2","floor":15.0,"key":"LIFT"},{"data":"3","floor":23.0,"key":"LIFT"},{"data":"Bouncing Flask","floor":30.0,"key":"SMITH"},{"data":"Sadistic Nature","floor":32.0,"key":"SMITH"},{"data":"Cloak And Dagger","floor":45,"key":"SMITH"},{"data":"Noxious Fumes","floor":47,"key":"SMITH"},{"floor":49,"key":"RECALL"},{"data":"Madness","floor":53,"key":"SMITH"}],"circlet_count":0,"master_deck":["Footwork","Sadistic Nature+1","Footwork","Bouncing Flask+1","Deflect","Good Instincts","Dodge and Roll","Madness","Madness+1","Sadistic Nature+1","Cloak And Dagger+1","Noxious Fumes+1","Skewer+1"],"relics":["Ring of the Snake","Mercury Hourglass","Membership Card","TwistedFunnel","REME:ComplimentaryCards","MerchantsRug","Torii","StoneCalendar","Girya","Golden Idol","Eternal Feather","TungstenRod","Blood Vial","Ice Cream","Oddly Smooth Stone","Sozu","InkBottle","Ninja Scroll","Juzu Bracelet","Paper Crane","DollysMirror","Vajra","Art of War","Sundial","Boot","Lantern","FossilizedHelix"],"acts_visited":["Exordium","TheCity","TheBeyond","TheEnding"],"potions_floor_usage":[],"damage_taken":[{"damage":0.0,"enemies":"Jaw Worm","floor":1.0,"turns":4.0},{"damage":19.0,"enemies":"3 Sentries","floor":6.0,"turns":7.0},{"damage":0.0,"enemies":"Small Slimes","floor":8.0,"turns":3.0},{"damage":0.0,"enemies":"Gremlin Nob","floor":11.0,"turns":3.0},{"damage":0.0,"enemies":"2 Louse","floor":12.0,"turns":1.0},{"damage":0.0,"enemies":"Lots of Slimes","floor":14.0,"turns":2.0},{"damage":0.0,"enemies":"Slime Boss","floor":16.0,"turns":7.0},{"damage":0.0,"enemies":"Chosen","floor":18.0,"turns":4.0},{"damage":9.0,"enemies":"2 Thieves","floor":19.0,"turns":3.0},{"damage":0.0,"enemies":"Centurion and Healer","floor":21.0,"turns":5.0},{"damage":0.0,"enemies":"Snake Plant","floor":22.0,"turns":3.0},{"damage":0.0,"enemies":"Book of Stabbing","floor":24.0,"turns":4.0},{"damage":0.0,"enemies":"3 Cultists","floor":27.0,"turns":3.0},{"damage":0.0,"enemies":"Slavers","floor":29.0,"turns":4.0},{"damage":0.0,"enemies":"Cultist and Chosen","floor":31.0,"turns":3.0},{"damage":9.0,"enemies":"Champ","floor":33.0,"turns":7.0},{"damage":0,"enemies":"3 Darklings","floor":35,"turns":3},{"damage":0,"enemies":"Orb Walker","floor":38,"turns":2},{"damage":0,"enemies":"Mind Bloom Boss Battle","floor":42,"turns":4},{"damage":0,"enemies":"4 Shapes","floor":46,"turns":3},{"damage":12,"enemies":"2 Orb Walkers","floor":48,"turns":3},{"damage":7,"enemies":"Awakened One","floor":50,"turns":7},{"damage":18,"enemies":"Shield and Spear","floor":54,"turns":3},{"damage":68,"enemies":"The Heart","floor":55,"turns":5}],"seed_played":"-2388203917670355501","potions_obtained":[{"floor":8.0,"key":"PowerPotion"},{"floor":11.0,"key":"SkillPotion"}],"is_trial":false,"path_per_floor":["M","?","?","T","?","E","$","M","T","R","E","M","$","M","R","B",null,"M","M","$","M","M","R","E","$","T","M","?","E","R","M","R","B",null,"M","?","$","M","?","T","T","?","T","?","R","M","R","?","R","B",null,"$","R","E","B"],"character_chosen":"THE_SILENT","items_purchased":["MerchantsRug","TwistedFunnel","Membership Card","Mercury Hourglass","Footwork","Blood Vial","Ice Cream","Sadistic Nature","Footwork","Matryoshka","Ninja Scroll","Juzu Bracelet","Paper Crane","DollysMirror","Cloak And Dagger","Boot","Lantern"],"campfire_rested":0,"item_purchase_floors":[0,0,0,0,0,7,7,7,7,13,25,37,37,37,37,52,52],"current_hp_per_floor":[28,28,11,11,35,16,16,18,18,24,26,28,28,30,33,35,70,70,61,61,63,65,70,70,70,70,70,70,70,70,70,70,61,70,70,62,62,64,64,64,64,66,66,66,70,70,70,58,64,59,70,70,70,52,0,0],"gold":1192,"neow_bonus":"","is_daily":false,"chose_seed":false,"campfire_upgraded":5,"win_rate":0.0,"timestamp":1611609471,"path_taken":["M","?","?","?","?","E","$","M","T","R","E","?","?","M","R","BOSS","M","M","$","M","M","R","E","$","T","M","?","E","R","M","R","BOSS","M","?","$","M","?","?","?","?","T","?","R","M","R","?","R","BOSS","$","R","E","BOSS"],"items_purchased_type":["Relic","Relic","Relic","Relic","Card","Relic","Relic","Card","Card","Relic","Relic","Relic","Relic","Relic","Card","Relic","Relic"],"build_version":"2020-12-22","purchased_purges":13,"victory":false,"max_hp_per_floor":[70,70,70,70,70,70,70,70,70,70,70,70,70,70,70,70,70,70,70,70,70,70,70,70,70,70,70,70,70,70,70,70,70,70,70,70,70,70,70,70,70,70,70,70,70,70,70,70,70,70,70,70,70,70,70,70],"card_choices":[{"not_picked":["Poisoned Stab","Flechettes","Crippling Poison"],"picked":"SKIP","floor":1.0},{"not_picked":["Distraction","Backstab","Flying Knee"],"picked":"SKIP","floor":6.0},{"not_picked":["Eviscerate","Caltrops","Sucker Punch"],"picked":"SKIP","floor":8.0},{"not_picked":["Eviscerate","Flechettes","Blade Dance"],"picked":"SKIP","floor":11.0},{"not_picked":["Leg Sweep","Sucker Punch","Outmaneuver"],"picked":"SKIP","floor":12.0},{"not_picked":["Footwork","Flechettes","Quick Slash"],"picked":"SKIP","floor":14.0},{"not_picked":["Setup","Escape Plan"],"picked":"Bouncing Flask","floor":18.0},{"not_picked":["Blade Dance","Quick Slash"],"picked":"Deflect","floor":19.0},{"not_picked":["Infinite Blades","Poisoned Stab"],"picked":"Deflect","floor":21.0},{"not_picked":["Bane","Sucker Punch","Grand Finale"],"picked":"SKIP","floor":22.0},{"not_picked":["Acrobatics","Calculated Gamble","Slice"],"picked":"SKIP","floor":24.0},{"not_picked":["Underhanded Strike","Poisoned Stab","Dash+1"],"picked":"SKIP","floor":27.0},{"not_picked":["Discovery","Metamorphosis"],"picked":"Good Instincts","floor":28.0},{"not_picked":["Slice+1","Finisher+1","Dash"],"picked":"SKIP","floor":29.0},{"not_picked":["Backflip","Bouncing Flask"],"picked":"Dodge and Roll","floor":31.0},{"not_picked":["Deadly Poison+1","Quick Slash","Accuracy+1"],"picked":"SKIP","floor":35},{"not_picked":["Infinite Blades","Deadly Poison+1"],"picked":"Noxious Fumes","floor":38},{"not_picked":["Prepared","Deadly Poison","Dagger Spray"],"picked":"SKIP","floor":46},{"not_picked":["Setup+1","Flying Knee+1"],"picked":"Skewer+1","floor":54}],"player_experience":686709,"relics_obtained":[{"floor":4.0,"key":"Eternal Feather"},{"floor":6.0,"key":"TungstenRod"},{"floor":11.0,"key":"Oddly Smooth Stone"},{"floor":24.0,"key":"InkBottle"},{"floor":26.0,"key":"Ancient Tea Set"},{"floor":26.0,"key":"Smiling Mask"},{"floor":29.0,"key":"Old Coin"},{"floor":40,"key":"Vajra"},{"floor":40,"key":"MawBank"},{"floor":41,"key":"Art of War"},{"floor":42,"key":"Peace Pipe"},{"floor":43,"key":"Sundial"},{"floor":48,"key":"Tough Bandages"},{"floor":54,"key":"FossilizedHelix"}],"event_choices":[{"damage_healed":0.0,"max_hp_gain":0.0,"max_hp_loss":0.0,"gold_gain":175.0,"event_name":"betterThird:BetterSerpent","player_choice":"AGREE","floor":2.0,"gold_loss":0.0,"damage_taken":116.0},{"damage_healed":0.0,"max_hp_gain":0.0,"max_hp_loss":0.0,"gold_gain":0.0,"event_name":"Golden Idol","player_choice":"Take Damage","floor":3.0,"gold_loss":0.0,"damage_taken":17.0,"relics_obtained":["Golden Idol"]},{"damage_healed":0.0,"max_hp_gain":0.0,"max_hp_loss":0.0,"gold_gain":75.0,"event_name":"betterThird:BetterGoop","player_choice":"Gold","floor":5.0,"gold_loss":0.0,"damage_taken":11.0},{"damage_healed":0.0,"max_hp_gain":0.0,"max_hp_loss":0.0,"gold_gain":2.0,"event_name":"betterStone:BetterStone","player_choice":"1","floor":28.0,"gold_loss":0.0,"damage_taken":0.0},{"damage_healed":0,"gold_gain":0,"player_choice":"Embrace Madness","damage_taken":9,"max_hp_gain":0,"max_hp_loss":0,"event_name":"Winding Halls","floor":36,"gold_loss":0,"cards_obtained":["Madness","Madness"]},{"damage_healed":0,"gold_gain":0,"player_choice":"Ignored","damage_taken":0,"max_hp_gain":0,"max_hp_loss":0,"event_name":"The Moai Head","floor":39,"gold_loss":0},{"damage_healed":0,"gold_gain":0,"player_choice":"Fight","damage_taken":0,"max_hp_gain":0,"max_hp_loss":0,"event_name":"MindBloom","floor":42,"gold_loss":0},{"cards_removed":["Neutralize"],"damage_healed":0,"gold_gain":0,"player_choice":"Removed Attack","damage_taken":0,"max_hp_gain":0,"max_hp_loss":0,"event_name":"Falling","floor":44,"gold_loss":0},{"damage_healed":0,"gold_gain":0,"player_choice":"Fight","damage_taken":0,"max_hp_gain":0,"max_hp_loss":0,"event_name":"Mysterious Sphere","floor":48,"gold_loss":0}],"is_beta":false,"boss_relics":[{"not_picked":["Runic Pyramid","Coffee Dripper"],"picked":"Sozu"},{"not_picked":["Busted Crown","Astrolabe"],"picked":"Pandora\u0027s Box"}],"items_purged_floors":[0,7,7,7,7,7,13,13,25,25,37,37,37],"is_endless":false,"potions_floor_spawned":[8,11,18,29,31,38,46,48],"killed_by":"The Heart","ascension_level":0}}