{"host":"srk2drlvga69hbot","time":1611575738,"event":{"mods":["BaseMod","Bestiary","Block Reminder","Colored Map","Colored Powertips","Dark Map","DeckTracker","Highlight Path","Minty Spire (QoL Compilation)","Quick Restart","Rare Cards Sparkle","Relic Stats","SuperFastMode","Unceasing Turn Reminder"],"gold_per_floor":[112,287,62,62,62,62,105,105,105,146,165,165,189,289,289,418,418,439,463,487,412,432,432,432],"floor_reached":23,"language":"ZHS","playtime":1048,"items_purged":["Doubt"],"score":261,"play_id":"8f1ba6de-c63d-4630-9282-7c89d634ce28","local_time":"20210125195538","is_ascension_mode":true,"campfire_choices":[{"data":"Zap","floor":6.0,"key":"SMITH"},{"data":"Dualcast","floor":8.0,"key":"SMITH"},{"data":"Creative AI","floor":12.0,"key":"SMITH"},{"floor":15.0,"key":"REST"}],"circlet_count":0,"master_deck":["Strike_B","Strike_B","Strike_B","Defend_B","Defend_B","Defend_B","Defend_B","Zap+1","Dualcast+1","Streamline","Creative AI+1","Blizzard","Glacier","BootSequence+1"],"relics":["Cracked Core","NeowsBlessing","Sling","Golden Idol","Bag of Marbles","Torii","Mummified Hand","Inserter"],"acts_visited":["Exordium","TheCity"],"potions_floor_usage":[23],"damage_taken":[{"damage":0.0,"enemies":"Jaw Worm","floor":1.0,"turns":1.0},{"damage":0.0,"enemies":"Lagavulin","floor":7.0,"turns":1.0},{"damage":0.0,"enemies":"3 Sentries","floor":10.0,"turns":1.0},{"damage":0.0,"enemies":"2 Louse","floor":11.0,"turns":2.0},{"damage":0.0,"enemies":"Small Slimes","floor":13.0,"turns":3.0},{"damage":48.0,"enemies":"Hexaghost","floor":16.0,"turns":8.0},{"damage":20.0,"enemies":"Shell Parasite","floor":18.0,"turns":7.0},{"damage":30.0,"enemies":"Spheric Guardian","floor":19.0,"turns":6.0},{"damage":13,"enemies":"Snecko","floor":20,"turns":10},{"damage":7,"enemies":"Shelled Parasite and Fungi","floor":22,"turns":12},{"damage":6,"enemies":"Book of Stabbing","floor":23,"turns":2}],"seed_played":"5554235844439746413","potions_obtained":[{"floor":13.0,"key":"Weak Potion"},{"floor":16.0,"key":"AttackPotion"},{"floor":19.0,"key":"PowerPotion"}],"is_trial":false,"path_per_floor":["M","?","$","?","?","R","E","R","T","E","M","R","M","?","R","B",null,"M","M","M","?","M","E"],"character_chosen":"DEFECT","items_purchased":["Sling"],"campfire_rested":1,"item_purchase_floors":[3],"current_hp_per_floor":[75,75,75,57,57,57,57,57,57,57,57,57,57,57,75,27,75,55,25,12,12,5,0,0],"gold":432,"neow_bonus":"THREE_ENEMY_KILL","is_daily":false,"chose_seed":false,"campfire_upgraded":3,"win_rate":0.0,"timestamp":1611575738,"path_taken":["M","?","$","?","?","R","E","R","T","E","?","R","?","?","R","BOSS","M","M","M","?","M","E"],"items_purchased_type":["Relic"],"build_version":"2020-12-22","purchased_purges":1,"victory":false,"max_hp_per_floor":[75,75,75,75,75,75,75,75,75,75,75,75,75,75,75,75,75,75,75,75,75,75,75,75],"relic_stats":{"Inserter":[17],"Torii":14,"counters":[11,53],"Golden Idol":70,"Mummified Hand":[83],"obtain_stats":[{"Inserter":17,"NeowsBlessing":0,"Torii":9,"Golden Idol":4,"Mummified Hand":10,"Bag of Marbles":7,"Cracked Core":0,"Sling":3},{"Inserter":6,"NeowsBlessing":0,"Torii":2,"Golden Idol":1,"Mummified Hand":3,"Bag of Marbles":2,"Cracked Core":0,"Sling":1},{"Inserter":16,"NeowsBlessing":0,"Torii":2,"Golden Idol":1,"Mummified Hand":3,"Bag of Marbles":2,"Cracked Core":0,"Sling":1}]},"card_choices":[{"not_picked":["Barrage","Steam"],"picked":"Streamline","floor":1.0},{"not_picked":["Doom and Gloom","Capacitor","Rebound"],"picked":"SKIP","floor":7.0},{"not_picked":["Loop","Barrage"],"picked":"Creative AI","floor":10.0},{"not_picked":["Compile Driver","Barrage","Reinforced Body"],"picked":"SKIP","floor":11.0},{"not_picked":["Steam","Conserve Battery"],"picked":"Blizzard","floor":13.0},{"not_picked":["Capacitor","Turbo","Lockon"],"picked":"SKIP","floor":18.0},{"not_picked":["Gash","Barrage"],"picked":"Glacier","floor":19.0},{"not_picked":["Barrage","Aggregate"],"picked":"BootSequence+1","floor":20},{"not_picked":["Gash","Barrage","Go for the Eyes"],"picked":"SKIP","floor":22}],"player_experience":252390,"relics_obtained":[{"floor":7.0,"key":"Bag of Marbles"},{"floor":9.0,"key":"Torii"},{"floor":10.0,"key":"Mummified Hand"}],"event_choices":[{"damage_healed":0.0,"max_hp_gain":0.0,"max_hp_loss":0.0,"gold_gain":175.0,"event_name":"Liars Game","player_choice":"AGREE","floor":2.0,"gold_loss":0.0,"damage_taken":0.0,"cards_obtained":["Doubt"]},{"damage_healed":0.0,"max_hp_gain":0.0,"max_hp_loss":0.0,"gold_gain":0.0,"event_name":"Golden Idol","player_choice":"Take Damage","floor":4.0,"gold_loss":0.0,"damage_taken":18.0,"relics_obtained":["Golden Idol"]},{"damage_healed":0.0,"max_hp_gain":0.0,"max_hp_loss":0.0,"gold_gain":0.0,"event_name":"Shining Light","player_choice":"Ignored","floor":5.0,"gold_loss":0.0,"damage_taken":0.0},{"damage_healed":0.0,"max_hp_gain":0.0,"max_hp_loss":0.0,"gold_gain":100.0,"event_name":"Golden Shrine","player_choice":"Pray","floor":14.0,"gold_loss":0.0,"damage_taken":0.0},{"cards_removed":["Strike_B"],"damage_healed":0,"gold_gain":0,"player_choice":"Gave Gold","damage_taken":0,"max_hp_gain":0,"max_hp_loss":0,"event_name":"Beggar","floor":21,"gold_loss":75}],"is_beta":false,"boss_relics":[{"not_picked":["FrozenCore","Runic Pyramid"],"picked":"Inserter"}],"items_purged_floors":[3],"is_endless":false,"potions_floor_spawned":[13,16,19],"killed_by":"Book of Stabbing","ascension_level":1}}