{"host":"0i8dz4ityulxi1rd","time":1611591471,"event":{"mods":["BaseMod","Colored Map","Colored Powertips","Custom Start","Highlight Path","Hubris","Keyboard Shortcuts","Minty Spire (QoL Compilation)","StSLib","SuperFastMode"],"gold_per_floor":[360,188,188,204,218,253,66,66,66,92,92,92,102,117,117,117,117],"floor_reached":16,"language":"KOR","playtime":514,"items_purged":["hubris:Lust","Strike_R"],"score":220,"play_id":"aa8e2cbe-93bc-423f-baa6-a7c0393683bb","local_time":"20210126011751","is_ascension_mode":true,"campfire_choices":[{"floor":8.0,"key":"REST"},{"floor":12,"key":"REST"},{"data":"Rampage","floor":15,"key":"SMITH"}],"circlet_count":0,"master_deck":["AscendersBane","Strike_R","Strike_R","Strike_R","Defend_R","Defend_R","Defend_R","Defend_R","Bash","Deep Breath","Carnage","Rage","Second Wind","Twin Strike","Rampage+1"],"relics":["Burning Blood","Anchor","Ornamental Fan"],"acts_visited":["Exordium"],"potions_floor_usage":[10,16],"damage_taken":[{"damage":23.0,"enemies":"Cultist","floor":1.0,"turns":5.0},{"damage":1.0,"enemies":"2 Louse","floor":4.0,"turns":3.0},{"damage":2.0,"enemies":"Jaw Worm","floor":5.0,"turns":3.0},{"damage":45.0,"enemies":"3 Sentries","floor":6.0,"turns":9.0},{"damage":39,"enemies":"Gremlin Nob","floor":10,"turns":5},{"damage":0,"enemies":"Blue Slaver","floor":13,"turns":4},{"damage":0,"enemies":"Looter","floor":14,"turns":3},{"damage":46,"enemies":"The Guardian","floor":16,"turns":6}],"seed_played":"8446996748451824048","potions_obtained":[{"floor":1.0,"key":"Dexterity Potion"},{"floor":6.0,"key":"Block Potion"},{"floor":13,"key":"Regen Potion"}],"is_trial":false,"path_per_floor":["M","$","?","M","M","E","$","R","T","E","?","R","M","M","R","B"],"character_chosen":"IRONCLAD","items_purchased":["Deep Breath","Second Wind"],"campfire_rested":2,"item_purchase_floors":[2,7],"current_hp_per_floor":[51,51,51,56,60,21,21,43,43,10,3,25,31,37,37,5,5],"gold":117,"neow_bonus":"TWO_FIFTY_GOLD","is_daily":false,"chose_seed":false,"campfire_upgraded":1,"win_rate":0.0,"timestamp":1611591471,"path_taken":["M","$","?","M","M","E","?","R","T","E","?","R","M","?","R","BOSS"],"items_purchased_type":["Card","Card"],"build_version":"2020-12-22","purchased_purges":2,"victory":false,"max_hp_per_floor":[75,75,75,75,75,75,75,75,75,75,75,75,75,75,75,75,75],"card_choices":[{"not_picked":["Armaments","Seeing Red","True Grit"],"picked":"SKIP","floor":1.0},{"not_picked":["Clash","Heavy Blade"],"picked":"Carnage","floor":4.0},{"not_picked":["Pommel Strike","Carnage","Bloodletting"],"picked":"SKIP","floor":5.0},{"not_picked":["Dual Wield","Thunderclap"],"picked":"Rage","floor":6.0},{"not_picked":["Uppercut","Warcry","Infernal Blade"],"picked":"SKIP","floor":10},{"not_picked":["hubris:SharpeningStone","Warcry"],"picked":"Twin Strike","floor":13},{"not_picked":["Spot Weakness","Seeing Red"],"picked":"Rampage","floor":14}],"player_experience":1325284,"relics_obtained":[{"floor":6.0,"key":"Ornamental Fan"}],"event_choices":[{"damage_healed":0.0,"max_hp_gain":0.0,"max_hp_loss":0.0,"gold_gain":0.0,"event_name":"WeMeetAgain","player_choice":"Gave Potion","floor":3.0,"gold_loss":0.0,"damage_taken":0.0,"relics_obtained":["Anchor"]},{"cards_removed":["Strike_R"],"damage_healed":0,"gold_gain":0,"player_choice":"Card Removal","damage_taken":7,"max_hp_gain":0,"max_hp_loss":0,"event_name":"Golden Wing","floor":11,"gold_loss":0}],"is_beta":false,"boss_relics":[],"items_purged_floors":[2,7],"is_endless":false,"potions_floor_spawned":[1,6,13],"killed_by":"The Guardian","ascension_level":20}}