{"host":"uxq2rly8rxtwffuf","time":1611589727,"event":{"mods":["BaseMod","Koishi","Minty Spire (QoL Compilation)","StSLib","The Servant 0.9.4"],"gold_per_floor":[118,138,151,171,5,35,35,68,137,150,150,170,182,201,201,272,272,288,47,66,82,82,82,82,98,98,148,162,162,62,76,76,153,153,167,0,25,25,36,36,55,55,55,55,90,90,90,100,100,100],"floor_reached":51,"language":"ENG","playtime":3471,"items_purged":["Strike_S","Defend_S"],"score":1324,"play_id":"051e53d7-14d1-47a7-94da-b895af099d23","local_time":"20210125184847","is_ascension_mode":true,"campfire_choices":[{"floor":7,"key":"REST"},{"floor":11,"key":"REST"},{"data":"Moondial","floor":15,"key":"SMITH"},{"data":"PendulumOfEternity","floor":23,"key":"SMITH"},{"floor":29,"key":"REST"},{"data":"FloweringNight","floor":32,"key":"SMITH"},{"floor":40,"key":"REST"},{"floor":42,"key":"REST"},{"floor":44,"key":"RECALL"},{"data":"Deny","floor":46,"key":"SMITH"},{"data":"Initiator","floor":49,"key":"SMITH"}],"circlet_count":0,"master_deck":["AscendersBane","Defend_S","Defend_S","Defend_S","KidneyShot","Exchange","TimeWarp","Moondial+1","BottledTime","ShatteredReality","Comet+1","Starlight","Advance","FloweringNight+1","ShatteredReality","TimeWarp","Initiator+1","Duplication+1","SoulSculpture+1","TimeTheft+1","Potential+1","PendulumOfEternity+1","Comet","Potential","Deny+1","DualDimension+1","Moondial+1","Starlight"],"relics":["Uniform","Lee\u0027s Waffle","Ginger","Unceasing Top","Pantograph","Astrolabe","Pan","Vajra","Busted Crown","Red Mask","Pocketwatch","Whetstone"],"acts_visited":["Exordium","TheCity","TheBeyond"],"potions_floor_usage":[3,6,16,41,45],"damage_taken":[{"damage":5,"enemies":"Cultist","floor":1,"turns":5},{"damage":6,"enemies":"Jaw Worm","floor":2,"turns":4},{"damage":12,"enemies":"Small Slimes","floor":3,"turns":3},{"damage":3,"enemies":"Looter","floor":4,"turns":4},{"damage":45,"enemies":"Gremlin Nob","floor":6,"turns":5},{"damage":20,"enemies":"Lagavulin","floor":8,"turns":6},{"damage":6,"enemies":"Blue Slaver","floor":10,"turns":2},{"damage":0,"enemies":"2 Fungi Beasts","floor":12,"turns":3},{"damage":0,"enemies":"Lots of Slimes","floor":13,"turns":2},{"damage":0,"enemies":"Large Slime","floor":14,"turns":4},{"damage":18,"enemies":"Slime Boss","floor":16,"turns":5},{"damage":19,"enemies":"Shell Parasite","floor":18,"turns":3},{"damage":0,"enemies":"Chosen","floor":20,"turns":2},{"damage":7,"enemies":"Centurion and Healer","floor":21,"turns":5},{"damage":11,"enemies":"Sentry and Sphere","floor":25,"turns":4},{"damage":0,"enemies":"Chosen and Byrds","floor":28,"turns":3},{"damage":0,"enemies":"3 Cultists","floor":31,"turns":3},{"damage":29,"enemies":"Automaton","floor":33,"turns":5},{"damage":2,"enemies":"Orb Walker","floor":35,"turns":2},{"damage":0,"enemies":"Mind Bloom Boss Battle","floor":37,"turns":2},{"damage":59,"enemies":"3 Shapes","floor":39,"turns":2},{"damage":16,"enemies":"3 Darklings","floor":41,"turns":3},{"damage":13,"enemies":"Reptomancer","floor":45,"turns":3},{"damage":0,"enemies":"Transient","floor":48,"turns":6},{"damage":33,"enemies":"Awakened One","floor":50,"turns":6}],"seed_played":"1855352328675327802","potions_obtained":[{"floor":2,"key":"Regen Potion"},{"floor":3,"key":"SteroidPotion"},{"floor":12,"key":"Weak Potion"},{"floor":14,"key":"SkillPotion"},{"floor":16,"key":"BlessingOfTheForge"},{"floor":21,"key":"Regen Potion"},{"floor":41,"key":"EssenceOfSteel"}],"is_trial":false,"path_per_floor":["M","M","M","M","$","E","R","E","T","M","R","M","M","M","R","B",null,"M","$","M","M","?","R","?","M","T","?","M","R","$","M","R","B",null,"M","?","?","?","M","R","M","R","T","R","E","R","?","M","R","B",null],"character_chosen":"THE_SERVANT","items_purchased":["Lee\u0027s Waffle","Pan"],"campfire_rested":5,"item_purchase_floors":[5,19],"current_hp_per_floor":[55,49,46,43,73,28,49,29,29,23,44,44,44,44,44,51,68,49,49,49,42,57,57,36,25,25,25,25,48,48,48,48,44,70,68,68,78,78,19,42,35,58,58,58,45,45,45,45,45,37],"gold":100,"neow_bonus":"TEN_PERCENT_HP_BONUS","is_daily":false,"chose_seed":false,"campfire_upgraded":5,"win_rate":0.0,"timestamp":1611589727,"path_taken":["M","M","M","M","$","E","R","E","T","M","R","M","M","M","R","BOSS","M","$","?","M","?","R","?","M","T","?","M","R","$","M","R","BOSS","M","?","?","?","?","R","?","R","T","R","E","R","?","M","R","BOSS"],"items_purchased_type":["Relic","Relic"],"build_version":"2020-12-22","purchased_purges":2,"victory":true,"max_hp_per_floor":[66,66,66,66,73,73,73,73,73,73,73,73,73,73,73,73,73,73,73,73,73,73,73,78,78,78,78,78,78,78,78,78,78,78,78,78,78,78,78,78,78,78,78,78,78,78,78,78,78,78],"card_choices":[{"not_picked":["Rewind","DoubleEdge"],"picked":"TimeWarp","floor":1},{"not_picked":["MoonPhase","Luminosity"],"picked":"Moondial","floor":2},{"not_picked":["DoubleEdge","Starlight"],"picked":"BottledTime","floor":3},{"not_picked":["Luminosity","Sabotage"],"picked":"ShatteredReality","floor":4},{"not_picked":["Defy","Hightail"],"picked":"Comet","floor":6},{"not_picked":["Barrier","Unruled"],"picked":"Starlight","floor":8},{"not_picked":["Starlight","Defy"],"picked":"Advance","floor":10},{"not_picked":["Desolation","DoubleEdge"],"picked":"FloweringNight","floor":12},{"not_picked":["DancingSilver","Rewind"],"picked":"ShatteredReality","floor":13},{"not_picked":["Spin","Ricochet"],"picked":"TimeWarp","floor":14},{"not_picked":["ForgedInTime","FlawlessForm"],"picked":"Initiator","floor":16},{"not_picked":["DoubleEdge","Revamp","Starlight"],"picked":"SKIP","floor":18},{"not_picked":["Rewind","Reset"],"picked":"Potential","floor":20},{"not_picked":["Rearm","Comet"],"picked":"PendulumOfEternity","floor":21},{"not_picked":["Starlight","Defy","FastForward"],"picked":"SKIP","floor":25},{"not_picked":["Ricochet","SilverBlades"],"picked":"Comet","floor":28},{"not_picked":["Alleviate","Contraction"],"picked":"Potential","floor":31},{"not_picked":["SoulSculpture","SilverMatrix"],"picked":"Deny","floor":33},{"not_picked":["Spin+1"],"picked":"SKIP","floor":35},{"not_picked":[],"picked":"DualDimension+1","floor":37},{"not_picked":["Rearm+1"],"picked":"SKIP","floor":39},{"not_picked":[],"picked":"Starlight","floor":41},{"not_picked":["FloweringNight"],"picked":"SKIP","floor":45},{"not_picked":["SilverBlades+1"],"picked":"SKIP","floor":48}],"player_experience":1419887,"relics_obtained":[{"floor":6,"key":"Ginger"},{"floor":8,"key":"Unceasing Top"},{"floor":9,"key":"Pantograph"},{"floor":26,"key":"Vajra"},{"floor":37,"key":"Pocketwatch"},{"floor":45,"key":"Whetstone"}],"event_choices":[{"damage_healed":15,"gold_gain":0,"player_choice":"Heal","damage_taken":0,"max_hp_gain":0,"max_hp_loss":0,"event_name":"The Library","floor":22,"gold_loss":0},{"damage_healed":0,"gold_gain":0,"player_choice":"Shed Blood","damage_taken":26,"max_hp_gain":5,"max_hp_loss":0,"event_name":"Forgotten Altar","floor":24,"gold_loss":0},{"damage_healed":0,"gold_gain":50,"player_choice":"Stole From Cult","damage_taken":0,"max_hp_gain":0,"max_hp_loss":0,"event_name":"Nest","floor":27,"gold_loss":0},{"damage_healed":0,"gold_gain":0,"player_choice":"Paid","damage_taken":0,"relics_obtained":["Red Mask"],"max_hp_gain":0,"max_hp_loss":0,"event_name":"Tomb of Lord Red Mask","floor":36,"gold_loss":167},{"damage_healed":0,"gold_gain":0,"player_choice":"Fight","damage_taken":0,"max_hp_gain":0,"max_hp_loss":0,"event_name":"MindBloom","floor":37,"gold_loss":0},{"damage_healed":0,"gold_gain":0,"player_choice":"Copied","damage_taken":0,"max_hp_gain":0,"max_hp_loss":0,"event_name":"Duplicator","floor":38,"gold_loss":0,"cards_obtained":["Moondial"]},{"damage_healed":0,"gold_gain":0,"player_choice":"Memory 1","damage_taken":0,"max_hp_gain":0,"max_hp_loss":0,"event_name":"SensoryStone","floor":47,"gold_loss":0}],"is_beta":false,"boss_relics":[{"not_picked":["MysterySword","Calling Bell"],"picked":"Astrolabe"},{"not_picked":["SacredBark","Snecko Eye"],"picked":"Busted Crown"}],"items_purged_floors":[19,30],"is_endless":false,"potions_floor_spawned":[2,3,12,14,16,21,25,31,37,39,41],"ascension_level":19}}