{"host":"1cd1aqaox6jesai3","time":1611545027,"event":{"mods":["Act Like it!","Arknights The Spire","Astrologer","Bartender","BaseMod","Colored Powertips","Googly Eyes","Hallownest","Infinite Spire","Marisa????????","Mimic Mod","Minty Spire (QoL Compilation)","Remilia_Scarlet Moed?????·?????3.3.5","Replay The Spire","StSLib","The Bladedancer","The Bug Knight","The Construct","The Hierophant"],"gold_per_floor":[112,132,132,132,147,180,20,20,44,44,75,88,113,123,123,221,221,202,221,146,164,175,175,186,202,202,202,233,259,294,294,294,395,395,433,475,327,327,327],"floor_reached":38,"language":"ENG","playtime":3248,"items_purged":[],"score":836,"play_id":"586a3c5f-74e6-4f3c-9212-7b5af8a0fe9c","local_time":"20210124222347","is_ascension_mode":false,"campfire_choices":[{"floor":10,"key":"REST"},{"data":"StarlightTyphoon","floor":15,"key":"SMITH"},{"data":"DarkMatter","floor":15,"key":"SMITH"},{"data":"SuperNova","floor":23,"key":"SMITH"},{"data":"Singularity","floor":23,"key":"SMITH"},{"data":"Orbital","floor":32,"key":"SMITH"},{"data":"PowerUp","floor":32,"key":"SMITH"}],"circlet_count":0,"master_deck":["Strike_MRS","Strike_MRS","Strike_MRS","Strike_MRS","Defend_MRS+1","Defend_MRS","Defend_MRS","Defend_MRS","MasterSpark+1","UpSweep","EnergyFlow","PowerUp+1","DarkMatter+1","Singularity+1","WitchLeyline","PowerUp","OortCloud","StarlightTyphoon+1","SuperNova+1","PowerUp","Orbital+1","MagicChant","EnergyFlow+1","TreasureHunter","Singularity+1","BinaryStars"],"relics":["BewitchedHakkero","NeowsBlessing","Pen Nib","Replay:Arrowhead","Replay:Rubber Ducky","Eternal Feather","Anchor","Painkiller Herb","HandmadeGrimoire","infinitespire:PuzzleCube","Snack Pack","Red Mask","Ancient Tea Set","MutagenicStrength","infinitespire:EvilPickle","Replay:Grab Bag","Replay:Bronze Core","Runic Dome"],"acts_visited":["Exordium","TheCity","TheBeyond"],"potions_floor_usage":[6,29,29,30,33,35],"damage_taken":[{"damage":0,"enemies":"2 Louse","floor":1,"turns":1},{"damage":0,"enemies":"Jaw Worm","floor":2,"turns":1},{"damage":0,"enemies":"Small Slimes","floor":5,"turns":1},{"damage":31,"enemies":"Lagavulin","floor":6,"turns":5},{"damage":15,"enemies":"Replay:BlueRogue","floor":11,"turns":5},{"damage":0,"enemies":"3 Louse","floor":12,"turns":3},{"damage":13,"enemies":"HollowMod:MossKnight","floor":13,"turns":6},{"damage":0,"enemies":"Blue Slaver","floor":14,"turns":4},{"damage":0,"enemies":"Slime Boss","floor":16,"turns":7},{"damage":2,"enemies":"2 Thieves","floor":18,"turns":4},{"damage":0,"enemies":"Chosen","floor":19,"turns":3},{"damage":6,"enemies":"Centurion and Healer","floor":21,"turns":5},{"damage":8,"enemies":"Snake Plant","floor":22,"turns":5},{"damage":5,"enemies":"3 Cultists","floor":24,"turns":5},{"damage":0,"enemies":"Chosen and Byrds","floor":25,"turns":6},{"damage":5,"enemies":"Replay:Snechameleon","floor":28,"turns":5},{"damage":0,"enemies":"Masked Bandits","floor":29,"turns":3},{"damage":0,"enemies":"Nightmare","floor":30,"turns":8},{"damage":0,"enemies":"Pondfish","floor":33,"turns":8},{"damage":0,"enemies":"3 Darklings","floor":35,"turns":7},{"damage":34,"enemies":"Orb Walker","floor":36,"turns":6},{"damage":33,"enemies":"infinitespire:Three Voidlings","floor":38,"turns":8},{"damage":47,"enemies":"Nightmare_Alpha","floor":38,"turns":6}],"seed_played":"-7508741249828262152","potions_obtained":[{"floor":2,"key":"PowerPotion"},{"floor":5,"key":"Swift Potion"},{"floor":11,"key":"Reflective Coating"},{"floor":13,"key":"ColorlessPotion"},{"floor":16,"key":"BottledSpark"},{"floor":19,"key":"Energy Potion"},{"floor":30,"key":"AttackPotion"},{"floor":33,"key":"Toxic Potion"}],"is_trial":false,"path_per_floor":["M","M","?","?","M","E","$","?","T","R","E","M","E","M","R","B",null,"?","?","?","?","?","T","?","?","T","AVR","E","?","NM","?","T","B",null,"?","?","T","?"],"character_chosen":"MARISA","items_purchased":["BigCrunch","BinaryStars"],"campfire_rested":1,"item_purchase_floors":[7,37],"current_hp_per_floor":[75,75,75,60,60,29,29,17,17,39,24,24,11,11,20,20,75,73,73,73,67,59,71,66,66,66,66,61,65,65,65,75,75,75,75,41,41,0,0],"gold":327,"neow_bonus":"THREE_ENEMY_KILL","is_daily":false,"chose_seed":false,"campfire_upgraded":6,"win_rate":0.0,"timestamp":1611545027,"path_taken":["M","M","?","?","M","E","$","?","T","R","E","M","E","M","R","BOSS","?","?","?","?","?","T","?","?","T","AVR","E","?","NM","?","T","BOSS","?","?","T","?"],"items_purchased_type":["Card","Card"],"build_version":"2020-12-22","purchased_purges":0,"victory":false,"max_hp_per_floor":[75,75,75,75,75,75,75,75,75,75,75,75,75,75,75,75,75,75,75,75,75,75,75,75,75,75,75,75,75,75,75,75,75,75,75,75,75,75,75],"card_choices":[{"not_picked":["ShootTheMoon","FairyDestructionRay"],"picked":"EnergyFlow","floor":1},{"not_picked":["6A","NonDirectionalLaser"],"picked":"PowerUp","floor":2},{"not_picked":["GravityBeat","ShootTheMoon"],"picked":"DarkMatter","floor":5},{"not_picked":["MysteriousBeam","ChargingUp"],"picked":"Singularity","floor":6},{"not_picked":["NonDirectionalLaser","Robbery"],"picked":"WitchLeyline","floor":11},{"not_picked":["Robbery","Orbital"],"picked":"PowerUp","floor":12},{"not_picked":["OpenUniverse","WitchOfGreed"],"picked":"OortCloud","floor":13},{"not_picked":["UnstableBomb","DC"],"picked":"StarlightTyphoon","floor":14},{"not_picked":["EscapeVelocity","BlazingStar"],"picked":"SuperNova","floor":16},{"not_picked":["MysteriousBeam","IllusionStar","GravityBeat"],"picked":"SKIP","floor":18},{"not_picked":["DoubleSpark","BlazeAway","UnstableBomb"],"picked":"SKIP","floor":19},{"not_picked":["EventHorizon+1","EarthLightRay"],"picked":"PowerUp","floor":21},{"not_picked":["SprinkleStarSeal","SporeBomb","OneTimeOff+1"],"picked":"SKIP","floor":22},{"not_picked":["SprinkleStarSeal","IllusionStar+1"],"picked":"Orbital","floor":24},{"not_picked":["GalacticHalo","ChargingUp"],"picked":"MagicChant","floor":25},{"not_picked":["MysteriousBeam","LuminesStrike"],"picked":"EnergyFlow+1","floor":28},{"not_picked":["RefractionSpark","StarBarrage","ManaConvection"],"picked":"SKIP","floor":30},{"not_picked":["CollectingQuirk","JA"],"picked":"TreasureHunter","floor":33},{"not_picked":["OrrerysSun+1","DC+1"],"picked":"Singularity+1","floor":35},{"not_picked":["Acceleration","6A","MilkyWay"],"picked":"SKIP","floor":36},{"not_picked":["Acceleration","6A","MilkyWay"],"picked":"SKIP","floor":36}],"player_experience":175163,"relics_obtained":[{"floor":6,"key":"Pen Nib"},{"floor":9,"key":"Replay:Rubber Ducky"},{"floor":11,"key":"Eternal Feather"},{"floor":13,"key":"Anchor"},{"floor":26,"key":"HandmadeGrimoire"},{"floor":28,"key":"Snack Pack"},{"floor":29,"key":"Red Mask"},{"floor":30,"key":"Ancient Tea Set"}],"event_choices":[{"damage_healed":0,"gold_gain":0,"player_choice":"Leave","damage_taken":0,"max_hp_gain":0,"max_hp_loss":0,"event_name":"The Cleric","floor":3,"gold_loss":0},{"damage_healed":0,"gold_gain":0,"player_choice":"Entered Light","damage_taken":15,"max_hp_gain":0,"max_hp_loss":0,"event_name":"Shining Light","floor":4,"gold_loss":0,"cards_upgraded":["MasterSpark","Defend_MRS"]},{"damage_healed":0,"gold_gain":0,"player_choice":"Success","damage_taken":12,"relics_obtained":["Replay:Arrowhead"],"max_hp_gain":0,"max_hp_loss":0,"event_name":"Scrap Ooze","floor":8,"gold_loss":0},{"cards_removed":["BigCrunch"],"damage_healed":0,"gold_gain":0,"player_choice":"Gave Gold","damage_taken":0,"max_hp_gain":0,"max_hp_loss":0,"event_name":"Beggar","floor":20,"gold_loss":75},{"damage_healed":0,"gold_gain":0,"player_choice":"Fought Bandits","damage_taken":0,"max_hp_gain":0,"max_hp_loss":0,"event_name":"Masked Bandits","floor":29,"gold_loss":0},{"damage_healed":0,"gold_gain":0,"player_choice":"Inject Mutagens","damage_taken":0,"relics_obtained":["MutagenicStrength"],"max_hp_gain":0,"max_hp_loss":0,"event_name":"Drug Dealer","floor":31,"gold_loss":0}],"is_beta":false,"boss_relics":[{"not_picked":["Philosopher\u0027s Stone","Ring of Chaos"],"picked":"Painkiller Herb"},{"not_picked":["Tiny House","construct:ClawGrip"],"picked":"Replay:Grab Bag"},{"not_picked":["infinitespire:Cupcake","ChewingGum"],"picked":"Replay:Bronze Core"},{"not_picked":["RampagingMagicTools","Coffee Dripper"],"picked":"Runic Dome"},{"not_picked":["Runic Pyramid","Kintsugi"],"picked":"BewitchedHakkero"}],"items_purged_floors":[],"is_endless":true,"potions_floor_spawned":[2,5,11,13,16,19,21,25,28,30,33],"killed_by":"Nightmare_Alpha","ascension_level":0}}