{"host":"Rowan","time":1611536884,"event":{"mods":["BaseMod","Minty Spire (QoL Compilation)"],"gold_per_floor":[117,117,129,139,149,178,191,191,216,216,232,232,244,258,258,362,362,380,580,13,24,0,30,30,47,47,47,47,74,88,107,107,107,107],"floor_reached":33,"language":"ENG","playtime":1711,"items_purged":["Strike_B"],"score":291,"play_id":"171ab2c2-1492-4093-a360-b337bf4ca603","local_time":"20210124170804","is_ascension_mode":false,"campfire_choices":[{"floor":8.0,"key":"REST"},{"floor":12.0,"key":"RECALL"},{"floor":15.0,"key":"REST"},{"floor":24.0,"key":"REST"},{"data":"Storm","floor":28,"key":"SMITH"},{"floor":32,"key":"REST"}],"circlet_count":0,"master_deck":["Strike_B","Strike_B","Strike_B","Defend_B","Defend_B","Defend_B","Defend_B","Zap+1","Dualcast","Thunder Strike","Reprogram","BootSequence","Beam Cell","Hyperbeam","Streamline","Leap","Aggregate","Redo","Auto Shields","Electrodynamics","Ball Lightning+1","Ball Lightning","Reinforced Body","Storm+1","Redo+1","Gash"],"relics":["Cracked Core","Oddly Smooth Stone","Nuclear Battery","Kunai","HornCleat","Lantern","Du-Vu Doll","Potion Belt"],"acts_visited":["Exordium","TheCity"],"potions_floor_usage":[29,31,33],"damage_taken":[{"damage":6.0,"enemies":"Jaw Worm","floor":1.0,"turns":3.0},{"damage":0.0,"enemies":"Small Slimes","floor":3.0,"turns":4.0},{"damage":0.0,"enemies":"Cultist","floor":4.0,"turns":3.0},{"damage":5.0,"enemies":"Large Slime","floor":5.0,"turns":6.0},{"damage":56.0,"enemies":"Gremlin Nob","floor":6.0,"turns":5.0},{"damage":0.0,"enemies":"Lots of Slimes","floor":7.0,"turns":1.0},{"damage":0.0,"enemies":"Red Slaver","floor":11.0,"turns":2.0},{"damage":0.0,"enemies":"Gremlin Gang","floor":13.0,"turns":3.0},{"damage":2.0,"enemies":"3 Louse","floor":14.0,"turns":3.0},{"damage":43.0,"enemies":"Hexaghost","floor":16.0,"turns":10.0},{"damage":9.0,"enemies":"Spheric Guardian","floor":18.0,"turns":4.0},{"damage":2.0,"enemies":"2 Thieves","floor":21.0,"turns":4.0},{"damage":29.0,"enemies":"Gremlin Leader","floor":23.0,"turns":6.0},{"damage":11.0,"enemies":"3 Cultists","floor":25.0,"turns":5.0},{"damage":9,"enemies":"Slavers","floor":29,"turns":5},{"damage":22,"enemies":"Chosen and Byrds","floor":30,"turns":8},{"damage":2,"enemies":"Centurion and Healer","floor":31,"turns":6},{"damage":72,"enemies":"Champ","floor":33,"turns":10}],"seed_played":"8755662051435724782","potions_obtained":[{"floor":1.0,"key":"FairyPotion"},{"floor":5.0,"key":"AttackPotion"},{"floor":6.0,"key":"CultistPotion"},{"floor":13.0,"key":"Weak Potion"},{"floor":16.0,"key":"SkillPotion"},{"floor":21.0,"key":"BlessingOfTheForge"},{"floor":25.0,"key":"Block Potion"},{"floor":29,"key":"ColorlessPotion"}],"is_trial":false,"path_per_floor":["M","?","M","M","M","E","M","R","T","?","M","R","M","M","R","B",null,"M","?","$","M","$","E","R","M","T","$","R","E","M","M","R","B"],"character_chosen":"DEFECT","items_purchased":["Kunai","HornCleat","Ball Lightning"],"campfire_rested":4,"item_purchase_floors":[20,20,22],"current_hp_per_floor":[69,69,69,69,64,8,8,30,30,30,30,30,30,28,50,7,75,66,66,66,64,64,35,57,46,46,46,46,37,15,13,35,0,0],"gold":107,"neow_bonus":"ONE_RANDOM_RARE_CARD","is_daily":false,"chose_seed":false,"campfire_upgraded":1,"win_rate":0.0,"timestamp":1611536884,"path_taken":["M","?","M","M","M","E","M","R","T","?","M","R","M","?","R","BOSS","M","?","$","?","?","E","R","?","T","$","R","E","M","M","R","BOSS"],"items_purchased_type":["Relic","Relic","Card"],"build_version":"2020-12-18","purchased_purges":1,"victory":false,"max_hp_per_floor":[75,75,75,75,75,75,75,75,75,75,75,75,75,75,75,75,75,75,75,75,75,75,75,75,75,75,75,75,75,75,75,75,75,75],"card_choices":[{"not_picked":["Beam Cell","Leap"],"picked":"Reprogram","floor":1.0},{"not_picked":["Steam","Go for the Eyes"],"picked":"BootSequence","floor":3.0},{"not_picked":["Compile Driver","Skim"],"picked":"Beam Cell","floor":4.0},{"not_picked":["Sweeping Beam","Leap"],"picked":"Hyperbeam","floor":5.0},{"not_picked":["Compile Driver","Biased Cognition"],"picked":"Streamline","floor":6.0},{"not_picked":["Stack","Redo"],"picked":"Leap","floor":7.0},{"not_picked":["Streamline","Redo"],"picked":"Aggregate","floor":11.0},{"not_picked":["Barrage","Reprogram"],"picked":"Redo","floor":13.0},{"not_picked":["Amplify","Redo"],"picked":"Auto Shields","floor":14.0},{"not_picked":["Creative AI","Thunder Strike"],"picked":"Electrodynamics","floor":16.0},{"not_picked":["Undo+1","Compile Driver"],"picked":"Ball Lightning+1","floor":18.0},{"not_picked":["Stack","Cold Snap","Steam"],"picked":"SKIP","floor":21.0},{"not_picked":["Aggregate","Coolheaded+1"],"picked":"Reinforced Body","floor":23.0},{"not_picked":["Cold Snap","Recycle"],"picked":"Storm","floor":25.0},{"not_picked":["Stack","Beam Cell","Undo+1"],"picked":"SKIP","floor":29},{"not_picked":["Rebound+1","Darkness"],"picked":"Redo+1","floor":30},{"not_picked":["Heatsinks","Hologram"],"picked":"Gash","floor":31}],"player_experience":421700,"relics_obtained":[{"floor":6.0,"key":"Oddly Smooth Stone"},{"floor":23.0,"key":"Lantern"},{"floor":26.0,"key":"Du-Vu Doll"},{"floor":29,"key":"Potion Belt"}],"event_choices":[{"damage_healed":0.0,"max_hp_gain":0.0,"max_hp_loss":0.0,"gold_gain":0.0,"event_name":"Liars Game","player_choice":"Ignored","floor":2.0,"gold_loss":0.0,"damage_taken":0.0},{"damage_healed":0.0,"max_hp_gain":0.0,"max_hp_loss":0.0,"gold_gain":0.0,"event_name":"Upgrade Shrine","player_choice":"Upgraded","floor":10.0,"gold_loss":0.0,"damage_taken":0.0,"cards_upgraded":["Zap"]},{"damage_healed":0.0,"max_hp_gain":0.0,"max_hp_loss":0.0,"gold_gain":250.0,"event_name":"The Joust","player_choice":"Bet on Owner","floor":19.0,"gold_loss":50.0,"damage_taken":0.0}],"is_beta":true,"boss_relics":[{"not_picked":["Calling Bell","Ectoplasm"],"picked":"Nuclear Battery"}],"items_purged_floors":[20],"is_endless":false,"potions_floor_spawned":[1,5,6,13,16,21,25,29],"killed_by":"Champ","ascension_level":0}}