{"host":"0fmi5fguj5lvt8pf","time":1611552812,"event":{"mods":["BaseMod","Colored Map","Curses Come First","Downfall","Minty Spire (QoL Compilation)","Permanent Neow","StSLib"],"gold_per_floor":[99,117,136,136,150,14,314,314,329,329,364,539,402,402,420,420,420,420],"floor_reached":16,"language":"ENG","playtime":929,"items_purged":["Shame","Doubt"],"score":100,"play_id":"be0a87a9-b92b-4cfb-8014-f4f9924b096e","local_time":"20210124213332","is_ascension_mode":false,"campfire_choices":[{"data":"bronze:Goto","floor":1.0,"key":"SMITH"},{"floor":8.0,"key":"REST"},{"floor":10.0,"key":"REST"}],"circlet_count":0,"master_deck":["bronze:Strike","bronze:Strike","bronze:Strike+1","bronze:Strike","bronze:Defend+1","bronze:Defend","bronze:Defend","bronze:Defend","bronze:Replicate","bronze:Goto+1","bronze:Constructor","bronze:DelayedSlice","bronze:ClassDefault","bronze:DelayedSlice","bronze:Iterate","bronze:ThunderWave+1","bronze:DelayedSlice","downfall:Malfunctioning","bronze:InfiniteBeams"],"relics":["bronze:BronzeCore","WingedGreaves","Turnip","Old Coin","Juzu Bracelet"],"acts_visited":["Exordium"],"potions_floor_usage":[16,16],"damage_taken":[{"damage":6.0,"enemies":"Cultist","floor":2.0,"turns":3.0},{"damage":10.0,"enemies":"Small Slimes","floor":3.0,"turns":5.0},{"damage":1.0,"enemies":"Jaw Worm","floor":5.0,"turns":5.0},{"damage":0.0,"enemies":"downfall:FleeingMerchant","floor":6.0,"turns":4.0},{"damage":7.0,"enemies":"Lots of Slimes","floor":9.0,"turns":3.0},{"damage":12.0,"enemies":"3 Sentries","floor":11.0,"turns":6.0},{"damage":5.0,"enemies":"downfall:FleeingMerchant","floor":13.0,"turns":4.0},{"damage":6.0,"enemies":"Exordium Wildlife","floor":15.0,"turns":4.0},{"damage":57,"enemies":"WA_ARCHETYPE_RETAIN","floor":16,"turns":8}],"seed_played":"3757932403439509825","potions_obtained":[{"floor":5.0,"key":"Dexterity Potion"},{"floor":9.0,"key":"Regen Potion"},{"floor":15.0,"key":"AttackPotion"}],"is_trial":false,"path_per_floor":["R","M","M","?","M","$","T","R","M","R","E","?","$","?","M","B"],"character_chosen":"THE_AUTOMATON","items_purchased":["bronze:DelayedSlice","bronze:DelayedSlice"],"campfire_rested":2,"item_purchase_floors":[6,13],"current_hp_per_floor":[70,64,54,29,28,28,28,49,42,63,51,51,46,46,40,0,0,0],"gold":420,"neow_bonus":"ONE_RARE_RELIC","is_daily":false,"chose_seed":false,"campfire_upgraded":1,"win_rate":0.0,"timestamp":1611552812,"path_taken":["R","M","?","?","M","?","T","R","?","R","E","?","$","?","M","BOSS"],"items_purchased_type":["Card","Card"],"build_version":"2020-12-22","purchased_purges":2,"victory":false,"max_hp_per_floor":[70,70,70,70,70,70,70,70,70,70,70,70,70,70,70,70,70,70],"card_choices":[{"not_picked":["bronze:Separator","bronze:BuggyMess"],"picked":"bronze:Constructor","floor":2.0},{"not_picked":["bronze:Turbo","bronze:FineTuning","bronze:Separator"],"picked":"SKIP","floor":3.0},{"not_picked":["bronze:Overheat","bronze:MaxOutput"],"picked":"bronze:DelayedSlice","floor":5.0},{"not_picked":["bronze:FineTuning","bronze:Shield"],"picked":"bronze:ClassDefault","floor":6.0},{"not_picked":["bronze:MaxOutput","bronze:FineTuning"],"picked":"bronze:Iterate","floor":9.0},{"not_picked":["bronze:WildBeam","bronze:Deprecate","bronze:CutThrough"],"picked":"SKIP","floor":11.0},{"not_picked":["bronze:BugBarrage","bronze:Allocate"],"picked":"bronze:ThunderWave","floor":13.0},{"not_picked":["bronze:Repulsor","bronze:BitShift"],"picked":"bronze:InfiniteBeams","floor":15.0}],"player_experience":1396544,"relics_obtained":[{"floor":7.0,"key":"Old Coin"},{"floor":11.0,"key":"Juzu Bracelet"}],"event_choices":[{"damage_healed":0.0,"max_hp_gain":0.0,"max_hp_loss":0.0,"gold_gain":0.0,"event_name":"Scrap Ooze","player_choice":"Success","floor":4.0,"gold_loss":0.0,"damage_taken":25.0,"relics_obtained":["Turnip"]}],"is_beta":false,"boss_relics":[],"items_purged_floors":[6,13],"is_endless":false,"potions_floor_spawned":[5,9,15],"killed_by":"WA_ARCHETYPE_RETAIN","ascension_level":0}}