{"host":"Oniwa","time":1611568106,"event":{"mods":["BaseMod","Colored Map","Colored Powertips","Minty Spire (QoL Compilation)","Relic Stats","Slay the Relics Exporter","SpireBot","StSLib","ojb\u0027s Better Paths Mod","ojb\u0027s Info Mod"],"gold_per_floor":[114,125,125,137,187,187,205,205,231,246,276,276,293,310,310,385,385,398,35,35,35,48,48,60,60,60],"floor_reached":25,"language":"JPN","playtime":1373,"items_purged":["A Thousand Cuts"],"score":460,"play_id":"306b0039-be28-4ffe-a26b-000c45d2caca","local_time":"20210125184826","is_ascension_mode":true,"campfire_choices":[{"data":"Riddle With Holes","floor":6,"key":"SMITH"},{"data":"Predator","floor":8,"key":"SMITH"},{"data":"Blade Dance","floor":12,"key":"SMITH"},{"data":"Survivor","floor":15,"key":"SMITH"},{"floor":23,"key":"REST"}],"circlet_count":0,"master_deck":["AscendersBane","Survivor+1","Neutralize","Backstab","Deflect","Riddle With Holes+1","Predator+1","Blade Dance+1","PiercingWail","Envenom","Adrenaline","Acrobatics","Backstab","Backflip","Terror","Skewer","Eviscerate","Tools of the Trade","Dodge and Roll","Sadistic Nature","Footwork","J.A.X.","Backflip"],"relics":["Ring of the Snake","Smiling Mask","MealTicket","Pandora\u0027s Box","Membership Card","Nilry\u0027s Codex"],"acts_visited":["Exordium","TheCity"],"potions_floor_usage":[11,16,18,25],"damage_taken":[{"damage":2,"enemies":"2 Louse","floor":1,"turns":3},{"damage":0,"enemies":"Cultist","floor":2,"turns":4},{"damage":0,"enemies":"Small Slimes","floor":4,"turns":2},{"damage":4,"enemies":"Blue Slaver","floor":7,"turns":3},{"damage":0,"enemies":"Looter","floor":10,"turns":2},{"damage":0,"enemies":"Gremlin Nob","floor":11,"turns":2},{"damage":6,"enemies":"Lots of Slimes","floor":13,"turns":3},{"damage":6,"enemies":"Exordium Wildlife","floor":14,"turns":4},{"damage":38,"enemies":"The Guardian","floor":16,"turns":16},{"damage":9,"enemies":"Chosen","floor":18,"turns":4},{"damage":20,"enemies":"Shell Parasite","floor":22,"turns":4},{"damage":15,"enemies":"Snake Plant","floor":24,"turns":3},{"damage":31,"enemies":"Gremlin Leader","floor":25,"turns":3}],"seed_played":"3338356182675123061","potions_obtained":[{"floor":7,"key":"FearPotion"},{"floor":11,"key":"Fire Potion"},{"floor":14,"key":"Ancient Potion"},{"floor":16,"key":"FearPotion"},{"floor":18,"key":"Explosive Potion"}],"is_trial":false,"path_per_floor":["M","M","?","M","?","R","M","R","T","M","E","R","M","M","R","B",null,"M","$","?","?","M","R","M","E"],"character_chosen":"THE_SILENT","items_purchased":["Membership Card","Sadistic Nature","Footwork"],"campfire_rested":1,"item_purchase_floors":[19,19,19],"current_hp_per_floor":[63,63,56,56,56,56,52,52,52,52,52,52,46,40,40,2,55,46,61,61,40,20,41,26,0,0],"gold":60,"neow_bonus":"TEN_PERCENT_HP_BONUS","is_daily":false,"chose_seed":false,"campfire_upgraded":4,"win_rate":0.0,"timestamp":1611568106,"path_taken":["M","M","?","M","?","R","M","R","T","M","E","R","M","M","R","BOSS","M","$","?","?","M","R","M","E"],"items_purchased_type":["Relic","Card","Card"],"build_version":"2020-12-18","purchased_purges":1,"victory":false,"max_hp_per_floor":[72,72,72,72,72,72,72,72,72,72,72,72,72,72,72,72,72,72,72,72,72,72,72,72,72,72],"relic_stats":{"counters":[13,53],"MealTicket":15,"Pandora\u0027s Box":["Adrenaline","Acrobatics","Backstab","Backflip","Terror","Skewer","A Thousand Cuts","Eviscerate","Tools of the Trade"],"Smiling Mask":-12,"obtain_stats":[{"Nilry\u0027s Codex":21,"MealTicket":11,"Pandora\u0027s Box":17,"Membership Card":19,"Smiling Mask":9,"Ring of the Snake":0},{"Nilry\u0027s Codex":10,"MealTicket":6,"Pandora\u0027s Box":9,"Membership Card":10,"Smiling Mask":4,"Ring of the Snake":0},{"Nilry\u0027s Codex":43,"MealTicket":16,"Pandora\u0027s Box":39,"Membership Card":43,"Smiling Mask":12,"Ring of the Snake":0}],"Ring of the Snake":[26]},"card_choices":[{"not_picked":["Blade Dance","Sucker Punch"],"picked":"Backstab","floor":1},{"not_picked":["Blur","Backflip"],"picked":"Deflect","floor":2},{"not_picked":["PiercingWail","Flying Knee"],"picked":"Riddle With Holes","floor":4},{"not_picked":["Dagger Spray","Sucker Punch"],"picked":"Predator","floor":7},{"not_picked":["Cloak And Dagger","Slice"],"picked":"Blade Dance","floor":10},{"not_picked":["Masterful Stab","Doppelganger"],"picked":"PiercingWail","floor":11},{"not_picked":["Dagger Throw","Eviscerate","Quick Slash"],"picked":"SKIP","floor":13},{"not_picked":["Flying Knee","Backstab","Slice"],"picked":"SKIP","floor":14},{"not_picked":["Malaise","Grand Finale"],"picked":"Envenom","floor":16},{"not_picked":["Bane","Blade Dance"],"picked":"Dodge and Roll","floor":18},{"not_picked":["Poisoned Stab","Blade Dance","Choke"],"picked":"SKIP","floor":22},{"not_picked":["Heel Hook","Outmaneuver"],"picked":"Backflip","floor":24}],"player_experience":2586033,"relics_obtained":[{"floor":9,"key":"Smiling Mask"},{"floor":11,"key":"MealTicket"},{"floor":21,"key":"Nilry\u0027s Codex"}],"event_choices":[{"cards_removed":["Defend_G"],"damage_healed":0,"gold_gain":0,"player_choice":"Card Removal","damage_taken":7,"max_hp_gain":0,"max_hp_loss":0,"event_name":"Golden Wing","floor":3,"gold_loss":0},{"damage_healed":0,"gold_gain":50,"player_choice":"Pray","damage_taken":0,"max_hp_gain":0,"max_hp_loss":0,"event_name":"Golden Shrine","floor":5,"gold_loss":0},{"damage_healed":0,"gold_gain":0,"player_choice":"Obtain J.A.X.","damage_taken":0,"max_hp_gain":0,"max_hp_loss":0,"event_name":"Drug Dealer","floor":20,"gold_loss":0,"cards_obtained":["J.A.X."]},{"damage_healed":0,"gold_gain":0,"player_choice":"Obtained Book","damage_taken":21,"max_hp_gain":0,"max_hp_loss":0,"event_name":"Cursed Tome","floor":21,"gold_loss":0}],"is_beta":true,"boss_relics":[{"not_picked":["Philosopher\u0027s Stone","Calling Bell"],"picked":"Pandora\u0027s Box"}],"items_purged_floors":[19],"is_endless":false,"potions_floor_spawned":[7,11,14,16,18,24],"killed_by":"Gremlin Leader","ascension_level":20}}