{"host":"hnfelxnirsihwvcb","time":1611599056,"event":{"mods":["BaseMod","Colored Map","DeckTracker","Highlight Path","Minty Spire (QoL Compilation)","Quick Restart","Relic Sorter","Relic Stats","Shop Mod","StSLib","SuperFastMode"],"gold_per_floor":[116,135,135,135,135,135,235,91,91,407,426,443,474,491,491,595,645,658,672,690,149,329,329,359,371,371,402,402,96,96,116,116,215,215,234,250,273,373,393,393,441,458,458,68,93,116,128,155,167,179],"floor_reached":51,"language":"ENG","playtime":6225,"items_purged":[],"score":1044,"play_id":"60d4b182-69f3-4d11-aa33-27721f806e4d","local_time":"20210125192416","daily_mods":["SealedDeck","Vintage","Binary"],"is_ascension_mode":false,"campfire_choices":[{"data":"Blur","floor":6,"key":"SMITH"},{"data":"Cloak And Dagger","floor":15,"key":"SMITH"},{"floor":23,"key":"REST"},{"data":"Deadly Poison","floor":28,"key":"SMITH"},{"data":"Footwork","floor":30,"key":"SMITH"},{"data":"Infinite Blades","floor":32,"key":"SMITH"},{"data":"Slice","floor":40,"key":"SMITH"},{"data":"1","floor":47,"key":"LIFT"},{"data":"2","floor":49,"key":"LIFT"}],"circlet_count":0,"master_deck":["PiercingWail+1","Deflect","Slice+1","Footwork+1","Deadly Poison+1","Cloak And Dagger+1","Infinite Blades+1","Deflect+1","Slice+1","Blur+1"],"relics":["Unceasing Top","Busted Crown","Pocketwatch","HornCleat","Ornamental Fan","Dead Branch","TwistedFunnel","Lizard Tail","Old Coin","Tough Bandages","Tiny Chest","Boot","Turnip","Tiny House","Torii","Calipers","Art of War","Mercury Hourglass","Oddly Smooth Stone","Sling","Vajra","Blue Candle","Mummified Hand","Toxic Egg 2","Chemical X","Happy Flower","Ice Cream","WristBlade","InkBottle","Juzu Bracelet","Lantern","Centennial Puzzle","Gambling Chip","Letter Opener","Girya","Bag of Preparation","Eternal Feather","MawBank","Whetstone","Toy Ornithopter"],"acts_visited":["Exordium","TheCity","TheBeyond"],"potions_floor_usage":[18,18],"damage_taken":[{"damage":0,"enemies":"2 Louse","floor":1,"turns":2},{"damage":0,"enemies":"Jaw Worm","floor":2,"turns":2},{"damage":0,"enemies":"Small Slimes","floor":10,"turns":3},{"damage":0,"enemies":"Blue Slaver","floor":11,"turns":3},{"damage":5,"enemies":"Lots of Slimes","floor":12,"turns":3},{"damage":0,"enemies":"Gremlin Nob","floor":13,"turns":3},{"damage":0,"enemies":"Gremlin Gang","floor":14,"turns":2},{"damage":0,"enemies":"Hexaghost","floor":16,"turns":6},{"damage":0,"enemies":"2 Thieves","floor":18,"turns":3},{"damage":0,"enemies":"Shell Parasite","floor":19,"turns":3},{"damage":0,"enemies":"Snecko","floor":20,"turns":4},{"damage":6,"enemies":"Slavers","floor":24,"turns":2},{"damage":0,"enemies":"Centurion and Healer","floor":25,"turns":3},{"damage":1,"enemies":"Book of Stabbing","floor":27,"turns":4},{"damage":0,"enemies":"3 Cultists","floor":31,"turns":3},{"damage":0,"enemies":"Automaton","floor":33,"turns":7},{"damage":0,"enemies":"3 Shapes","floor":35,"turns":3},{"damage":0,"enemies":"Orb Walker","floor":36,"turns":2},{"damage":0,"enemies":"3 Darklings","floor":39,"turns":2},{"damage":0,"enemies":"2 Orb Walkers","floor":41,"turns":3},{"damage":0,"enemies":"Writhing Mass","floor":42,"turns":4},{"damage":0,"enemies":"Nemesis","floor":45,"turns":3},{"damage":0,"enemies":"Transient","floor":46,"turns":5},{"damage":0,"enemies":"3 Darklings","floor":48,"turns":2},{"damage":0,"enemies":"Time Eater","floor":50,"turns":4}],"seed_played":"4362278327288706771","potions_obtained":[{"floor":11,"key":"SkillPotion"},{"floor":13,"key":"Explosive Potion"},{"floor":14,"key":"Fire Potion"},{"floor":17,"key":"LiquidBronze"},{"floor":20,"key":"GhostInAJar"},{"floor":31,"key":"DuplicationPotion"},{"floor":45,"key":"Fruit Juice"}],"is_trial":true,"path_per_floor":["M","M","?","T","T","R","?","$","T","M","M","M","E","M","R","B",null,"M","M","M","$","?","R","E","M","T","E","R","$","R","M","R","B",null,"M","M","T","?","M","R","?","M","T","$","E","M","R","M","R","B",null],"character_chosen":"THE_SILENT","items_purchased":["TwistedFunnel","Mercury Hourglass","Oddly Smooth Stone","Sling","Chemical X","Happy Flower","Bag of Preparation","Eternal Feather"],"campfire_rested":1,"item_purchase_floors":[8,21,21,21,29,29,44,44],"current_hp_per_floor":[70,70,56,56,56,56,56,56,56,56,56,51,51,51,51,51,75,75,75,75,75,56,75,69,69,69,68,68,68,68,68,68,68,75,75,75,75,75,75,75,75,75,75,75,75,75,75,75,75,75],"gold":191,"neow_bonus":"","is_daily":false,"chose_seed":false,"campfire_upgraded":6,"win_rate":0.0,"timestamp":1611599056,"path_taken":["M","M","?","?","?","R","?","$","T","?","M","M","E","M","R","BOSS","M","M","M","$","?","R","E","?","T","E","R","$","R","?","R","BOSS","M","M","?","?","M","R","?","M","T","$","E","M","R","M","R","BOSS"],"items_purchased_type":["Relic","Relic","Relic","Relic","Relic","Relic","Relic","Relic"],"build_version":"2020-12-22","purchased_purges":0,"victory":true,"max_hp_per_floor":[70,70,70,70,70,70,70,70,70,70,70,70,70,70,70,70,75,75,75,75,75,75,75,75,75,75,75,75,75,75,75,75,75,75,75,75,75,75,75,75,75,75,75,75,75,75,75,75,75,75],"relic_stats":{"Torii":3,"Juzu Bracelet":1,"Bag of Preparation":[8],"Whetstone":[],"Boot":[82],"Lizard Tail":0,"Tough Bandages":[117],"Centennial Puzzle":[0],"Mummified Hand":[28],"Gambling Chip":[7],"Tiny Chest":1,"Chemical X":[6],"InkBottle":[22],"Happy Flower":[12],"counters":[25,80],"Dead Branch":[166],"Blue Candle":[0],"Eternal Feather":0,"Letter Opener":[98],"MawBank":72,"Mercury Hourglass":[202],"Busted Crown":16,"Ornamental Fan":[268],"Turnip":[0],"Art of War":[1],"obtain_stats":[{"TwistedFunnel":8,"Ice Cream":31,"Lantern":37,"Tiny House":17,"Calipers":19,"Torii":18,"Vajra":24,"Juzu Bracelet":36,"Bag of Preparation":44,"Whetstone":46,"Boot":13,"Sling":21,"Old Coin":10,"Lizard Tail":9,"Tough Bandages":11,"Centennial Puzzle":39,"HornCleat":2,"WristBlade":34,"Mummified Hand":26,"Gambling Chip":41,"Tiny Chest":12,"Chemical X":29,"Toxic Egg 2":27,"InkBottle":35,"Girya":43,"Happy Flower":29,"Dead Branch":5,"Blue Candle":25,"Oddly Smooth Stone":21,"Eternal Feather":44,"Letter Opener":42,"MawBank":45,"Mercury Hourglass":21,"Busted Crown":0,"Ornamental Fan":4,"Turnip":14,"Art of War":20,"Unceasing Top":0,"Toy Ornithopter":48,"Pocketwatch":1},{"TwistedFunnel":2,"Ice Cream":15,"Lantern":18,"Tiny House":8,"Calipers":10,"Torii":9,"Vajra":12,"Juzu Bracelet":18,"Bag of Preparation":21,"Whetstone":23,"Boot":6,"Sling":11,"Old Coin":3,"Lizard Tail":2,"Tough Bandages":4,"Centennial Puzzle":19,"HornCleat":2,"WristBlade":16,"Mummified Hand":13,"Gambling Chip":20,"Tiny Chest":5,"Chemical X":14,"Toxic Egg 2":14,"InkBottle":17,"Girya":21,"Happy Flower":14,"Dead Branch":2,"Blue Candle":13,"Oddly Smooth Stone":11,"Eternal Feather":21,"Letter Opener":21,"MawBank":22,"Mercury Hourglass":11,"Busted Crown":0,"Ornamental Fan":2,"Turnip":7,"Art of War":11,"Unceasing Top":0,"Toy Ornithopter":24,"Pocketwatch":1},{"TwistedFunnel":4,"Ice Cream":45,"Lantern":57,"Tiny House":24,"Calipers":30,"Torii":27,"Vajra":36,"Juzu Bracelet":57,"Bag of Preparation":66,"Whetstone":74,"Boot":16,"Sling":34,"Old Coin":7,"Lizard Tail":4,"Tough Bandages":10,"Centennial Puzzle":59,"HornCleat":4,"WristBlade":52,"Mummified Hand":39,"Gambling Chip":62,"Tiny Chest":13,"Chemical X":42,"Toxic Egg 2":42,"InkBottle":55,"Girya":66,"Happy Flower":42,"Dead Branch":4,"Blue Candle":39,"Oddly Smooth Stone":34,"Eternal Feather":66,"Letter Opener":66,"MawBank":69,"Mercury Hourglass":34,"Busted Crown":0,"Ornamental Fan":4,"Turnip":18,"Art of War":34,"Unceasing Top":0,"Toy Ornithopter":76,"Pocketwatch":2}],"Unceasing Top":[57],"Toy Ornithopter":0,"Pocketwatch":[3]},"card_choices":[],"player_experience":845770,"relics_obtained":[{"floor":1,"key":"Pocketwatch"},{"floor":2,"key":"HornCleat"},{"floor":4,"key":"Ornamental Fan"},{"floor":5,"key":"Dead Branch"},{"floor":9,"key":"Lizard Tail"},{"floor":10,"key":"Old Coin"},{"floor":11,"key":"Tough Bandages"},{"floor":12,"key":"Tiny Chest"},{"floor":13,"key":"Boot"},{"floor":14,"key":"Turnip"},{"floor":18,"key":"Torii"},{"floor":19,"key":"Calipers"},{"floor":20,"key":"Art of War"},{"floor":24,"key":"Vajra"},{"floor":25,"key":"Blue Candle"},{"floor":26,"key":"Mummified Hand"},{"floor":27,"key":"Toxic Egg 2"},{"floor":31,"key":"Ice Cream"},{"floor":35,"key":"InkBottle"},{"floor":36,"key":"Juzu Bracelet"},{"floor":37,"key":"Lantern"},{"floor":39,"key":"Centennial Puzzle"},{"floor":41,"key":"Gambling Chip"},{"floor":42,"key":"Letter Opener"},{"floor":43,"key":"Girya"},{"floor":45,"key":"MawBank"},{"floor":46,"key":"Whetstone"},{"floor":48,"key":"Toy Ornithopter"}],"event_choices":[{"damage_healed":0,"gold_gain":0,"player_choice":"Entered Light","damage_taken":14,"max_hp_gain":0,"max_hp_loss":0,"event_name":"Shining Light","floor":3,"gold_loss":0,"cards_upgraded":["Deflect","PiercingWail"]},{"damage_healed":0,"gold_gain":100,"player_choice":"Gold","damage_taken":0,"max_hp_gain":0,"max_hp_loss":0,"event_name":"Wheel of Change","floor":7,"gold_loss":0},{"damage_healed":0,"gold_gain":180,"player_choice":"GOLD GOLD ","damage_taken":19,"max_hp_gain":0,"max_hp_loss":0,"event_name":"Knowing Skull","floor":22,"potions_obtained":[],"gold_loss":0,"cards_obtained":[]},{"damage_healed":0,"gold_gain":100,"player_choice":"Pray","damage_taken":0,"max_hp_gain":0,"max_hp_loss":0,"event_name":"Golden Shrine","floor":38,"gold_loss":0},{"damage_healed":0,"gold_gain":0,"player_choice":"Fight","damage_taken":0,"max_hp_gain":0,"max_hp_loss":0,"event_name":"Mysterious Sphere","floor":41,"gold_loss":0}],"is_beta":false,"boss_relics":[{"not_picked":["Calling Bell","Philosopher\u0027s Stone"],"picked":"Tiny House"},{"not_picked":["Coffee Dripper","Fusion Hammer"],"picked":"WristBlade"}],"items_purged_floors":[],"is_endless":false,"potions_floor_spawned":[11,13,14,20,31,33,36,39,41,45],"ascension_level":0}}