{"host":"xz7n3qy1zq36rzpg","time":1611612746,"event":{"mods":["BaseMod","Colored Map","Colored Powertips","Highlight Path","Minty Spire (QoL Compilation)","Quick Restart","Shop Mod"],"gold_per_floor":[109,59,74,88,108,134,134,150,174,186,205,221,221,254,266,278,278],"floor_reached":16,"language":"ENG","playtime":557,"items_purged":[],"score":133,"play_id":"fbb74ac0-2882-41e4-8a7f-87e3204fae18","local_time":"20210125231226","is_ascension_mode":true,"campfire_choices":[{"data":"Zap","floor":7,"key":"SMITH"},{"floor":13,"key":"REST"},{"floor":15,"key":"REST"}],"circlet_count":0,"master_deck":["Strike_B","Strike_B","Strike_B","Strike_B","Defend_B","Defend_B","Defend_B","Defend_B","Zap+1","Dualcast","Coolheaded","Self Repair","Ball Lightning","Go for the Eyes","Hologram","Leap","Hello World"],"relics":["Cracked Core","NeowsBlessing","White Beast Statue","PreservedInsect","MawBank"],"acts_visited":["Exordium"],"potions_floor_usage":[6,6,16,16],"damage_taken":[{"damage":0,"enemies":"Cultist","floor":1,"turns":1},{"damage":0,"enemies":"2 Louse","floor":3,"turns":1},{"damage":0,"enemies":"Small Slimes","floor":4,"turns":1},{"damage":16,"enemies":"Looter","floor":5,"turns":4},{"damage":30,"enemies":"Lagavulin","floor":6,"turns":5},{"damage":4,"enemies":"2 Fungi Beasts","floor":8,"turns":4},{"damage":29,"enemies":"Exordium Wildlife","floor":10,"turns":4},{"damage":14,"enemies":"Blue Slaver","floor":11,"turns":4},{"damage":2,"enemies":"Red Slaver","floor":12,"turns":4},{"damage":19,"enemies":"Gremlin Nob","floor":14,"turns":4},{"damage":49,"enemies":"The Guardian","floor":16,"turns":9}],"seed_played":"-5319863401937620933","potions_obtained":[{"floor":3,"key":"SkillPotion"},{"floor":5,"key":"Weak Potion"},{"floor":8,"key":"FocusPotion"},{"floor":10,"key":"CultistPotion"}],"is_trial":false,"path_per_floor":["M","$","M","M","M","E","R","M","T","M","M","M","R","E","R","B"],"character_chosen":"DEFECT","items_purchased":["AttackPotion"],"campfire_rested":2,"item_purchase_floors":[2],"current_hp_per_floor":[75,75,75,75,66,43,43,46,46,17,10,15,37,25,47,0,0],"gold":278,"neow_bonus":"THREE_ENEMY_KILL","is_daily":false,"chose_seed":false,"campfire_upgraded":1,"win_rate":0.0,"timestamp":1611612746,"path_taken":["M","$","?","M","?","E","R","M","T","M","M","M","R","E","R","BOSS"],"items_purchased_type":["Potion"],"build_version":"2020-12-22","purchased_purges":0,"victory":false,"max_hp_per_floor":[75,75,75,75,75,75,75,75,75,75,75,75,75,75,75,75,75],"card_choices":[{"not_picked":["Redo","Stack"],"picked":"Coolheaded","floor":1},{"not_picked":["Barrage","Conserve Battery"],"picked":"Self Repair","floor":3},{"not_picked":["Blizzard","Redo","Barrage"],"picked":"SKIP","floor":4},{"not_picked":["Coolheaded","Storm"],"picked":"Ball Lightning","floor":5},{"not_picked":["Darkness","Compile Driver"],"picked":"Go for the Eyes","floor":6},{"not_picked":["Fission","Blizzard"],"picked":"Hologram","floor":8},{"not_picked":["Darkness","Hologram","Steam Power"],"picked":"SKIP","floor":10},{"not_picked":["Steam","Skim"],"picked":"Leap","floor":11},{"not_picked":["Scrape","Gash"],"picked":"Hello World","floor":12},{"not_picked":["Gash","Steam","Fusion"],"picked":"SKIP","floor":14}],"player_experience":351134,"relics_obtained":[{"floor":6,"key":"White Beast Statue"},{"floor":9,"key":"PreservedInsect"},{"floor":14,"key":"MawBank"}],"event_choices":[],"is_beta":false,"boss_relics":[],"items_purged_floors":[],"is_endless":false,"potions_floor_spawned":[3,5,8,10,11,12,14],"killed_by":"The Guardian","ascension_level":3}}