{"host":"ooa7gbxz3ilj1hm6","time":1611561586,"event":{"mods":["BaseMod","Colored Map","Downfall","Highlight Path","Minty Spire (QoL Compilation)","StSLib"],"gold_per_floor":[99,114,128,140,159,186,235,262,259,271,314,326,351,538,566,578,578,578],"floor_reached":16,"language":"ENG","playtime":732,"items_purged":[],"score":139,"play_id":"7e2b1061-0cbf-450b-874d-d93c6866a684","local_time":"20210125005946","is_ascension_mode":false,"campfire_choices":[{"data":"Slimebound:CorrosiveSpit","floor":1,"key":"SMITH"},{"data":"Slimebound:DouseInSlime","floor":10,"key":"SMITH"}],"circlet_count":0,"master_deck":["Slimebound:Strike_Slimebound","Slimebound:Strike_Slimebound","Slimebound:Strike_Slimebound","Slimebound:Tackle","Slimebound:Defend_Slimebound","Slimebound:Defend_Slimebound","Slimebound:Defend_Slimebound","Slimebound:Defend_Slimebound","Slimebound:Split","Slimebound:CorrosiveSpit+1","Slimebound:HauntingLick","Slimebound:Gluttony","Slimebound:RainOfGoop","Slimebound:Schlurp","Slimebound:SamplingLick","Slimebound:DouseInSlime+1","Slimebound:SlimeSpikes","Slimebound:LivingWall","Doubt","Slimebound:SpikyOuterGoop"],"relics":["Slimebound:AbsorbEndCombat","Letter Opener","MawBank","Pen Nib","Ornamental Fan"],"acts_visited":["Exordium"],"potions_floor_usage":[],"damage_taken":[{"damage":0,"enemies":"Cultist","floor":2,"turns":3},{"damage":1,"enemies":"Jaw Worm","floor":3,"turns":4},{"damage":0,"enemies":"2 Louse","floor":4,"turns":2},{"damage":11,"enemies":"2 Fungi Beasts","floor":5,"turns":3},{"damage":17,"enemies":"Gremlin Nob","floor":6,"turns":4},{"damage":12,"enemies":"Exordium Thugs","floor":8,"turns":4},{"damage":0,"enemies":"downfall:FleeingMerchant","floor":9,"turns":4},{"damage":0,"enemies":"Lagavulin","floor":11,"turns":4},{"damage":10,"enemies":"Lots of Slimes","floor":13,"turns":2},{"damage":11,"enemies":"Exordium Wildlife","floor":15,"turns":5},{"damage":30,"enemies":"DF_ARCHETYPE_STREAMLINE","floor":16,"turns":4}],"seed_played":"3370615147382022613","potions_obtained":[{"floor":2,"key":"ColorlessPotion"},{"floor":5,"key":"Guardian:BlockOnCardUsePotion"},{"floor":8,"key":"Slimebound:SlimyTonguePotion"}],"is_trial":false,"path_per_floor":["R","M","M","M","M","E","T","M","$","R","E","?","M","?","M","B"],"character_chosen":"SLIMEBOUND","items_purchased":[],"campfire_rested":0,"item_purchase_floors":[],"current_hp_per_floor":[65,65,65,65,56,45,45,39,43,43,47,40,32,32,27,0,0,0],"gold":578,"neow_bonus":"THREE_CARDS","is_daily":false,"chose_seed":false,"campfire_upgraded":2,"win_rate":0.0,"timestamp":1611561586,"path_taken":["R","M","?","M","M","E","T","M","$","R","E","?","M","?","M","BOSS"],"items_purchased_type":[],"build_version":"2020-12-22","purchased_purges":0,"victory":false,"max_hp_per_floor":[65,65,65,65,65,65,65,65,65,65,65,65,65,65,65,65,65,65],"card_choices":[{"not_picked":["Slimebound:Nibble","Slimebound:LeechEnergy"],"picked":"Slimebound:HauntingLick","floor":0},{"not_picked":["Slimebound:Nibble","Slimebound:SplitMire"],"picked":"Slimebound:Gluttony","floor":2},{"not_picked":["Slimebound:LeechEnergy","Slimebound:RejuvenatingLick"],"picked":"Slimebound:RainOfGoop","floor":3},{"not_picked":["Slimebound:SplitLeeching","Slimebound:Repurpose"],"picked":"Slimebound:Schlurp","floor":4},{"not_picked":["Slimebound:SplitBruiser","Slimebound:LeadByExample"],"picked":"Slimebound:SamplingLick","floor":5},{"not_picked":["Slimebound:SplitAcid","Slimebound:SplitMire"],"picked":"Slimebound:DouseInSlime","floor":6},{"not_picked":["Slimebound:Prepare","Slimebound:DivideAndConquer","Slimebound:LevelUp"],"picked":"SKIP","floor":8},{"not_picked":["Slimebound:SamplingLick","Slimebound:FirmFortitude"],"picked":"Slimebound:SlimeSpikes","floor":9},{"not_picked":["Slimebound:Prepare","Slimebound:ForwardTackle","Slimebound:WasteNot"],"picked":"SKIP","floor":11},{"not_picked":["Slimebound:RollThrough","Slimebound:SlimeSpikes"],"picked":"Slimebound:LivingWall","floor":13},{"not_picked":["Slimebound:ItLooksTasty","Slimebound:LeechEnergy"],"picked":"Slimebound:SpikyOuterGoop","floor":15}],"player_experience":30348,"relics_obtained":[{"floor":6,"key":"Letter Opener"},{"floor":7,"key":"MawBank"},{"floor":11,"key":"Pen Nib"}],"event_choices":[{"damage_healed":0,"gold_gain":0,"player_choice":"Success","damage_taken":7,"relics_obtained":["Ornamental Fan"],"max_hp_gain":0,"max_hp_loss":0,"event_name":"Scrap Ooze","floor":12,"gold_loss":0}],"is_beta":false,"boss_relics":[],"items_purged_floors":[],"is_endless":false,"potions_floor_spawned":[2,5,8,15],"killed_by":"DF_ARCHETYPE_STREAMLINE","ascension_level":0}}