{"host":"r53pw7z744tg3fxg","time":1611608824,"event":{"mods":["AchievementEnabler","BaseMod","Colored Map","Colored Powertips","Highlight Path","Minty Spire (QoL Compilation)","Quick Restart","Transform Curses"],"gold_per_floor":[111,130,143,55,66,99,99,116,185,520,520,520,520,553,553,643,643,663,707,707,667,667],"floor_reached":21,"language":"ENG","playtime":911,"items_purged":[],"score":364,"play_id":"47127d94-5cb5-4f45-b0c2-5caa471b72fa","local_time":"20210125140704","is_ascension_mode":true,"campfire_choices":[{"floor":7.0,"key":"REST"},{"data":"Eruption","floor":11.0,"key":"SMITH"},{"floor":15.0,"key":"REST"}],"circlet_count":0,"master_deck":["AscendersBane","Strike_P","Strike_P","Strike_P","Strike_P","Defend_P","Defend_P","Defend_P","Defend_P","Eruption+1","Vigilance","Pray","Consecrate","CutThroughFate","BattleHymn","EmptyBody","TalkToTheHand","Sanctity","DeusExMachina","Injury","Wallop","MasterReality","CurseOfTheBell","LikeWater","Protect","RitualDagger"],"relics":["PureWater","Art of War","Bottled Tornado","Old Coin","Golden Idol","InkBottle","Happy Flower","Calling Bell","Bag of Marbles","Meat on the Bone","Unceasing Top","Red Mask"],"acts_visited":["Exordium","TheCity"],"potions_floor_usage":[19,21],"damage_taken":[{"damage":0.0,"enemies":"Cultist","floor":1.0,"turns":3.0},{"damage":0.0,"enemies":"Jaw Worm","floor":2.0,"turns":3.0},{"damage":0.0,"enemies":"Small Slimes","floor":3.0,"turns":2.0},{"damage":5.0,"enemies":"3 Louse","floor":5.0,"turns":5.0},{"damage":20.0,"enemies":"3 Sentries","floor":6.0,"turns":7.0},{"damage":1.0,"enemies":"Looter","floor":8.0,"turns":3.0},{"damage":4.0,"enemies":"Gremlin Nob","floor":10.0,"turns":5.0},{"damage":10.0,"enemies":"3 Sentries","floor":14.0,"turns":4.0},{"damage":48,"enemies":"The Guardian","floor":16,"turns":8},{"damage":19,"enemies":"Shell Parasite","floor":18,"turns":4},{"damage":34,"enemies":"Masked Bandits","floor":19,"turns":8},{"damage":16,"enemies":"2 Thieves","floor":21,"turns":1}],"seed_played":"2738557019200187295","potions_obtained":[{"floor":1.0,"key":"Block Potion"},{"floor":3.0,"key":"Weak Potion"},{"floor":5.0,"key":"EssenceOfSteel"},{"floor":10.0,"key":"PowerPotion"},{"floor":16,"key":"StancePotion"},{"floor":19,"key":"Explosive Potion"}],"is_trial":false,"path_per_floor":["M","M","M","$","M","E","R","M","T","E","R","?","T","E","R","B",null,"M","?","?","M"],"character_chosen":"WATCHER","items_purchased":["BattleHymn"],"campfire_rested":2,"item_purchase_floors":[4],"current_hp_per_floor":[67,67,67,67,62,42,64,63,63,59,59,59,59,49,71,23,61,42,20,14,0,0],"gold":667,"neow_bonus":"TEN_PERCENT_HP_BONUS","is_daily":false,"chose_seed":false,"campfire_upgraded":1,"win_rate":0.0,"timestamp":1611608824,"path_taken":["M","M","M","$","M","E","R","M","T","E","R","?","?","E","R","BOSS","M","?","?","M"],"items_purchased_type":["Card"],"build_version":"2020-12-22","purchased_purges":0,"victory":false,"max_hp_per_floor":[74,74,74,74,74,74,74,74,74,74,74,74,74,74,74,74,74,74,74,74,74,74],"card_choices":[{"not_picked":["InnerPeace","Collect"],"picked":"Pray","floor":1.0},{"not_picked":["ThirdEye","FlyingSleeves"],"picked":"Consecrate","floor":2.0},{"not_picked":["EmptyMind","Crescendo"],"picked":"CutThroughFate","floor":3.0},{"not_picked":["ClearTheMind","Protect"],"picked":"EmptyBody","floor":5.0},{"not_picked":["Blasphemy","Nirvana"],"picked":"TalkToTheHand","floor":6.0},{"not_picked":["ThirdEye","PathToVictory"],"picked":"Sanctity","floor":8.0},{"not_picked":["Collect","Crescendo"],"picked":"DeusExMachina","floor":10.0},{"not_picked":["WreathOfFlame","Halt"],"picked":"Wallop","floor":14.0},{"not_picked":["Scrawl","Blasphemy"],"picked":"MasterReality","floor":16},{"not_picked":["EmptyFist","FlyingSleeves"],"picked":"LikeWater","floor":18},{"not_picked":["CutThroughFate","SignatureMove"],"picked":"Protect","floor":19}],"player_experience":1353828,"relics_obtained":[{"floor":6.0,"key":"Art of War"},{"floor":9.0,"key":"Bottled Tornado"},{"floor":10.0,"key":"Old Coin"},{"floor":13.0,"key":"InkBottle"},{"floor":14.0,"key":"Happy Flower"},{"floor":17,"key":"Bag of Marbles"},{"floor":17,"key":"Meat on the Bone"},{"floor":17,"key":"Unceasing Top"},{"floor":19,"key":"Red Mask"}],"event_choices":[{"damage_healed":0.0,"max_hp_gain":0.0,"max_hp_loss":0.0,"gold_gain":0.0,"event_name":"Golden Idol","player_choice":"Take Wound","floor":12.0,"gold_loss":0.0,"damage_taken":0.0,"relics_obtained":["Golden Idol"],"cards_obtained":["Injury"]},{"damage_healed":0,"gold_gain":0,"player_choice":"Fought Bandits","damage_taken":0,"max_hp_gain":0,"max_hp_loss":0,"event_name":"Masked Bandits","floor":19,"gold_loss":0},{"damage_healed":0,"gold_gain":0,"player_choice":"Joined the Cult","damage_taken":6,"max_hp_gain":0,"max_hp_loss":0,"event_name":"Nest","floor":20,"gold_loss":0,"cards_obtained":["RitualDagger"]}],"is_beta":false,"boss_relics":[{"not_picked":["Black Star","SlaversCollar"],"picked":"Calling Bell"}],"items_purged_floors":[],"is_endless":false,"potions_floor_spawned":[1,3,5,10,16,19],"killed_by":"2 Thieves","ascension_level":17}}