{"host":"dg9bmj64xsaxvoc5","time":1611542386,"event":{"mods":["AchievementEnabler","BaseMod","Highlight Path","Minty Spire (QoL Compilation)","Quick Restart","Relic Stats"],"gold_per_floor":[112,132,146,146,165,165,192,192,192],"floor_reached":8,"language":"ENG","playtime":97,"items_purged":[],"score":48,"play_id":"b9b96738-374c-4653-9247-6fc3f4184be0","local_time":"20210124213946","is_ascension_mode":false,"campfire_choices":[{"data":"Heavy Blade","floor":6,"key":"SMITH"}],"circlet_count":0,"master_deck":["Strike_R","Strike_R","Strike_R","Strike_R","Strike_R","Defend_R","Defend_R","Defend_R","Defend_R","Bash","Hemokinesis","Heavy Blade+1"],"relics":["Burning Blood","NeowsBlessing","MealTicket"],"acts_visited":["Exordium"],"potions_floor_usage":[],"damage_taken":[{"damage":0,"enemies":"Cultist","floor":1,"turns":1},{"damage":0,"enemies":"2 Louse","floor":2,"turns":1},{"damage":0,"enemies":"Jaw Worm","floor":3,"turns":1},{"damage":14,"enemies":"3 Louse","floor":5,"turns":3},{"damage":11,"enemies":"3 Sentries","floor":8,"turns":2}],"seed_played":"-3197967247273061395","potions_obtained":[{"floor":2,"key":"Ancient Potion"},{"floor":3,"key":"Strength Potion"}],"is_trial":false,"path_per_floor":["M","M","M","?","M","R","T","E"],"character_chosen":"IRONCLAD","items_purchased":[],"campfire_rested":0,"item_purchase_floors":[],"current_hp_per_floor":[80,80,80,72,64,64,64,53,53],"gold":192,"neow_bonus":"THREE_ENEMY_KILL","is_daily":false,"chose_seed":false,"campfire_upgraded":1,"win_rate":0.0,"timestamp":1611542386,"path_taken":["M","?","M","?","?","R","?","E"],"items_purchased_type":[],"build_version":"2020-12-22","purchased_purges":0,"victory":false,"max_hp_per_floor":[80,80,80,80,80,80,80,80,80],"relic_stats":{"counters":[5,8],"MealTicket":0,"obtain_stats":[{"NeowsBlessing":0,"MealTicket":7,"Burning Blood":0},{"NeowsBlessing":0,"MealTicket":4,"Burning Blood":0},{"NeowsBlessing":0,"MealTicket":6,"Burning Blood":0}],"Burning Blood":6},"card_choices":[{"not_picked":["Armaments","Sword Boomerang"],"picked":"Hemokinesis","floor":1},{"not_picked":["Second Wind","Body Slam","Iron Wave"],"picked":"SKIP","floor":2},{"not_picked":["Warcry","Flex"],"picked":"Heavy Blade","floor":3},{"not_picked":["Body Slam","Uppercut","Sword Boomerang"],"picked":"SKIP","floor":5}],"player_experience":4292,"relics_obtained":[{"floor":7,"key":"MealTicket"}],"event_choices":[{"damage_healed":0,"gold_gain":0,"player_choice":"Damaged","damage_taken":8,"max_hp_gain":0,"max_hp_loss":0,"event_name":"Wheel of Change","floor":4,"gold_loss":0}],"is_beta":false,"boss_relics":[],"items_purged_floors":[],"is_endless":false,"potions_floor_spawned":[2,3],"killed_by":"3 Sentries","ascension_level":0}}