{"host":"3xls0xm49ftugio7","time":1611589372,"event":{"mods":["2.2 Compatiblity","AchievementEnabler","Act Like it!","BaseMod","Bestiary","Colored Powertips","Infinite Spire","Minty Spire (QoL Compilation)","Quick Restart","StSLib"],"gold_per_floor":[115,132,142,36,36,36,62,62,62,76,106,106,116,134,134,208,208,186,186,186,203,203,228,63,140,140,175,15,34,54,79,79,154,154,167,183,11,11,29,42,42,42,97,112,124,124,153,165,165,242,321,321,320,316,312,312,296,296,291,291,291,300,301,301,226,228,228,286,286,281,281,261,185,177,177,185,185,185,193,200,178,190,202,214,319,331,339,684,732,665,670,638,624,605,617,623,635,656,677,655,667,711,763,775,787,804,826,838,852,873,893,905,917,946,958,970,982,1002,1014,1077,1089,1097,1109,1121,1133,861,863,863,838,861,889,955,964,964,967,967,945,945,936,934,923,934,927,909,909,894,903,899,899,870,870,851,851,838,900,927,927,73,108,189],"floor_reached":161,"language":"ENG","playtime":11016,"items_purged":["Strike_B","Strike_B","Strike_B","Streamline","Defend_B","Clumsy"],"score":9168,"play_id":"ee33be70-0b3a-4034-ae4a-6b9cd85b0d75","local_time":"20210125174252","is_ascension_mode":true,"campfire_choices":[{"data":"Ball Lightning","floor":6.0,"key":"SMITH"},{"floor":8.0,"key":"REST"},{"data":"Go for the Eyes","floor":12.0,"key":"SMITH"},{"floor":15.0,"key":"REST"},{"floor":32.0,"key":"REST"},{"data":"Coolheaded","floor":41.0,"key":"SMITH"},{"data":"infinitespire:Collect","floor":46.0,"key":"SMITH"},{"data":"Loop","floor":49.0,"key":"SMITH"},{"data":"Seek","floor":58.0,"key":"SMITH"},{"data":"Hologram","floor":60.0,"key":"SMITH"},{"data":"infinitespire:Menacing","floor":64.0,"key":"SMITH"},{"floor":67.0,"key":"REST"},{"data":"Turbo","floor":75.0,"key":"SMITH"},{"data":"Genetic Algorithm","floor":77.0,"key":"SMITH"},{"data":"Genetic Algorithm","floor":84.0,"key":"SMITH"},{"data":"Coolheaded","floor":97,"key":"SMITH"},{"data":"Barrage","floor":101,"key":"SMITH"},{"floor":110,"key":"REST"},{"data":"Multi-Cast","floor":112,"key":"SMITH"},{"data":"Seek","floor":115,"key":"SMITH"},{"data":"Seek","floor":119,"key":"SMITH"},{"data":"Fission","floor":128,"key":"SMITH"},{"floor":134,"key":"DIG"},{"floor":136,"key":"DIG"},{"floor":145,"key":"DIG"},{"data":"Regret","floor":149,"key":"PURGE"},{"data":"Injury","floor":153,"key":"PURGE"},{"floor":157,"key":"DIG"}],"circlet_count":0,"master_deck":["AscendersBane","Ball Lightning+1","Steam","Glacier","Coolheaded+1","Go for the Eyes+1","FTL","BootSequence+1","Undo","FTL+1","Leap","Seek+1","CurseOfTheBell","Melter","Genetic Algorithm+1","infinitespire:Collect+1","Loop+1","Biased Cognition+1","Loop+1","Stack","Defragment+1","infinitespire:Menacing+1","Barrage+1","Genetic Algorithm+1","Electrodynamics+1","Loop+1","Conserve Battery+1","Turbo+1","Coolheaded+1","Leap+1","Defragment+1","White Noise+1","Force Field+1","Biased Cognition+1","infinitespire:NeuralNetwork+1","Hologram+1","Defragment+1","Doom and Gloom","Echo Form+1","Turbo+1","Capacitor+1","Echo Form+1","Echo Form+1","Auto Shields","Thunder Strike+1","White Noise","Seek+1","Multi-Cast+1","Defragment+1","Seek+1","Fission+1","Double Energy+1","Coolheaded+1","Heatsinks+1","Multi-Cast+1","infinitespire:FutureSight+1","Glacier+1","infinitespire:NeuralNetwork+1","Hologram+1","Tempest+1","Meteor Strike+1","Seek+1","Seek+1","Beam Cell+1","Scrape+1","Double Energy+1","Thunder Strike+1"],"relics":["Cracked Core","CaptainsWheel","Dream Catcher","Gremlin Horn","infinitespire:Beetle Shell","Calling Bell","Boot","infinitespire:FocusingShard","Calipers","Lee\u0027s Waffle","SlaversCollar","Frozen Egg 2","Bag of Preparation","infinitespire:CheckeredPen","Ornamental Fan","Mummified Hand","Runic Capacitor","FossilizedHelix","SacredBark","ClockworkSouvenir","Ice Cream","Tiny Chest","MealTicket","Cursed Key","Black Star","Oddly Smooth Stone","infinitespire:Midas Blood","infinitespire:SolderingIron","Snecko Eye","Pear","Sundial","infinitespire:PuzzleCube","HornCleat","MawBank","War Paint","Empty Cage","Dead Branch","Shuriken","Letter Opener","Juzu Bracelet","Akabeko","The Courier","CeramicFish","FrozenCore","Membership Card","infinitespire:EmpoweringShard","infinitespire:Freezer","Inserter","Bloody Idol","Omamori","Turnip","Blue Candle","Bottled Lightning","Philosopher\u0027s Stone","Toxic Egg 2","Pantograph","Centennial Puzzle","DataDisk","Art of War","Potion Belt","Toy Ornithopter","White Beast Statue","Ancient Tea Set","Happy Flower","Anchor","Lizard Tail","Darkstone Periapt","Shovel","infinitespire:Satchel","Ginger","Pen Nib","Bottled Tornado","Bag of Marbles","infinitespire:Bottled Soul","Smiling Mask","Matryoshka","Peace Pipe","Molten Egg 2","Eternal Feather","Astrolabe","infinitespire:BottledMercury","OrangePellets","Gambling Chip","PreservedInsect","Bronze Scales","Regal Pillow","Whetstone","WingedGreaves","Strawberry","Thread and Needle","Incense Burner","infinitespire:ShieldingShard","Lantern"],"acts_visited":["Exordium","TheCity","TheBeyond","Exordium","TheCity","TheBeyond","Exordium","TheCity","TheBeyond","TheEnding"],"potions_floor_usage":[131],"damage_taken":[{"damage":0.0,"enemies":"Cultist","floor":1.0,"turns":4.0},{"damage":3.0,"enemies":"Small Slimes","floor":2.0,"turns":3.0},{"damage":1.0,"enemies":"Jaw Worm","floor":3.0,"turns":2.0},{"damage":24.0,"enemies":"Gremlin Nob","floor":7.0,"turns":5.0},{"damage":3.0,"enemies":"Exordium Wildlife","floor":10.0,"turns":5.0},{"damage":5.0,"enemies":"3 Sentries","floor":11.0,"turns":10.0},{"damage":0.0,"enemies":"Blue Slaver","floor":13.0,"turns":4.0},{"damage":3.0,"enemies":"Gremlin Gang","floor":14.0,"turns":7.0},{"damage":21.0,"enemies":"The Guardian","floor":16.0,"turns":13.0},{"damage":8.0,"enemies":"2 Thieves","floor":18.0,"turns":4.0},{"damage":0.0,"enemies":"Chosen","floor":21.0,"turns":5.0},{"damage":30.0,"enemies":"Slavers","floor":23.0,"turns":9.0},{"damage":7.0,"enemies":"Gremlin Leader","floor":27.0,"turns":9.0},{"damage":4.0,"enemies":"Snake Plant","floor":29.0,"turns":4.0},{"damage":17.0,"enemies":"Snecko","floor":30.0,"turns":4.0},{"damage":0.0,"enemies":"Nightmare","floor":31.0,"turns":6.0},{"damage":0.0,"enemies":"Collector","floor":33.0,"turns":8.0},{"damage":0.0,"enemies":"Orb Walker","floor":35.0,"turns":4.0},{"damage":0.0,"enemies":"3 Darklings","floor":36.0,"turns":4.0},{"damage":0.0,"enemies":"Transient","floor":39.0,"turns":6.0},{"damage":0.0,"enemies":"4 Shapes","floor":40.0,"turns":2.0},{"damage":0.0,"enemies":"Jaw Worm Horde","floor":44.0,"turns":4.0},{"damage":2.0,"enemies":"Transient","floor":45.0,"turns":6.0},{"damage":0.0,"enemies":"Nightmare","floor":47.0,"turns":6.0},{"damage":0.0,"enemies":"Writhing Mass","floor":48.0,"turns":4.0},{"damage":17.0,"enemies":"Time Eater","floor":50.0,"turns":8.0},{"damage":11.0,"enemies":"Awakened One","floor":51.0,"turns":19.0},{"damage":0.0,"enemies":"Small Slimes","floor":53.0,"turns":2.0},{"damage":0.0,"enemies":"Cultist","floor":54.0,"turns":3.0},{"damage":0.0,"enemies":"Jaw Worm","floor":55.0,"turns":3.0},{"damage":0.0,"enemies":"Exordium Thugs","floor":57.0,"turns":4.0},{"damage":0.0,"enemies":"Large Slime","floor":59.0,"turns":2.0},{"damage":0.0,"enemies":"3 Sentries","floor":62.0,"turns":2.0},{"damage":0.0,"enemies":"3 Louse","floor":63.0,"turns":3.0},{"damage":0.0,"enemies":"The Guardian","floor":68.0,"turns":5.0},{"damage":0.0,"enemies":"Spheric Guardian","floor":70.0,"turns":3.0},{"damage":0.0,"enemies":"Chosen","floor":72.0,"turns":4.0},{"damage":0.0,"enemies":"Sentry and Sphere","floor":74.0,"turns":3.0},{"damage":0.0,"enemies":"Book of Stabbing","floor":76.0,"turns":4.0},{"damage":0.0,"enemies":"Slavers","floor":79.0,"turns":4.0},{"damage":0.0,"enemies":"Snake Plant","floor":80.0,"turns":2.0},{"damage":0.0,"enemies":"Nightmare","floor":81.0,"turns":5.0},{"damage":0.0,"enemies":"Automaton","floor":85.0,"turns":1.0},{"damage":0.0,"enemies":"3 Shapes","floor":87.0,"turns":2.0},{"damage":0.0,"enemies":"2 Orb Walkers","floor":89.0,"turns":2.0},{"damage":0.0,"enemies":"infinitespire:Three Voidlings","floor":90.0,"turns":2.0},{"damage":0.0,"enemies":"Nightmare_Alpha","floor":90.0,"turns":7.0},{"damage":0,"enemies":"Orb Walker","floor":91,"turns":3},{"damage":0,"enemies":"Giant Head","floor":92,"turns":5},{"damage":0,"enemies":"Jaw Worm Horde","floor":93,"turns":3},{"damage":0,"enemies":"Nightmare_Alpha","floor":94,"turns":6},{"damage":0,"enemies":"Giant Head","floor":96,"turns":4},{"damage":0,"enemies":"Reptomancer","floor":100,"turns":9},{"damage":0,"enemies":"Time Eater","floor":102,"turns":6},{"damage":0,"enemies":"Donu and Deca","floor":103,"turns":5},{"damage":0,"enemies":"Small Slimes","floor":105,"turns":2},{"damage":0,"enemies":"Cultist","floor":106,"turns":2},{"damage":0,"enemies":"Jaw Worm","floor":107,"turns":3},{"damage":0,"enemies":"Nightmare","floor":111,"turns":4},{"damage":0,"enemies":"3 Louse","floor":114,"turns":2},{"damage":0,"enemies":"Lagavulin","floor":118,"turns":4},{"damage":0,"enemies":"The Guardian","floor":120,"turns":5},{"damage":3,"enemies":"3 Byrds","floor":122,"turns":3},{"damage":0,"enemies":"Spheric Guardian","floor":125,"turns":2},{"damage":0,"enemies":"Gremlin Leader","floor":127,"turns":3},{"damage":0,"enemies":"Nightmare_Alpha","floor":129,"turns":6},{"damage":20,"enemies":"Slavers","floor":131,"turns":2},{"damage":0,"enemies":"Colosseum Slavers","floor":132,"turns":2},{"damage":0,"enemies":"Colosseum Nobs","floor":132,"turns":2},{"damage":0,"enemies":"Snake Plant","floor":135,"turns":2},{"damage":0,"enemies":"infinitespire:LordOfFortification","floor":137,"turns":11},{"damage":0,"enemies":"3 Shapes","floor":139,"turns":2},{"damage":0,"enemies":"Orb Walker","floor":140,"turns":2},{"damage":0,"enemies":"Sphere and 2 Shapes","floor":141,"turns":2},{"damage":0,"enemies":"Writhing Mass","floor":143,"turns":4},{"damage":0,"enemies":"Nightmare_Alpha","floor":144,"turns":6},{"damage":0,"enemies":"Nemesis","floor":146,"turns":5},{"damage":0,"enemies":"Mind Bloom Boss Battle","floor":148,"turns":4},{"damage":0,"enemies":"Giant Head","floor":150,"turns":5},{"damage":0,"enemies":"Jaw Worm Horde","floor":152,"turns":3},{"damage":0,"enemies":"infinitespire:LordOfFortification","floor":154,"turns":13},{"damage":34,"enemies":"Donu and Deca","floor":155,"turns":2},{"damage":0,"enemies":"Shield and Spear","floor":159,"turns":1},{"damage":0,"enemies":"The Heart","floor":160,"turns":1}],"seed_played":"-2574159860420119589","potions_obtained":[{"floor":1.0,"key":"DistilledChaos"},{"floor":16.0,"key":"EssenceOfSteel"},{"floor":23.0,"key":"SteroidPotion"},{"floor":29.0,"key":"Fruit Juice"},{"floor":30.0,"key":"FearPotion"},{"floor":33.0,"key":"LiquidMemories"},{"floor":50.0,"key":"Swift Potion"},{"floor":51.0,"key":"FocusPotion"},{"floor":54.0,"key":"DuplicationPotion"},{"floor":129,"key":"FearPotion"},{"floor":131,"key":"PotionOfCapacity"},{"floor":132,"key":"BlessingOfTheForge"},{"floor":140,"key":"GamblersBrew"},{"floor":141,"key":"Swift Potion"}],"is_trial":false,"path_per_floor":["M","M","M","$","?","R","E","R","T","M","E","R","M","M","R","B",null,"M","?","AVR","M","?","E","$","T","T","E","$","M","M","NM","R","B",null,"M","M","$","AVR","M","M","R","?","T","M","M","R","NM","M","R","B","B",null,"M","M","M","AVR","M","R","M","R","T","E","M","R","$","?","R","B",null,"M","?","M","$","M","R","E","R","T","E","M","NM","T","$","R","B",null,"M","?","?","?","M","E","M","NM","T","E","R","AVR","?","E","R","B","B",null,"M","M","M","$","?","R","NM","R","T","M","R","?","T","E","R","B",null,"M","?","?","M","$","E","R","NM","T","E","?","T","R","M","R","B",null,"M","M","M","?","M","NM","R","E","T","?","R","E","?","M","R","B","B",null,"R","$","E","B",null],"character_chosen":"DEFECT","items_purchased":["Coolheaded","FocusPotion","Bag of Preparation","Runic Capacitor","ClockworkSouvenir","Capacitor+1","Pantograph","Centennial Puzzle","DataDisk","OrangePellets","Gambling Chip","PreservedInsect","Bronze Scales","Regal Pillow","Whetstone","WingedGreaves","Strawberry","Thread and Needle","Incense Burner"],"campfire_rested":5,"item_purchase_floors":[4,4,24,28,37,73,126,126,126,158,158,158,158,158,158,158,158,158,158],"current_hp_per_floor":[71,68,67,67,67,67,43,66,66,63,58,58,58,55,78,57,73,65,65,85,85,85,55,55,55,55,48,48,44,32,32,59,59,82,82,82,82,82,82,82,82,82,82,82,80,80,80,80,80,63,52,81,81,81,81,81,81,81,81,81,81,81,81,81,90,59,86,86,89,89,89,89,90,90,90,100,100,100,100,100,100,100,100,100,100,100,100,100,100,100,100,100,100,100,100,100,100,100,100,100,100,100,100,100,100,100,100,100,65,95,95,95,95,95,95,95,95,95,95,95,99,96,96,96,100,100,100,100,100,100,90,95,106,106,106,106,106,106,106,106,106,85,95,106,106,106,112,112,112,112,112,112,112,112,88,110,112,119,119,119],"gold":189,"neow_bonus":"TEN_PERCENT_HP_BONUS","is_daily":false,"chose_seed":false,"campfire_upgraded":17,"win_rate":0.0,"timestamp":1611589372,"path_taken":["M","M","M","$","?","R","E","R","T","M","E","R","M","M","R","BOSS","M","?","AVR","M","?","E","?","?","T","E","$","M","M","NM","R","BOSS","M","?","?","AVR","?","M","R","?","T","M","M","R","NM","M","R","BOSS","BOSS","M","M","M","AVR","?","R","M","R","T","E","M","R","$","?","R","BOSS","M","?","M","$","M","R","E","R","T","E","M","NM","?","$","R","BOSS","M","?","?","?","M","E","M","NM","T","E","R","AVR","?","E","R","BOSS","BOSS","M","M","M","$","?","R","NM","R","T","M","R","?","?","E","R","BOSS","M","?","?","M","$","E","R","NM","T","E","?","?","R","M","R","BOSS","M","M","M","?","M","NM","R","E","T","?","R","E","?","M","R","BOSS","BOSS","R","$","E","BOSS"],"items_purchased_type":["Card","Potion","Relic","Relic","Relic","Card","Relic","Relic","Relic","Relic","Relic","Relic","Relic","Relic","Relic","Relic","Relic","Relic","Relic"],"build_version":"2020-12-22","purchased_purges":6,"victory":true,"max_hp_per_floor":[78,78,78,78,78,78,78,78,78,78,78,78,78,78,78,78,78,78,78,85,85,85,85,85,85,85,85,85,85,90,90,90,90,90,90,90,90,90,90,90,90,90,90,90,90,90,90,90,90,90,90,90,90,90,90,90,90,90,90,90,90,90,90,90,90,90,90,90,90,90,90,90,90,90,90,100,100,100,100,100,100,100,100,100,100,100,100,100,100,100,100,100,100,100,100,100,100,100,100,100,100,100,100,100,100,100,100,100,100,100,100,100,100,100,100,100,100,100,100,100,100,100,100,100,100,100,100,100,100,100,100,100,106,106,106,106,106,106,106,106,106,106,106,106,106,106,112,112,112,112,112,112,112,112,112,112,112,119,119,119],"card_choices":[{"not_picked":["Beam Cell","Conserve Battery"],"picked":"Ball Lightning","floor":1.0},{"not_picked":["Lockon","Ball Lightning"],"picked":"Steam","floor":2.0},{"not_picked":["Melter","Barrage"],"picked":"Glacier","floor":3.0},{"not_picked":["Stack","Beam Cell"],"picked":"Go for the Eyes","floor":7.0},{"not_picked":["Compile Driver","Steam Power"],"picked":"FTL","floor":8.0},{"not_picked":["Sunder","Go for the Eyes"],"picked":"BootSequence","floor":10.0},{"not_picked":["Hyperbeam","Cold Snap"],"picked":"Undo","floor":11.0},{"not_picked":["Redo","Fusion"],"picked":"FTL","floor":13.0},{"not_picked":["Go for the Eyes","Reprogram"],"picked":"Leap","floor":14.0},{"not_picked":["Coolheaded","Redo"],"picked":"Streamline","floor":15.0},{"not_picked":["Thunder Strike","Machine Learning"],"picked":"Seek","floor":16.0},{"not_picked":["BootSequence","Rebound+1"],"picked":"Melter","floor":18.0},{"not_picked":["Redo","Barrage"],"picked":"Loop","floor":21.0},{"not_picked":["Scrape","Redo"],"picked":"Biased Cognition+1","floor":23.0},{"not_picked":["Sunder","Rebound"],"picked":"Loop+1","floor":27.0},{"not_picked":["Barrage","Hello World+1"],"picked":"Stack","floor":29.0},{"not_picked":["Leap","Hello World+1"],"picked":"Defragment+1","floor":30.0},{"not_picked":["infinitespire:Gouge","infinitespire:DeathsTouch"],"picked":"infinitespire:Menacing","floor":31.0},{"not_picked":["Sunder","Redo"],"picked":"Barrage","floor":31.0},{"not_picked":["Beam Cell+1","Streamline"],"picked":"Genetic Algorithm","floor":32.0},{"not_picked":["Creative AI+1","Reboot"],"picked":"Electrodynamics+1","floor":33.0},{"not_picked":["Sweeping Beam","Gash+1"],"picked":"Loop+1","floor":35.0},{"not_picked":["Loop+1","Ball Lightning"],"picked":"Conserve Battery+1","floor":36.0},{"not_picked":["Hello World+1","Conserve Battery"],"picked":"Turbo+1","floor":39.0},{"not_picked":["Storm+1","Darkness"],"picked":"Coolheaded","floor":40.0},{"not_picked":["Ball Lightning+1","Conserve Battery"],"picked":"Leap+1","floor":44.0},{"not_picked":["Heatsinks+1","Ball Lightning"],"picked":"Defragment+1","floor":45.0},{"not_picked":["Chaos","FTL"],"picked":"White Noise+1","floor":47.0},{"not_picked":["Beam Cell+1","Ball Lightning"],"picked":"Force Field","floor":48.0},{"not_picked":["Creative AI+1","Electrodynamics+1"],"picked":"Biased Cognition+1","floor":50.0},{"not_picked":["infinitespire:DeathsTouch","infinitespire:SevenWalls"],"picked":"infinitespire:NeuralNetwork","floor":51.0},{"not_picked":["Amplify","Creative AI+1"],"picked":"Machine Learning+1","floor":51.0},{"not_picked":["Consume","Conserve Battery","Go for the Eyes"],"picked":"SKIP","floor":53.0},{"not_picked":["Steam Power","Go for the Eyes","Streamline"],"picked":"SKIP","floor":54.0},{"not_picked":["Cold Snap","Barrage"],"picked":"Hologram","floor":55.0},{"not_picked":["Turbo","Auto Shields","Conserve Battery"],"picked":"SKIP","floor":57.0},{"not_picked":["Skim","Streamline","Hologram"],"picked":"SKIP","floor":59.0},{"not_picked":["Tempest","Compile Driver"],"picked":"Defragment+1","floor":62.0},{"not_picked":["Lockon","Barrage"],"picked":"Doom and Gloom","floor":63.0},{"not_picked":["Reboot","Thunder Strike"],"picked":"Echo Form+1","floor":68.0},{"not_picked":["Sunder+1","Doom and Gloom","Genetic Algorithm"],"picked":"SKIP","floor":70.0},{"not_picked":["Doom and Gloom","Streamline"],"picked":"Turbo","floor":72.0},{"not_picked":["Rebound","BootSequence","Coolheaded"],"picked":"SKIP","floor":74.0},{"not_picked":["Static Discharge+1","Compile Driver","Beam Cell"],"picked":"SKIP","floor":76.0},{"not_picked":["Sunder","Redo","Conserve Battery"],"picked":"SKIP","floor":79.0},{"not_picked":["Sweeping Beam","Beam Cell","Leap"],"picked":"SKIP","floor":80.0},{"not_picked":["Heatsinks+1","Capacitor+1"],"picked":"Echo Form+1","floor":81.0},{"not_picked":["Multi-Cast","Rainbow"],"picked":"Echo Form+1","floor":85.0},{"not_picked":["Turbo","Leap","Cold Snap"],"picked":"SKIP","floor":87.0},{"not_picked":["Coolheaded","Turbo","Chaos"],"picked":"SKIP","floor":91},{"not_picked":["Heatsinks+1","Consume"],"picked":"Auto Shields","floor":92},{"not_picked":["Go for the Eyes+1","Static Discharge+1","Thunder Strike"],"picked":"SKIP","floor":93},{"not_picked":["infinitespire:Collect","infinitespire:Starlight"],"picked":"infinitespire:SealOfDarkness+","floor":94},{"not_picked":["Sweeping Beam","Melter","Streamline"],"picked":"SKIP","floor":94},{"not_picked":["Streamline","Hologram+1","Beam Cell"],"picked":"SKIP","floor":96},{"not_picked":["Auto Shields","Barrage"],"picked":"White Noise","floor":100},{"not_picked":["Biased Cognition+1","Thunder Strike"],"picked":"Seek","floor":102},{"not_picked":["Echo Form+1","Amplify"],"picked":"Multi-Cast","floor":103},{"not_picked":["Conserve Battery","Consume","Hello World+1"],"picked":"SKIP","floor":105},{"not_picked":["Streamline","Cold Snap","Coolheaded"],"picked":"SKIP","floor":106},{"not_picked":["Reprogram","Consume","Skim"],"picked":"SKIP","floor":107},{"not_picked":["Conserve Battery","Redo"],"picked":"Defragment+1","floor":110},{"not_picked":["Go for the Eyes","Gash"],"picked":"Seek","floor":111},{"not_picked":["Force Field","Redo","Blizzard"],"picked":"SKIP","floor":114},{"not_picked":["Force Field","Redo"],"picked":"Blizzard","floor":114},{"not_picked":["Steam Power","Rebound","Chaos"],"picked":"SKIP","floor":118},{"not_picked":["Echo Form+1","Multi-Cast"],"picked":"Fission","floor":120},{"not_picked":["Stack","Coolheaded","Force Field"],"picked":"SKIP","floor":122},{"not_picked":["Rip and Tear","Stack+1"],"picked":"Double Energy+1","floor":125},{"not_picked":["Genetic Algorithm+1","Auto Shields+1","Leap+1"],"picked":"SKIP","floor":127},{"not_picked":["Steam Power+1","Melter"],"picked":"Coolheaded+1","floor":129},{"not_picked":["Fusion+1","Auto Shields+1"],"picked":"Heatsinks+1","floor":131},{"not_picked":["Gash","Steam+1","Barrage"],"picked":"SKIP","floor":135},{"not_picked":["Rainbow+1","Machine Learning+1"],"picked":"Multi-Cast+1","floor":137},{"not_picked":["Ball Lightning+1","Fusion+1","Stack+1"],"picked":"SKIP","floor":139},{"not_picked":["Streamline","Auto Shields+1","White Noise+1"],"picked":"SKIP","floor":140},{"not_picked":["Steam Power+1","Rebound","Leap+1"],"picked":"SKIP","floor":141},{"not_picked":["infinitespire:Fortify","infinitespire:SevenWalls"],"picked":"infinitespire:FutureSight","floor":142},{"not_picked":["Genetic Algorithm+1","Leap+1"],"picked":"Glacier+1","floor":143},{"not_picked":["infinitespire:Starlight","infinitespire:Oblivion"],"picked":"infinitespire:NeuralNetwork","floor":144},{"not_picked":["All For One","Conserve Battery+1"],"picked":"Hologram+1","floor":144},{"not_picked":["Beam Cell+1","Force Field+1"],"picked":"Tempest+1","floor":146},{"not_picked":["Sweeping Beam+1","Darkness+1","Lockon+1"],"picked":"SKIP","floor":150},{"not_picked":["Streamline+1","Barrage+1","Hello World+1"],"picked":"SKIP","floor":152},{"not_picked":["Reboot+1","Thunder Strike+1"],"picked":"Meteor Strike+1","floor":154},{"not_picked":["Meteor Strike+1","Hyperbeam+1"],"picked":"Seek+1","floor":155},{"not_picked":["Undo+1","Chaos+1"],"picked":"Double Energy+1","floor":159},{"not_picked":["All For One+1","Reboot+1"],"picked":"Thunder Strike+1","floor":160}],"player_experience":727464,"relics_obtained":[{"floor":5.0,"key":"CaptainsWheel"},{"floor":7.0,"key":"Dream Catcher"},{"floor":9.0,"key":"Gremlin Horn"},{"floor":11.0,"key":"infinitespire:Beetle Shell"},{"floor":17.0,"key":"Boot"},{"floor":17.0,"key":"infinitespire:FocusingShard"},{"floor":17.0,"key":"Calipers"},{"floor":23.0,"key":"Frozen Egg 2"},{"floor":25.0,"key":"infinitespire:CheckeredPen"},{"floor":26.0,"key":"Ornamental Fan"},{"floor":27.0,"key":"Mummified Hand"},{"floor":31.0,"key":"FossilizedHelix"},{"floor":43.0,"key":"Tiny Chest"},{"floor":47.0,"key":"MealTicket"},{"floor":61.0,"key":"Oddly Smooth Stone"},{"floor":62.0,"key":"infinitespire:Midas Blood"},{"floor":62.0,"key":"infinitespire:SolderingIron"},{"floor":76.0,"key":"Pear"},{"floor":76.0,"key":"Sundial"},{"floor":79.0,"key":"infinitespire:PuzzleCube"},{"floor":79.0,"key":"HornCleat"},{"floor":81.0,"key":"MawBank"},{"floor":81.0,"key":"War Paint"},{"floor":89.0,"key":"Dead Branch"},{"floor":92,"key":"Shuriken"},{"floor":92,"key":"Letter Opener"},{"floor":94,"key":"Juzu Bracelet"},{"floor":94,"key":"Akabeko"},{"floor":96,"key":"The Courier"},{"floor":96,"key":"CeramicFish"},{"floor":100,"key":"infinitespire:EmpoweringShard"},{"floor":100,"key":"infinitespire:Freezer"},{"floor":111,"key":"Omamori"},{"floor":111,"key":"Turnip"},{"floor":118,"key":"Blue Candle"},{"floor":118,"key":"Bottled Lightning"},{"floor":127,"key":"Art of War"},{"floor":127,"key":"Potion Belt"},{"floor":129,"key":"Toy Ornithopter"},{"floor":129,"key":"White Beast Statue"},{"floor":130,"key":"Ancient Tea Set"},{"floor":131,"key":"Happy Flower"},{"floor":131,"key":"Anchor"},{"floor":132,"key":"Lizard Tail"},{"floor":132,"key":"Darkstone Periapt"},{"floor":133,"key":"Shovel"},{"floor":134,"key":"infinitespire:Satchel"},{"floor":136,"key":"Ginger"},{"floor":144,"key":"Pen Nib"},{"floor":144,"key":"Bottled Tornado"},{"floor":145,"key":"Bag of Marbles"},{"floor":146,"key":"infinitespire:Bottled Soul"},{"floor":146,"key":"Smiling Mask"},{"floor":147,"key":"Matryoshka"},{"floor":148,"key":"Peace Pipe"},{"floor":150,"key":"Molten Egg 2"},{"floor":150,"key":"Eternal Feather"},{"floor":157,"key":"infinitespire:BottledMercury"},{"floor":159,"key":"infinitespire:ShieldingShard"},{"floor":159,"key":"Lantern"}],"event_choices":[{"damage_healed":0.0,"max_hp_gain":0.0,"max_hp_loss":0.0,"gold_gain":0.0,"event_name":"The Library","player_choice":"Read","floor":19.0,"gold_loss":0.0,"damage_taken":0.0,"cards_obtained":["Genetic Algorithm"]},{"cards_removed":["Strike_B"],"damage_healed":0.0,"max_hp_gain":0.0,"max_hp_loss":0.0,"gold_gain":0.0,"event_name":"Back to Basics","player_choice":"Elegance","floor":22.0,"gold_loss":0.0,"damage_taken":0.0},{"damage_healed":0.0,"max_hp_gain":0.0,"max_hp_loss":0.0,"gold_gain":0.0,"event_name":"SecretPortal","player_choice":"Ignored","floor":42.0,"gold_loss":0.0,"damage_taken":0.0},{"damage_healed":0.0,"max_hp_gain":0.0,"max_hp_loss":0.0,"gold_gain":0.0,"event_name":"Golden Idol","player_choice":"Take Damage","floor":66.0,"gold_loss":0.0,"damage_taken":31.0,"relics_obtained":["Golden Idol"]},{"damage_healed":0.0,"max_hp_gain":0.0,"max_hp_loss":0.0,"gold_gain":0.0,"cards_transformed":["Machine Learning"],"event_name":"Transmorgrifier","player_choice":"Transformed","floor":71.0,"gold_loss":0.0,"damage_taken":0.0,"cards_obtained":["Gash"]},{"damage_healed":0.0,"max_hp_gain":0.0,"max_hp_loss":0.0,"gold_gain":333.0,"event_name":"The Moai Head","player_choice":"Gave Idol","floor":88.0,"relics_lost":["Golden Idol"],"gold_loss":0.0,"damage_taken":0.0},{"damage_healed":0.0,"max_hp_gain":0.0,"max_hp_loss":0.0,"gold_gain":0.0,"event_name":"Mysterious Sphere","player_choice":"Fight","floor":89.0,"gold_loss":0.0,"damage_taken":0.0},{"damage_healed":0,"gold_gain":0,"cards_transformed":["Defend_B"],"player_choice":"Transformed","damage_taken":0,"max_hp_gain":0,"max_hp_loss":0,"event_name":"Transmorgrifier","floor":99,"gold_loss":0,"cards_obtained":["Thunder Strike"]},{"damage_healed":0,"gold_gain":0,"player_choice":"Take Damage","damage_taken":35,"relics_obtained":["Golden Idol"],"max_hp_gain":0,"max_hp_loss":0,"event_name":"Golden Idol","floor":109,"gold_loss":0},{"damage_healed":0,"gold_gain":0,"player_choice":"Ignored","damage_taken":0,"max_hp_gain":0,"max_hp_loss":0,"event_name":"Shining Light","floor":116,"gold_loss":0},{"damage_healed":0,"gold_gain":0,"player_choice":"Opened","damage_taken":0,"relics_obtained":["Toxic Egg 2"],"max_hp_gain":0,"max_hp_loss":0,"event_name":"The Mausoleum","floor":123,"gold_loss":0,"cards_obtained":["Writhe"]},{"damage_healed":0,"gold_gain":0,"player_choice":"Gave Idol","damage_taken":0,"relics_obtained":["Bloody Idol"],"max_hp_gain":0,"max_hp_loss":0,"event_name":"Forgotten Altar","floor":124,"relics_lost":["Golden Idol"],"gold_loss":0},{"damage_healed":0,"gold_gain":0,"player_choice":"Fight","damage_taken":0,"max_hp_gain":0,"max_hp_loss":0,"event_name":"Colosseum","floor":132,"gold_loss":0},{"damage_healed":0,"gold_gain":0,"player_choice":"Fought Nobs","damage_taken":0,"max_hp_gain":0,"max_hp_loss":0,"event_name":"Colosseum","floor":132,"gold_loss":0},{"damage_healed":0,"gold_gain":0,"player_choice":"Fight","damage_taken":0,"max_hp_gain":0,"max_hp_loss":0,"event_name":"MindBloom","floor":148,"gold_loss":0},{"cards_removed":["Blizzard"],"damage_healed":0,"gold_gain":0,"player_choice":"Removed Attack","damage_taken":0,"max_hp_gain":0,"max_hp_loss":0,"event_name":"Falling","floor":151,"gold_loss":0}],"is_beta":false,"boss_relics":[{"not_picked":["Sozu","Pandora\u0027s Box"],"picked":"Calling Bell"},{"not_picked":["Snecko Eye","Astrolabe"],"picked":"SacredBark"},{"not_picked":["Velvet Choker","Busted Crown"],"picked":"Cursed Key"},{"not_picked":["Astrolabe","Pandora\u0027s Box"],"picked":"Snecko Eye"},{"not_picked":["Runic Dome","Tiny House"],"picked":"Empty Cage"},{"not_picked":["Fusion Hammer","Coffee Dripper"],"picked":"Inserter"},{"not_picked":["Busted Crown","Pandora\u0027s Box"],"picked":"Philosopher\u0027s Stone"},{"not_picked":["Runic Pyramid","Coffee Dripper","Velvet Choker"]},{"not_picked":["Sozu","infinitespire:Cupcake"],"picked":"Astrolabe"}],"items_purged_floors":[20,38,56,65,98,126],"is_endless":true,"potions_floor_spawned":[1,7,10,16,23,29,30,33,39,44,45,47,50,51,54,57,63,76,79,80,81,87,89,90,93,96,103,107,118,120,129,131,132,132,135,137,139,140,141,143,144,146,148,150,152,154,155,159,160],"ascension_level":20}}