{"host":"athd8lg4sftw81ak","time":1611537676,"event":{"mods":["BaseMod","Downfall","Hermit","Jorbs\u0027s Wanderer Trilogy","Minty Spire (QoL Compilation)","StSLib"],"gold_per_floor":[115,131,149,159,159,187,187,218,270,283,316,316,316,173,173,273,273,285,302,320,337,262,262,262,262],"floor_reached":24,"language":"ENG","playtime":1212,"items_purged":["Strike_R"],"score":308,"play_id":"fc8b7582-1379-4261-9a4a-7e0a9ec52436","local_time":"20210124192116","is_ascension_mode":true,"campfire_choices":[{"data":"Uppercut","floor":7,"key":"SMITH"},{"data":"Metallicize","floor":12,"key":"SMITH"},{"data":"Dual Wield","floor":15,"key":"SMITH"},{"data":"True Grit","floor":23,"key":"SMITH"}],"circlet_count":0,"master_deck":["Strike_R","Strike_R","Strike_R","Defend_R","Defend_R","Defend_R","Defend_R","Bash","Feed","Uppercut+1","Metallicize+1","Thunderclap","Dual Wield+1","Inflame","Headbutt","Warcry","Rage","Impervious","True Grit+1","Burning Pact"],"relics":["Burning Blood","Bag of Marbles","Meat on the Bone","Lantern","Oddly Smooth Stone","Velvet Choker"],"acts_visited":["Exordium","TheCity"],"potions_floor_usage":[6,6,11,19,21,24,24],"damage_taken":[{"damage":7,"enemies":"Jaw Worm","floor":1,"turns":2},{"damage":6,"enemies":"2 Louse","floor":2,"turns":2},{"damage":11,"enemies":"Cultist","floor":3,"turns":4},{"damage":21,"enemies":"Lots of Slimes","floor":4,"turns":6},{"damage":17,"enemies":"3 Sentries","floor":6,"turns":3},{"damage":19,"enemies":"Lagavulin","floor":8,"turns":10},{"damage":6,"enemies":"Exordium Wildlife","floor":10,"turns":5},{"damage":8,"enemies":"Gremlin Nob","floor":11,"turns":3},{"damage":27,"enemies":"The Guardian","floor":16,"turns":13},{"damage":0,"enemies":"Chosen","floor":18,"turns":3},{"damage":3,"enemies":"2 Thieves","floor":19,"turns":3},{"damage":2,"enemies":"Centurion and Healer","floor":20,"turns":7},{"damage":7,"enemies":"Shelled Parasite and Fungi","floor":21,"turns":7},{"damage":115,"enemies":"Gremlin Leader","floor":24,"turns":10}],"seed_played":"-7704895722151859874","potions_obtained":[{"floor":3,"key":"ElixirPotion"},{"floor":4,"key":"ColorlessPotion"},{"floor":8,"key":"BlessingOfTheForge"},{"floor":10,"key":"DuplicationPotion"},{"floor":11,"key":"FearPotion"},{"floor":13,"key":"SpeedPotion"},{"floor":19,"key":"bronze:BurnAndBuffPotion"},{"floor":21,"key":"champ:CounterPotion"}],"is_trial":false,"path_per_floor":["M","M","M","M","?","E","R","E","T","M","E","R","?","$","R","B",null,"M","M","M","M","?","R","E"],"character_chosen":"IRONCLAD","items_purchased":["Rage"],"campfire_rested":0,"item_purchase_floors":[14],"current_hp_per_floor":[74,77,75,63,84,73,73,60,60,66,67,67,67,67,67,61,87,96,102,105,104,104,104,0,0],"gold":262,"neow_bonus":"THREE_RARE_CARDS","is_daily":false,"chose_seed":false,"campfire_upgraded":4,"win_rate":0.0,"timestamp":1611537676,"path_taken":["M","M","M","M","?","E","R","E","T","M","E","R","?","$","R","BOSS","M","?","M","?","?","R","E"],"items_purchased_type":["Card"],"build_version":"2020-12-22","purchased_purges":1,"victory":false,"max_hp_per_floor":[75,78,81,84,84,84,84,84,84,90,93,93,93,93,93,96,96,99,102,105,105,105,105,105,105],"card_choices":[{"not_picked":["Limit Break","Bludgeon"],"picked":"Feed","floor":0},{"not_picked":["Anger","Pommel Strike"],"picked":"Uppercut","floor":1},{"not_picked":["Sword Boomerang","Body Slam","Heavy Blade"],"picked":"SKIP","floor":2},{"not_picked":["Bloodletting","Whirlwind"],"picked":"Metallicize","floor":3},{"not_picked":["Uppercut","Bloodletting"],"picked":"Thunderclap","floor":4},{"not_picked":["Second Wind","Fire Breathing"],"picked":"Dual Wield","floor":6},{"not_picked":["Twin Strike","Anger"],"picked":"Inflame","floor":8},{"not_picked":["Sentinel","Havoc"],"picked":"Headbutt","floor":10},{"not_picked":["Bloodletting","Havoc"],"picked":"Warcry","floor":11},{"not_picked":["Limit Break","Fiend Fire"],"picked":"Impervious","floor":16},{"not_picked":["Anger","Warcry+1"],"picked":"True Grit","floor":18},{"not_picked":["Body Slam","Second Wind"],"picked":"Burning Pact","floor":19},{"not_picked":["Reckless Charge","Havoc","Pommel Strike+1"],"picked":"SKIP","floor":20},{"not_picked":["Second Wind","Perfected Strike","Body Slam+1"],"picked":"SKIP","floor":21}],"player_experience":594219,"relics_obtained":[{"floor":6,"key":"Bag of Marbles"},{"floor":8,"key":"Meat on the Bone"},{"floor":9,"key":"Lantern"},{"floor":11,"key":"Oddly Smooth Stone"}],"event_choices":[{"damage_healed":28,"gold_gain":0,"player_choice":"Banana","damage_taken":0,"max_hp_gain":0,"max_hp_loss":0,"event_name":"Big Fish","floor":5,"gold_loss":0},{"damage_healed":0,"gold_gain":0,"player_choice":"Got Potions","damage_taken":0,"max_hp_gain":0,"max_hp_loss":0,"event_name":"Lab","floor":13,"gold_loss":0},{"cards_removed":["Strike_R"],"damage_healed":0,"gold_gain":0,"player_choice":"Gave Gold","damage_taken":0,"max_hp_gain":0,"max_hp_loss":0,"event_name":"Beggar","floor":22,"gold_loss":75}],"is_beta":false,"boss_relics":[{"not_picked":["Pandora\u0027s Box","Busted Crown"],"picked":"Velvet Choker"}],"items_purged_floors":[14],"is_endless":false,"potions_floor_spawned":[3,4,8,10,11,19,20,21],"killed_by":"Gremlin Leader","ascension_level":6}}