{"host":"f5gffvlv6a66yqkd","time":1611576448,"event":{"mods":["2.2 Compatiblity","BaseMod","Colored Map","Custom Start","DeckTracker","Keyboard Shortcuts","Minty Spire (QoL Compilation)","Permanent Neow","Quick Restart","Relic Stats","StSLib","SuperFastMode"],"gold_per_floor":[114,39,52,72,82,110,110,185,235,235,294,294,309,309,309,382,382,398,398,412,462,17,17,27,27,54,54,69,69,69],"floor_reached":29,"language":"KOR","playtime":487,"items_purged":[],"score":446,"play_id":"029a20ae-e1b4-4e66-81c9-06ef6d1341e4","local_time":"20210125210728","is_ascension_mode":true,"campfire_choices":[{"data":"Dualcast","floor":7.0,"key":"SMITH"},{"floor":10.0,"key":"REST"},{"floor":12.0,"key":"REST"},{"data":"Streamline","floor":15.0,"key":"SMITH"},{"floor":23.0,"key":"REST"},{"data":"Beam Cell","floor":25,"key":"SMITH"},{"floor":27,"key":"REST"}],"circlet_count":0,"master_deck":["AscendersBane","Defend_B","Defend_B","Defend_B","Defend_B","Zap+1","Dualcast+1","Sweeping Beam","Streamline+1","Gash","Rebound","Glacier","Gash","Gash","Machine Learning","Electrodynamics","Conserve Battery","Beam Cell+1","Steam","Compile Driver","Skim","Turbo"],"relics":["Cracked Core","Darkstone Periapt","Happy Flower","Nuclear Battery","OrangePellets","Pantograph","Dream Catcher"],"acts_visited":["Exordium","TheCity"],"potions_floor_usage":[24],"damage_taken":[{"damage":7.0,"enemies":"Small Slimes","floor":1.0,"turns":2.0},{"damage":0.0,"enemies":"2 Louse","floor":3.0,"turns":2.0},{"damage":2.0,"enemies":"Jaw Worm","floor":4.0,"turns":2.0},{"damage":7.0,"enemies":"Looter","floor":5.0,"turns":3.0},{"damage":25.0,"enemies":"Lagavulin","floor":6.0,"turns":6.0},{"damage":27.0,"enemies":"Lagavulin Event","floor":11.0,"turns":6.0},{"damage":5.0,"enemies":"Exordium Wildlife","floor":13.0,"turns":4.0},{"damage":6.0,"enemies":"Slime Boss","floor":16.0,"turns":9.0},{"damage":13.0,"enemies":"3 Byrds","floor":18.0,"turns":3.0},{"damage":21.0,"enemies":"2 Thieves","floor":20.0,"turns":3.0},{"damage":6,"enemies":"Sentry and Sphere","floor":24,"turns":4},{"damage":30,"enemies":"Snake Plant","floor":28,"turns":4},{"damage":29,"enemies":"Slavers","floor":29,"turns":1}],"seed_played":"3659262179386966946","potions_obtained":[{"floor":3.0,"key":"FocusPotion"},{"floor":4.0,"key":"GamblersBrew"},{"floor":18.0,"key":"FocusPotion"}],"is_trial":false,"path_per_floor":["M","?","M","M","M","E","R","?","T","R","?","R","M","?","R","B",null,"M","?","M","?","$","R","M","R","T","R","M","E"],"character_chosen":"DEFECT","items_purchased":["OrangePellets","Pantograph"],"campfire_rested":4,"item_purchase_floors":[22,22],"current_hp_per_floor":[57,57,57,55,48,23,23,12,12,33,6,27,22,22,22,16,57,44,44,23,23,23,44,38,38,38,59,29,0,0],"gold":69,"neow_bonus":"UPGRADE_CARD","is_daily":false,"chose_seed":false,"campfire_upgraded":3,"win_rate":0.0,"timestamp":1611576448,"path_taken":["M","?","M","M","M","E","R","?","T","R","?","R","M","?","R","BOSS","M","?","M","?","?","R","M","R","T","R","M","E"],"items_purchased_type":["Relic","Relic"],"build_version":"2020-12-22","purchased_purges":0,"victory":false,"max_hp_per_floor":[71,71,71,71,71,71,71,71,71,71,71,71,71,71,71,71,71,71,71,71,71,71,71,71,71,71,71,71,71,71],"relic_stats":{"Darkstone Periapt":0,"OrangePellets":[1],"Dream Catcher":1,"Happy Flower":[9],"counters":[13,49],"Pantograph":0,"obtain_stats":[{"Darkstone Periapt":6,"OrangePellets":22,"Dream Catcher":26,"Happy Flower":11,"Pantograph":22,"Cracked Core":0,"Nuclear Battery":17},{"Darkstone Periapt":5,"OrangePellets":10,"Dream Catcher":11,"Happy Flower":6,"Pantograph":10,"Cracked Core":0,"Nuclear Battery":8},{"Darkstone Periapt":15,"OrangePellets":40,"Dream Catcher":44,"Happy Flower":21,"Pantograph":40,"Cracked Core":0,"Nuclear Battery":34}]},"card_choices":[{"not_picked":["Self Repair","White Noise"],"picked":"Sweeping Beam","floor":1.0},{"not_picked":["Coolheaded","Chill"],"picked":"Streamline","floor":3.0},{"not_picked":["Stack","Melter"],"picked":"Gash","floor":4.0},{"not_picked":["Undo","Stack"],"picked":"Rebound","floor":5.0},{"not_picked":["Compile Driver","Loop"],"picked":"Glacier","floor":6.0},{"not_picked":["Blizzard","Cold Snap"],"picked":"Gash","floor":11.0},{"not_picked":["Storm","Steam"],"picked":"Gash","floor":13.0},{"not_picked":["Multi-Cast","Thunder Strike"],"picked":"Electrodynamics","floor":16.0},{"not_picked":["Reinforced Body","Lockon"],"picked":"Conserve Battery","floor":18.0},{"not_picked":["Conserve Battery","Glacier","Beam Cell"],"picked":"SKIP","floor":20.0},{"not_picked":["Beam Cell","Leap"],"picked":"Compile Driver","floor":24},{"not_picked":["Ball Lightning","Genetic Algorithm"],"picked":"Skim","floor":27},{"not_picked":["Doom and Gloom","Compile Driver"],"picked":"Turbo","floor":28}],"player_experience":1622038,"relics_obtained":[{"floor":6.0,"key":"Darkstone Periapt"},{"floor":11.0,"key":"Happy Flower"},{"floor":26,"key":"Dream Catcher"}],"event_choices":[{"cards_removed":["Strike_B"],"damage_healed":0.0,"max_hp_gain":0.0,"max_hp_loss":0.0,"gold_gain":0.0,"event_name":"The Cleric","player_choice":"Card Removal","floor":2.0,"gold_loss":75.0,"damage_taken":0.0},{"damage_healed":0.0,"max_hp_gain":0.0,"max_hp_loss":0.0,"gold_gain":75.0,"event_name":"World of Goop","player_choice":"Gather Gold","floor":8.0,"gold_loss":0.0,"damage_taken":11.0},{"damage_healed":0.0,"max_hp_gain":0.0,"max_hp_loss":0.0,"gold_gain":0.0,"event_name":"Dead Adventurer","player_choice":"Searched \u00271\u0027 times","floor":11.0,"gold_loss":0.0,"damage_taken":0.0},{"damage_healed":0.0,"max_hp_gain":0.0,"max_hp_loss":0.0,"gold_gain":0.0,"cards_transformed":["Strike_B"],"event_name":"Living Wall","player_choice":"Change","floor":14.0,"gold_loss":0.0,"damage_taken":0.0,"cards_obtained":["Machine Learning"]},{"damage_healed":0.0,"max_hp_gain":0.0,"max_hp_loss":0.0,"gold_gain":0.0,"cards_transformed":["Strike_B","Strike_B"],"event_name":"Drug Dealer","player_choice":"Became Test Subject","floor":19.0,"gold_loss":0.0,"damage_taken":0.0,"cards_obtained":["Beam Cell","Steam"]},{"damage_healed":0.0,"max_hp_gain":0.0,"max_hp_loss":0.0,"gold_gain":50.0,"event_name":"Nest","player_choice":"Stole From Cult","floor":21.0,"gold_loss":0.0,"damage_taken":0.0}],"is_beta":false,"boss_relics":[{"not_picked":["SlaversCollar","Coffee Dripper"],"picked":"Nuclear Battery"}],"items_purged_floors":[],"is_endless":false,"potions_floor_spawned":[3,4,16,18],"killed_by":"Slavers","ascension_level":20}}