{"host":"2ica2wc1gg7guzbw","time":1611603105,"event":{"mods":["BaseMod","Colored Map","Minty Spire (QoL Compilation)","Replay The Spire","Shop Mod","StSLib"],"gold_per_floor":[119,119,137,150,99,133,133,165,165,182,182,41,55,86,86,161,161,76,89,39,39,39],"floor_reached":21,"language":"RUS","playtime":698,"items_purged":["Doubt"],"score":398,"play_id":"d0ad9504-a5e8-4777-8be1-b2f0f1792104","local_time":"20210125233145","is_ascension_mode":true,"campfire_choices":[{"floor":7.0,"key":"REST"},{"floor":15.0,"key":"REST"}],"circlet_count":0,"master_deck":["AscendersBane","Strike_B","Strike_B","Strike_B","Strike_B","Defend_B","Defend_B","Defend_B","Defend_B","Zap","Dualcast","Rebound","Sunder+1","ReplayTheSpireMod:Calculation Training","Streamline","Hologram","Ball Lightning","Chill","FIFO Queue","ReplayTheSpireMod:Calculation Training","Electrodynamics","Leap","Steam Power"],"relics":["Cracked Core","Replay:Kaleidoscope","Strawberry","Gremlin Horn","Anchor","Replay:Wax Seal","StrikeDummy","SlaversCollar"],"acts_visited":["Exordium","TheCity"],"potions_floor_usage":[18],"damage_taken":[{"damage":0.0,"enemies":"Small Slimes","floor":1.0,"turns":3.0},{"damage":1.0,"enemies":"Cultist","floor":3.0,"turns":3.0},{"damage":2.0,"enemies":"Jaw Worm","floor":4.0,"turns":3.0},{"damage":35.0,"enemies":"3 Sentries","floor":6.0,"turns":8.0},{"damage":37.0,"enemies":"Lagavulin","floor":8.0,"turns":7.0},{"damage":8.0,"enemies":"Exordium Thugs","floor":10.0,"turns":4.0},{"damage":0.0,"enemies":"3 Louse","floor":13.0,"turns":2.0},{"damage":11.0,"enemies":"Gremlin Nob","floor":14.0,"turns":3.0},{"damage":14.0,"enemies":"Slime Boss","floor":16.0,"turns":8.0},{"damage":22,"enemies":"3 Byrds","floor":18,"turns":5},{"damage":18,"enemies":"Spheric Guardian","floor":19,"turns":5},{"damage":8,"enemies":"Snecko","floor":21,"turns":3}],"seed_played":"3176380599424702804","potions_obtained":[{"floor":2.0,"key":"Fruit Juice"},{"floor":2.0,"key":"Fire Potion"},{"floor":3.0,"key":"Adrenaline Potion"},{"floor":10.0,"key":"LiquidMemories"},{"floor":14.0,"key":"LiquidMemories"},{"floor":18,"key":"SteroidPotion"}],"is_trial":false,"path_per_floor":["M","?","M","M","$","E","R","E","T","M","?","$","M","E","R","B",null,"M","M","?","M"],"character_chosen":"DEFECT","items_purchased":["Streamline","Replay:Wax Seal","FIFO Queue"],"campfire_rested":2,"item_purchase_floors":[5,12,12],"current_hp_per_floor":[64,69,68,66,66,38,62,25,25,17,17,17,17,6,30,16,66,44,26,26,18,18],"gold":39,"neow_bonus":"ONE_RARE_RELIC","is_daily":false,"chose_seed":false,"campfire_upgraded":0,"win_rate":0.0,"timestamp":1611603105,"path_taken":["M","?","M","M","$","E","R","E","T","?","?","?","M","E","R","BOSS","M","M","?","?"],"items_purchased_type":["Card","Relic","Card"],"build_version":"2020-12-22","purchased_purges":1,"victory":false,"max_hp_per_floor":[71,76,76,76,76,83,83,83,83,83,83,83,83,83,83,83,83,83,83,83,83,83],"card_choices":[{"not_picked":["ReplaySort","Genetic Algorithm"],"picked":"Rebound","floor":1.0},{"not_picked":["Storm","Coolheaded"],"picked":"Sunder","floor":3.0},{"not_picked":["Panic Button","Ball Lightning"],"picked":"ReplayTheSpireMod:Calculation Training","floor":4.0},{"not_picked":["Thunder Strike","Glacier"],"picked":"Hologram","floor":6.0},{"not_picked":["Cold Snap","Streamline"],"picked":"Ball Lightning","floor":8.0},{"not_picked":["Ball Lightning","Time Bomb"],"picked":"Chill","floor":10.0},{"not_picked":["Skim","Ball Lightning","Consume"],"picked":"SKIP","floor":13.0},{"not_picked":["Ball Lightning","Conserve Battery"],"picked":"ReplayTheSpireMod:Calculation Training","floor":14.0},{"not_picked":["Core Surge","ReplayTheSpireMod:Omega Cannon"],"picked":"Electrodynamics","floor":16.0},{"not_picked":["Blizzard","Darkness"],"picked":"Leap","floor":18},{"not_picked":["Steam","Heatsinks"],"picked":"Steam Power","floor":19}],"player_experience":933328,"relics_obtained":[{"floor":6.0,"key":"Strawberry"},{"floor":8.0,"key":"Gremlin Horn"},{"floor":9.0,"key":"Anchor"},{"floor":14.0,"key":"StrikeDummy"}],"event_choices":[{"damage_healed":0.0,"max_hp_gain":0.0,"max_hp_loss":0.0,"gold_gain":0.0,"event_name":"Lab","player_choice":"Got Potions","floor":2.0,"gold_loss":0.0,"damage_taken":0.0},{"damage_healed":0.0,"max_hp_gain":0.0,"max_hp_loss":0.0,"gold_gain":0.0,"event_name":"Living Wall","player_choice":"Grow","floor":11.0,"gold_loss":0.0,"damage_taken":0.0,"cards_upgraded":["Sunder"]},{"damage_healed":0,"gold_gain":0,"player_choice":"Bet on Murderer","damage_taken":0,"max_hp_gain":0,"max_hp_loss":0,"event_name":"The Joust","floor":20,"gold_loss":50}],"is_beta":false,"boss_relics":[{"not_picked":["SacredBark","Abe\u0027s Treasure"],"picked":"SlaversCollar"}],"items_purged_floors":[12],"is_endless":false,"potions_floor_spawned":[3,6,10,13,14,18],"killed_by":"Snecko","ascension_level":20}}