{"host":"8is2j71l4wmybkoi","time":1611584366,"event":{"mods":["AchievementEnabler","BaseMod","Colored Map","Minty Spire (QoL Compilation)","Rare Cards Sparkle","StSLib","SuperFastMode"],"gold_per_floor":[209,19,19,36,51,51,84,96,159,203,230,7,38,38,38,114,114,134,148,171,371,389,389,406,406,430,430,448,465,495,511,511,511,511],"floor_reached":33,"language":"KOR","playtime":1200,"items_purged":["Decay"],"score":560,"play_id":"ada07f6b-430b-49c5-a194-eb4b59d18ea8","local_time":"20210125231926","is_ascension_mode":true,"campfire_choices":[{"data":"Zap","floor":6.0,"key":"SMITH"},{"floor":8.0,"key":"REST"},{"data":"Fission","floor":15.0,"key":"SMITH"},{"data":"Biased Cognition","floor":23,"key":"SMITH"},{"data":"Rainbow","floor":25,"key":"SMITH"},{"data":"Hologram","floor":27,"key":"SMITH"},{"data":"Loop","floor":32,"key":"SMITH"}],"circlet_count":0,"master_deck":["AscendersBane","Strike_B","Strike_B","Strike_B","Strike_B","Defend_B","Defend_B","Defend_B","Defend_B","Zap+1","Dualcast","Steam","Sweeping Beam","Conserve Battery","Cold Snap","Rainbow+1","Fission+1","Biased Cognition+1","White Noise+1","Compile Driver","Hologram+1","Stack+1","Loop+1"],"relics":["Cracked Core","PreservedInsect","MawBank","Oddly Smooth Stone","Anchor","Lee\u0027s Waffle","Centennial Puzzle","Blood Vial","Coffee Dripper","DataDisk","Bag of Marbles","Pocketwatch"],"acts_visited":["Exordium","TheCity"],"potions_floor_usage":[16,18,19,31,33],"damage_taken":[{"damage":2.0,"enemies":"Cultist","floor":1.0,"turns":4.0},{"damage":0.0,"enemies":"2 Louse","floor":4.0,"turns":3.0},{"damage":2.0,"enemies":"Small Slimes","floor":5.0,"turns":2.0},{"damage":25.0,"enemies":"Lagavulin","floor":7.0,"turns":6.0},{"damage":12.0,"enemies":"3 Sentries","floor":10.0,"turns":4.0},{"damage":6.0,"enemies":"Red Slaver","floor":11.0,"turns":4.0},{"damage":3.0,"enemies":"Lagavulin","floor":13.0,"turns":6.0},{"damage":66,"enemies":"The Guardian","floor":16,"turns":16},{"damage":4,"enemies":"3 Byrds","floor":18,"turns":4},{"damage":10,"enemies":"2 Thieves","floor":19,"turns":4},{"damage":7,"enemies":"Snecko","floor":22,"turns":4},{"damage":1,"enemies":"Centurion and Healer","floor":24,"turns":9},{"damage":0,"enemies":"Shelled Parasite and Fungi","floor":28,"turns":4},{"damage":0,"enemies":"Snake Plant","floor":29,"turns":3},{"damage":33,"enemies":"Gremlin Leader","floor":30,"turns":6},{"damage":0,"enemies":"3 Cultists","floor":31,"turns":3},{"damage":38,"enemies":"Collector","floor":33,"turns":8}],"seed_played":"189122894503610427","potions_obtained":[{"floor":4.0,"key":"Explosive Potion"},{"floor":7.0,"key":"Strength Potion"},{"floor":10.0,"key":"Strength Potion"},{"floor":16,"key":"Weak Potion"},{"floor":18,"key":"Energy Potion"},{"floor":28,"key":"SpeedPotion"},{"floor":30,"key":"Explosive Potion"}],"is_trial":false,"path_per_floor":["M","$","?","M","M","R","E","R","T","E","M","$","E","?","R","B",null,"M","M","T","?","M","R","M","R","T","R","M","M","E","M","R","B"],"character_chosen":"DEFECT","items_purchased":["Sweeping Beam","PreservedInsect","Lee\u0027s Waffle"],"campfire_rested":1,"item_purchase_floors":[2,2,12],"current_hp_per_floor":[62,62,62,62,60,60,35,56,56,44,38,78,75,75,75,11,61,59,51,51,51,46,46,47,47,47,47,49,51,20,22,22,0,0],"gold":511,"neow_bonus":"HUNDRED_GOLD","is_daily":false,"chose_seed":false,"campfire_upgraded":6,"win_rate":0.0,"timestamp":1611584366,"path_taken":["M","$","?","?","M","R","E","R","T","E","M","$","E","?","R","BOSS","M","M","?","?","M","R","M","R","T","R","M","M","E","M","R","BOSS"],"items_purchased_type":["Card","Relic","Relic"],"build_version":"2020-12-22","purchased_purges":1,"victory":false,"max_hp_per_floor":[71,71,71,71,71,71,71,71,71,71,71,78,78,78,78,78,78,78,78,78,78,78,78,78,78,78,78,78,78,78,78,78,78,78],"card_choices":[{"not_picked":["Hologram","Go for the Eyes"],"picked":"Steam","floor":1.0},{"not_picked":["Redo","Rebound"],"picked":"Conserve Battery","floor":4.0},{"not_picked":["Gash","Barrage"],"picked":"Doom and Gloom","floor":5.0},{"not_picked":["Sweeping Beam","Darkness"],"picked":"Cold Snap","floor":7.0},{"not_picked":["Conserve Battery","Stack","Turbo"],"picked":"SKIP","floor":10.0},{"not_picked":["Darkness","Steam"],"picked":"Rainbow","floor":11.0},{"not_picked":["Defragment","Consume"],"picked":"Fission","floor":13.0},{"not_picked":["Multi-Cast","Reboot"],"picked":"Biased Cognition","floor":16},{"not_picked":["Stack","Barrage"],"picked":"White Noise+1","floor":18},{"not_picked":["Redo","Sunder"],"picked":"Compile Driver","floor":19},{"not_picked":["Fusion","Cold Snap"],"picked":"Hologram","floor":22},{"not_picked":["Sweeping Beam","Redo","Compile Driver+1"],"picked":"SKIP","floor":24},{"not_picked":["Rebound","Beam Cell"],"picked":"Stack+1","floor":28},{"not_picked":["Go for the Eyes","Darkness"],"picked":"Loop","floor":29},{"not_picked":["Consume","Beam Cell","Barrage+1"],"picked":"SKIP","floor":30},{"not_picked":["Sunder","Undo","Reprogram"],"picked":"SKIP","floor":31}],"player_experience":796479,"relics_obtained":[{"floor":7.0,"key":"MawBank"},{"floor":9.0,"key":"Oddly Smooth Stone"},{"floor":10.0,"key":"Anchor"},{"floor":13.0,"key":"Centennial Puzzle"},{"floor":20,"key":"DataDisk"},{"floor":26,"key":"Bag of Marbles"},{"floor":30,"key":"Pocketwatch"}],"event_choices":[{"damage_healed":0.0,"max_hp_gain":0.0,"max_hp_loss":0.0,"gold_gain":0.0,"event_name":"Wheel of Change","player_choice":"Cursed","floor":3.0,"gold_loss":0.0,"damage_taken":0.0,"cards_obtained":["Decay"]},{"cards_removed":["Doom and Gloom"],"damage_healed":0.0,"max_hp_gain":0.0,"max_hp_loss":0.0,"gold_gain":0.0,"event_name":"WeMeetAgain","player_choice":"Gave Card","floor":14.0,"gold_loss":0.0,"damage_taken":0.0,"relics_obtained":["Blood Vial"]},{"damage_healed":0,"gold_gain":200,"player_choice":"Gold","damage_taken":0,"max_hp_gain":0,"max_hp_loss":0,"event_name":"Wheel of Change","floor":21,"gold_loss":0}],"is_beta":false,"boss_relics":[{"not_picked":["Runic Pyramid","FrozenCore"],"picked":"Coffee Dripper"}],"items_purged_floors":[12],"is_endless":false,"potions_floor_spawned":[4,7,10,16,18,28,30],"killed_by":"Collector","ascension_level":19}}