{"host":"uv5ws9rdk87e8i5k","time":1611589516,"event":{"mods":["AchievementEnabler","BaseMod","Colored Map","Minty Spire (QoL Compilation)","StSLib","SuperFastMode","The Necromancer"],"gold_per_floor":[115,130,149,161,93,125,145,174,186,198,223,253,292,323,335,448,460,484,507,529,67,67,67,67],"floor_reached":23,"language":"ENG","playtime":2578,"items_purged":["Strike_W"],"score":327,"play_id":"648e378c-0ca5-43ec-93b9-205603217617","local_time":"20210125094516","is_ascension_mode":true,"campfire_choices":[{"data":"Vampiric_Strike","floor":10.0,"key":"SMITH"},{"data":"Summon_Vampire_Lady","floor":15.0,"key":"SMITH"}],"circlet_count":0,"master_deck":["Strike_W","Strike_W","Strike_W","Defend_W","Defend_W","Defend_W","Defend_W","Negative_Energy_Arrows","Bone_Wall","Spectral_Armor","Vampiric_Strike+1","Negative_Energy_Sphere","Spectral_Armor","Negative_Energy_Burst","Vampiric_Strike","Blood_Whip","Blood_Whip","Summon_Vampire_Lady+1","Finger_Of_Death+1","Summon_Lich"],"relics":["Vampire_Amulet","Bottled Lightning","MawBank","Bird Faced Urn","Blue Candle","Runic Dome","Meat on the Bone","Enchiridion"],"acts_visited":["Exordium","TheCity"],"potions_floor_usage":[23],"damage_taken":[{"damage":6.0,"enemies":"Cultist","floor":1.0,"turns":4.0},{"damage":1.0,"enemies":"Small Slimes","floor":2.0,"turns":5.0},{"damage":2.0,"enemies":"Jaw Worm","floor":3.0,"turns":6.0},{"damage":7.0,"enemies":"Exordium Thugs","floor":4.0,"turns":5.0},{"damage":26.0,"enemies":"Gremlin Nob","floor":6.0,"turns":5.0},{"damage":1.0,"enemies":"Exordium Wildlife","floor":7.0,"turns":6.0},{"damage":0.0,"enemies":"3 Sentries","floor":8.0,"turns":7.0},{"damage":0.0,"enemies":"Looter","floor":11.0,"turns":4.0},{"damage":2.0,"enemies":"Large Slime","floor":12.0,"turns":6.0},{"damage":29.0,"enemies":"Lagavulin","floor":13.0,"turns":6.0},{"damage":9.0,"enemies":"Gremlin Gang","floor":14.0,"turns":4.0},{"damage":41.0,"enemies":"Slime Boss","floor":16.0,"turns":9.0},{"damage":38.0,"enemies":"2 Thieves","floor":18.0,"turns":4.0},{"damage":4.0,"enemies":"Spheric Guardian","floor":19.0,"turns":3.0},{"damage":42.0,"enemies":"Snecko","floor":20.0,"turns":6.0},{"damage":37,"enemies":"Book of Stabbing","floor":23,"turns":5}],"seed_played":"-5761016150479717271","potions_obtained":[{"floor":1.0,"key":"SkillPotion"},{"floor":2.0,"key":"Ancient Potion"},{"floor":6.0,"key":"EssenceOfSteel"},{"floor":14.0,"key":"Dexterity Potion"},{"floor":16.0,"key":"GamblersBrew"},{"floor":19.0,"key":"BlessingOfTheForge"}],"is_trial":false,"path_per_floor":["M","M","M","M","$","E","M","E","T","R","M","M","E","M","R","B",null,"M","M","M","$","?","E"],"character_chosen":"NECROMANCER","items_purchased":["Negative_Energy_Burst","Summon_Lich","Meat on the Bone","DistilledChaos"],"campfire_rested":0,"item_purchase_floors":[5,21,21,21],"current_hp_per_floor":[71,74,77,76,76,54,59,67,67,67,74,82,57,59,59,59,76,54,52,31,31,15,0,0],"gold":67,"neow_bonus":"TEN_PERCENT_HP_BONUS","is_daily":false,"chose_seed":false,"campfire_upgraded":2,"win_rate":0.0,"timestamp":1611589516,"path_taken":["M","M","M","?","$","E","M","E","T","R","M","M","E","M","R","BOSS","M","M","M","$","?","E"],"items_purchased_type":["Card","Card","Relic","Potion"],"build_version":"2020-12-22","purchased_purges":1,"victory":false,"max_hp_per_floor":[82,82,82,82,82,82,82,82,82,82,82,82,82,82,82,82,82,82,82,82,82,82,82,82],"card_choices":[{"not_picked":["Pandemic","Stop_Heart"],"picked":"Spectral_Armor","floor":1.0},{"not_picked":["Negative_Energy_Mist","Blood_Curse"],"picked":"Vampiric_Strike","floor":2.0},{"not_picked":["Slay_Living","Acid_Javelin"],"picked":"Negative_Energy_Sphere","floor":3.0},{"not_picked":["Bone_Shift","Negative_Energy_Javelin"],"picked":"Spectral_Armor","floor":4.0},{"not_picked":["Death_March_Dance","Requiem","Toxic_Smoke_Screen"],"picked":"SKIP","floor":6.0},{"not_picked":["Negative_Energy_Shield","Death_March_Dance","Death_Knell"],"picked":"SKIP","floor":7.0},{"not_picked":["Deaths_Shadow","Negative_Energy_Shield"],"picked":"Vampiric_Strike","floor":8.0},{"not_picked":["Life_Drain","Bone_Bullets"],"picked":"Blood_Whip","floor":11.0},{"not_picked":["Bones_to_Steel","Slay_Living"],"picked":"Blood_Whip","floor":12.0},{"not_picked":["Life_Drain","Bone_Bullets"],"picked":"Summon_Vampire_Lady","floor":13.0},{"not_picked":["Blood_Curse","Death_Coil","Death_March_Dance"],"picked":"SKIP","floor":14.0},{"not_picked":["Bone_Shift","Negative_Energy_Sphere"],"picked":"Finger_Of_Death+1","floor":18.0},{"not_picked":["Consume_Illness","Vampiric_Strike","Strike_from_Beyond"],"picked":"SKIP","floor":19.0},{"not_picked":["Bone_Shift","Death_Coil","Deaths_Shadow"],"picked":"SKIP","floor":20.0}],"player_experience":269512,"relics_obtained":[{"floor":6.0,"key":"Bottled Lightning"},{"floor":8.0,"key":"MawBank"},{"floor":9.0,"key":"Bird Faced Urn"},{"floor":13.0,"key":"Blue Candle"},{"floor":22.0,"key":"Enchiridion"}],"event_choices":[{"damage_healed":0.0,"max_hp_gain":0.0,"max_hp_loss":0.0,"gold_gain":0.0,"event_name":"Cursed Tome","player_choice":"Obtained Book","floor":22.0,"gold_loss":0.0,"damage_taken":16.0}],"is_beta":false,"boss_relics":[{"not_picked":["Coffee Dripper","Ectoplasm"],"picked":"Runic Dome"}],"items_purged_floors":[21],"is_endless":false,"potions_floor_spawned":[1,2,6,14,16,19,20],"killed_by":"Book of Stabbing","ascension_level":7}}