{"host":"dd2mx3pm3ovi0t1n","time":1611568154,"event":{"mods":["2.2 Compatiblity","AchievementEnabler","AlwaysNeverKeys","Aspiration","BaseMod","Beaked The Cultist","Better Altar","Better Match","Better Note","Better Sensory Stone","Better Skull","Better Third Choice","BetterRewards","Colored Map","Colored Powertips","Conspire","Defuse TimeMaze Blight","Displayed Cursed Tome","Downfall","Energized Spire","Friendly Minions","GifTheSpireLib","Gold Saver","Halation","Hermit","Highlight Path","Hubris","Infinite Spire","Jedi Mod","Marked Mod","Minty Spire (QoL Compilation)","Permanent Neow","Poor People Problems","Quick Restart","Reliquary","Replay The Spire","Shop Mod","Spicy Shops","Spikes Relics","StSLib","Stuff the Spire","TestMod","The Construct","TheFirefly","Uncapped","Wandering Minibosses","????"],"gold_per_floor":[426,426,446,396,416,451,464,464,490,490,501,50,63,63,63,63,63],"floor_reached":16,"language":"ENG","playtime":785,"items_purged":[],"score":102,"play_id":"8842c4e2-7aee-4fd4-b191-abb77a6037be","local_time":"20210125014914","is_ascension_mode":false,"campfire_choices":[{"data":"thefirefly:Rend","floor":8.0,"key":"SMITH"},{"floor":10.0,"key":"REST"},{"data":"thefirefly:PhotonBlast","floor":15.0,"key":"SMITH"}],"circlet_count":0,"master_deck":["thefirefly:Strike","thefirefly:Strike","thefirefly:Strike","thefirefly:Defend","thefirefly:Defend","thefirefly:Defend","thefirefly:StealthMode","thefirefly:PhotonBlast+1","thefirefly:Rend+1","thefirefly:ParadoxEngine","thefirefly:Distort","thefirefly:QuantumTunneling+1","thefirefly:SteadyAim+1","thefirefly:Quine+1","Trip+1","thefirefly:LifeSupport+1"],"relics":["thefirefly:StealthSystem","testmod-TestBox","testmod-BouquetWithThorns","aspiration:Nostalgia","m_BronzeBlood","Toxic Egg 2","aspiration:EmptySkull","hubris:Potato","StuffTheSpire:BottledEssence","hubris:Icosahedron"],"acts_visited":["Exordium"],"potions_floor_usage":[16,16],"damage_taken":[{"damage":13.0,"enemies":"conspire:RoseBush","floor":1.0,"turns":4.0},{"damage":12.0,"enemies":"Cultist","floor":3.0,"turns":4.0},{"damage":5.0,"enemies":"2 Louse","floor":5.0,"turns":2.0},{"damage":15.0,"enemies":"Gremlin Nob","floor":6.0,"turns":4.0},{"damage":13.0,"enemies":"2 Fungi Beasts","floor":7.0,"turns":3.0},{"damage":16.0,"enemies":"Large Slime","floor":11.0,"turns":4.0},{"damage":0.0,"enemies":"Blue Slaver","floor":13.0,"turns":5.0},{"damage":29,"enemies":"Slime Boss","floor":16,"turns":3}],"seed_played":"6796428161760393478","potions_obtained":[{"floor":5.0,"key":"ColorlessPotion"},{"floor":6.0,"key":"DistilledChaos"},{"floor":11.0,"key":"Energy Potion"}],"is_trial":false,"path_per_floor":["M","?","M","?","M","E","M","R","T","R","M","$","M","?","R","B"],"character_chosen":"THE_FIREFLY","items_purchased":["hubris:Potato","StuffTheSpire:BottledEssence","Trip+1"],"campfire_rested":1,"item_purchase_floors":[12,12,12],"current_hp_per_floor":[48,48,31,31,32,23,15,15,15,31,21,21,7,7,7,0,0],"gold":63,"neow_bonus":"NOSTALGIA","is_daily":false,"chose_seed":false,"campfire_upgraded":2,"win_rate":0.0,"timestamp":1611568154,"path_taken":["M","?","?","?","M","E","M","R","T","R","M","$","M","?","R","BOSS"],"items_purchased_type":["Relic","Relic","Card"],"build_version":"2020-12-22","purchased_purges":0,"victory":false,"max_hp_per_floor":[55,55,55,55,55,55,55,55,55,55,55,55,55,55,55,40,40],"card_choices":[{"not_picked":["thefirefly:ErraticMotions","thefirefly:EvasiveManeuver"],"picked":"thefirefly:Rend","floor":1.0},{"not_picked":["thefirefly:InterceptingShot","Shrug It Off","Reckless Charge"],"picked":"SKIP","floor":3.0},{"not_picked":["thefirefly:Flight","Wild Strike"],"picked":"thefirefly:Distort","floor":5.0},{"not_picked":["thefirefly:InterceptingShot","Wild Strike"],"picked":"thefirefly:QuantumTunneling+1","floor":6.0},{"not_picked":["bronze:BuggyMess+1","thefirefly:Pacify+1"],"picked":"thefirefly:SteadyAim+1","floor":7.0},{"not_picked":["thefirefly:RecollectionSubroutine","thefirefly:PhantomStrike+1"],"picked":"thefirefly:Quine+1","floor":11.0},{"not_picked":["thefirefly:Preload+1","thefirefly:StoredPower+1"],"picked":"thefirefly:LifeSupport+1","floor":13.0}],"player_experience":465337,"relics_obtained":[{"floor":6.0,"key":"Toxic Egg 2"},{"floor":9.0,"key":"aspiration:EmptySkull"}],"event_choices":[{"damage_healed":0.0,"max_hp_gain":0.0,"max_hp_loss":0.0,"gold_gain":0.0,"cards_transformed":["thefirefly:Defend"],"event_name":"Transmorgrifier","player_choice":"Transformed","floor":2.0,"gold_loss":0.0,"damage_taken":0.0,"cards_obtained":["thefirefly:ParadoxEngine"]},{"cards_removed":["thefirefly:Strike"],"damage_healed":0.0,"max_hp_gain":0.0,"max_hp_loss":0.0,"gold_gain":0.0,"event_name":"The Cleric","player_choice":"Card Removal","floor":4.0,"gold_loss":50.0,"damage_taken":0.0}],"is_beta":false,"boss_relics":[],"items_purged_floors":[],"is_endless":false,"potions_floor_spawned":[5,6,11,13],"killed_by":"Slime Boss","ascension_level":0}}