{"host":"9xv6exvwmlpefxuw","time":1611587630,"event":{"mods":["ATMod(阿瑾Mod)","AchievementEnabler","Act Like it!","Aspiration","BaseMod","Chen","Colored Powertips","Conspire","Downfall","Friendly Minions","Gensokyo","GifTheSpireLib","KinomotoSakuraMod(木之本樱)","Koishi","KomeijiMod","Lobotomy","LobotomyExtend","Marisa（F雨　魔理沙）","Minty Spire (QoL Compilation)","MostiFishMod","Pale of the Ancients","Rare Cards Sparkle","Reimu（博丽灵梦）","Remilia_Scarlet Moed（蕾米莉亚・斯卡雷特）3.3.5","Remilia（蕾米莉亚）","RumiaBox-露米娅的神秘盒子","StSLib","The Administrix","The Mystic","The Servant 0.9.4","WarShipGirlsR/战舰少女R mod","Yakumo Yukari mod","Youmu（魂魄妖梦）","Yuyuko","[IsaacMod]以撒尖塔","[功能]功能增强和修复MOD","【功能Mod】混沌之环修复补丁","【功能Mod】聪明的最终Boss","【遗物卡牌】REMEMod"],"gold_per_floor":[-1281,-1267,-1249,-1249,-1230,-1230,-1194,-1174,-1174,-1133,18,58,73,86,86,217,217,242,260,171,171,189,232,245,286,309,328,281,299,323,354,354,479,479,492,431,445,368,389,429,429,467,491,515,515,559,575,606,606,606,606,625,625,602,602,621,621,518,518,518],"floor_reached":61,"language":"ZHS","playtime":2939,"items_purged":["Strike_G","Strike_G","Strike_G","Strike_G","Strike_G","Neutralize","All Out Attack","Dagger Spray+1","Dagger Spray+1"],"score":1890,"play_id":"dbeda710-2de9-43a8-a15c-e801117c0542","local_time":"20210125231350","is_ascension_mode":true,"campfire_choices":[{"floor":6,"key":"REST"},{"data":"Slice","floor":15,"key":"SMITH"},{"data":"Dagger Spray","floor":32,"key":"SMITH"},{"data":"Cloak And Dagger","floor":41,"key":"SMITH"},{"data":"Outmaneuver","floor":45,"key":"SMITH"},{"data":"Deflect","floor":49,"key":"SMITH"},{"data":"Violence","floor":55,"key":"SMITH"},{"data":"Survivor","floor":57,"key":"SMITH"}],"circlet_count":0,"master_deck":["Defend_G","Defend_G","Defend_G","Defend_G","Defend_G","Survivor+1","Slice+1","Flying Knee","Outmaneuver+1","MostiFishMod:WinterMarkForm+1","CurseOfTheBell","Deflect+1","Skewer","Cloak And Dagger+1","Violence+1","MostiFishMod:PerfectParry","Escape Plan+1","Deflect+1","MostiFishMod:InvigoratingSolution+1","CurseOfTheBell"],"relics":["Ring of the Snake","AT_ATBox","HushsDoor","REME_ComplimentaryCards","DaveBox","SynthV:MejaisSoulstealer","SteamSale","Peace Pipe","SynthV:TestCard","Golden Idol","AT_EbonyIvory","PlanX","Calling Bell","Regal Pillow","aspiration:AnachronicSnailShell","conspire:BottledYoYo","Boot","TungstenRod","BFFS","Orichalcum","Matryoshka","PreservedInsect","Pen Nib","AT_SeraphEmbrace","AT_PhaseBoots","Technique","Ninja Scroll","Empty Cage","Happy Flower","Ginger","Strange Spoon","ThornShield","AT_GoldPhoenixTree","Letter Opener","AT_GuinsooRageblade","HowToJump","Bag of Marbles","AT_TimeSand","CrazyTorch:ReiMu","paleoftheancients:Timepiece","paleoftheancients:KeyRelic","CultistMask","paleoftheancients:SoulOfTheShapes","Strawberry","AT_ChloranthyRing","MetatronsCube"],"acts_visited":["Exordium","TheCity","TheBeyond","paleoftheancients:PaleOfTheAncients"],"potions_floor_usage":[50],"damage_taken":[{"damage":9,"enemies":"Small Slimes","floor":1,"turns":3},{"damage":0,"enemies":"Jaw Worm","floor":2,"turns":3},{"damage":0,"enemies":"Cultist","floor":3,"turns":3},{"damage":0,"enemies":"3 Louse","floor":5,"turns":2},{"damage":0,"enemies":"Gremlin Nob","floor":7,"turns":3},{"damage":0,"enemies":"2 Fungi Beasts","floor":8,"turns":2},{"damage":7,"enemies":"Lagavulin","floor":10,"turns":4},{"damage":0,"enemies":"Looter","floor":11,"turns":2},{"damage":9,"enemies":"3 Sentries","floor":12,"turns":3},{"damage":0,"enemies":"Blue Slaver","floor":13,"turns":1},{"damage":0,"enemies":"Red Slaver","floor":14,"turns":2},{"damage":18,"enemies":"Hexaghost","floor":16,"turns":7},{"damage":12,"enemies":"2 Thieves","floor":18,"turns":2},{"damage":7,"enemies":"Shell Parasite","floor":19,"turns":3},{"damage":0,"enemies":"3 Cultists","floor":22,"turns":3},{"damage":7,"enemies":"Book of Stabbing","floor":23,"turns":5},{"damage":4,"enemies":"Shelled Parasite and Fungi","floor":24,"turns":3},{"damage":0,"enemies":"conspire:Head Lice","floor":25,"turns":3},{"damage":1,"enemies":"Snake Plant","floor":27,"turns":2},{"damage":0,"enemies":"Centurion and Healer","floor":29,"turns":5},{"damage":0,"enemies":"Snecko","floor":30,"turns":3},{"damage":0,"enemies":"Slavers","floor":31,"turns":6},{"damage":0,"enemies":"conspire:MysteriousRune","floor":33,"turns":4},{"damage":0,"enemies":"3 Darklings","floor":35,"turns":3},{"damage":0,"enemies":"Orb Walker","floor":37,"turns":3},{"damage":0,"enemies":"Jaw Worm Horde","floor":39,"turns":4},{"damage":0,"enemies":"Giant Head","floor":40,"turns":6},{"damage":0,"enemies":"Reptomancer","floor":42,"turns":3},{"damage":0,"enemies":"4 Shapes","floor":44,"turns":2},{"damage":0,"enemies":"Giant Head","floor":46,"turns":3},{"damage":0,"enemies":"Writhing Mass","floor":47,"turns":3},{"damage":0,"enemies":"Reptomancer","floor":48,"turns":1},{"damage":29,"enemies":"Donu and Deca","floor":50,"turns":12},{"damage":44,"enemies":"Donu and Deca","floor":51,"turns":12},{"damage":0,"enemies":"Donu and Deca","floor":52,"turns":3},{"damage":0,"enemies":"Donu and Deca","floor":56,"turns":5},{"damage":0,"enemies":"paleoftheancients:N","floor":60,"turns":4}],"seed_played":"2866113761436536827","potions_obtained":[{"floor":1,"key":"Slimebound:ThreeZeroPotion"},{"floor":8,"key":"BlessingOfTheForge"},{"floor":37,"key":"BlessingOfTheForge"}],"is_trial":false,"path_per_floor":["M","M","M","?","M","R","E","M","T","E","M","E","M","M","R","B",null,"M","M","$","?","M","E","M","E","T","M","$","M","M","E","R","B",null,"M","$","M","$","M","E","R","E","T","M","R","E","M","E","R","B","M","M","?","$","R","M","R","$","?","B",null],"character_chosen":"THE_SILENT","items_purchased":["Boot","TungstenRod","BFFS","Slice","AT_ArchangelStaff","AT_SpeedBoots","Technique","Happy Flower","Ginger","Strange Spoon","ThornShield","AT_GoldPhoenixTree","Violence","Strawberry","AT_ChloranthyRing","MetatronsCube"],"campfire_rested":1,"item_purchase_floors":[20,20,20,20,28,28,28,36,36,36,38,38,38,54,58,58],"current_hp_per_floor":[61,61,61,44,44,65,65,65,65,58,58,49,49,49,49,31,70,58,51,51,51,51,44,40,40,40,39,39,39,39,39,39,39,70,70,70,70,70,70,70,70,70,70,70,70,70,70,70,70,70,48,59,59,66,66,72,72,72,72,75],"gold":518,"neow_bonus":"ONE_RARE_RELIC","is_daily":false,"chose_seed":false,"campfire_upgraded":7,"win_rate":0.0,"timestamp":1611587630,"path_taken":["M","M","M","?","M","R","E","M","T","E","M","E","M","M","R","BOSS","M","M","$","?","M","E","M","E","T","M","$","M","?","E","R","BOSS","M","$","M","$","M","E","R","E","T","M","R","E","M","E","R","BOSS","M","M","?","$","R","M","R","$","?","BOSS"],"items_purchased_type":["Relic","Relic","Relic","Card","Relic","Relic","Relic","Relic","Relic","Relic","Relic","Relic","Card","Relic","Relic","Relic"],"build_version":"2020-12-22","purchased_purges":9,"victory":true,"max_hp_per_floor":[70,70,70,70,70,70,70,70,70,70,70,70,70,70,70,70,70,70,70,70,70,70,70,70,70,70,70,70,70,70,70,70,70,70,70,70,70,70,70,70,70,70,70,70,70,70,70,70,70,70,70,70,70,77,77,77,77,77,77,77],"card_choices":[{"not_picked":["Accuracy","Backflip"],"picked":"Bomb","floor":1},{"not_picked":["Endless Agony","Crippling Poison","Underhanded Strike","Caltrops","Deadly Poison"],"picked":"SKIP","floor":2},{"not_picked":["Underhanded Strike","Deadly Poison","Cloak And Dagger","AT_ArcaneSupremacy"],"picked":"All Out Attack","floor":3},{"not_picked":["Backflip","MostiFishMod:InvigoratingSolution","Bane","MostiFishMod:Neurotoxin"],"picked":"Slice","floor":5},{"not_picked":["Sucker Punch","AT_FocusSwordFire","Catalyst","Terror","Well Laid Plans"],"picked":"SKIP","floor":7},{"not_picked":["Quick Slash","AT_ThistleTea","conspire:PoisonWeapons","Flying Knee"],"picked":"Dagger Spray","floor":8},{"not_picked":["Adrenaline","Escape Plan","Dodge and Roll","AT_WindFlip"],"picked":"Flying Knee","floor":10},{"not_picked":["Acrobatics","conspire:DoublingDagger","AT_WindRun","Reflex"],"picked":"Outmaneuver","floor":11},{"not_picked":["Bomb","Predator","AT_FocusSwordFire","Bane","Heel Hook"],"picked":"SKIP","floor":12},{"not_picked":["Footwork","Bomb","Outmaneuver","Bane","Acrobatics"],"picked":"SKIP","floor":13},{"not_picked":["MostiFishMod:PoisonShield","Footwork","Dagger Throw","Quick Slash"],"picked":"Dagger Spray","floor":14},{"not_picked":["Night Terror","Envenom","MostiFishMod:FullyArmed","MostiFishMod:Opportunism"],"picked":"MostiFishMod:WinterMarkForm","floor":16},{"not_picked":["Acrobatics","Leg Sweep+1","Dagger Spray","conspire:DoublingDagger+1","Flying Knee"],"picked":"SKIP","floor":18},{"not_picked":["Noxious Fumes","MostiFishMod:Listen","Cloak And Dagger","Underhanded Strike"],"picked":"Deflect+1","floor":19},{"not_picked":["Expertise","Calculated Gamble+1","Underhanded Strike+1","All Out Attack+1","Sucker Punch+1"],"picked":"SKIP","floor":22},{"not_picked":["REME_ShadowStrike+1","AT_ArcaneSupremacy","Calculated Gamble","MostiFishMod:Neurotoxin"],"picked":"Skewer","floor":23},{"not_picked":["Dagger Throw+1","Deflect","MostiFishMod:PerfectParry","Flying Knee","Heel Hook"],"picked":"SKIP","floor":24},{"not_picked":["Dodge and Roll+1","Sucker Punch+1","Flying Knee","Underhanded Strike","All Out Attack"],"picked":"SKIP","floor":25},{"not_picked":["Prepared","Footwork","Infinite Blades","Terror","Deflect"],"picked":"SKIP","floor":27},{"not_picked":["PiercingWail+1","AT_ArcaneSupremacy","Doppelganger","Finisher+1"],"picked":"Prepared","floor":29},{"not_picked":["Leg Sweep","Deadly Poison","Dagger Spray","Bane+1","Flying Knee"],"picked":"SKIP","floor":30},{"not_picked":["Quick Slash","Bouncing Flask+1","Glass Knife","Flying Knee","Deadly Poison"],"picked":"SKIP","floor":31},{"not_picked":["Slice","Poisoned Stab","Underhanded Strike","Dodge and Roll"],"picked":"Cloak And Dagger","floor":35},{"not_picked":["Poisoned Stab","Flying Knee","AT_WindFlip+1","Eviscerate+1","Cloak And Dagger"],"picked":"SKIP","floor":37},{"not_picked":["Calculated Gamble+1","Prepared+1","MostiFishMod:FrostNova","Venomology"],"picked":"MostiFishMod:PerfectParry","floor":39},{"not_picked":["Blade Dance","Infinite Blades+1","Dodge and Roll","PiercingWail"],"picked":"Escape Plan+1","floor":40},{"not_picked":["Prepared+1","A Thousand Cuts","Tactician","Infinite Blades+1"],"picked":"Deflect","floor":42},{"not_picked":["Flying Knee","Calculated Gamble+1","Poisoned Stab","Outmaneuver","Infinite Blades"],"picked":"SKIP","floor":44},{"not_picked":["Deadly Poison","AT_WindFlip","Dodge and Roll","AT_WindRun","Acrobatics"],"picked":"SKIP","floor":46},{"not_picked":["AT_WindRun+1","Heel Hook+1","AT_KingSlayer","Underhanded Strike","Acrobatics"],"picked":"SKIP","floor":47},{"not_picked":["AT_Desolate","Dagger Spray","AT_WindFlip+1","AT_FocusSwordFire+1"],"picked":"MostiFishMod:InvigoratingSolution+1","floor":48},{"not_picked":["Heel Hook","Backflip","Underhanded Strike+1","Backstab+1","AT_TwilightShroud"],"picked":"SKIP","floor":51},{"not_picked":["Reflex+1","Blade Dance","Finisher","Deadly Poison","Backflip"],"picked":"SKIP","floor":52},{"not_picked":["Heel Hook+1","Cloak And Dagger","Catalyst","Skewer","Calculated Gamble+1"],"picked":"SKIP","floor":56}],"player_experience":156092,"relics_obtained":[{"floor":1,"key":"SynthV:TestCard"},{"floor":10,"key":"AT_EbonyIvory"},{"floor":12,"key":"PlanX"},{"floor":17,"key":"Regal Pillow"},{"floor":17,"key":"aspiration:AnachronicSnailShell"},{"floor":17,"key":"conspire:BottledYoYo"},{"floor":23,"key":"Orichalcum"},{"floor":25,"key":"Matryoshka"},{"floor":26,"key":"PreservedInsect"},{"floor":26,"key":"Pen Nib"},{"floor":31,"key":"Ninja Scroll"},{"floor":40,"key":"Letter Opener"},{"floor":42,"key":"AT_GuinsooRageblade"},{"floor":43,"key":"HowToJump"},{"floor":43,"key":"Bag of Marbles"},{"floor":46,"key":"AT_TimeSand"},{"floor":48,"key":"CrazyTorch:ReiMu"},{"floor":51,"key":"paleoftheancients:SoulOfTheShapes"}],"event_choices":[{"damage_healed":0,"gold_gain":0,"player_choice":"Take Damage","damage_taken":17,"relics_obtained":["Golden Idol"],"max_hp_gain":0,"max_hp_loss":0,"event_name":"Golden Idol","floor":4,"gold_loss":0},{"damage_healed":0,"gold_gain":0,"player_choice":"Ignored","damage_taken":0,"max_hp_gain":0,"max_hp_loss":0,"event_name":"Ghosts","floor":21,"gold_loss":0}],"is_beta":false,"boss_relics":[{"not_picked":["HereWithMe","FixedStarFall"],"picked":"Calling Bell"},{"not_picked":[]},{"not_picked":["aspiration:ServantSkillbook","TimeKeys"],"picked":"Empty Cage"},{"not_picked":[]}],"items_purged_floors":[20,20,20,20,20,54,54,58,58],"is_endless":false,"potions_floor_spawned":[1,2,3,8,8,10,11,13,16,18,22,23,27,29,30,31,33,37,37,39,40,42,44,44,46,46,52],"ascension_level":2}}