{"host":"b96hyfeqj1peltkw","time":1611562206,"event":{"mods":["AchievementEnabler","Act Like it!","Arknights The Spire","BaseMod","Block Reminder","Gensokyo","Minty Spire (QoL Compilation)","Practice Mode","StSLib"],"gold_per_floor":[113,113,43,56,72,102,102,116,185,185,185,185,200,218,218,319,319,329,329,329,347,367,367,367],"floor_reached":23,"language":"ENG","playtime":615,"items_purged":[],"score":193,"play_id":"bdc5ea8d-461a-4757-8a39-9c84ff1bc696","local_time":"20210125161006","is_ascension_mode":false,"campfire_choices":[{"data":"ats:Song Of Battle","floor":7.0,"key":"SMITH"},{"data":"ats:Armor Crushing Shot","floor":12.0,"key":"SMITH"},{"data":"ats:True Silver Slash","floor":15.0,"key":"SMITH"}],"circlet_count":0,"master_deck":["ats:Strike G+1","ats:Strike V+1","ats:Armor Crushing Shot+1","ats:Defend+1","ats:Defend","ats:Serious Mode+1","ats:Shell Defense","ats:Song Of Battle+1","ats:Apocalypse","ats:Flexible Camouflage+1","ats:Shell Defense","ats:True Silver Slash+1","ats:Nebulous Foxfire+1","ats:Volcano+1","ats:Fractured Body+1","ats:Echo Reverb+1","ats:Healing Strengthening+1","Shame","ats:Revitalization","ats:Cat Scratch"],"relics":["ats:Sanity","NeowsBlessing","Gensokyo:Justice","ats:Originium","Bird Faced Urn","ats:Bonebreaker","Astrolabe"],"acts_visited":["Gensokyo:Gensokyo","Gensokyo:Gensokyoer"],"potions_floor_usage":[23,23],"damage_taken":[{"damage":0.0,"enemies":"Gensokyo:Gryphon","floor":1.0,"turns":1.0},{"damage":0.0,"enemies":"Gensokyo:3_Fairies","floor":4.0,"turns":1.0},{"damage":0.0,"enemies":"Gensokyo:2_Kodama","floor":5.0,"turns":1.0},{"damage":12.0,"enemies":"Gensokyo:Cirno","floor":6.0,"turns":5.0},{"damage":13.0,"enemies":"Gensokyo:2_Rabbits","floor":8.0,"turns":4.0},{"damage":35.0,"enemies":"Gensokyo:5_Fairies","floor":13.0,"turns":5.0},{"damage":0.0,"enemies":"Gensokyo:Python_and_Kodama","floor":14.0,"turns":4.0},{"damage":39.0,"enemies":"Gensokyo:Yukari","floor":16.0,"turns":6.0},{"damage":0.0,"enemies":"Gensokyo:2_Gloops","floor":18.0,"turns":2.0},{"damage":27.0,"enemies":"Gensokyo:AngelMirror","floor":21.0,"turns":3.0},{"damage":64.0,"enemies":"Gensokyo:Slime_Group","floor":22.0,"turns":5.0},{"damage":14,"enemies":"Gensokyo:Swordslinger","floor":23,"turns":1}],"seed_played":"6944181176676261902","potions_obtained":[{"floor":6.0,"key":"LiquidBronze"},{"floor":13.0,"key":"GamblersBrew"},{"floor":16.0,"key":"Strength Potion"},{"floor":18.0,"key":"Regen Potion"}],"is_trial":false,"path_per_floor":["M","?","?","M","M","E","R","M","T","?","?","R","M","M","R","B",null,"M","?","?","M","M","M"],"character_chosen":"DOCTOR_CLASS","items_purchased":[],"campfire_rested":0,"item_purchase_floors":[],"current_hp_per_floor":[72,72,72,72,72,63,63,53,53,39,39,39,24,34,34,12,72,72,72,72,49,2,0,0],"gold":367,"neow_bonus":"THREE_ENEMY_KILL","is_daily":false,"chose_seed":false,"campfire_upgraded":3,"win_rate":0.0,"timestamp":1611562206,"path_taken":["M","?","?","?","M","E","R","M","T","?","?","R","M","M","R","BOSS","M","?","?","?","M","M"],"items_purchased_type":[],"build_version":"2020-12-22","purchased_purges":0,"victory":false,"max_hp_per_floor":[72,72,72,72,72,72,72,72,72,72,72,72,72,72,72,72,72,72,72,72,72,72,72,72],"card_choices":[{"not_picked":["ats:Assault Order","ats:Shell Defense"],"picked":"ats:Blood Oath","floor":1.0},{"not_picked":["ats:Flexible Camouflage","ats:Curse Doll"],"picked":"ats:Serious Mode","floor":4.0},{"not_picked":["ats:Sunburst","ats:Powerful Strike"],"picked":"ats:Shell Defense","floor":5.0},{"not_picked":["ats:Burning Ground","ats:Hammer On"],"picked":"ats:Song Of Battle","floor":6.0},{"not_picked":["ats:Consecutive Shot Auto","ats:Volcano"],"picked":"ats:Apocalypse","floor":8.0},{"not_picked":["ats:Apocalypse","ats:Poison Spread"],"picked":"ats:Shell Defense","floor":13.0},{"not_picked":["ats:Overload","ats:Explosion Area Strengthen"],"picked":"ats:True Silver Slash","floor":14.0},{"not_picked":["ats:Volcano","ats:Rat Pack"],"picked":"ats:Nebulous Foxfire","floor":16.0},{"not_picked":["ats:Flexible Camouflage+1","ats:Hammer On"],"picked":"ats:Healing Strengthening+1","floor":18.0},{"not_picked":["ats:Apocalypse","ats:Soul Absorption"],"picked":"ats:Revitalization","floor":21.0},{"not_picked":["ats:Cat Scratch","ats:Explosion Area Strengthen","ats:Sword Rain"],"picked":"SKIP","floor":22.0},{"not_picked":["ats:Explosion Area Strengthen","ats:Sword Rain"],"picked":"ats:Cat Scratch","floor":22.0}],"player_experience":1374520,"relics_obtained":[{"floor":6.0,"key":"ats:Originium"},{"floor":6.0,"key":"Bird Faced Urn"},{"floor":9.0,"key":"ats:Bonebreaker"}],"event_choices":[],"is_beta":false,"boss_relics":[{"not_picked":["SlaversCollar","Sozu"],"picked":"Astrolabe"}],"items_purged_floors":[],"is_endless":false,"potions_floor_spawned":[6,13,16,18],"killed_by":"Gensokyo:Swordslinger","ascension_level":0}}