{"host":"pcbz64t4k17ey4z1","time":1611603794,"event":{"mods":["2.2 Compatiblity","AchievementEnabler","Act Like it!","Aspiration","BaseMod","Beaked The Cultist","Better Match","Better Third Choice","BetterRewards","Card Forge","Colored Map","Colored Powertips","Conspire","Disable Question Mark Monsters","Fireblade Mod","Friendly Minions","Gensokyo","GifTheSpireLib","Glutton Mod","Googly Eyes","Gremlin Mod","Hermit","Hubris","Infinite Spire","Koishi","Marisa????????","Minty Spire (QoL Compilation)","Permanent Neow","Potionbrewer","Quick Restart","Random Character Button","Rare Cards Sparkle","Relic Filter","Replay The Spire","Robot Space Explorer","Shade Mod","Shop Mod","Spicy Shops","StSLib","Stuff the Spire","SuperFastMode","The Cursed","The Druid","The Gatherer","The Hierophant","The IronCluck","The Jungle","The Marked","The Runesmith","Virulent Crown","Waifu the Spire","Wandering Minibosses"],"gold_per_floor":[216,235,254,273,273,273,301,301,327,327,346,371,388,413,413,485,485,496,35,16,28,3,3],"floor_reached":22,"language":"ENG","playtime":1277,"items_purged":[],"score":343,"play_id":"32fc647c-f752-4555-baca-c3df9d31e58b","local_time":"20210125194314","is_ascension_mode":true,"campfire_choices":[{"data":"theDruid:BristlingBulwark","floor":6,"key":"SMITH"},{"floor":8,"key":"REST"},{"floor":10,"key":"REST"},{"floor":15,"key":"REST"}],"circlet_count":0,"master_deck":["AscendersBane","theDruid:Defend_O+1","theDruid:Defend_O+1","theDruid:BriarArmor+1","theDruid:WildSlash+1","theDruid:ThornStrike+1","theDruid:BristlingBulwark+1","theDruid:Forage+1","theDruid:ThornStrike","theDruid:InsectSwarm+1","theDruid:IronbarkArmor+1","theDruid:SurvivalCache","Voices","theDruid:BlessedStrike","theDruid:Slingshot","theDruid:ThornStrike","theDruid:Pathfinder","theDruid:Impale","theDruid:WildFrenzy","theDruid:FeralPlants+1","theDruid:InsectSwarm","theDruid:BloodiedFur+1"],"relics":["theDruid:CrownOfTheWilds","Hammer of Thor","Seething Fire","Anvil of the Gods","Frozen Egg 2","Simple Rune","Pet Ghost","infinitespire:Lychee Nut","hubris:TerracottaHorce","ReplayTheSpireMod:CursedCoin","potionbrewer:BoosterPack"],"acts_visited":["Exordium","TheCity"],"potions_floor_usage":[4,12,12,14,16,18],"damage_taken":[{"damage":2,"enemies":"Small Slimes","floor":1,"turns":3},{"damage":0,"enemies":"Cultist","floor":2,"turns":4},{"damage":0,"enemies":"Jaw Worm","floor":3,"turns":5},{"damage":0,"enemies":"Gremlin Gang","floor":4,"turns":1},{"damage":61,"enemies":"Gremlin Nob","floor":7,"turns":6},{"damage":4,"enemies":"3 Louse","floor":11,"turns":3},{"damage":10,"enemies":"3 Sentries","floor":12,"turns":12},{"damage":1,"enemies":"Looter","floor":13,"turns":3},{"damage":14,"enemies":"Gremlin Nob","floor":14,"turns":4},{"damage":12,"enemies":"Hexaghost","floor":16,"turns":9},{"damage":6,"enemies":"2 Thieves","floor":18,"turns":4},{"damage":33,"enemies":"Spheric Guardian","floor":20,"turns":7},{"damage":7,"enemies":"Centurion and Healer","floor":21,"turns":8},{"damage":35,"enemies":"Sentry and Sphere","floor":22,"turns":3}],"seed_played":"-1530025084350194512","potions_obtained":[{"floor":1,"key":"AttackPotion"},{"floor":3,"key":"potionbrewer:NoxiousPotion"},{"floor":11,"key":"Block Potion"},{"floor":13,"key":"Venom Potion"},{"floor":14,"key":"Explosive Potion"},{"floor":16,"key":"Swift Potion"}],"is_trial":false,"path_per_floor":["M","M","M","M","?","R","E","R","T","R","M","E","M","E","R","B",null,"M","$","M","M","M"],"character_chosen":"DRUID","items_purchased":["ReplayTheSpireMod:CursedCoin","potionbrewer:BoosterPack","FossilizedHelix","theDruid:FeralPlants+1","theDruid:InsectSwarm","theDruid:BloodiedFur"],"campfire_rested":3,"item_purchase_floors":[19,19,19,19,19,19],"current_hp_per_floor":[66,66,66,66,66,66,8,30,30,52,53,48,52,43,56,49,54,51,51,23,27,0,0],"gold":3,"neow_bonus":"HUNDRED_GOLD","is_daily":false,"chose_seed":false,"campfire_upgraded":1,"win_rate":0.0,"timestamp":1611603794,"path_taken":["M","M","M","M","?","R","E","R","T","R","M","E","M","E","R","BOSS","M","$","M","M","M"],"items_purchased_type":["Relic","Relic","Relic","Card","Card","Card"],"build_version":"2020-12-22","purchased_purges":0,"victory":false,"max_hp_per_floor":[75,75,75,75,75,75,75,75,75,75,75,75,75,56,56,56,56,56,56,56,56,56,56],"card_choices":[{"not_picked":["theDruid:Slingshot","theDruid:FelineGrace"],"picked":"theDruid:ThornStrike","floor":1},{"not_picked":["theDruid:Starfall","theDruid:TwilightsCall","theDruid:Gore"],"picked":"SKIP","floor":2},{"not_picked":["theDruid:Guidance","theDruid:Moonbeam","theDruid:Gore"],"picked":"SKIP","floor":3},{"not_picked":["theDruid:Mutilate","theDruid:Prowl"],"picked":"theDruid:Forage","floor":4},{"not_picked":["theDruid:FuriousSlash","theDruid:WildFrenzy","theDruid:ThickHide"],"picked":"SKIP","floor":7},{"not_picked":["theDruid:Scavenge","theDruid:Swipe","theDruid:Gore"],"picked":"SKIP","floor":11},{"not_picked":["theDruid:ExposingSlash","theDruid:Guidance"],"picked":"theDruid:ThornStrike","floor":12},{"not_picked":["theDruid:FuriousSlash","theDruid:TakeShelter"],"picked":"theDruid:InsectSwarm","floor":13},{"not_picked":["theDruid:BloodiedFur","theDruid:MysticBarrier"],"picked":"theDruid:IronbarkArmor+1","floor":14},{"not_picked":["theDruid:TearOpen","theDruid:CelestialSurge"],"picked":"theDruid:SurvivalCache","floor":16},{"not_picked":["theDruid:Gore","theDruid:TwilightsCall+1","theDruid:PlagueClaw"],"picked":"SKIP","floor":18},{"not_picked":["theDruid:Resupply","theDruid:BrambleLash","theDruid:Slingshot"],"picked":"SKIP","floor":20},{"not_picked":["theDruid:Resupply","theDruid:FelineGrace","theDruid:TakeShelter"],"picked":"SKIP","floor":21}],"player_experience":3366569,"relics_obtained":[{"floor":7,"key":"Simple Rune"},{"floor":12,"key":"Pet Ghost"},{"floor":14,"key":"infinitespire:Lychee Nut"}],"event_choices":[],"is_beta":false,"boss_relics":[{"not_picked":["Replay:Drink Me","hubris:ScarierMask"],"picked":"hubris:TerracottaHorce"}],"items_purged_floors":[],"is_endless":false,"potions_floor_spawned":[1,3,11,13,14,16,21],"killed_by":"Sentry and Sphere","ascension_level":13}}