{"host":"df48i9djcn92c5sx","time":1611583766,"event":{"mods":["Act Like it!","Arknights The Spire","BaseMod","Decade(王小明)","Downfall","Gensokyo","Marisa（F雨　魔理沙）","Minty Spire (QoL Compilation)","READ ME - Guardian Mod","READ ME - Snecko Mod","Reimu（博丽灵梦）","Remilia（蕾米莉亚）","Shop Mod","StSLib","The Jungle","The Servant 0.9.4"],"gold_per_floor":[117,133,133,153,153,153,166,166,193,221,221,221,250,136,136,244,253,576,585,585,585],"floor_reached":20,"language":"ZHS","playtime":681,"items_purged":[],"score":205,"play_id":"ee4cb4a4-4a53-497a-8f8f-1ce2d82cb570","local_time":"20210125220926","is_ascension_mode":true,"campfire_choices":[{"data":"NB:ReiMu","floor":6,"key":"SMITH"},{"data":"Crusade:ReiMu","floor":8,"key":"SMITH"},{"data":"TightArray:ReiMu","floor":12,"key":"SMITH"},{"data":"SpiritualOutbreak2:ReiMu","floor":15,"key":"SMITH"}],"circlet_count":0,"master_deck":["Strike_Lin:ReiMu","Strike_Lin:ReiMu","Strike_Lin:ReiMu","Strike_Lin:ReiMu","Defend_Lin:ReiMu","Defend_Lin:ReiMu","Defend_Lin:ReiMu","Defend_Lin:ReiMu","NB:ReiMu+1","Stagnation:ReiMu","SubAcupoint:ReiMu","Amulet:ReiMu","Crusade:ReiMu+1","TightArray:ReiMu+1","SpiritualOutbreak2:ReiMu+1","Gensokyo:LockedMedkit","RunawayExorcism:ReiMu","CurseOfTheBell","CardOfSanctity:ReiMu","ShadowOfCrow2:ReiMu"],"relics":["FlyPower:ReiMu","NeowsBlessing","Lantern","CeramicFish","Calling Bell","Mastiff:ReiMu","Frozen Egg 2","Torii"],"acts_visited":["Exordium","Gensokyo:Gensokyo"],"potions_floor_usage":[16,18],"damage_taken":[{"damage":0,"enemies":"Gensokyo:3_Fairies","floor":1,"turns":2},{"damage":0,"enemies":"Gensokyo:Python","floor":2,"turns":1},{"damage":0,"enemies":"Gensokyo:2_Kodama","floor":4,"turns":1},{"damage":7,"enemies":"Gensokyo:LivingMonolith","floor":7,"turns":4},{"damage":0,"enemies":"Gensokyo:Gryphon_and_Rabbit","floor":10,"turns":5},{"damage":15,"enemies":"Gensokyo:5_Fairies","floor":13,"turns":7},{"damage":9,"enemies":"Gensokyo:Reimu","floor":16,"turns":11},{"damage":33,"enemies":"Gensokyo:2_Gloops","floor":18,"turns":8},{"damage":1,"enemies":"Gensokyo:AngelMirror","floor":20,"turns":2}],"seed_played":"2700835088523309754","potions_obtained":[{"floor":1,"key":"champ:CounterPotion"},{"floor":4,"key":"Explosive Potion"},{"floor":16,"key":"LiquidBronze"},{"floor":18,"key":"Fire Potion"}],"is_trial":false,"path_per_floor":["M","M","?","M","?","R","M","R","T","M","?","R","M","COS","R","B",null,"M","?","M"],"character_chosen":"REIMU","items_purchased":[],"campfire_rested":0,"item_purchase_floors":[],"current_hp_per_floor":[65,65,59,59,59,59,52,52,52,52,52,52,37,37,37,28,56,23,23,22,22],"gold":585,"neow_bonus":"THREE_ENEMY_KILL","is_daily":false,"chose_seed":false,"campfire_upgraded":4,"win_rate":0.0,"timestamp":1611583766,"path_taken":["M","M","?","M","?","R","M","R","T","M","?","R","?","COS","R","BOSS","M","?","M"],"items_purchased_type":[],"build_version":"2020-12-22","purchased_purges":0,"victory":false,"max_hp_per_floor":[65,65,65,65,65,65,65,65,65,65,65,65,65,65,65,65,65,65,65,65,65],"card_choices":[{"not_picked":["SpringWay:ReiMu","TakeOff:ReiMu"],"picked":"SubAcupoint:ReiMu","floor":1},{"not_picked":["CareerPray:ReiMu","Mountainwind:ReiMu"],"picked":"Amulet:ReiMu","floor":2},{"not_picked":["FoulBorder2:ReiMu","YinYangSange:ReiMu","SafetyPray:ReiMu"],"picked":"SKIP","floor":4},{"not_picked":["SpreadBorder2:ReiMu","OrbThrow:ReiMu"],"picked":"Crusade:ReiMu","floor":7},{"not_picked":["Mountainwind:ReiMu","SafetyPray:ReiMu"],"picked":"TightArray:ReiMu","floor":10},{"not_picked":["Dreaming2:ReiMu","YinYangSign:ReiMu"],"picked":"SpiritualOutbreak2:ReiMu","floor":13},{"not_picked":["Shading:ReiMu","HakureiPhantom:ReiMu"],"picked":"RunawayExorcism:ReiMu","floor":16},{"not_picked":["HakureiPhantom:ReiMu","RunawayExorcism:ReiMu"],"picked":"CardOfSanctity:ReiMu","floor":18},{"not_picked":["AirStrike:ReiMu","EmergencyTakeOff:ReiMu","SpringWay:ReiMu"],"picked":"SKIP","floor":18}],"player_experience":1486726,"relics_obtained":[{"floor":9,"key":"CeramicFish"},{"floor":17,"key":"Mastiff:ReiMu"},{"floor":17,"key":"Frozen Egg 2"},{"floor":17,"key":"Torii"}],"event_choices":[],"is_beta":false,"boss_relics":[{"not_picked":["Runic Dome","SlaversCollar"],"picked":"Calling Bell"}],"items_purged_floors":[],"is_endless":false,"potions_floor_spawned":[1,4,16,18],"killed_by":"Gensokyo:AngelMirror","ascension_level":5}}