{"host":"1z4hbl9vfqrhg136","time":1611532865,"event":{"mods":["BaseMod","Minty Spire (QoL Compilation)"],"gold_per_floor":[116,116,116,126,142,174,174,208,234,244,279,279,289,301,301,375,375,385,186,202,202,215,240,240,240,240],"floor_reached":25,"language":"ENG","playtime":1711,"items_purged":[],"score":486,"play_id":"d9c96a3b-c94e-46a0-89cf-93107e76292d","local_time":"20210125000105","is_ascension_mode":true,"campfire_choices":[{"floor":7.0,"key":"REST"},{"data":"Sunder","floor":12,"key":"SMITH"},{"floor":15,"key":"REST"},{"floor":24,"key":"REST"}],"circlet_count":0,"master_deck":["AscendersBane","Strike_B","Strike_B","Strike_B","Strike_B","Defend_B","Defend_B","Defend_B","Defend_B","Zap","Dualcast","Biased Cognition","Compile Driver+1","Genetic Algorithm","Sunder+1","Beam Cell","Auto Shields","Ball Lightning","Static Discharge","Turbo","Electrodynamics","Steam Power+1","Cold Snap","Amplify","Steam","Capacitor"],"relics":["Cracked Core","Orichalcum","Oddly Smooth Stone","Pen Nib","Bag of Marbles","Cursed Key","Nunchaku"],"acts_visited":["Exordium","TheCity"],"potions_floor_usage":[8,11,18,20,25],"damage_taken":[{"damage":4.0,"enemies":"Small Slimes","floor":1.0,"turns":3.0},{"damage":1.0,"enemies":"Cultist","floor":4.0,"turns":3.0},{"damage":7.0,"enemies":"2 Louse","floor":5.0,"turns":3.0},{"damage":25.0,"enemies":"Lagavulin","floor":6.0,"turns":6.0},{"damage":18,"enemies":"3 Sentries","floor":8,"turns":10},{"damage":2,"enemies":"Blue Slaver","floor":10,"turns":3},{"damage":13,"enemies":"Gremlin Nob","floor":11,"turns":4},{"damage":5,"enemies":"Looter","floor":13,"turns":3},{"damage":1,"enemies":"3 Louse","floor":14,"turns":2},{"damage":20,"enemies":"Hexaghost","floor":16,"turns":9},{"damage":15,"enemies":"Shell Parasite","floor":18,"turns":3},{"damage":0,"enemies":"Chosen","floor":20,"turns":2},{"damage":12,"enemies":"Sentry and Sphere","floor":22,"turns":4},{"damage":10,"enemies":"Gremlin Leader","floor":23,"turns":5},{"damage":42,"enemies":"Book of Stabbing","floor":25,"turns":5}],"seed_played":"-6686672791113938450","potions_obtained":[{"floor":1.0,"key":"GamblersBrew"},{"floor":5.0,"key":"SkillPotion"},{"floor":8,"key":"FocusPotion"},{"floor":10,"key":"AttackPotion"},{"floor":11,"key":"SneckoOil"},{"floor":18,"key":"Swift Potion"}],"is_trial":false,"path_per_floor":["M","?","?","M","M","E","R","E","T","M","E","R","M","M","R","B",null,"M","$","M","?","M","E","R","E"],"character_chosen":"DEFECT","items_purchased":["Cold Snap","Amplify","Steam"],"campfire_rested":3,"item_purchase_floors":[19,19,19],"current_hp_per_floor":[60,60,60,59,52,27,48,30,30,28,15,15,10,9,30,10,56,41,41,41,41,29,19,40,0,0],"gold":240,"neow_bonus":"ONE_RANDOM_RARE_CARD","is_daily":false,"chose_seed":false,"campfire_upgraded":1,"win_rate":0.0,"timestamp":1611532865,"path_taken":["M","?","?","M","M","E","R","E","T","M","E","R","?","M","R","BOSS","M","$","M","?","?","E","R","E"],"items_purchased_type":["Card","Card","Card"],"build_version":"2020-12-22","purchased_purges":0,"victory":false,"max_hp_per_floor":[71,71,71,71,71,71,71,71,71,71,71,71,71,71,71,71,71,71,71,71,71,71,71,71,71,71],"card_choices":[{"not_picked":["Static Discharge","Double Energy"],"picked":"Compile Driver","floor":1.0},{"not_picked":["Rebound","Chaos"],"picked":"Genetic Algorithm","floor":4.0},{"not_picked":["Conserve Battery","Chaos"],"picked":"Sunder","floor":5.0},{"not_picked":["Redo","Conserve Battery"],"picked":"Beam Cell","floor":6.0},{"not_picked":["Stack","Leap"],"picked":"Auto Shields","floor":8},{"not_picked":["Auto Shields","Beam Cell","Streamline"],"picked":"SKIP","floor":10},{"not_picked":["Rebound","Amplify"],"picked":"Ball Lightning","floor":11},{"not_picked":["Steam","Streamline"],"picked":"Static Discharge","floor":13},{"not_picked":["Redo","Go for the Eyes"],"picked":"Turbo","floor":14},{"not_picked":["Meteor Strike","Rainbow"],"picked":"Electrodynamics","floor":16},{"not_picked":["Go for the Eyes","Sweeping Beam"],"picked":"Steam Power+1","floor":18},{"not_picked":["Gash","Sunder","Blizzard"],"picked":"SKIP","floor":20},{"not_picked":["Steam+1","Force Field"],"picked":"Capacitor","floor":22},{"not_picked":["Turbo","Auto Shields","Redo"],"picked":"SKIP","floor":23}],"player_experience":1911307,"relics_obtained":[{"floor":6.0,"key":"Orichalcum"},{"floor":8,"key":"Oddly Smooth Stone"},{"floor":9,"key":"Pen Nib"},{"floor":11,"key":"Bag of Marbles"},{"floor":23,"key":"Nunchaku"}],"event_choices":[{"damage_healed":0.0,"max_hp_gain":0.0,"max_hp_loss":0.0,"gold_gain":0.0,"event_name":"Shining Light","player_choice":"Ignored","floor":2.0,"gold_loss":0.0,"damage_taken":0.0},{"damage_healed":0.0,"max_hp_gain":0.0,"max_hp_loss":0.0,"gold_gain":0.0,"event_name":"Upgrade Shrine","player_choice":"Upgraded","floor":3.0,"gold_loss":0.0,"damage_taken":0.0,"cards_upgraded":["Compile Driver"]},{"damage_healed":0,"gold_gain":0,"player_choice":"Ignored","damage_taken":0,"max_hp_gain":0,"max_hp_loss":0,"event_name":"N\u0027loth","floor":21,"gold_loss":0}],"is_beta":false,"boss_relics":[{"not_picked":["Astrolabe","Nuclear Battery"],"picked":"Cursed Key"}],"items_purged_floors":[],"is_endless":false,"potions_floor_spawned":[1,5,8,10,11,18],"killed_by":"Book of Stabbing","ascension_level":20}}