{"host":"v3mpq6flurzldi5g","time":1611592577,"event":{"mods":["AchievementEnabler","BaseMod","Colored Powertips","Highlight Path","Minty Spire (QoL Compilation)","StSLib"],"gold_per_floor":[111,125,145,163,177,177,201,201,224,224,240,240,273,44,44,147,147,161,171,81,95,0,0,0],"floor_reached":23,"language":"ENG","playtime":1908,"items_purged":["Strike_G"],"score":309,"play_id":"7797ddc3-0508-4707-965e-7a23149b2ced","local_time":"20210125113617","is_ascension_mode":true,"campfire_choices":[{"data":"Dagger Spray","floor":6,"key":"SMITH"},{"floor":8,"key":"REST"},{"data":"Neutralize","floor":10,"key":"SMITH"},{"data":"Defend_G","floor":12,"key":"SMITH"},{"floor":15,"key":"REST"}],"circlet_count":0,"master_deck":["AscendersBane","Strike_G","Strike_G","Strike_G","Defend_G","Defend_G+1","Defend_G","Defend_G","Defend_G+1","Survivor","Neutralize+1","Tools of the Trade","PiercingWail+1","Dagger Spray+1","Catalyst","Noxious Fumes","After Image+1","After Image","Terror","Leg Sweep"],"relics":["Ring of the Snake","Odd Mushroom","War Paint","Happy Flower","TheAbacus","SlaversCollar"],"acts_visited":["Exordium","TheCity"],"potions_floor_usage":[7,16],"damage_taken":[{"damage":4,"enemies":"Cultist","floor":1,"turns":6},{"damage":1,"enemies":"Small Slimes","floor":2,"turns":5},{"damage":0,"enemies":"2 Louse","floor":3,"turns":4},{"damage":12,"enemies":"Lots of Slimes","floor":4,"turns":4},{"damage":2,"enemies":"3 Louse","floor":5,"turns":5},{"damage":6,"enemies":"The Mushroom Lair","floor":7,"turns":4},{"damage":9,"enemies":"Red Slaver","floor":11,"turns":4},{"damage":25,"enemies":"3 Sentries","floor":13,"turns":6},{"damage":34,"enemies":"Slime Boss","floor":16,"turns":12},{"damage":5,"enemies":"Chosen","floor":18,"turns":8},{"damage":16,"enemies":"Spheric Guardian","floor":19,"turns":8},{"damage":25,"enemies":"Centurion and Healer","floor":21,"turns":12},{"damage":16,"enemies":"Slavers","floor":23,"turns":1}],"seed_played":"-9093954702249481666","potions_obtained":[{"floor":2,"key":"CunningPotion"},{"floor":3,"key":"GamblersBrew"},{"floor":11,"key":"SteroidPotion"},{"floor":16,"key":"SneckoOil"},{"floor":18,"key":"BlessingOfTheForge"}],"is_trial":false,"path_per_floor":["M","M","M","M","M","R","?","R","T","R","M","R","E","$","R","B",null,"M","M","?","M","?","E"],"character_chosen":"THE_SILENT","items_purchased":["TheAbacus"],"campfire_rested":2,"item_purchase_floors":[14],"current_hp_per_floor":[59,58,58,46,44,44,38,59,59,59,50,50,25,25,46,12,56,51,35,35,10,10,0,0],"gold":0,"neow_bonus":"ONE_RANDOM_RARE_CARD","is_daily":false,"chose_seed":false,"campfire_upgraded":3,"win_rate":0.0,"timestamp":1611592577,"path_taken":["M","?","M","M","M","R","?","R","T","R","M","R","E","$","R","BOSS","M","M","?","?","?","E"],"items_purchased_type":["Relic"],"build_version":"2020-12-22","purchased_purges":1,"victory":false,"max_hp_per_floor":[70,70,70,70,70,70,70,70,70,70,70,70,70,70,70,70,70,70,70,70,70,70,70,70],"card_choices":[{"not_picked":["Deflect","Poisoned Stab"],"picked":"PiercingWail","floor":1},{"not_picked":["Dodge and Roll","Bane"],"picked":"Dagger Spray","floor":2},{"not_picked":["Deflect","Bane"],"picked":"Catalyst","floor":3},{"not_picked":["Deadly Poison","Endless Agony"],"picked":"Noxious Fumes","floor":4},{"not_picked":["Dagger Throw","Flying Knee","Slice"],"picked":"SKIP","floor":5},{"not_picked":["Flying Knee","PiercingWail","Calculated Gamble"],"picked":"SKIP","floor":11},{"not_picked":["Backflip","Phantasmal Killer"],"picked":"After Image","floor":13},{"not_picked":["Malaise","Bullet Time"],"picked":"After Image","floor":16},{"not_picked":["Quick Slash","Bane"],"picked":"Terror","floor":18},{"not_picked":["Deadly Poison","Escape Plan"],"picked":"Leg Sweep","floor":19},{"not_picked":["Masterful Stab","All Out Attack","Dagger Spray"],"picked":"SKIP","floor":21}],"player_experience":1047970,"relics_obtained":[{"floor":7,"key":"Odd Mushroom"},{"floor":9,"key":"War Paint"},{"floor":13,"key":"Happy Flower"}],"event_choices":[{"damage_healed":0,"gold_gain":0,"player_choice":"Fought Mushrooms","damage_taken":0,"max_hp_gain":0,"max_hp_loss":0,"event_name":"Mushrooms","floor":7,"gold_loss":0},{"cards_removed":["Strike_G"],"damage_healed":0,"gold_gain":0,"player_choice":"Upgrade and Remove","damage_taken":0,"max_hp_gain":0,"max_hp_loss":0,"event_name":"Designer","floor":20,"gold_loss":90,"cards_upgraded":["After Image"]},{"damage_healed":0,"gold_gain":0,"player_choice":"Paid Fearfully","damage_taken":0,"max_hp_gain":0,"max_hp_loss":0,"event_name":"Masked Bandits","floor":22,"gold_loss":95}],"is_beta":false,"boss_relics":[{"not_picked":["Runic Dome","SacredBark"],"picked":"SlaversCollar"}],"items_purged_floors":[14],"is_endless":false,"potions_floor_spawned":[2,3,11,16,18],"killed_by":"Slavers","ascension_level":12}}