{"host":"3vww328me7evlv6h","time":1611592233,"event":{"mods":["BaseMod","BetterRewards","Minty Spire (QoL Compilation)","Relic Stats","StSLib","SuperFastMode"],"gold_per_floor":[116,127,127,143,160,160,192,32,32,44,54,54,65,82,82,156,156,170,187,187,206,223,223,240,27,54,54,54,54,68,83,83,155,155,165,165,0,0,0,25,25,45,45,65,78,78,108,124,124,124],"floor_reached":51,"language":"ENG","playtime":2958,"items_purged":["Strike_B","Strike_B","Strike_B","Pain"],"score":1843,"play_id":"0c969a33-d0e4-469c-ba42-ce9c59ce8ee3","local_time":"20210125173032","is_ascension_mode":true,"campfire_choices":[{"data":"Sunder","floor":6.0,"key":"SMITH"},{"data":"Defragment","floor":12.0,"key":"SMITH"},{"data":"Defragment","floor":15.0,"key":"SMITH"},{"floor":23.0,"key":"DIG"},{"floor":28.0,"key":"DIG"},{"floor":32.0,"key":"DIG"},{"floor":41.0,"key":"DIG"},{"data":"Defragment","floor":46.0,"key":"SMITH"},{"floor":49,"key":"DIG"}],"circlet_count":0,"master_deck":["AscendersBane","Defend_B+1","Defend_B","Defend_B","Defend_B+1","Zap","Dualcast","Ball Lightning","Sunder+1","Genetic Algorithm","Loop","Defragment+1","Cold Snap","Ball Lightning","Defragment+1","Coolheaded","Seek+1","Cold Snap+1","Doom and Gloom","Defragment+1","Recycle","Glacier","Turbo","Machine Learning","Go for the Eyes+1","Hologram","Defragment+1"],"relics":["Cracked Core","Singing Bowl","Shovel","Membership Card","CaptainsWheel","FossilizedHelix","Shuriken","Bronze Scales","Blue Candle","Inserter","WarpedTongs","War Paint","OrangePellets","Centennial Puzzle","Molten Egg 2","Bottled Lightning","Runic Pyramid","Sundial","Red Mask","Kunai","Oddly Smooth Stone","Calipers","Smiling Mask","Gambling Chip"],"acts_visited":["Exordium","TheCity","TheBeyond"],"potions_floor_usage":[],"damage_taken":[{"damage":0.0,"enemies":"Small Slimes","floor":1.0,"turns":2.0},{"damage":0.0,"enemies":"Cultist","floor":2.0,"turns":3.0},{"damage":0.0,"enemies":"Jaw Worm","floor":4.0,"turns":3.0},{"damage":0.0,"enemies":"Gremlin Gang","floor":5.0,"turns":3.0},{"damage":15.0,"enemies":"3 Sentries","floor":7.0,"turns":7.0},{"damage":10.0,"enemies":"Lots of Slimes","floor":10.0,"turns":3.0},{"damage":1.0,"enemies":"Blue Slaver","floor":11.0,"turns":3.0},{"damage":0.0,"enemies":"Red Slaver","floor":13.0,"turns":3.0},{"damage":0.0,"enemies":"Large Slime","floor":14.0,"turns":4.0},{"damage":0.0,"enemies":"The Guardian","floor":16.0,"turns":8.0},{"damage":1.0,"enemies":"Chosen","floor":18.0,"turns":6.0},{"damage":0.0,"enemies":"Spheric Guardian","floor":19.0,"turns":4.0},{"damage":13.0,"enemies":"Centurion and Healer","floor":21.0,"turns":5.0},{"damage":3.0,"enemies":"Shelled Parasite and Fungi","floor":22.0,"turns":4.0},{"damage":0.0,"enemies":"Chosen and Byrds","floor":24.0,"turns":5.0},{"damage":0.0,"enemies":"Snake Plant","floor":30.0,"turns":4.0},{"damage":0.0,"enemies":"Snecko","floor":31.0,"turns":5.0},{"damage":16.0,"enemies":"Collector","floor":33.0,"turns":8.0},{"damage":0.0,"enemies":"3 Darklings","floor":35.0,"turns":6.0},{"damage":0.0,"enemies":"Nemesis","floor":40.0,"turns":11.0},{"damage":0.0,"enemies":"Orb Walker","floor":42.0,"turns":4.0},{"damage":0.0,"enemies":"Sphere and 2 Shapes","floor":44.0,"turns":6.0},{"damage":0.0,"enemies":"Transient","floor":45.0,"turns":5.0},{"damage":0.0,"enemies":"Giant Head","floor":47.0,"turns":11.0},{"damage":0,"enemies":"Spire Growth","floor":48,"turns":6},{"damage":0,"enemies":"Time Eater","floor":50,"turns":12}],"seed_played":"8740008887998991165","potions_obtained":[{"floor":1.0,"key":"EssenceOfSteel"},{"floor":2.0,"key":"Weak Potion"},{"floor":40.0,"key":"Swift Potion"}],"is_trial":false,"path_per_floor":["M","M","?","M","M","R","E","$","T","M","M","R","M","M","R","B",null,"M","M","?","M","M","R","M","$","T","$","R","?","M","M","R","B",null,"M","?","$","?","?","E","R","M","T","M","M","R","E","M","R","B",null],"character_chosen":"DEFECT","items_purchased":["Ball Lightning","Singing Bowl","Membership Card","CaptainsWheel","FossilizedHelix","Fruit Juice","Sunder","Cold Snap","Bronze Scales","Defragment","Recycle","OrangePellets","Go for the Eyes+1","Sundial","Hologram"],"campfire_rested":0,"item_purchase_floors":[0,0,0,0,0,0,0,8,8,25,25,25,37,37,37],"current_hp_per_floor":[66,71,71,73,75,75,60,60,60,52,51,51,51,51,51,51,76,75,75,75,64,63,63,65,65,65,65,65,65,65,65,65,49,80,82,82,82,82,82,84,84,86,86,88,90,90,92,94,94,94],"gold":124,"neow_bonus":"","is_daily":false,"chose_seed":false,"campfire_upgraded":4,"win_rate":0.0,"timestamp":1611592232,"path_taken":["M","M","?","?","M","R","E","$","T","M","?","R","M","?","R","BOSS","M","M","?","M","M","R","?","$","T","?","R","?","M","M","R","BOSS","M","?","$","?","?","E","R","?","T","M","M","R","E","M","R","BOSS"],"items_purchased_type":["Card","Relic","Relic","Relic","Relic","Potion","Card","Card","Relic","Card","Card","Relic","Card","Relic","Card"],"build_version":"2020-12-22","purchased_purges":4,"victory":true,"max_hp_per_floor":[73,78,78,80,82,82,82,82,82,84,84,84,84,84,84,84,84,84,84,84,86,88,88,90,90,90,90,90,90,90,90,90,90,90,92,92,92,92,92,94,94,96,96,98,100,100,102,104,104,104],"relic_stats":{"Inserter":[51],"Singing Bowl":28,"counters":[54,303],"Blue Candle":[3],"War Paint":["Defend_B","Defend_B"],"Smiling Mask":0,"WarpedTongs":[91],"OrangePellets":[22],"Centennial Puzzle":[12],"Shovel":5,"Shuriken":[8],"Sundial":[6],"Bronze Scales":[874],"Gambling Chip":[2],"Kunai":[2],"obtain_stats":[{"Darkstone Periapt":40,"Regal Pillow":25,"Calipers":0,"Torii":6,"Singing Bowl":0,"Enchiridion":21,"StoneCalendar":0,"Mango":10,"Ginger":0,"Empty Cage":17,"Smiling Mask":47,"Dream Catcher":43,"Centennial Puzzle":45,"HornCleat":8,"Shovel":0,"Sundial":44,"Strawberry":36,"Gambling Chip":49,"Red Mask":38,"Kunai":40,"Cracked Core":0,"Runic Pyramid":34,"Inserter":17,"Blue Candle":9,"Oddly Smooth Stone":41,"Eternal Feather":23,"PreservedInsect":0,"War Paint":23,"Mercury Hourglass":9,"WarpedTongs":20,"OrangePellets":25,"CaptainsWheel":0,"Shuriken":7,"Bronze Scales":0,"Molten Egg 2":28,"Art of War":12,"Coffee Dripper":34,"Bottled Lightning":26,"Membership Card":0,"FossilizedHelix":0},{"Darkstone Periapt":22,"Regal Pillow":14,"Calipers":0,"Torii":4,"Singing Bowl":28,"Enchiridion":11,"StoneCalendar":0,"Mango":6,"Ginger":0,"Empty Cage":9,"Smiling Mask":52,"Dream Catcher":23,"Centennial Puzzle":24,"HornCleat":5,"Shovel":28,"Sundial":24,"Strawberry":19,"Gambling Chip":53,"Red Mask":47,"Kunai":48,"Cracked Core":0,"Runic Pyramid":46,"Inserter":38,"Blue Candle":33,"Oddly Smooth Stone":48,"Eternal Feather":13,"PreservedInsect":0,"War Paint":42,"Mercury Hourglass":5,"WarpedTongs":40,"OrangePellets":43,"CaptainsWheel":28,"Shuriken":33,"Bronze Scales":0,"Molten Egg 2":43,"Art of War":6,"Coffee Dripper":18,"Bottled Lightning":14,"Membership Card":28,"FossilizedHelix":28},{"Darkstone Periapt":123,"Regal Pillow":82,"Calipers":0,"Torii":17,"Singing Bowl":163,"Enchiridion":61,"StoneCalendar":0,"Mango":28,"Ginger":0,"Empty Cage":48,"Smiling Mask":285,"Dream Catcher":132,"Centennial Puzzle":139,"HornCleat":24,"Shovel":163,"Sundial":139,"Strawberry":109,"Gambling Chip":291,"Red Mask":248,"Kunai":259,"Cracked Core":0,"Runic Pyramid":242,"Inserter":202,"Blue Candle":181,"Oddly Smooth Stone":259,"Eternal Feather":75,"PreservedInsect":0,"War Paint":221,"Mercury Hourglass":24,"WarpedTongs":212,"OrangePellets":226,"CaptainsWheel":163,"Shuriken":181,"Bronze Scales":0,"Molten Egg 2":226,"Art of War":28,"Coffee Dripper":106,"Bottled Lightning":82,"Membership Card":163,"FossilizedHelix":163}]},"card_choices":[{"not_picked":["Hologram","Leap","Stack"],"picked":"Singing Bowl","floor":1.0},{"not_picked":["Rip and Tear","Sweeping Beam"],"picked":"Genetic Algorithm","floor":2.0},{"not_picked":["Compile Driver","Beam Cell","Coolheaded"],"picked":"Singing Bowl","floor":4.0},{"not_picked":["Go for the Eyes","Leap","Hologram"],"picked":"Singing Bowl","floor":5.0},{"not_picked":["Compile Driver","Echo Form"],"picked":"Defragment","floor":7.0},{"not_picked":["Redo","Lockon","Conserve Battery"],"picked":"Singing Bowl","floor":10.0},{"not_picked":["Conserve Battery","Hologram"],"picked":"Ball Lightning","floor":11.0},{"not_picked":["FTL","Barrage"],"picked":"Defragment","floor":13.0},{"not_picked":["Steam Power","Tempest"],"picked":"Coolheaded","floor":14.0},{"not_picked":["Rainbow","Thunder Strike"],"picked":"Seek","floor":16.0},{"not_picked":["Chill","Barrage"],"picked":"Cold Snap+1","floor":18.0},{"not_picked":["Rip and Tear","Sweeping Beam"],"picked":"Doom and Gloom","floor":19.0},{"not_picked":["Cold Snap","Steam Power","Lockon"],"picked":"Singing Bowl","floor":21.0},{"not_picked":["Stack","Undo","Chaos"],"picked":"Singing Bowl","floor":22.0},{"not_picked":["White Noise","Stack","Redo"],"picked":"Singing Bowl","floor":24.0},{"not_picked":["Barrage+1","Hologram"],"picked":"Glacier","floor":30.0},{"not_picked":["Beam Cell+1","Sunder+1"],"picked":"Turbo","floor":31.0},{"not_picked":["Reboot","Thunder Strike+1"],"picked":"Machine Learning","floor":33.0},{"not_picked":["Streamline+1","FTL+1","Sweeping Beam+1"],"picked":"Singing Bowl","floor":35.0},{"not_picked":["Cold Snap+1","Steam","Hologram"],"picked":"Singing Bowl","floor":40.0},{"not_picked":["Turbo","Gash+1","Chill"],"picked":"Singing Bowl","floor":42.0},{"not_picked":["Cold Snap+1","Skim","Steam+1"],"picked":"Singing Bowl","floor":44.0},{"not_picked":["Steam Power","Storm","Capacitor"],"picked":"Singing Bowl","floor":45.0},{"not_picked":["Conserve Battery+1","Rebound+1","Steam"],"picked":"Singing Bowl","floor":47.0},{"not_picked":["Steam","Gash+1","Force Field"],"picked":"Singing Bowl","floor":48}],"player_experience":330468,"relics_obtained":[{"floor":7.0,"key":"Shuriken"},{"floor":9.0,"key":"Blue Candle"},{"floor":23.0,"key":"War Paint"},{"floor":26.0,"key":"Centennial Puzzle"},{"floor":28.0,"key":"Molten Egg 2"},{"floor":32.0,"key":"Bottled Lightning"},{"floor":40.0,"key":"Kunai"},{"floor":41.0,"key":"Oddly Smooth Stone"},{"floor":43.0,"key":"Calipers"},{"floor":47.0,"key":"Smiling Mask"},{"floor":49,"key":"Gambling Chip"}],"event_choices":[{"damage_healed":0.0,"max_hp_gain":0.0,"max_hp_loss":0.0,"gold_gain":0.0,"event_name":"Match and Keep!","player_choice":"1 cards matched","floor":3.0,"gold_loss":0.0,"damage_taken":0.0,"cards_obtained":["Loop"]},{"damage_healed":0.0,"max_hp_gain":0.0,"max_hp_loss":0.0,"gold_gain":0.0,"event_name":"Accursed Blacksmith","player_choice":"Rummage","floor":20.0,"gold_loss":0.0,"damage_taken":0.0,"relics_obtained":["WarpedTongs"],"cards_obtained":["Pain"]},{"damage_healed":0.0,"max_hp_gain":0.0,"max_hp_loss":0.0,"gold_gain":0.0,"event_name":"Upgrade Shrine","player_choice":"Upgraded","floor":29.0,"gold_loss":0.0,"damage_taken":0.0,"cards_upgraded":["Seek"]},{"cards_removed":["Strike_B"],"damage_healed":0.0,"max_hp_gain":0.0,"max_hp_loss":0.0,"gold_gain":0.0,"event_name":"Falling","player_choice":"Removed Attack","floor":36.0,"gold_loss":0.0,"damage_taken":0.0},{"damage_healed":0.0,"max_hp_gain":0.0,"max_hp_loss":0.0,"gold_gain":0.0,"event_name":"Tomb of Lord Red Mask","player_choice":"Paid","floor":38.0,"gold_loss":0.0,"damage_taken":0.0,"relics_obtained":["Red Mask"]},{"damage_healed":0.0,"max_hp_gain":0.0,"max_hp_loss":0.0,"gold_gain":0.0,"event_name":"Duplicator","player_choice":"Copied","floor":39.0,"gold_loss":0.0,"damage_taken":0.0,"cards_obtained":["Defragment"]}],"is_beta":false,"boss_relics":[{"not_picked":["Calling Bell","Coffee Dripper"],"picked":"Inserter"},{"not_picked":["Astrolabe","Pandora\u0027s Box"],"picked":"Runic Pyramid"}],"items_purged_floors":[0,0,8,25],"is_endless":false,"potions_floor_spawned":[1,2,5,10,16,18,21,31,40,42,45],"ascension_level":14}}