{"host":"vyjryxuuuxkt43k4","time":1611588232,"event":{"mods":["AchievementEnabler","BaseMod","Colored Map","DeckTracker","Keyboard Shortcuts","Minty Spire (QoL Compilation)","Permanent Neow","Quick Restart","Rare Cards Sparkle","StSLib","SuperFastMode","everything is the same but u backflip on backflip"],"gold_per_floor":[117,117,137,62,81,108,108,140,177,189,236,248,279,307,319,408,420,450,11,42,42,42,42,52,52,52,52,52],"floor_reached":27,"language":"KOR","playtime":730,"items_purged":["Pain","Strike_R"],"score":458,"play_id":"0f8ce065-591d-4927-99fa-c0c3eee69a3e","local_time":"20210126002352","is_ascension_mode":true,"campfire_choices":[{"data":"Whirlwind","floor":7.0,"key":"SMITH"},{"data":"Fiend Fire","floor":10.0,"key":"SMITH"},{"data":"Dark Embrace","floor":15.0,"key":"SMITH"},{"floor":23.0,"key":"REST"}],"circlet_count":0,"master_deck":["AscendersBane","Strike_R","Strike_R","Strike_R","Strike_R","Defend_R","Defend_R","Defend_R","Defend_R","Bash","Fiend Fire+1","Whirlwind+1","Evolve","Carnage","Headbutt","Shockwave","Metallicize","Shrug It Off","Dark Embrace+1","Corruption","Inflame"],"relics":["Burning Blood","WarpedTongs","Bag of Preparation","MawBank","Omamori","FaceOfCleric","Runic Pyramid","Sundial","Red Mask","Paper Frog"],"acts_visited":["Exordium","TheCity"],"potions_floor_usage":[],"damage_taken":[{"damage":0.0,"enemies":"2 Louse","floor":1.0,"turns":2.0},{"damage":1.0,"enemies":"Cultist","floor":3.0,"turns":2.0},{"damage":12.0,"enemies":"Jaw Worm","floor":5.0,"turns":2.0},{"damage":8.0,"enemies":"Gremlin Nob","floor":6.0,"turns":3.0},{"damage":40.0,"enemies":"Lagavulin","floor":8.0,"turns":4.0},{"damage":8.0,"enemies":"Gremlin Nob","floor":11.0,"turns":3.0},{"damage":0.0,"enemies":"Looter","floor":13.0,"turns":1.0},{"damage":5.0,"enemies":"Exordium Wildlife","floor":14.0,"turns":4.0},{"damage":9.0,"enemies":"Hexaghost","floor":16.0,"turns":7.0},{"damage":21.0,"enemies":"2 Thieves","floor":18.0,"turns":4.0},{"damage":51.0,"enemies":"Masked Bandits","floor":20.0,"turns":5.0},{"damage":19,"enemies":"Chosen","floor":24,"turns":4},{"damage":43,"enemies":"Slavers","floor":27,"turns":4}],"seed_played":"6041637192859785573","potions_obtained":[{"floor":1.0,"key":"DistilledChaos"},{"floor":5.0,"key":"DuplicationPotion"},{"floor":8.0,"key":"HeartOfIron"},{"floor":11.0,"key":"SneckoOil"},{"floor":16.0,"key":"Energy Potion"},{"floor":24,"key":"Fire Potion"}],"is_trial":false,"path_per_floor":["M","?","M","$","M","E","R","E","T","R","E","?","M","M","R","B",null,"M","$","?","?","?","R","M","$","T","E"],"character_chosen":"IRONCLAD","items_purchased":["Sundial","Inflame"],"campfire_rested":1,"item_purchase_floors":[19,19],"current_hp_per_floor":[74,74,75,75,69,67,67,33,33,33,31,31,38,40,40,38,68,54,54,10,10,26,50,38,38,38,0,0],"gold":52,"neow_bonus":"ONE_RANDOM_RARE_CARD","is_daily":false,"chose_seed":false,"campfire_upgraded":3,"win_rate":0.0,"timestamp":1611588232,"path_taken":["M","?","M","?","M","E","R","E","T","R","E","?","?","M","R","BOSS","M","$","?","?","?","R","M","?","T","E"],"items_purchased_type":["Relic","Card"],"build_version":"2020-12-22","purchased_purges":2,"victory":false,"max_hp_per_floor":[75,75,75,75,75,75,75,75,75,75,75,75,76,77,77,78,78,79,79,80,80,80,80,81,81,81,81,81],"card_choices":[{"not_picked":["Heavy Blade","Entrench"],"picked":"Whirlwind","floor":1.0},{"not_picked":["Headbutt","Seeing Red"],"picked":"Evolve","floor":3.0},{"not_picked":["Searing Blow","Havoc"],"picked":"Carnage","floor":5.0},{"not_picked":["Anger","Armaments"],"picked":"Headbutt","floor":6.0},{"not_picked":["Body Slam","Dropkick"],"picked":"Shockwave","floor":8.0},{"not_picked":["Headbutt","True Grit"],"picked":"Metallicize","floor":11.0},{"not_picked":["Cleave","Sword Boomerang"],"picked":"Shrug It Off","floor":13.0},{"not_picked":["Immolate","Thunderclap"],"picked":"Dark Embrace","floor":14.0},{"not_picked":["Barricade","Exhume"],"picked":"Corruption","floor":16.0},{"not_picked":["Thunderclap","Sword Boomerang","Flex"],"picked":"SKIP","floor":18.0},{"not_picked":["Anger","Reckless Charge","Armaments"],"picked":"SKIP","floor":24}],"player_experience":343306,"relics_obtained":[{"floor":6.0,"key":"Bag of Preparation"},{"floor":8.0,"key":"MawBank"},{"floor":11.0,"key":"Omamori"},{"floor":20.0,"key":"Red Mask"},{"floor":26,"key":"Paper Frog"}],"event_choices":[{"damage_healed":0.0,"max_hp_gain":0.0,"max_hp_loss":0.0,"gold_gain":0.0,"event_name":"Accursed Blacksmith","player_choice":"Rummage","floor":2.0,"gold_loss":0.0,"damage_taken":0.0,"relics_obtained":["WarpedTongs"],"cards_obtained":["Pain"]},{"damage_healed":0.0,"max_hp_gain":0.0,"max_hp_loss":0.0,"gold_gain":0.0,"event_name":"FaceTrader","player_choice":"Trade","floor":12.0,"gold_loss":0.0,"damage_taken":0.0,"relics_obtained":["FaceOfCleric"]},{"damage_healed":0.0,"max_hp_gain":0.0,"max_hp_loss":0.0,"gold_gain":0.0,"event_name":"Masked Bandits","player_choice":"Fought Bandits","floor":20.0,"gold_loss":0.0,"damage_taken":0.0},{"damage_healed":16.0,"max_hp_gain":0.0,"max_hp_loss":0.0,"gold_gain":0.0,"event_name":"The Library","player_choice":"Heal","floor":22.0,"gold_loss":0.0,"damage_taken":0.0}],"is_beta":false,"boss_relics":[{"not_picked":["Busted Crown","SlaversCollar"],"picked":"Runic Pyramid"}],"items_purged_floors":[4,19],"is_endless":false,"potions_floor_spawned":[1,5,8,11,13,16,24],"killed_by":"Slavers","ascension_level":20}}