{"host":"agbyy69nq62afhwx","time":1611609100,"event":{"mods":["BaseMod","Colored Map","DeckTracker","Highlight Path","Keyboard Shortcuts","Minty Spire (QoL Compilation)","Quick Restart","StSLib","SuperFastMode","everything is the same but u backflip on backflip"],"gold_per_floor":[11,24,41,41,62,62,92,92,92,92,135,36,70,30,30,125,125,143,143,104,125,125,125,143,182,182,203,203,224,224,242,242,337,337,360,234,259,290,305,305,305,305,305,341,341,382,214,20,20,20],"floor_reached":51,"language":"KOR","playtime":2192,"items_purged":["Dualcast","Streamline"],"score":1624,"play_id":"8e5fc033-e7f1-4019-952a-613d7d30f11f","local_time":"20210126061140","is_ascension_mode":true,"campfire_choices":[{"data":"Sunder","floor":6.0,"key":"SMITH"},{"data":"Sweeping Beam","floor":8.0,"key":"SMITH"},{"data":"Zap","floor":10.0,"key":"SMITH"},{"floor":15.0,"key":"REST"},{"data":"Defragment","floor":23.0,"key":"SMITH"},{"data":"Heatsinks","floor":28.0,"key":"SMITH"},{"data":"Creative AI","floor":30.0,"key":"SMITH"},{"data":"Static Discharge","floor":32.0,"key":"SMITH"},{"data":"Thunder Strike","floor":40,"key":"SMITH"},{"data":"Compile Driver","floor":42,"key":"SMITH"},{"floor":45,"key":"REST"},{"floor":49,"key":"REST"}],"circlet_count":0,"master_deck":["AscendersBane","Zap+1","Sweeping Beam+1","Sunder+1","Chill","Multi-Cast+1","Coolheaded+1","Defragment+1","Undo+1","Aggregate+1","Reboot+1","Seek+1","Creative AI+1","Redo+1","Thunder Strike+1","White Noise+1","Glacier+1","Heatsinks+1","Hologram+1","Rainbow+1","Compile Driver+1","Flash of Steel"],"relics":["Cracked Core","FossilizedHelix","Golden Idol","Whetstone","Toxic Egg 2","Singing Bowl","Pandora\u0027s Box","Lantern","Nunchaku","Runic Dome","Calipers","Letter Opener","Akabeko","Turnip","Art of War"],"acts_visited":["Exordium","TheCity","TheBeyond"],"potions_floor_usage":[39,50,50],"damage_taken":[{"damage":0.0,"enemies":"Cultist","floor":1.0,"turns":3.0},{"damage":0.0,"enemies":"Small Slimes","floor":2.0,"turns":2.0},{"damage":0.0,"enemies":"Jaw Worm","floor":3.0,"turns":2.0},{"damage":7.0,"enemies":"Exordium Thugs","floor":5.0,"turns":3.0},{"damage":24.0,"enemies":"Gremlin Nob","floor":11.0,"turns":4.0},{"damage":0.0,"enemies":"3 Sentries","floor":13.0,"turns":8.0},{"damage":39.0,"enemies":"Slime Boss","floor":16.0,"turns":12.0},{"damage":0.0,"enemies":"Chosen","floor":18.0,"turns":7.0},{"damage":0.0,"enemies":"Shell Parasite","floor":21.0,"turns":6.0},{"damage":9.0,"enemies":"Centurion and Healer","floor":24.0,"turns":6.0},{"damage":0.0,"enemies":"Slavers","floor":25.0,"turns":6.0},{"damage":0.0,"enemies":"Sentry and Sphere","floor":27.0,"turns":5.0},{"damage":0.0,"enemies":"Cultist and Chosen","floor":29.0,"turns":6.0},{"damage":0.0,"enemies":"Centurion and Healer","floor":31.0,"turns":5.0},{"damage":33.0,"enemies":"Automaton","floor":33.0,"turns":8.0},{"damage":0.0,"enemies":"3 Shapes","floor":35.0,"turns":3.0},{"damage":0.0,"enemies":"Orb Walker","floor":37.0,"turns":2.0},{"damage":0.0,"enemies":"Mind Bloom Boss Battle","floor":38.0,"turns":7.0},{"damage":6,"enemies":"Transient","floor":39,"turns":6},{"damage":38,"enemies":"Reptomancer","floor":44,"turns":7},{"damage":0,"enemies":"Giant Head","floor":46,"turns":7},{"damage":43,"enemies":"Awakened One","floor":50,"turns":17}],"seed_played":"-7230474106925390006","potions_obtained":[{"floor":3.0,"key":"Fire Potion"},{"floor":11.0,"key":"BlessingOfTheForge"},{"floor":16.0,"key":"Energy Potion"},{"floor":21.0,"key":"Regen Potion"},{"floor":39,"key":"FocusPotion"}],"is_trial":false,"path_per_floor":["M","M","M","?","M","R","?","R","T","R","E","$","E","$","R","B",null,"M","?","$","M","?","R","M","E","T","M","R","M","R","M","R","B",null,"M","$","M","?","M","R","?","R","T","E","R","E","$","$","R","B",null],"character_chosen":"DEFECT","items_purchased":["Coolheaded+1","Defragment","Aggregate+1","Heatsinks","Compile Driver","Art of War","Flash of Steel"],"campfire_rested":3,"item_purchase_floors":[12,12,14,20,36,47,48],"current_hp_per_floor":[64,64,64,64,57,57,57,57,57,57,33,33,33,33,52,13,51,53,53,53,55,55,55,48,48,48,50,50,52,52,54,54,21,62,64,64,66,68,64,64,64,64,64,28,53,55,55,55,81,51],"gold":20,"neow_bonus":"ONE_RARE_RELIC","is_daily":false,"chose_seed":false,"campfire_upgraded":9,"win_rate":0.0,"timestamp":1611609100,"path_taken":["M","?","M","?","M","R","?","R","T","R","E","$","E","$","R","BOSS","M","?","$","M","?","R","M","E","T","M","R","M","R","?","R","BOSS","M","$","M","?","M","R","?","R","T","E","R","E","?","$","R","BOSS"],"items_purchased_type":["Card","Card","Card","Card","Card","Relic","Card"],"build_version":"2020-12-22","purchased_purges":2,"victory":true,"max_hp_per_floor":[71,71,71,64,64,64,64,64,64,64,64,64,64,64,64,64,64,66,66,66,68,68,68,70,70,70,72,72,74,74,76,76,76,76,78,78,80,82,84,84,84,84,84,86,86,88,88,88,88,88],"card_choices":[{"not_picked":["Force Field","Turbo"],"picked":"Sweeping Beam","floor":1.0},{"not_picked":["Hologram","Streamline"],"picked":"Sunder","floor":2.0},{"not_picked":["Barrage","Conserve Battery"],"picked":"Chill","floor":3.0},{"not_picked":["Consume","Hello World","Compile Driver"],"picked":"SKIP","floor":5.0},{"not_picked":["Leap+1","Go for the Eyes"],"picked":"Multi-Cast+1","floor":11.0},{"not_picked":["Sunder","Stack+1"],"picked":"Undo+1","floor":13.0},{"not_picked":["Biased Cognition","Fission+1"],"picked":"Reboot+1","floor":16.0},{"not_picked":["Hologram+1","Coolheaded+1","Stack+1"],"picked":"Singing Bowl","floor":18.0},{"not_picked":["Leap+1","Sweeping Beam","Ball Lightning"],"picked":"Singing Bowl","floor":21.0},{"not_picked":["Beam Cell","Glacier+1","Self Repair"],"picked":"Singing Bowl","floor":24.0},{"not_picked":["Amplify+1","Lockon"],"picked":"Hologram+1","floor":25.0},{"not_picked":["Genetic Algorithm+1","Leap+1","Ball Lightning"],"picked":"Singing Bowl","floor":27.0},{"not_picked":["Consume+1","Compile Driver","Sweeping Beam"],"picked":"Singing Bowl","floor":29.0},{"not_picked":["Self Repair","Streamline","Compile Driver"],"picked":"Singing Bowl","floor":31.0},{"not_picked":["Thunder Strike","Machine Learning"],"picked":"Rainbow+1","floor":33.0},{"not_picked":["Beam Cell","Coolheaded+1","Steam Power+1"],"picked":"Singing Bowl","floor":35.0},{"not_picked":["Barrage","Go for the Eyes","Recycle+1"],"picked":"Singing Bowl","floor":37.0},{"not_picked":["Compile Driver","Sweeping Beam","Genetic Algorithm+1"],"picked":"Singing Bowl","floor":38.0},{"not_picked":["Rebound","Consume+1","Gash+1"],"picked":"Singing Bowl","floor":39},{"not_picked":["Chaos+1","Compile Driver+1","Beam Cell+1"],"picked":"Singing Bowl","floor":44},{"not_picked":["Go for the Eyes+1","Storm","Leap+1"],"picked":"Singing Bowl","floor":46}],"player_experience":473110,"relics_obtained":[{"floor":9.0,"key":"Whetstone"},{"floor":11.0,"key":"Toxic Egg 2"},{"floor":13.0,"key":"Singing Bowl"},{"floor":25.0,"key":"Lantern"},{"floor":26.0,"key":"Nunchaku"},{"floor":38.0,"key":"Calipers"},{"floor":43,"key":"Letter Opener"},{"floor":44,"key":"Akabeko"},{"floor":46,"key":"Turnip"}],"event_choices":[{"damage_healed":0.0,"max_hp_gain":0.0,"max_hp_loss":7.0,"gold_gain":0.0,"event_name":"Golden Idol","player_choice":"Lose Max HP","floor":4.0,"gold_loss":0.0,"damage_taken":0.0,"relics_obtained":["Golden Idol"]},{"damage_healed":0.0,"max_hp_gain":0.0,"max_hp_loss":0.0,"gold_gain":30.0,"event_name":"Dead Adventurer","player_choice":"Searched \u00271\u0027 times","floor":7.0,"gold_loss":0.0,"damage_taken":0.0},{"damage_healed":0.0,"max_hp_gain":0.0,"max_hp_loss":0.0,"gold_gain":0.0,"cards_transformed":["Hyperbeam","Barrage"],"event_name":"Drug Dealer","player_choice":"Became Test Subject","floor":19.0,"gold_loss":0.0,"damage_taken":0.0,"cards_obtained":["Static Discharge","Glacier"]},{"damage_healed":0.0,"max_hp_gain":0.0,"max_hp_loss":0.0,"gold_gain":0.0,"event_name":"The Mausoleum","player_choice":"Ignored","floor":22.0,"gold_loss":0.0,"damage_taken":0.0},{"damage_healed":0.0,"max_hp_gain":0.0,"max_hp_loss":0.0,"gold_gain":0.0,"event_name":"MindBloom","player_choice":"Fight","floor":38.0,"gold_loss":0.0,"damage_taken":0.0},{"cards_removed":["Static Discharge"],"damage_healed":0,"gold_gain":0,"player_choice":"Removed Power","damage_taken":0,"max_hp_gain":0,"max_hp_loss":0,"event_name":"Falling","floor":41,"gold_loss":0}],"is_beta":false,"boss_relics":[{"not_picked":["Busted Crown","Calling Bell"],"picked":"Pandora\u0027s Box"},{"not_picked":["SacredBark","SlaversCollar"],"picked":"Runic Dome"}],"items_purged_floors":[36,48],"is_endless":false,"potions_floor_spawned":[3,11,16,21,25,31,33,37,39,46],"ascension_level":19}}