{"host":"6l14a1yoo52x3x71","time":1611577691,"event":{"mods":["2.2 Compatiblity","AchievementEnabler","Act Like it!","BaseMod","Better Third Choice","Colored Map","Googly Eyes","Lobotomy","Minty Spire (QoL Compilation)","Permanent Neow","Quick Restart","StSLib"],"gold_per_floor":[115,215,231,250,105,105,121,121,121,138,138,166,12,22,22,121,121,134,134,148,148,148,148],"floor_reached":22,"language":"ENG","playtime":937,"items_purged":["Strike_B"],"score":211,"play_id":"524a95fc-fd1f-4766-b03a-dde3e91b4242","local_time":"20210125142811","is_ascension_mode":false,"campfire_choices":[{"data":"Sunder","floor":6,"key":"SMITH"},{"data":"Dualcast","floor":8,"key":"SMITH"},{"floor":15,"key":"REST"}],"circlet_count":0,"master_deck":["Apo_SoulSlash","Apo_Charge","Apo_Charge","Apo_Charge","Apo_Charge","Apo_Beam","Apo_Beam","Apo_Beam","Apo_Execute","Apo_Slash","Apo_Slash","Apo_SoulSlash"],"relics":["Cracked Core","CogitoBucket","Bottled Lightning","Symbiotic Virus","Pen Nib","Astrolabe","ApostleMask"],"acts_visited":["Exordium","TheCity"],"potions_floor_usage":[7,7,16,21],"damage_taken":[{"damage":6,"enemies":"Jaw Worm","floor":1,"turns":3},{"damage":2,"enemies":"Cultist","floor":3,"turns":4},{"damage":0,"enemies":"2 Louse","floor":4,"turns":2},{"damage":11,"enemies":"Large Slime","floor":7,"turns":5},{"damage":0,"enemies":"Exordium Wildlife","floor":10,"turns":2},{"damage":16,"enemies":"Gremlin Nob","floor":12,"turns":3},{"damage":14,"enemies":"Lots of Slimes","floor":14,"turns":4},{"damage":41,"enemies":"Hexaghost","floor":16,"turns":5},{"damage":5,"enemies":"3 Byrds","floor":18,"turns":3},{"damage":34,"enemies":"Shell Parasite","floor":20,"turns":5},{"damage":30,"enemies":"Centurion and Healer","floor":22,"turns":1}],"seed_played":"8596462733662785175","potions_obtained":[{"floor":1,"key":"SneckoOil"},{"floor":3,"key":"LiquidMemories"},{"floor":4,"key":"GamblersBrew"},{"floor":14,"key":"BlessingOfTheForge"}],"is_trial":false,"path_per_floor":["M","?","M","M","$","R","M","R","T","M","?","E","$","M","R","B",null,"M","?","M","M","M"],"character_chosen":"DEFECT","items_purchased":["Sunder","Pen Nib"],"campfire_rested":1,"item_purchase_floors":[5,13],"current_hp_per_floor":[69,69,67,67,67,67,56,56,56,56,56,40,40,26,48,9,75,70,56,24,5,0,0],"gold":148,"neow_bonus":"","is_daily":false,"chose_seed":false,"campfire_upgraded":2,"win_rate":0.0,"timestamp":1611577691,"path_taken":["M","?","M","M","?","R","M","R","T","?","?","E","?","?","R","BOSS","M","?","M","M","M"],"items_purchased_type":["Card","Relic"],"build_version":"2020-12-22","purchased_purges":1,"victory":false,"max_hp_per_floor":[75,75,75,75,75,75,75,75,75,75,75,75,75,75,75,75,75,75,80,80,80,80,80],"card_choices":[{"not_picked":["OldLady","MeatLantern"],"picked":"VoidDream","floor":1},{"not_picked":["Auto Shields","White Noise"],"picked":"Chill","floor":1},{"not_picked":["DreamingCurrent","MHz"],"picked":"Laetitia","floor":3},{"not_picked":["Recycle","Reinforced Body","Barrage"],"picked":"SKIP","floor":3},{"not_picked":["Porccubus","FieryBird"],"picked":"Bloodbath","floor":4},{"not_picked":["Melter","Ball Lightning"],"picked":"FTL","floor":4},{"not_picked":["Conserve Battery","Capacitor"],"picked":"Beam Cell","floor":7},{"not_picked":["Barrage","Reinforced Body"],"picked":"Thunder Strike","floor":10},{"not_picked":["Porccubus","QueenBee"],"picked":"SingingMachine","floor":12},{"not_picked":["Chaos","Defragment"],"picked":"Coolheaded","floor":12},{"not_picked":["Tempest","Turbo","Beam Cell"],"picked":"SKIP","floor":14},{"not_picked":["CrumblingArmor","PunishingBird"],"picked":"PlagueDoctor","floor":16},{"not_picked":["Thunder Strike","All For One"],"picked":"Electrodynamics","floor":16},{"not_picked":["Skim+1","Loop"],"picked":"Streamline","floor":18},{"not_picked":["Cold Snap","Gash+1","Force Field"],"picked":"SKIP","floor":20}],"player_experience":139220,"relics_obtained":[{"floor":9,"key":"Bottled Lightning"},{"floor":12,"key":"Symbiotic Virus"}],"event_choices":[{"damage_healed":0,"gold_gain":100,"player_choice":"Pray","damage_taken":0,"max_hp_gain":0,"max_hp_loss":0,"event_name":"Golden Shrine","floor":2,"gold_loss":0},{"damage_healed":0,"gold_gain":0,"cards_transformed":["VoidDream"],"player_choice":"Transformed","damage_taken":0,"max_hp_gain":0,"max_hp_loss":0,"event_name":"Transmorgrifier","floor":11,"gold_loss":0,"cards_obtained":["Barrage"]},{"damage_healed":0,"gold_gain":0,"player_choice":"Shed Blood","damage_taken":19,"max_hp_gain":5,"max_hp_loss":0,"event_name":"Forgotten Altar","floor":19,"gold_loss":0}],"is_beta":false,"boss_relics":[{"not_picked":["Coffee Dripper","Cursed Key"],"picked":"Astrolabe"}],"items_purged_floors":[5],"is_endless":false,"potions_floor_spawned":[1,3,4,14],"killed_by":"Centurion and Healer","ascension_level":0}}