{"host":"bavx0eibpuvdy04q","time":1611598119,"event":{"mods":["BaseMod","BetterRewards","Friendly Minions","Hermit","Hubris","Infinite Spire","KinomotoSakuraMod(????)","Kiyohime????","Koishi","LagranYue(???·?)","Marisa????????","Minty Spire (QoL Compilation)","Prisma Mod","Remilia??????","Replay The Spire","StSLib","The Administrix","The Alterego","The Animator","The Construct","The Cursed","The Disciple","The Hierophant","The Mystic","The Necromancer","The Runesmith","The Senshi","The Servant 0.9.4","Yakumo Yukari mod","Yuri Mod"],"gold_per_floor":[117,117,131,147,147,176,194,194,194,210,222,222,222,255,255,360,360,376,362,381,381,392,392,63,63,135,135,148,148,148,148,148,247,247,266,277,328,341,356,356,356],"floor_reached":40,"language":"ENG","playtime":3656,"items_purged":["PrismaMod:MiyuChannelDefendEvoke"],"score":400,"play_id":"051e2154-eff0-4463-84f5-b47f3496d3bf","local_time":"20210125110839","is_ascension_mode":false,"campfire_choices":[{"data":"PrismaMod:MiyuUncommonDexBuff","floor":23,"key":"SMITH"},{"data":"PrismaMod:MiyuUncommonDexBuff","floor":27,"key":"SMITH"},{"floor":32,"key":"REST"}],"circlet_count":0,"master_deck":["PrismaMod:MiyuCommonDefend","PrismaMod:MiyuCommonDefend","PrismaMod:MiyuCommonDefend","PrismaMod:MiyuCommonDefend","PrismaMod:MiyuCommonDefend","PrismaMod:MiyuCommonAttack","PrismaMod:MiyuCommonAttack","PrismaMod:MiyuCommonAttack","PrismaMod:MiyuCommonAttack","PrismaMod:MiyuCommonAttack","PrismaMod:MiyuCheapChannelAttack","PrismaMod:MiyuCheapChannelDefend","PrismaMod:MiyuCheapAttack2+1","PrismaMod:MiyuUncommonAOEAttack","PrismaMod:MiyuChristmas","PrismaMod:MiyuOrbIncreasePerm","PrismaMod:MiyuCarnivalAttack","PrismaMod:MiyuUncommonDexBuff+1","PrismaMod:MiyuChannelDefendEvoke+1","PrismaMod:MiyuCheapEvoke","PrismaMod:MiyuCheapStrBuff","PrismaMod:MiyuUncommonDexBuff+1","PrismaMod:MiyuCheapChannelAttack","PrismaMod:MiyuUncommonStrBuff","PrismaMod:MiyuUncommonStrBuff","PrismaMod:MiyuCheapAttack1","ReplayTheSpireMod:??????????????????????","infinitespire:Starlight","PrismaMod:MiyuDefenseAbsorbMinor","PrismaMod:MiyuDefenseExplosion+1","PrismaMod:MiyuCheapChannelDefend","PrismaMod:MiyuChristmas+1","PrismaMod:MiyuCheapAttack1+1"],"relics":["PrismaMod:PrismaSapphireUpgrade","LagranYue:RandomDrawCardRelic","NeowsBlessing","Omamori","Mercury Hourglass","hubris:64BitClover","hubris:VirtuousBlindfold","hubris:Towel","Runesmith:AutoHammer","infinitespire:CheckeredPen","hubris:Icosahedron","infinitespire:Broken Mirror","CatCart"],"acts_visited":["Exordium","TheCity","TheBeyond"],"potions_floor_usage":[16,16,33,37],"damage_taken":[{"damage":0,"enemies":"Jaw Worm","floor":1,"turns":1},{"damage":0,"enemies":"Cultist","floor":3,"turns":1},{"damage":0,"enemies":"2 Louse","floor":4,"turns":1},{"damage":5,"enemies":"Lagavulin","floor":6,"turns":9},{"damage":22,"enemies":"Gremlin Gang","floor":7,"turns":5},{"damage":0,"enemies":"Looter","floor":10,"turns":3},{"damage":9,"enemies":"2 Fungi Beasts","floor":11,"turns":4},{"damage":15,"enemies":"Gremlin Nob","floor":14,"turns":6},{"damage":28,"enemies":"The Guardian","floor":16,"turns":10},{"damage":0,"enemies":"Chosen","floor":18,"turns":6},{"damage":5,"enemies":"2 Thieves","floor":19,"turns":5},{"damage":4,"enemies":"Centurion and Healer","floor":20,"turns":6},{"damage":2,"enemies":"Snecko","floor":22,"turns":5},{"damage":6,"enemies":"Shelled Parasite and Fungi","floor":28,"turns":4},{"damage":30,"enemies":"Champ","floor":33,"turns":8},{"damage":16,"enemies":"3 Darklings","floor":35,"turns":4},{"damage":0,"enemies":"Orb Walker","floor":36,"turns":3},{"damage":93,"enemies":"Orin","floor":37,"turns":15},{"damage":21,"enemies":"Sphere and 2 Shapes","floor":38,"turns":5},{"damage":18,"enemies":"3 Darklings","floor":39,"turns":5},{"damage":56,"enemies":"Nemesis","floor":40,"turns":4}],"seed_played":"6585122920536267301","potions_obtained":[{"floor":2,"key":"ColorlessPotion"},{"floor":2,"key":"Explosive Potion"},{"floor":2,"key":"FairyPotion"},{"floor":18,"key":"Reflective Coating"},{"floor":20,"key":"BlessingOfTheForge"},{"floor":33,"key":"Milkshake"},{"floor":39,"key":"SpeedPotion"}],"is_trial":false,"path_per_floor":["M","?","M","M","?","E","M","?","T","M","M","?","?","E","R","B",null,"M","M","M","?","M","R","$","?","T","R","M","?","?","AVR","R","B",null,"M","M","?","M","M","E"],"character_chosen":"MIYU","items_purchased":["PrismaMod:MiyuUncommonStrBuff","PrismaMod:MiyuCheapAttack1","Runesmith:AutoHammer"],"campfire_rested":1,"item_purchase_floors":[24,24,24],"current_hp_per_floor":[75,75,75,75,75,70,48,48,48,48,39,39,32,17,39,11,75,75,70,66,66,64,64,64,64,64,64,58,44,44,44,68,53,80,64,74,35,24,16,0,0],"gold":356,"neow_bonus":"THREE_ENEMY_KILL","is_daily":false,"chose_seed":false,"campfire_upgraded":2,"win_rate":0.0,"timestamp":1611598119,"path_taken":["M","?","M","?","?","E","M","?","T","?","M","?","?","E","R","BOSS","M","M","M","?","M","R","$","?","T","R","M","?","?","AVR","R","BOSS","M","M","?","M","M","E"],"items_purchased_type":["Card","Card","Relic"],"build_version":"2020-12-22","purchased_purges":1,"victory":false,"max_hp_per_floor":[75,75,75,75,75,75,75,75,75,75,75,75,75,75,75,75,75,75,75,75,75,75,75,75,75,75,75,75,80,80,80,80,80,80,80,80,80,80,80,80,80],"card_choices":[{"not_picked":["PrismaMod:MiyuUberAttack","PrismaMod:MiyuEvokeBuffDex"],"picked":"PrismaMod:MiyuCheapAttack2","floor":1},{"not_picked":["PrismaMod:MiyuCheapDexBuff","PrismaMod:MiyuUncommonPlate"],"picked":"PrismaMod:MiyuUncommonAOEAttack","floor":3},{"not_picked":["PrismaMod:MiyuEvokeCheapAttack","PrismaMod:MiyuAttackChannelWeak"],"picked":"PrismaMod:MiyuChristmas","floor":4},{"not_picked":["PrismaMod:MiyuEvokeAll","PrismaMod:MiyuUncommonAOEAttack"],"picked":"PrismaMod:MiyuOrbIncreasePerm","floor":6},{"not_picked":["PrismaMod:MiyuCheapStrBuff","PrismaMod:MiyuCheapAttack2"],"picked":"PrismaMod:MiyuUncommonDexBuff","floor":7},{"not_picked":["PrismaMod:MiyuCheapDexBuff","PrismaMod:MiyuDevil","PrismaMod:MiyuEvokeBuffStr"],"picked":"SKIP","floor":10},{"not_picked":["PrismaMod:MiyuCheapAttack1","PrismaMod:MiyuUncommonPlate"],"picked":"PrismaMod:MiyuChannelDefendEvoke","floor":11},{"not_picked":["PrismaMod:MiyuCheapChannelRandom","PrismaMod:MiyuCheapChannelWeak"],"picked":"PrismaMod:MiyuCheapEvoke","floor":14},{"not_picked":["PrismaMod:MiyuEvokeAllDefend","PrismaMod:MiyuCarnivalDefend"],"picked":"PrismaMod:MiyuChannelDefendEvoke","floor":16},{"not_picked":["PrismaMod:MiyuAttackChannelWeak","PrismaMod:MiyuMaid"],"picked":"PrismaMod:MiyuCheapStrBuff","floor":18},{"not_picked":["PrismaMod:MiyuCarnivalAttack","PrismaMod:MiyuCheapAttack2"],"picked":"PrismaMod:MiyuUncommonDexBuff","floor":19},{"not_picked":["PrismaMod:MiyuCommonAOEAttack","PrismaMod:MiyuEvokeAll"],"picked":"PrismaMod:MiyuCheapChannelAttack","floor":20},{"not_picked":["PrismaMod:MiyuCommonAOEAttack","PrismaMod:MiyuCheapStrBuff"],"picked":"PrismaMod:MiyuUncommonStrBuff","floor":22},{"not_picked":["infinitespire:Oblivion","infinitespire:TheBestDefense"],"picked":"ReplayTheSpireMod:??????????????????????","floor":25},{"not_picked":["PrismaMod:MiyuCommonAOEAttack","PrismaMod:MiyuUncommonPlate","PrismaMod:MiyuCheapChannelVul+1"],"picked":"SKIP","floor":28},{"not_picked":["PrismaMod:MiyuDefendChannelDefend","PrismaMod:MiyuChannelAttackEvoke"],"picked":"PrismaMod:MiyuDefenseAbsorbMinor","floor":33},{"not_picked":["PrismaMod:MiyuEvokeCheapDefend","PrismaMod:MiyuDefenseRemoval+1"],"picked":"PrismaMod:MiyuDefenseExplosion+1","floor":35},{"not_picked":["PrismaMod:MiyuCarnivalAttack+1","PrismaMod:MiyuMaid+1"],"picked":"PrismaMod:MiyuCheapChannelDefend","floor":36},{"not_picked":["PrismaMod:MiyuDefenseAbsorbMinor","PrismaMod:MiyuCheapChannelDefend"],"picked":"PrismaMod:MiyuChristmas+1","floor":37},{"not_picked":["PrismaMod:MiyuUncommonAttack","PrismaMod:MiyuEvokeBuffStr"],"picked":"PrismaMod:MiyuCheapAttack1+1","floor":38},{"not_picked":["PrismaMod:MiyuUberAttack","PrismaMod:MiyuEvokeBuffDex+1","PrismaMod:MiyuCheapChannelVul+1"],"picked":"SKIP","floor":39}],"player_experience":72992,"relics_obtained":[{"floor":6,"key":"Omamori"},{"floor":9,"key":"Mercury Hourglass"},{"floor":14,"key":"hubris:64BitClover"},{"floor":26,"key":"infinitespire:CheckeredPen"},{"floor":33,"key":"infinitespire:Broken Mirror"},{"floor":37,"key":"CatCart"}],"event_choices":[{"damage_healed":0,"gold_gain":0,"player_choice":"Got Potions","damage_taken":0,"max_hp_gain":0,"max_hp_loss":0,"event_name":"Lab","floor":2,"gold_loss":0},{"cards_removed":["yuri:RhapsodyCurse"],"damage_healed":0,"gold_gain":0,"player_choice":"Removed Curses","damage_taken":0,"max_hp_gain":0,"max_hp_loss":0,"event_name":"Fountain of Cleansing","floor":8,"gold_loss":0},{"cards_removed":["PrismaMod:MiyuCheapChannelHeal"],"damage_healed":0,"gold_gain":0,"player_choice":"Card Removal","damage_taken":7,"max_hp_gain":0,"max_hp_loss":0,"event_name":"Golden Wing","floor":13,"gold_loss":0},{"damage_healed":0,"gold_gain":0,"player_choice":"Shed Blood","damage_taken":19,"max_hp_gain":5,"max_hp_loss":0,"event_name":"Forgotten Altar","floor":29,"gold_loss":0},{"damage_healed":0,"gold_gain":0,"player_choice":"Fight","damage_taken":0,"max_hp_gain":0,"max_hp_loss":0,"event_name":"OrinTheCat","floor":37,"gold_loss":0}],"is_beta":false,"boss_relics":[{"not_picked":["hubris:Backtick","hubris:GrandSneckoEye"],"picked":"hubris:VirtuousBlindfold"},{"not_picked":["Empty Cage","construct:WeddingRing"],"picked":"PrismaMod:PrismaSapphireUpgrade"}],"items_purged_floors":[24],"is_endless":false,"potions_floor_spawned":[4,7,14,18,20,22,28,33,36,39],"killed_by":"Nemesis","ascension_level":0}}