{"host":"uvmuduost5bzvojs","time":1611545838,"event":{"mods":["Aspiration","Bard","BaseMod","Better Match","Block Reminder","Conspire","Hermit","Highlight Path","Hubris","Infinite Spire","Jorbs\u0027s Wanderer Trilogy","Mad Scientist","Marisa????????","Mimic Mod","Minty Spire (QoL Compilation)","Potionbrewer","Replay The Spire","Robot Space Explorer","StSLib","The Blackbeard","The Construct","The Cursed","The Disciple","The Hayseed","The Hierophant","The Juggle","The Jungle","The Poker Player","The Runesmith","The Servant 0.9.4","The Spell Scribe","The Valiant","TheBandit"],"gold_per_floor":[111,111,121,141,153,186,186,235,309,113,113,2,21,34,34,136,136,156,255,180,180,6,32,32,32,58,77,89,89,103,103,103,199,299,316,316,326,326,346,377,377,391,427,440,440,440],"floor_reached":45,"language":"ENG","playtime":3087,"items_purged":["ReplayTheSpireMod:Splinters","Runesmith:Strike_RS","Runesmith:Strike_RS","Runesmith:Strike_RS"],"score":590,"play_id":"fb91f18d-8c27-40d7-853f-d9d8eaeb8540","local_time":"20210124223718","is_ascension_mode":false,"campfire_choices":[{"data":"Runesmith:Grindstone","floor":7,"key":"SMITH"},{"floor":11,"key":"REST"},{"data":"Runesmith:PoweredAnvil","floor":15,"key":"SMITH"},{"data":"Runesmith:Firestorm","floor":25,"key":"SMITH"},{"data":"Runesmith:Retool","floor":29,"key":"SMITH"},{"data":"Runesmith:GrandSlam","floor":32,"key":"SMITH"},{"floor":41,"key":"REST"}],"circlet_count":0,"master_deck":["Runesmith:Defend_RS","Runesmith:Defend_RS","Runesmith:Defend_RS","Runesmith:Defend_RS","Runesmith:CraftFirestone+1","Runesmith:Fortify+1","Runesmith:ChargedHammer","Runesmith:Grindstone+1","Runesmith:OneForEveryone","Runesmith:CraftIncendium","Runesmith:ShiftingStrike","Runesmith:CreatorForm","Runesmith:PoweredAnvil+1","Runesmith:StaticCage","Runesmith:GoWithTheFlow","Runesmith:CraftSpiculum","Runesmith:CraftVitae","Runesmith:CraftIncendium","Runesmith:GrandSlam+1","Runesmith:CraftReservo+1","Runesmith:Firestorm+1","Runesmith:Empowerment","Runesmith:LithiumIon","Runesmith:Retool+1","Runesmith:MetallurgicalResearch","Runesmith:Retool+1","infinitespire:Collect","Runesmith:CraftMagma","Runesmith:PoweredAnvil"],"relics":["Runesmith:BrokenRuby","infinitespire:WardingShard","conspire:BottledYoYo","infinitespire:Broken Mirror","conspire:SeveredTorchhead","infinitespire:ShieldingShard","hubris:Reverence","Bag of Preparation","Anchor","Replay:Wanted Poster","Bottled Flame","hubris:Icosahedron","Winged Necklace","Replay:Arrowhead"],"acts_visited":["Exordium","TheCity","TheBeyond"],"potions_floor_usage":[16,16,16,33,33,33,40,45,45],"damage_taken":[{"damage":3,"enemies":"Small Slimes","floor":1,"turns":4},{"damage":0,"enemies":"Cultist","floor":3,"turns":3},{"damage":2,"enemies":"2 Louse","floor":4,"turns":3},{"damage":0,"enemies":"Blue Slaver","floor":5,"turns":3},{"damage":59,"enemies":"Gremlin Nob","floor":6,"turns":5},{"damage":3,"enemies":"2 Fungi Beasts","floor":13,"turns":3},{"damage":2,"enemies":"3 Louse","floor":14,"turns":4},{"damage":0,"enemies":"Hexaghost","floor":16,"turns":10},{"damage":2,"enemies":"2 Thieves","floor":18,"turns":4},{"damage":17,"enemies":"Book of Stabbing","floor":23,"turns":3},{"damage":1,"enemies":"Shell Parasite","floor":27,"turns":4},{"damage":9,"enemies":"Snecko","floor":28,"turns":5},{"damage":18,"enemies":"Shelled Parasite and Fungi","floor":30,"turns":5},{"damage":0,"enemies":"Champ","floor":33,"turns":11},{"damage":1,"enemies":"Orb Walker","floor":35,"turns":5},{"damage":0,"enemies":"3 Shapes","floor":37,"turns":3},{"damage":13,"enemies":"3 Darklings","floor":39,"turns":5},{"damage":29,"enemies":"Reptomancer","floor":40,"turns":5},{"damage":14,"enemies":"Jaw Worm Horde","floor":42,"turns":4},{"damage":2,"enemies":"Sphere and 2 Shapes","floor":43,"turns":8},{"damage":9,"enemies":"Sphere and 2 Shapes","floor":44,"turns":5},{"damage":25,"enemies":"conspire:MimicChest","floor":45,"turns":3}],"seed_played":"-1910835857785777531","potions_obtained":[{"floor":4,"key":"LifebloodPotion"},{"floor":6,"key":"Fire Potion"},{"floor":8,"key":"LifebloodPotion"},{"floor":18,"key":"PowerPotion"},{"floor":27,"key":"Languid Potion"},{"floor":30,"key":"SkillPotion"},{"floor":33,"key":"Adrenaline Potion"},{"floor":39,"key":"Adrenaline Potion"},{"floor":40,"key":"SteroidPotion"},{"floor":42,"key":"FearPotion"}],"is_trial":false,"path_per_floor":["M","?","M","M","M","E","R","?","T","$","R","$","M","M","R","B",null,"M","?","?","?","$","E","AVR","R","T","M","M","R","M","?","R","B",null,"M","AVR","M","?","M","E","R","M","MIM","M","?"],"character_chosen":"RUNESMITH_CLASS","items_purchased":["Runesmith:PoweredAnvil","Runesmith:StaticCage","Runesmith:GoWithTheFlow","Runesmith:CraftSpiculum","Runesmith:Firestorm"],"campfire_rested":2,"item_purchase_floors":[10,10,12,12,22],"current_hp_per_floor":[67,67,67,65,65,6,6,6,6,6,27,27,24,22,22,22,70,68,68,68,68,68,51,51,51,51,50,41,41,23,16,16,16,70,69,69,69,69,56,27,48,34,32,23,0,0],"gold":440,"neow_bonus":"RANDOM_EVENT","is_daily":false,"chose_seed":false,"campfire_upgraded":5,"win_rate":0.0,"timestamp":1611545838,"path_taken":["M","?","?","M","?","E","R","?","T","$","R","$","?","M","R","BOSS","M","?","?","?","?","E","AVR","R","T","M","M","R","M","?","R","BOSS","M","AVR","M","?","M","E","R","M","MIM","M","?"],"items_purchased_type":["Card","Card","Card","Card","Card"],"build_version":"2020-12-22","purchased_purges":4,"victory":false,"max_hp_per_floor":[70,70,70,70,70,70,70,70,70,70,70,70,70,70,70,70,70,70,70,70,70,70,70,70,70,70,70,70,70,70,70,70,70,70,70,70,70,70,70,70,70,70,70,70,70,70],"card_choices":[{"not_picked":["Runesmith:MakeshiftArmor","Runesmith:Overpower"],"picked":"Runesmith:ChargedHammer","floor":1},{"not_picked":["Runesmith:Reinforce","Runesmith:EarthShield"],"picked":"Runesmith:Grindstone","floor":3},{"not_picked":["Runesmith:HeatExchange","Runesmith:RuneHurl"],"picked":"Runesmith:OneForEveryone","floor":4},{"not_picked":["Runesmith:HammerThrow","Runesmith:EarthShield"],"picked":"Runesmith:CraftIncendium","floor":5},{"not_picked":["Runesmith:UnstableHammer","Runesmith:Firewall"],"picked":"Runesmith:ShiftingStrike","floor":6},{"not_picked":["Runesmith:Repurpose","Runesmith:CraftMagma"],"picked":"Runesmith:CreatorForm","floor":8},{"not_picked":["Runesmith:Firewall","aspiration:UnbridledHammer"],"picked":"Runesmith:CraftVitae","floor":13},{"not_picked":["Runesmith:HammerAndChisel","Runesmith:HammerTime"],"picked":"Runesmith:CraftIncendium","floor":14},{"not_picked":["Runesmith:CreatorForm","Runesmith:Supernova"],"picked":"Runesmith:GrandSlam","floor":16},{"not_picked":["Runesmith:MakeshiftArmor","Runesmith:HammerThrow"],"picked":"Runesmith:CraftReservo+1","floor":18},{"not_picked":["Runesmith:ShiftingStrike","Runesmith:CraftProtectio"],"picked":"Runesmith:Empowerment","floor":23},{"not_picked":["Runesmith:EarthShield","Runesmith:HeatedChisel+1"],"picked":"Runesmith:LithiumIon","floor":27},{"not_picked":["Runesmith:CraftMagma","Runesmith:Overpower"],"picked":"Runesmith:Retool","floor":28},{"not_picked":["Runesmith:CraftIncendium","Runesmith:Repurpose+1","Runesmith:HeatExchange+1"],"picked":"SKIP","floor":30},{"not_picked":["Runesmith:LastStand","Runesmith:GrandSlam"],"picked":"Runesmith:MetallurgicalResearch","floor":33},{"not_picked":["Runesmith:RuneHurl","Runesmith:StaticCage"],"picked":"Runesmith:Retool+1","floor":35},{"not_picked":["Runesmith:EnergizedChisel+1","Runesmith:EarthShield+1","Runesmith:FieryHammer"],"picked":"SKIP","floor":37},{"not_picked":["Runesmith:Overpower","Runesmith:FissionHammer"],"picked":"Runesmith:CraftMagma","floor":39},{"not_picked":["Runesmith:StaticCage+1","Runesmith:UnlimitedPower","Runesmith:Firestorm"],"picked":"SKIP","floor":40},{"not_picked":["Runesmith:ChargedHammer","Runesmith:StaticCage+1","Runesmith:Permafrost"],"picked":"SKIP","floor":42},{"not_picked":["Runesmith:MakeshiftArmor","Runesmith:CraftMagma+1"],"picked":"Runesmith:PoweredAnvil","floor":43},{"not_picked":["Runesmith:CraftProtectio","Runesmith:ChiselStab+1","Runesmith:FieryHammer+1"],"picked":"SKIP","floor":44}],"player_experience":1784047,"relics_obtained":[{"floor":6,"key":"infinitespire:WardingShard"},{"floor":8,"key":"conspire:BottledYoYo"},{"floor":9,"key":"infinitespire:Broken Mirror"},{"floor":23,"key":"infinitespire:ShieldingShard"},{"floor":26,"key":"Bag of Preparation"},{"floor":40,"key":"Winged Necklace"},{"floor":43,"key":"Replay:Arrowhead"}],"event_choices":[{"damage_healed":0,"gold_gain":0,"player_choice":"Forge","damage_taken":0,"max_hp_gain":0,"max_hp_loss":0,"event_name":"Accursed Blacksmith","floor":2,"gold_loss":0,"cards_upgraded":["Runesmith:CraftFirestone"]},{"damage_healed":0,"gold_gain":99,"player_choice":"Stole From Cult","damage_taken":0,"max_hp_gain":0,"max_hp_loss":0,"event_name":"Nest","floor":19,"gold_loss":0},{"cards_removed":["Runesmith:Strike_RS"],"damage_healed":0,"gold_gain":0,"player_choice":"Gave Gold","damage_taken":0,"max_hp_gain":0,"max_hp_loss":0,"event_name":"Beggar","floor":20,"gold_loss":75},{"damage_healed":0,"gold_gain":0,"player_choice":"Leave","damage_taken":0,"max_hp_gain":0,"max_hp_loss":0,"event_name":"conspire:Investor","floor":21,"gold_loss":0},{"damage_healed":0,"gold_gain":0,"player_choice":"Anchor","damage_taken":0,"relics_obtained":["Anchor"],"max_hp_gain":0,"max_hp_loss":0,"event_name":"blackbeard:ShipwreckEvent","floor":31,"gold_loss":0}],"is_beta":false,"boss_relics":[{"not_picked":["aspiration:PoetsPen_weak","ChewingGum"],"picked":"conspire:SeveredTorchhead"},{"not_picked":["hubris:GrandSneckoEye","Abe\u0027s Treasure"],"picked":"Replay:Wanted Poster"}],"items_purged_floors":[10,22,24,36],"is_endless":false,"potions_floor_spawned":[4,6,13,14,18,27,30,33,39,40,42,44],"killed_by":"conspire:MimicChest","ascension_level":0}}