{"host":"j0e3xzyxe6w4yncp","time":1611610661,"event":{"mods":["2.2 Compatiblity","BaseMod","Colored Map","Colored Powertips","Downfall","Minty Spire (QoL Compilation)","Quick Restart","Shop Mod","StSLib"],"gold_per_floor":[99,99,99,99,99,124,124,124,141,160,172,172,172,172],"floor_reached":12,"language":"ENG","playtime":564,"items_purged":[],"score":76,"play_id":"0b040151-f2a1-4d48-9ba9-8e4725c343ff","local_time":"20210125163741","is_ascension_mode":false,"campfire_choices":[{"data":"champ:Taunt","floor":1.0,"key":"SMITH"}],"circlet_count":1,"master_deck":["champ:Strike","champ:Strike","champ:Strike","champ:Strike","champ:Defend","champ:Defend","champ:Defend","champ:Defend","champ:Execute+1","champ:Taunt+1","champ:FanOfKnives","champ:PerfectedStrike","champ:BerserkersShout","champ:Backstep","champ:RecklessLeap","champ:AdrenalArmor","Madness"],"relics":["champ:ChampionCrown","downfall:HeartsMalice","Peace Pipe","Circlet","champ:LiftRelic"],"acts_visited":["Exordium"],"potions_floor_usage":[],"damage_taken":[{"damage":0.0,"enemies":"2 Louse","floor":3.0,"turns":1.0},{"damage":0.0,"enemies":"Cultist","floor":4.0,"turns":1.0},{"damage":0.0,"enemies":"Small Slimes","floor":5.0,"turns":1.0},{"damage":46.0,"enemies":"Replay:BlueRogue","floor":6.0,"turns":7.0},{"damage":2.0,"enemies":"3 Louse","floor":9.0,"turns":3.0},{"damage":36.0,"enemies":"Gremlin Gang","floor":10.0,"turns":4.0},{"damage":26.0,"enemies":"Red Slaver","floor":11.0,"turns":2.0},{"damage":0,"enemies":"3 Sentries","floor":12,"turns":1}],"seed_played":"-2694977622879733893","potions_obtained":[{"floor":9.0,"key":"champ:UltimateStancePotion"},{"floor":10.0,"key":"Cursed Concoction"},{"floor":11.0,"key":"SteroidPotion"}],"is_trial":false,"path_per_floor":["R","?","M","M","M","E","T","?","M","M","M","E"],"character_chosen":"THE_CHAMP","items_purchased":[],"campfire_rested":0,"item_purchase_floors":[],"current_hp_per_floor":[90,90,90,90,90,64,64,64,62,52,46,46,46,46],"gold":172,"neow_bonus":"THREE_ENEMY_KILL","is_daily":false,"chose_seed":false,"campfire_upgraded":1,"win_rate":0.0,"timestamp":1611610661,"path_taken":["R","?","M","M","?","E","T","?","M","M","M","E"],"items_purchased_type":[],"build_version":"2020-12-22","purchased_purges":0,"victory":false,"max_hp_per_floor":[90,90,90,90,90,90,90,90,90,90,90,90,90,90],"card_choices":[{"not_picked":["champ:DefensiveShout","champ:ViciousMockery"],"picked":"champ:FanOfKnives","floor":3.0},{"not_picked":["champ:Circumvent","champ:BladeFlurry"],"picked":"champ:PerfectedStrike","floor":4.0},{"not_picked":["champ:CrookedStrike","champ:HeartStrike"],"picked":"champ:BerserkersShout","floor":5.0},{"not_picked":["champ:FightOn","champ:FocusedBerserking"],"picked":"champ:Backstep","floor":6.0},{"not_picked":["champ:Riposte","champ:StanceDance"],"picked":"champ:RecklessLeap","floor":9.0},{"not_picked":["champ:BladeFlurry","champ:TornadoPunch"],"picked":"champ:AdrenalArmor","floor":10.0},{"not_picked":["champ:Backstep","champ:FlashCut"],"picked":"champ:GladiatorsShout","floor":11.0}],"player_experience":669233,"relics_obtained":[{"floor":6.0,"key":"Peace Pipe"},{"floor":7.0,"key":"infinitespire:WardingShard"}],"event_choices":[{"damage_healed":0.0,"max_hp_gain":0.0,"max_hp_loss":0.0,"gold_gain":0.0,"event_name":"Upgrade Shrine","player_choice":"Upgraded","floor":2.0,"gold_loss":0.0,"damage_taken":0.0,"cards_upgraded":["champ:Execute"]}],"is_beta":false,"boss_relics":[],"items_purged_floors":[],"is_endless":false,"potions_floor_spawned":[9,10,11],"killed_by":"3 Sentries","ascension_level":0}}