{"host":"hw9lt6p3yhr90vz0","time":1611536797,"event":{"mods":["BaseMod","DeckTracker","Minty Spire (QoL Compilation)","Relic Stats"],"gold_per_floor":[117,130,146,166,179,179,179,36,60,90,101,10,10,20,20,124,124,144,144,144,105,125,125,125,125,125,125,145,145,162,162,162,263,313,330,330,345,357,76,76,76,91,91,91,91,124,124,144,144,144,144],"floor_reached":50,"language":"ENG","playtime":5663,"items_purged":["Writhe"],"score":676,"play_id":"6a9dd31b-cf4a-47a3-8853-5dacd316086d","local_time":"20210124200637","is_ascension_mode":true,"campfire_choices":[{"floor":7,"key":"RECALL"},{"floor":13,"key":"REST"},{"data":"Bandage Up","floor":15,"key":"SMITH"},{"floor":23,"key":"REST"},{"floor":25,"key":"REST"},{"data":"Eruption","floor":27,"key":"SMITH"},{"data":"TalkToTheHand","floor":29,"key":"SMITH"},{"data":"Vigilance","floor":32,"key":"SMITH"},{"floor":40,"key":"REST"},{"data":"Strike_P","floor":47,"key":"PURGE"},{"floor":49,"key":"REST"}],"circlet_count":0,"master_deck":["Strike_P","Defend_P","Defend_P+1","Defend_P+1","Defend_P","Eruption+1","Vigilance+1","Bandage Up+1","TalkToTheHand+1","ReachHeaven+1","Consecrate","EmptyMind+1","Evaluate+1","DeceiveReality","DevaForm","LikeWater","Consecrate","WindmillStrike","LessonLearned","CurseOfTheBell","ForeignInfluence+1","Necronomicurse","Swivel","LikeWater+1","FollowUp+1","EmptyBody","MasterReality","Study","ClearTheMind","Bandage Up","The Bomb","Chrysalis","CrushJoints+1","ReachHeaven+1","Sanctity","LikeWater+1","Protect+1","Meditate","Madness","Madness","PathToVictory+1","Vault","ReachHeaven"],"relics":["PureWater","Lantern","Regal Pillow","Calling Bell","Juzu Bracelet","HornCleat","Ginger","Necronomicon","Kunai","Dream Catcher","Tiny House","Eternal Feather","Peace Pipe"],"acts_visited":["Exordium","TheCity","TheBeyond"],"potions_floor_usage":[3,5,16,16,18,22,28,33,35,38,39,42,46],"damage_taken":[{"damage":3,"enemies":"2 Louse","floor":1,"turns":3},{"damage":2,"enemies":"Cultist","floor":2,"turns":5},{"damage":0,"enemies":"Jaw Worm","floor":3,"turns":3},{"damage":0,"enemies":"Large Slime","floor":4,"turns":3},{"damage":11,"enemies":"Looter","floor":5,"turns":2},{"damage":40,"enemies":"3 Sentries","floor":10,"turns":10},{"damage":2,"enemies":"Exordium Wildlife","floor":11,"turns":3},{"damage":0,"enemies":"Blue Slaver","floor":14,"turns":2},{"damage":0,"enemies":"Slime Boss","floor":16,"turns":6},{"damage":32,"enemies":"3 Byrds","floor":18,"turns":8},{"damage":7,"enemies":"Shell Parasite","floor":22,"turns":5},{"damage":0,"enemies":"Snecko","floor":28,"turns":5},{"damage":0,"enemies":"Centurion and Healer","floor":30,"turns":6},{"damage":29,"enemies":"Champ","floor":33,"turns":10},{"damage":0,"enemies":"Orb Walker","floor":35,"turns":3},{"damage":10,"enemies":"3 Shapes","floor":37,"turns":8},{"damage":58,"enemies":"Sphere and 2 Shapes","floor":38,"turns":6},{"damage":0,"enemies":"Spire Growth","floor":42,"turns":5},{"damage":18,"enemies":"Nemesis","floor":46,"turns":9},{"damage":71,"enemies":"Jaw Worm Horde","floor":48,"turns":7},{"damage":92,"enemies":"Awakened One","floor":50,"turns":7}],"seed_played":"7169827043047906785","potions_obtained":[{"floor":2,"key":"Weak Potion"},{"floor":3,"key":"SpeedPotion"},{"floor":4,"key":"BottledMiracle"},{"floor":14,"key":"DuplicationPotion"},{"floor":16,"key":"Weak Potion"},{"floor":18,"key":"BlessingOfTheForge"},{"floor":22,"key":"ColorlessPotion"},{"floor":30,"key":"Dexterity Potion"},{"floor":34,"key":"Ambrosia"},{"floor":37,"key":"Swift Potion"},{"floor":38,"key":"Ancient Potion"},{"floor":42,"key":"EssenceOfSteel"}],"is_trial":false,"path_per_floor":["M","M","M","M","M","?","R","$","T","E","M","$","R","M","R","B",null,"M","?","?","$","M","R","?","R","T","R","M","R","M","?","R","B",null,"M","?","M","M","$","R","?","M","T","?","?","E","R","M","R","B"],"character_chosen":"WATCHER","items_purchased":["Lantern","LikeWater","Consecrate","Swivel","Sanctity","Fruit Juice","LikeWater"],"campfire_rested":5,"item_purchase_floors":[8,12,12,21,39,39,39],"current_hp_per_floor":[72,72,72,72,65,65,65,65,65,29,31,31,67,67,67,72,72,46,46,30,30,29,65,52,77,77,77,77,77,77,77,77,54,82,82,72,72,24,29,70,70,76,76,65,65,57,81,14,79,0,0],"gold":144,"neow_bonus":"RANDOM_COLORLESS","is_daily":false,"chose_seed":false,"campfire_upgraded":4,"win_rate":0.0,"timestamp":1611536797,"path_taken":["M","M","M","M","M","?","R","$","T","E","M","$","R","?","R","BOSS","M","?","?","$","M","R","?","R","T","R","M","R","M","?","R","BOSS","M","?","M","M","$","R","?","M","T","?","?","E","R","M","R","BOSS"],"items_purchased_type":["Relic","Card","Card","Card","Card","Potion","Card"],"build_version":"2020-12-22","purchased_purges":1,"victory":false,"max_hp_per_floor":[72,72,72,72,72,72,72,72,72,72,72,72,72,72,72,72,72,72,72,72,72,72,72,77,77,77,77,77,77,77,77,77,77,82,82,82,82,82,87,87,87,87,87,87,87,87,87,87,87,87,87],"relic_stats":{"Peace Pipe":1,"Regal Pillow":62,"Dream Catcher":2,"counters":[21,116],"Eternal Feather":48,"Juzu Bracelet":1,"Necronomicon":[22],"Ginger":[4],"Kunai":[24],"obtain_stats":[{"Lantern":8,"Regal Pillow":10,"Tiny House":34,"Eternal Feather":43,"Juzu Bracelet":17,"Ginger":17,"Calling Bell":17,"Peace Pipe":46,"Dream Catcher":31,"HornCleat":17,"Necronomicon":20,"Kunai":26,"PureWater":0},{"Lantern":5,"Regal Pillow":6,"Tiny House":14,"Eternal Feather":18,"Juzu Bracelet":9,"Ginger":9,"Calling Bell":9,"Peace Pipe":19,"Dream Catcher":13,"HornCleat":9,"Necronomicon":10,"Kunai":11,"PureWater":0},{"Lantern":16,"Regal Pillow":26,"Tiny House":71,"Eternal Feather":93,"Juzu Bracelet":37,"Ginger":37,"Calling Bell":37,"Peace Pipe":102,"Dream Catcher":61,"HornCleat":37,"Necronomicon":45,"Kunai":50,"PureWater":0}]},"card_choices":[{"not_picked":["Deep Breath","Mind Blast"],"picked":"Bandage Up","floor":0},{"not_picked":["SashWhip","InnerPeace"],"picked":"TalkToTheHand","floor":1},{"not_picked":["Protect","WheelKick"],"picked":"ReachHeaven","floor":2},{"not_picked":["ThirdEye","Protect"],"picked":"Consecrate","floor":3},{"not_picked":["Protect","Worship"],"picked":"EmptyMind","floor":4},{"not_picked":["Omniscience","ThirdEye"],"picked":"Evaluate","floor":5},{"not_picked":["Prostrate","EmptyBody"],"picked":"DeceiveReality","floor":10},{"not_picked":["EmptyBody","FlyingSleeves"],"picked":"DevaForm","floor":11},{"not_picked":["Weave","WaveOfTheHand"],"picked":"WindmillStrike","floor":14},{"not_picked":["Brilliance","Vault"],"picked":"LessonLearned","floor":16},{"not_picked":["Crescendo","Pray"],"picked":"ForeignInfluence+1","floor":18},{"not_picked":["CrushJoints","EmptyFist"],"picked":"LikeWater","floor":22},{"not_picked":["PathToVictory+1","InnerPeace"],"picked":"FollowUp+1","floor":28},{"not_picked":["CarveReality","SashWhip"],"picked":"EmptyBody","floor":30},{"not_picked":["Devotion","Scrawl"],"picked":"MasterReality","floor":33},{"not_picked":["CutThroughFate+1","Consecrate"],"picked":"Study","floor":34},{"not_picked":["FollowUp+1","PathToVictory"],"picked":"ClearTheMind","floor":35},{"not_picked":["Madness","Swift Strike"],"picked":"Bandage Up","floor":36},{"not_picked":["Finesse","Metamorphosis"],"picked":"The Bomb","floor":36},{"not_picked":["The Bomb","Deep Breath"],"picked":"Chrysalis","floor":36},{"not_picked":["PathToVictory","InnerPeace+1"],"picked":"CrushJoints+1","floor":37},{"not_picked":["Evaluate+1","Tantrum+1"],"picked":"ReachHeaven+1","floor":38},{"not_picked":["ClearTheMind+1","Halt+1"],"picked":"Protect+1","floor":40},{"not_picked":["FearNoEvil","Sanctity"],"picked":"Meditate","floor":42},{"not_picked":["Consecrate+1","Collect"],"picked":"PathToVictory+1","floor":46},{"not_picked":["Halt+1","FlurryOfBlows+1"],"picked":"Vault","floor":48},{"not_picked":["Crescendo","Conclude+1"],"picked":"ReachHeaven","floor":49}],"player_experience":1272663,"relics_obtained":[{"floor":10,"key":"Regal Pillow"},{"floor":17,"key":"Juzu Bracelet"},{"floor":17,"key":"HornCleat"},{"floor":17,"key":"Ginger"},{"floor":20,"key":"Necronomicon"},{"floor":26,"key":"Kunai"},{"floor":43,"key":"Eternal Feather"},{"floor":46,"key":"Peace Pipe"}],"event_choices":[{"cards_removed":["Strike_P"],"damage_healed":0,"gold_gain":0,"player_choice":"Purged","damage_taken":0,"max_hp_gain":0,"max_hp_loss":0,"event_name":"Purifier","floor":6,"gold_loss":0},{"damage_healed":0,"gold_gain":0,"player_choice":"Ignored","damage_taken":0,"max_hp_gain":0,"max_hp_loss":0,"event_name":"Beggar","floor":19,"gold_loss":0},{"damage_healed":0,"gold_gain":0,"player_choice":"Obtained Book","damage_taken":16,"max_hp_gain":0,"max_hp_loss":0,"event_name":"Cursed Tome","floor":20,"gold_loss":0},{"damage_healed":0,"gold_gain":0,"player_choice":"Shed Blood","damage_taken":18,"max_hp_gain":5,"max_hp_loss":0,"event_name":"Forgotten Altar","floor":24,"gold_loss":0},{"damage_healed":0,"gold_gain":0,"player_choice":"Opened","damage_taken":0,"relics_obtained":["Dream Catcher"],"max_hp_gain":0,"max_hp_loss":0,"event_name":"The Mausoleum","floor":31,"gold_loss":0,"cards_obtained":["Writhe"]},{"damage_healed":0,"gold_gain":0,"player_choice":"Memory 3","damage_taken":10,"max_hp_gain":0,"max_hp_loss":0,"event_name":"SensoryStone","floor":36,"gold_loss":0},{"cards_removed":["Strike_P"],"damage_healed":0,"gold_gain":0,"player_choice":"Removed Attack","damage_taken":0,"max_hp_gain":0,"max_hp_loss":0,"event_name":"Falling","floor":41,"gold_loss":0},{"damage_healed":0,"gold_gain":0,"player_choice":"Embrace Madness","damage_taken":11,"max_hp_gain":0,"max_hp_loss":0,"event_name":"Winding Halls","floor":44,"gold_loss":0,"cards_obtained":["Madness","Madness"]},{"damage_healed":0,"gold_gain":0,"player_choice":"Ignored","damage_taken":0,"max_hp_gain":0,"max_hp_loss":0,"event_name":"Mysterious Sphere","floor":45,"gold_loss":0}],"is_beta":false,"boss_relics":[{"not_picked":["Velvet Choker","Coffee Dripper"],"picked":"Calling Bell"},{"not_picked":["Cursed Key","SacredBark"],"picked":"Tiny House"}],"items_purged_floors":[39],"is_endless":false,"potions_floor_spawned":[2,3,4,14,16,18,22,30,37,38,42],"killed_by":"Awakened One","ascension_level":4}}