{"host":"clf2hd4adhiiw0zf","time":1611567968,"event":{"mods":["AchievementEnabler","BaseMod","Beaked The Cultist","Bestiary","Dark Map","Downfall","Gremlin Mod","Hermit","Jorbs\u0027s Wanderer Trilogy","Marisa????????","Minty Spire (QoL Compilation)","Shop Mod","StSLib","The Cursed","The Servant 0.9.4","UnlockEverythingMod","Wide Potions"],"gold_per_floor":[118,118,129,129,129,129,129,159,159,193,211,211,236,247,247,352,352,371,389,389,438,449,481,481,512,512,529,411,431,448,476,476,573,573,583,144,444,454,504,504,504,504],"floor_reached":40,"language":"ENG","playtime":1812,"items_purged":["bronze:Strike"],"score":563,"play_id":"b1e571d0-b8ea-4a1f-8e47-cdbdab152e3e","local_time":"20210125024608","is_ascension_mode":true,"campfire_choices":[{"floor":6.0,"key":"RECALL"},{"floor":12.0,"key":"REST"},{"floor":15.0,"key":"REST"},{"data":"Ghostly","floor":24.0,"key":"SMITH"},{"data":"Ghostly","floor":32.0,"key":"SMITH"}],"circlet_count":0,"master_deck":["bronze:Strike","bronze:Strike+1","bronze:Defend","bronze:Defend","bronze:Defend","bronze:Defend","bronze:Replicate+1","bronze:Goto","bronze:Iterate+1","bronze:Philosophize+1","bronze:Iterate","bronze:Frontload","bronze:Return","bronze:Branch","bronze:FineTuning","bronze:Flail","bronze:AlphaBuild","bronze:DigitalCarnage","bronze:ItsAFeature","Ghostly+1","Ghostly","Ghostly+1","Ghostly","Ghostly","bronze:BuggyMess","bronze:Separator","bronze:Shield+1","bronze:Terminator","bronze:Turbo","bronze:CloningBeam","bronze:FollowUp","bronze:RecursiveStrike","bronze:Shell"],"relics":["bronze:PlatinumCore","Juzu Bracelet","Darkstone Periapt","Lantern","The Courier","SacredBark","Dream Catcher","Pen Nib","Eternal Feather","Pear","Bag of Preparation","Akabeko","MealTicket","beaked:ShinyBauble","Du-Vu Doll"],"acts_visited":["Exordium","TheCity","TheBeyond"],"potions_floor_usage":[40],"damage_taken":[{"damage":0.0,"enemies":"Cultist","floor":1.0,"turns":3.0},{"damage":9.0,"enemies":"2 Louse","floor":3.0,"turns":3.0},{"damage":23.0,"enemies":"Lagavulin","floor":8.0,"turns":6.0},{"damage":11.0,"enemies":"Gremlin Nob","floor":10.0,"turns":4.0},{"damage":7.0,"enemies":"Jaw Worm","floor":11.0,"turns":2.0},{"damage":1.0,"enemies":"Lagavulin","floor":13.0,"turns":5.0},{"damage":10.0,"enemies":"Exordium Thugs","floor":14.0,"turns":3.0},{"damage":15.0,"enemies":"Slime Boss","floor":16.0,"turns":8.0},{"damage":12.0,"enemies":"Shell Parasite","floor":18.0,"turns":3.0},{"damage":20.0,"enemies":"2 Thieves","floor":19.0,"turns":3.0},{"damage":0.0,"enemies":"Sentry and Sphere","floor":22.0,"turns":5.0},{"damage":2.0,"enemies":"Book of Stabbing","floor":23.0,"turns":3.0},{"damage":25.0,"enemies":"Gremlin Leader","floor":25.0,"turns":9.0},{"damage":13.0,"enemies":"Centurion and Healer","floor":27.0,"turns":9.0},{"damage":4.0,"enemies":"Cultist and Chosen","floor":29.0,"turns":6.0},{"damage":4.0,"enemies":"Shelled Parasite and Fungi","floor":30.0,"turns":6.0},{"damage":13.0,"enemies":"Slavers","floor":31.0,"turns":8.0},{"damage":4.0,"enemies":"Automaton","floor":33.0,"turns":8.0},{"damage":10.0,"enemies":"Orb Walker","floor":35.0,"turns":3.0},{"damage":2.0,"enemies":"3 Shapes","floor":38.0,"turns":6.0},{"damage":24.0,"enemies":"Mind Bloom Boss Battle","floor":39.0,"turns":5.0},{"damage":86,"enemies":"Giant Head","floor":40,"turns":7}],"seed_played":"2381757368658940636","potions_obtained":[{"floor":1.0,"key":"LiquidBronze"},{"floor":8.0,"key":"BlessingOfTheForge"},{"floor":13.0,"key":"AttackPotion"},{"floor":16.0,"key":"Explosive Potion"},{"floor":19.0,"key":"EntropicBrew"},{"floor":22.0,"key":"hexamod:SoulburnPotion"},{"floor":27.0,"key":"LiquidBronze"},{"floor":33.0,"key":"Regen Potion"}],"is_trial":false,"path_per_floor":["M","?","M","?","?","R","?","E","T","E","M","R","E","M","R","B",null,"M","M","?","T","M","E","R","E","T","M","$","M","M","E","R","B",null,"M","$","?","M","?","E"],"character_chosen":"THE_AUTOMATON","items_purchased":["Bag of Preparation","bronze:Shell","MealTicket","beaked:ShinyBauble"],"campfire_rested":2,"item_purchase_floors":[28,36,36,36],"current_hp_per_floor":[70,70,61,61,61,61,47,24,24,13,6,27,26,16,37,22,70,58,38,35,35,35,33,33,8,18,5,5,41,37,24,42,38,45,35,35,35,33,9,0,0,0],"gold":504,"neow_bonus":"RANDOM_COMMON_RELIC","is_daily":false,"chose_seed":false,"campfire_upgraded":2,"win_rate":0.0,"timestamp":1611567968,"path_taken":["M","?","M","?","?","R","?","E","T","E","M","R","E","M","R","BOSS","M","M","?","?","M","E","R","E","T","M","$","M","M","E","R","BOSS","M","$","?","M","?","E"],"items_purchased_type":["Relic","Card","Relic","Relic"],"build_version":"2020-12-22","purchased_purges":1,"victory":false,"max_hp_per_floor":[70,70,70,70,70,70,70,70,70,70,70,70,70,70,70,70,70,70,70,35,35,35,35,35,35,45,45,45,45,45,45,45,45,45,45,45,45,45,45,45,45,45],"card_choices":[{"not_picked":["bronze:Repair","bronze:Shield"],"picked":"bronze:Iterate","floor":1.0},{"not_picked":["bronze:DelayedSlice","bronze:CloningBeam"],"picked":"bronze:Philosophize","floor":3.0},{"not_picked":["bronze:Invalidate","bronze:BitShift"],"picked":"bronze:Frontload","floor":8.0},{"not_picked":["bronze:DelayedSlice","bronze:CutThrough"],"picked":"bronze:Return","floor":10.0},{"not_picked":["bronze:BronzeArmor","bronze:Iterate"],"picked":"bronze:Branch","floor":11.0},{"not_picked":["bronze:Separator","bronze:Shell"],"picked":"bronze:FineTuning","floor":13.0},{"not_picked":["bronze:Optimize","bronze:BuggyMess"],"picked":"bronze:Flail","floor":14.0},{"not_picked":["bronze:FindAndReplace","bronze:Virus"],"picked":"bronze:AlphaBuild","floor":16.0},{"not_picked":["bronze:CutThrough","bronze:Deprecate"],"picked":"bronze:DigitalCarnage","floor":18.0},{"not_picked":["bronze:Invalidate","bronze:Shield"],"picked":"bronze:ItsAFeature","floor":19.0},{"not_picked":["bronze:DelayedGuard","bronze:Return"],"picked":"bronze:BuggyMess","floor":22.0},{"not_picked":["bronze:Overload","bronze:WildBeam"],"picked":"bronze:Separator","floor":23.0},{"not_picked":["bronze:Overload","bronze:WildBeam"],"picked":"bronze:Shield+1","floor":25.0},{"not_picked":["bronze:BitShift","bronze:Virus"],"picked":"bronze:Terminator","floor":27.0},{"not_picked":["bronze:OilSpill","bronze:Shield"],"picked":"bronze:Turbo","floor":29.0},{"not_picked":["bronze:Branch+1","bronze:DelayedGuard+1"],"picked":"bronze:CloningBeam","floor":30.0},{"not_picked":["bronze:Return","bronze:Overheat"],"picked":"bronze:FollowUp","floor":31.0},{"not_picked":["bronze:FindAndReplace","bronze:Assembly"],"picked":"bronze:RecursiveStrike","floor":33.0},{"not_picked":["bronze:Separator","bronze:Shield","bronze:BronzeOrb"],"picked":"SKIP","floor":35.0},{"not_picked":["bronze:Constructor","bronze:WhirlingStrike+1","bronze:Return+1"],"picked":"SKIP","floor":38.0}],"player_experience":116132,"relics_obtained":[{"floor":8.0,"key":"Darkstone Periapt"},{"floor":10.0,"key":"Lantern"},{"floor":13.0,"key":"The Courier"},{"floor":21.0,"key":"Dream Catcher"},{"floor":23.0,"key":"Pen Nib"},{"floor":25.0,"key":"Eternal Feather"},{"floor":26.0,"key":"Pear"},{"floor":31.0,"key":"Akabeko"},{"floor":39.0,"key":"Du-Vu Doll"}],"event_choices":[{"damage_healed":0.0,"max_hp_gain":0.0,"max_hp_loss":0.0,"gold_gain":0.0,"event_name":"Upgrade Shrine","player_choice":"Upgraded","floor":2.0,"gold_loss":0.0,"damage_taken":0.0,"cards_upgraded":["bronze:Iterate"]},{"damage_healed":0.0,"max_hp_gain":0.0,"max_hp_loss":0.0,"gold_gain":0.0,"event_name":"Living Wall","player_choice":"Grow","floor":4.0,"gold_loss":0.0,"damage_taken":0.0,"cards_upgraded":["bronze:Philosophize"]},{"damage_healed":0.0,"max_hp_gain":0.0,"max_hp_loss":0.0,"gold_gain":0.0,"event_name":"Shining Light","player_choice":"Entered Light","floor":7.0,"gold_loss":0.0,"damage_taken":14.0,"cards_upgraded":["bronze:Strike","bronze:Replicate"]},{"damage_healed":0.0,"max_hp_gain":0.0,"max_hp_loss":35.0,"gold_gain":0.0,"event_name":"Ghosts","player_choice":"Became a Ghost","floor":20.0,"gold_loss":0.0,"damage_taken":0.0,"cards_obtained":["Ghostly","Ghostly","Ghostly","Ghostly","Ghostly"]},{"damage_healed":0.0,"max_hp_gain":0.0,"max_hp_loss":0.0,"gold_gain":300.0,"event_name":"Wheel of Change","player_choice":"Gold","floor":37.0,"gold_loss":0.0,"damage_taken":0.0},{"damage_healed":0.0,"max_hp_gain":0.0,"max_hp_loss":0.0,"gold_gain":0.0,"event_name":"MindBloom","player_choice":"Fight","floor":39.0,"gold_loss":0.0,"damage_taken":0.0}],"is_beta":false,"boss_relics":[{"not_picked":["Empty Cage","Sozu"],"picked":"SacredBark"},{"not_picked":["beaked:SacredDeck","SlaversCollar"],"picked":"bronze:PlatinumCore"}],"items_purged_floors":[36],"is_endless":false,"potions_floor_spawned":[1,8,13,16,19,22,27,33],"killed_by":"Giant Head","ascension_level":1}}