{"host":"cgwysqtmt736mr58","time":1611547399,"event":{"mods":["2.2 Compatiblity","Aspiration","BaseMod","Beaked The Cultist","Colored Map","Colored Powertips","Downfall","Googly Eyes","Halation","Hermit","Hubris","Infinite Spire","Lobotomy","LobotomyExtend","Marisa????????","Minty Spire (QoL Compilation)","Relic Stats","Replay The Spire","Shade Mod","StSLib","The Bug Knight","The Construct","The Cursed","The Disciple","The Exalted","The Jungle","The Necromancer","The Runesmith","The Servant 0.9.4","The Wild Card","Waifu the Spire","Yuri Mod","[IsaacMod]????"],"gold_per_floor":[161,181,181,192,208,264,264,282,282,282,282,299,310,343,359,359,359,359],"floor_reached":16,"language":"ENG","playtime":619,"items_purged":[],"score":114,"play_id":"c7e1f8f7-b380-46db-acca-92b029421374","local_time":"20210125150319","is_ascension_mode":true,"campfire_choices":[{"floor":9,"key":"REST"},{"floor":11,"key":"REST"}],"circlet_count":0,"master_deck":["bronze:Strike","bronze:Strike","bronze:Strike","bronze:Strike","bronze:Defend","bronze:Defend","bronze:Defend","bronze:Defend","bronze:Replicate","bronze:Goto","Injury","bronze:BurnOut","bronze:WhirlingStrike","bronze:Iterate","bronze:Iterate","bronze:CloningBeam","bronze:ItsAFeature","bronze:BronzeOrb","bronze:ItsAFeature","Pot Of Greed","Pot Of Greed","bronze:ChosenStrike","bronze:DelayedSlice"],"relics":["bronze:BronzeCore","HushsDoor","GuppysTail","LetterFromLob","ReplayTheSpireMod:TigerMarble","Runesmith:Nanobots","Grinning Jar"],"acts_visited":["Exordium"],"potions_floor_usage":[16,16],"damage_taken":[{"damage":6,"enemies":"2 Louse","floor":2,"turns":3},{"damage":7,"enemies":"Cultist","floor":4,"turns":4},{"damage":13,"enemies":"infinitespire:Voidling","floor":5,"turns":4},{"damage":30,"enemies":"3 Sentries","floor":6,"turns":7},{"damage":0,"enemies":"Exordium Wildlife","floor":8,"turns":1},{"damage":0,"enemies":"3 Louse","floor":12,"turns":2},{"damage":0,"enemies":"Lots of Slimes","floor":13,"turns":1},{"damage":40,"enemies":"HollowMod:MossKnight","floor":14,"turns":14},{"damage":2,"enemies":"Large Slime","floor":15,"turns":5},{"damage":21,"enemies":"SI_SHIV_ARCHETYPE","floor":16,"turns":4}],"seed_played":"1521122297782040146","potions_obtained":[{"floor":5,"key":"Weak Potion"},{"floor":8,"key":"GamblersBrew"},{"floor":12,"key":"Strength Potion"}],"is_trial":false,"path_per_floor":["R_BF","M","?","M","M","?","T","M","R","?","R","M","M","E","M","B"],"character_chosen":"THE_AUTOMATON","items_purchased":[],"campfire_rested":2,"item_purchase_floors":[],"current_hp_per_floor":[70,64,64,57,48,18,18,18,39,39,60,60,60,20,18,0,0,0],"gold":359,"neow_bonus":"THREE_RARE_CARDS","is_daily":false,"chose_seed":false,"campfire_upgraded":0,"win_rate":0.0,"timestamp":1611547399,"path_taken":["R_BF","M","?","M","?","?","T","M","R","?","R","M","M","E","M","BOSS"],"items_purchased_type":[],"build_version":"2020-12-22","purchased_purges":0,"victory":false,"max_hp_per_floor":[70,70,70,70,70,70,70,70,70,70,70,70,70,70,70,70,70,70],"relic_stats":{"counters":[10,45],"obtain_stats":[{"KeepersGift":0,"GuppysTail":2,"Runesmith:Nanobots":7,"bronze:BronzeCore":0,"LetterFromLob":2,"ReplayTheSpireMod:TigerMarble":6,"Grinning Jar":14,"HushsDoor":0},{"KeepersGift":0,"GuppysTail":1,"Runesmith:Nanobots":4,"bronze:BronzeCore":0,"LetterFromLob":1,"ReplayTheSpireMod:TigerMarble":4,"Grinning Jar":8,"HushsDoor":0},{"KeepersGift":0,"GuppysTail":3,"Runesmith:Nanobots":18,"bronze:BronzeCore":0,"LetterFromLob":3,"ReplayTheSpireMod:TigerMarble":18,"Grinning Jar":36,"HushsDoor":0}]},"card_choices":[{"not_picked":["bronze:Virus","bronze:Mutator"],"picked":"bronze:BurnOut","floor":0},{"not_picked":["Bomb","bronze:Repair"],"picked":"bronze:WhirlingStrike","floor":2},{"not_picked":["bronze:Allocate","bronze:Deprecate"],"picked":"bronze:Iterate","floor":4},{"not_picked":["bronze:Philosophize","bronze:Deprecate"],"picked":"bronze:Iterate","floor":5},{"not_picked":["bronze:BitShift","bronze:Constructor"],"picked":"bronze:CloningBeam","floor":6},{"not_picked":["bronze:GetLatest","bronze:DigitalCarnage"],"picked":"bronze:ItsAFeature","floor":8},{"not_picked":["bronze:Invalidate","bronze:NullPointer"],"picked":"bronze:BronzeOrb","floor":12},{"not_picked":["bronze:BugBarrage","bronze:ShipIt"],"picked":"bronze:ItsAFeature","floor":13},{"not_picked":["bronze:Turbo","Bomb"],"picked":"bronze:ChosenStrike","floor":14},{"not_picked":["bronze:Allocate","bronze:DelayedGuard"],"picked":"bronze:DelayedSlice","floor":15}],"player_experience":1041856,"relics_obtained":[{"floor":2,"key":"LetterFromLob"},{"floor":6,"key":"ReplayTheSpireMod:TigerMarble"},{"floor":7,"key":"Runesmith:Nanobots"},{"floor":14,"key":"Grinning Jar"}],"event_choices":[],"is_beta":false,"boss_relics":[],"items_purged_floors":[],"is_endless":false,"potions_floor_spawned":[5,8,12,14],"killed_by":"SI_SHIV_ARCHETYPE","ascension_level":2}}