{"host":"1c17lcvl7acx821p","time":1611607778,"event":{"mods":["AchievementEnabler","BaseMod","Colored Map","Minty Spire (QoL Compilation)","Quick Restart","Relic Sorter","StSLib"],"gold_per_floor":[117,131,146,161,180,180,26,46,69,95,95,110,143,143,161,161,161,256,256,266,286,286,83,33,33,60,74,74,74],"floor_reached":28,"language":"ENG","playtime":919,"items_purged":["Strike_B","Strike_B"],"score":372,"play_id":"150138d8-5b4e-4cbf-b184-ff31ad7a746c","local_time":"20210125224938","is_ascension_mode":true,"campfire_choices":[{"data":"Coolheaded","floor":6.0,"key":"SMITH"},{"floor":11.0,"key":"REST"},{"floor":16.0,"key":"REST"},{"data":"Reinforced Body","floor":17.0,"key":"SMITH"},{"data":"Rainbow","floor":25.0,"key":"SMITH"}],"circlet_count":0,"master_deck":["AscendersBane","Strike_B","Defend_B","Defend_B","Defend_B","Defend_B","Zap","Dualcast","Coolheaded","Reinforced Body","Barrage","Auto Shields","Coolheaded+1","Electrodynamics","Reinforced Body+1","Rainbow+1","Storm","Cold Snap+1","Compile Driver","Consume"],"relics":["Cracked Core","NeowsBlessing","Bag of Preparation","Odd Mushroom","Smiling Mask","Bronze Scales","Omamori","Inserter","Lee\u0027s Waffle","Nunchaku"],"acts_visited":["Exordium","TheCity"],"potions_floor_usage":[26,28],"damage_taken":[{"damage":0.0,"enemies":"Cultist","floor":1.0,"turns":1.0},{"damage":0.0,"enemies":"Jaw Worm","floor":2.0,"turns":1.0},{"damage":0.0,"enemies":"2 Louse","floor":3.0,"turns":1.0},{"damage":1.0,"enemies":"Large Slime","floor":4.0,"turns":6.0},{"damage":5.0,"enemies":"Exordium Thugs","floor":5.0,"turns":6.0},{"damage":36.0,"enemies":"The Mushroom Lair","floor":8.0,"turns":7.0},{"damage":14.0,"enemies":"Gremlin Gang","floor":12.0,"turns":3.0},{"damage":7.0,"enemies":"Lagavulin","floor":13.0,"turns":10.0},{"damage":0.0,"enemies":"Blue Slaver","floor":15.0,"turns":3.0},{"damage":20.0,"enemies":"Slime Boss","floor":18.0,"turns":10.0},{"damage":29.0,"enemies":"2 Thieves","floor":20.0,"turns":4.0},{"damage":8.0,"enemies":"Chosen","floor":21.0,"turns":5.0},{"damage":71,"enemies":"Gremlin Leader","floor":26,"turns":9},{"damage":4,"enemies":"3 Cultists","floor":27,"turns":3},{"damage":0,"enemies":"Slavers","floor":28,"turns":1}],"seed_played":"-1913329076160429649","potions_obtained":[{"floor":3.0,"key":"SmokeBomb"},{"floor":4.0,"key":"SpeedPotion"},{"floor":5.0,"key":"Strength Potion"},{"floor":15.0,"key":"Strength Potion"},{"floor":20.0,"key":"Ancient Potion"},{"floor":22.0,"key":"Energy Potion"},{"floor":22.0,"key":"BlessingOfTheForge"},{"floor":27,"key":"Explosive Potion"}],"is_trial":false,"path_per_floor":["M","M","M","M","M","R","$","?","T","T","R","M","E","?","M","R","R","B",null,"M","M","?","$","$","R","E","M","E"],"character_chosen":"DEFECT","items_purchased":["Bag of Preparation","Lee\u0027s Waffle"],"campfire_rested":2,"item_purchase_floors":[7,23],"current_hp_per_floor":[68,68,68,67,62,62,62,26,26,26,48,34,27,27,27,49,49,29,64,35,27,27,82,82,82,11,7,7,7],"gold":74,"neow_bonus":"THREE_ENEMY_KILL","is_daily":false,"chose_seed":false,"campfire_upgraded":3,"win_rate":0.0,"timestamp":1611607778,"path_taken":["M","?","M","?","M","R","?","?","T","T","R","M","E","?","M","R","R","BOSS","M","M","?","?","$","R","E","?","E"],"items_purchased_type":["Relic","Relic"],"build_version":"2020-12-22","purchased_purges":2,"victory":false,"max_hp_per_floor":[75,75,75,75,75,75,75,75,75,75,75,75,75,75,75,75,75,75,75,75,75,75,82,82,82,82,82,82,82],"card_choices":[{"not_picked":["Leap","Go for the Eyes"],"picked":"Coolheaded","floor":1.0},{"not_picked":["Chaos","Leap"],"picked":"Reinforced Body","floor":2.0},{"not_picked":["Beam Cell","Redo"],"picked":"Barrage","floor":3.0},{"not_picked":["Barrage","Streamline"],"picked":"Auto Shields","floor":4.0},{"not_picked":["Streamline","Hologram"],"picked":"Coolheaded","floor":5.0},{"not_picked":["Cold Snap","Compile Driver"],"picked":"Electrodynamics","floor":8.0},{"not_picked":["Sweeping Beam","Beam Cell","Reprogram"],"picked":"SKIP","floor":12.0},{"not_picked":["All For One","Reprogram","Conserve Battery"],"picked":"SKIP","floor":13.0},{"not_picked":["Genetic Algorithm","Fusion"],"picked":"Reinforced Body","floor":15.0},{"not_picked":["Thunder Strike","Amplify"],"picked":"Rainbow","floor":18.0},{"not_picked":["Sunder","Steam"],"picked":"Storm","floor":20.0},{"not_picked":["Rebound+1","Steam"],"picked":"Cold Snap+1","floor":21.0},{"not_picked":["Sunder+1","Sweeping Beam"],"picked":"Compile Driver","floor":26},{"not_picked":["Gash","Fusion"],"picked":"Consume","floor":27}],"player_experience":204776,"relics_obtained":[{"floor":8.0,"key":"Odd Mushroom"},{"floor":9.0,"key":"Smiling Mask"},{"floor":10.0,"key":"Bronze Scales"},{"floor":13.0,"key":"Omamori"},{"floor":26,"key":"Nunchaku"}],"event_choices":[{"damage_healed":0.0,"max_hp_gain":0.0,"max_hp_loss":0.0,"gold_gain":0.0,"event_name":"Mushrooms","player_choice":"Fought Mushrooms","floor":8.0,"gold_loss":0.0,"damage_taken":0.0},{"cards_removed":["Strike_B"],"damage_healed":0.0,"max_hp_gain":0.0,"max_hp_loss":0.0,"gold_gain":0.0,"event_name":"Living Wall","player_choice":"Forget","floor":14.0,"gold_loss":0.0,"damage_taken":0.0},{"damage_healed":0.0,"max_hp_gain":0.0,"max_hp_loss":0.0,"gold_gain":0.0,"event_name":"Lab","player_choice":"Got Potions","floor":22.0,"gold_loss":0.0,"damage_taken":0.0}],"is_beta":false,"boss_relics":[{"not_picked":["SlaversCollar","Calling Bell"],"picked":"Inserter"}],"items_purged_floors":[23,24],"is_endless":false,"potions_floor_spawned":[3,4,5,12,15,20,27],"killed_by":"Slavers","ascension_level":11}}