{"host":"1zwnl30z3cyaxn7y","time":1611548095,"event":{"mods":["BaseMod","Downfall","Minty Spire (QoL Compilation)","Replay The Spire","StSLib","The Bug Knight","The Servant 0.9.4","Warlord Emblem"],"gold_per_floor":[99,111,111,123,143,143,143,207,207,225,242,256,256,266,285,386,386,386,386,386,386],"floor_reached":19,"language":"ZHS","playtime":869,"items_purged":[],"score":161,"play_id":"bb83b99a-cf84-4f02-b8e0-9c16af3b68dc","local_time":"20210125121455","is_ascension_mode":false,"campfire_choices":[{"data":"Madness","floor":9,"key":"SMITH"},{"floor":13,"key":"REST"},{"data":"sneckomod:Cheat","floor":18,"key":"SMITH"}],"circlet_count":0,"master_deck":["sneckomod:Strike","sneckomod:Strike","sneckomod:Strike","sneckomod:Defend","sneckomod:Defend","sneckomod:Defend","sneckomod:TailWhip","sneckomod:SnekBite","Madness+1","sneckomod:IronFang","sneckomod:UnknownUncommonPower","sneckomod:UnknownUncommonSkill","Madness","sneckomod:SlitherStrike","sneckomod:DiceBlock","sneckomod:DiceCrush","sneckomod:DiceBlock","sneckomod:SerpentIdol","sneckomod:UnknownCommonAttack","sneckomod:Cheat+1"],"relics":["sneckomod:SneckoSoul","Bottled Lightning","Boot","Philosopher\u0027s Stone"],"acts_visited":["TheCity"],"potions_floor_usage":[15,16,16],"damage_taken":[{"damage":1,"enemies":"Jaw Worm","floor":2,"turns":4},{"damage":12,"enemies":"Small Slimes","floor":4,"turns":4},{"damage":0,"enemies":"2 Louse","floor":5,"turns":3},{"damage":37,"enemies":"Lagavulin Event","floor":8,"turns":7},{"damage":20,"enemies":"Red Slaver","floor":10,"turns":5},{"damage":0,"enemies":"3 Louse","floor":11,"turns":4},{"damage":9,"enemies":"Blue Slaver","floor":12,"turns":3},{"damage":0,"enemies":"Exordium Wildlife","floor":14,"turns":3},{"damage":0,"enemies":"Large Slime","floor":15,"turns":5},{"damage":38,"enemies":"WA_ARCHETYPE_RETAIN","floor":16,"turns":8},{"damage":23,"enemies":"Spheric Guardian","floor":19,"turns":4}],"seed_played":"-6380312987239057367","potions_obtained":[{"floor":5,"key":"Explosive Potion"},{"floor":8,"key":"Fire Potion"},{"floor":10,"key":"ColorlessPotion"}],"is_trial":false,"path_per_floor":["R","M","?","M","M","R","T","?","R","M","M","M","R","M","M","B",null,"R","M"],"character_chosen":"THE_SNECKO","items_purchased":[],"campfire_rested":1,"item_purchase_floors":[],"current_hp_per_floor":[99,98,103,91,91,91,91,54,54,34,34,25,56,56,56,18,104,104,81,81,81],"gold":386,"neow_bonus":"TEN_PERCENT_HP_BONUS","is_daily":false,"chose_seed":false,"campfire_upgraded":2,"win_rate":0.0,"timestamp":1611548095,"path_taken":["R","M","?","M","M","R","T","?","R","M","M","M","R","M","M","BOSS","R","M"],"items_purchased_type":[],"build_version":"2020-12-22","purchased_purges":0,"victory":false,"max_hp_per_floor":[99,99,104,104,104,104,104,104,104,104,104,104,104,104,104,104,104,104,104,104,104],"card_choices":[{"not_picked":["sneckomod:UnknownX","sneckomod:SoulRoll"],"picked":"sneckomod:IronFang","floor":2},{"not_picked":["sneckomod:UnknownUncommonSkill","sneckomod:TrashToTreasure"],"picked":"sneckomod:UnknownUncommonPower","floor":4},{"not_picked":["sneckomod:UnknownCommonAttack","sneckomod:QuickBite"],"picked":"sneckomod:UnknownUncommonSkill","floor":5},{"not_picked":["sneckomod:UnknownExhaust","sneckomod:TrashToTreasure"],"picked":"sneckomod:SlitherStrike","floor":8},{"not_picked":["sneckomod:Unknown1Cost","sneckomod:UnknownCommonAttack"],"picked":"sneckomod:DiceBlock","floor":10},{"not_picked":["sneckomod:SnekBeam","sneckomod:UnknownVulnerable"],"picked":"sneckomod:DiceCrush","floor":11},{"not_picked":["sneckomod:SnekBeam","sneckomod:QuickBite"],"picked":"sneckomod:DiceBlock","floor":12},{"not_picked":["sneckomod:DiceCrush","sneckomod:ImprovisedAttack"],"picked":"sneckomod:SerpentIdol","floor":14},{"not_picked":["sneckomod:DiceBlock","sneckomod:QuickMove"],"picked":"sneckomod:UnknownCommonAttack","floor":15},{"not_picked":["sneckomod:SoulExchange","sneckomod:Mudshield"],"picked":"sneckomod:Cheat","floor":16}],"player_experience":271685,"relics_obtained":[{"floor":7,"key":"Bottled Lightning"}],"event_choices":[{"damage_healed":0,"gold_gain":0,"player_choice":"Donut","damage_taken":0,"max_hp_gain":5,"max_hp_loss":0,"event_name":"Big Fish","floor":3,"gold_loss":0}],"is_beta":false,"boss_relics":[{"not_picked":["Calling Bell","Fusion Hammer"],"picked":"Philosopher\u0027s Stone"}],"items_purged_floors":[],"is_endless":false,"potions_floor_spawned":[5,8,10,11,14],"killed_by":"Spheric Guardian","ascension_level":0}}