{"host":"TheHustler","time":1611591526,"event":{"mods":["BaseMod","Block Reminder","Colored Map","Colored Powertips","Minty Spire (QoL Compilation)","Quick Restart","StSLib","SuperFastMode","Unceasing Turn Reminder"],"gold_per_floor":[114,114,64,79,79,109,109,109,134,134,149,149,164,179,179,279,279,294,309,49,64,79,109,124,124,124,139,139,139,39,54,54,154,154,169,169,169,184,59,89,104,104,104,104,104,119,155,185,185,185],"floor_reached":51,"language":"ENG","playtime":962,"items_purged":["Strike_R","Strike_B","Defend_R"],"score":852,"play_id":"25c79490-f4cf-4036-bd66-90d7e72fbd02","local_time":"20210125171846","daily_mods":["Chimera","Time Dilation","Lethality"],"is_ascension_mode":false,"campfire_choices":[{"data":"Whirlwind","floor":8,"key":"SMITH"},{"data":"Fire Breathing","floor":10,"key":"SMITH"},{"data":"Eruption","floor":12,"key":"SMITH"},{"data":"Body Slam","floor":15,"key":"SMITH"},{"data":"Barricade","floor":25,"key":"SMITH"},{"floor":28,"key":"REST"},{"data":"Limit Break","floor":32,"key":"SMITH"},{"data":"Heavy Blade","floor":42,"key":"SMITH"},{"data":"Apotheosis","floor":49,"key":"SMITH"}],"circlet_count":0,"master_deck":["Bash","Survivor","Zap","Eruption+1","Strike_G+1","Defend_G+1","Whirlwind+1","Seeing Red+1","Thunderclap+1","Body Slam+1","Limit Break+1","Shrug It Off","Pommel Strike+1","Dropkick","Dropkick+1","Barricade+1","Shrug It Off","Impervious","Heavy Blade+1","Dramatic Entrance","Apotheosis+1"],"relics":["Burning Blood","Darkstone Periapt","Omamori","Sozu","Bag of Marbles","Du-Vu Doll","Gremlin Horn","Busted Crown","Whetstone","Self Forming Clay","CaptainsWheel","Bronze Scales"],"acts_visited":["Exordium","TheCity","TheBeyond"],"potions_floor_usage":[13,50],"damage_taken":[{"damage":0,"enemies":"Cultist","floor":1,"turns":2},{"damage":7,"enemies":"2 Louse","floor":4,"turns":2},{"damage":26,"enemies":"Gremlin Nob","floor":6,"turns":4},{"damage":0,"enemies":"Small Slimes","floor":11,"turns":1},{"damage":0,"enemies":"Exordium Thugs","floor":13,"turns":1},{"damage":0,"enemies":"Exordium Wildlife","floor":14,"turns":1},{"damage":0,"enemies":"Slime Boss","floor":16,"turns":4},{"damage":31,"enemies":"2 Thieves","floor":18,"turns":3},{"damage":8,"enemies":"Chosen","floor":19,"turns":2},{"damage":0,"enemies":"3 Cultists","floor":21,"turns":1},{"damage":39,"enemies":"Snake Plant","floor":22,"turns":3},{"damage":0,"enemies":"Gremlin Leader","floor":23,"turns":2},{"damage":0,"enemies":"Sentry and Sphere","floor":24,"turns":3},{"damage":14,"enemies":"Cultist and Chosen","floor":27,"turns":4},{"damage":0,"enemies":"Snake Plant","floor":31,"turns":2},{"damage":56,"enemies":"Champ","floor":33,"turns":8},{"damage":0,"enemies":"3 Darklings","floor":35,"turns":2},{"damage":5,"enemies":"Orb Walker","floor":38,"turns":2},{"damage":0,"enemies":"Reptomancer","floor":40,"turns":2},{"damage":0,"enemies":"Jaw Worm Horde","floor":41,"turns":1},{"damage":0,"enemies":"Spire Growth","floor":46,"turns":2},{"damage":0,"enemies":"2 Orb Walkers","floor":47,"turns":1},{"damage":8,"enemies":"Giant Head","floor":48,"turns":5},{"damage":23,"enemies":"Donu and Deca","floor":50,"turns":5}],"seed_played":"7295166269203286773","potions_obtained":[{"floor":1,"key":"FearPotion"},{"floor":4,"key":"DistilledChaos"},{"floor":6,"key":"Strength Potion"}],"is_trial":false,"path_per_floor":["M","?","?","M","?","E","?","R","T","R","M","R","M","M","R","B",null,"M","M","$","M","M","E","M","R","T","M","R","?","$","M","R","B",null,"M","?","?","M","$","E","M","R","T","?","$","M","?","E","R","B",null],"character_chosen":"IRONCLAD","items_purchased":["Dropkick","Bag of Marbles"],"campfire_rested":1,"item_purchase_floors":[20,20],"current_hp_per_floor":[80,85,85,84,67,47,47,47,47,47,53,53,59,65,65,71,85,60,58,58,64,31,37,43,43,43,35,60,60,60,66,66,16,85,85,85,85,85,85,85,85,85,85,75,75,81,85,83,83,66],"gold":185,"neow_bonus":"","is_daily":true,"chose_seed":false,"campfire_upgraded":8,"win_rate":0.0,"timestamp":1611591526,"path_taken":["M","?","?","M","?","E","?","R","T","R","?","R","M","M","R","BOSS","M","M","$","M","M","E","M","R","T","M","R","?","?","M","R","BOSS","M","?","?","M","$","E","M","R","T","?","$","M","?","E","R","BOSS"],"items_purchased_type":["Card","Relic"],"build_version":"2020-12-18","purchased_purges":3,"victory":true,"max_hp_per_floor":[80,85,85,85,85,85,85,85,85,85,85,85,85,85,85,85,85,85,85,85,85,85,85,85,85,85,85,85,85,85,85,85,85,85,85,85,85,85,85,85,85,85,85,85,85,85,85,85,85,85],"card_choices":[{"not_picked":["Bloodletting","Clothesline"],"picked":"Whirlwind","floor":1},{"not_picked":["Pommel Strike","Disarm"],"picked":"Seeing Red","floor":4},{"not_picked":["Power Through","Cleave"],"picked":"Fire Breathing","floor":6},{"not_picked":["Havoc","Clothesline"],"picked":"Thunderclap","floor":11},{"not_picked":["Headbutt","Ghostly Armor"],"picked":"Body Slam","floor":13},{"not_picked":["Blood for Blood","Clothesline","Flex"],"picked":"SKIP","floor":14},{"not_picked":["Demon Form","Reaper"],"picked":"Limit Break","floor":16},{"not_picked":["Burning Pact","Heavy Blade+1"],"picked":"Shrug It Off","floor":18},{"not_picked":["Body Slam+1","Uppercut"],"picked":"Pommel Strike","floor":19},{"not_picked":["Hemokinesis","Body Slam","Headbutt"],"picked":"SKIP","floor":21},{"not_picked":["Body Slam","Warcry+1"],"picked":"Dropkick+1","floor":22},{"not_picked":["Perfected Strike+1","Sever Soul","Anger"],"picked":"SKIP","floor":23},{"not_picked":["Thunderclap","Body Slam"],"picked":"Barricade","floor":24},{"not_picked":["Cleave+1","Havoc","Armaments"],"picked":"SKIP","floor":27},{"not_picked":["Anger","Whirlwind+1","Rampage"],"picked":"SKIP","floor":31},{"not_picked":["Limit Break","Bludgeon"],"picked":"Impervious","floor":33},{"not_picked":["Headbutt+1"],"picked":"SKIP","floor":35},{"not_picked":["Reckless Charge+1"],"picked":"SKIP","floor":38},{"not_picked":[],"picked":"Heavy Blade","floor":40},{"not_picked":["Sever Soul+1"],"picked":"SKIP","floor":41},{"not_picked":[],"picked":"Dramatic Entrance","floor":44},{"not_picked":[],"picked":"Apotheosis","floor":44},{"not_picked":["Hemokinesis+1"],"picked":"SKIP","floor":46},{"not_picked":["Sever Soul+1"],"picked":"SKIP","floor":48}],"player_experience":647340,"relics_obtained":[{"floor":6,"key":"Darkstone Periapt"},{"floor":9,"key":"Omamori"},{"floor":23,"key":"Du-Vu Doll"},{"floor":26,"key":"Gremlin Horn"},{"floor":40,"key":"Whetstone"},{"floor":43,"key":"Self Forming Clay"},{"floor":47,"key":"CaptainsWheel"},{"floor":48,"key":"Bronze Scales"}],"event_choices":[{"damage_healed":0,"gold_gain":0,"player_choice":"Donut","damage_taken":0,"max_hp_gain":5,"max_hp_loss":0,"event_name":"Big Fish","floor":2,"gold_loss":0},{"cards_removed":["Defend_P"],"damage_healed":0,"gold_gain":0,"player_choice":"Card Removal","damage_taken":0,"max_hp_gain":0,"max_hp_loss":0,"event_name":"The Cleric","floor":3,"gold_loss":50},{"damage_healed":0,"gold_gain":0,"player_choice":"Entered Light","damage_taken":17,"max_hp_gain":0,"max_hp_loss":0,"event_name":"Shining Light","floor":5,"gold_loss":0,"cards_upgraded":["Strike_G","Defend_G"]},{"damage_healed":0,"gold_gain":0,"player_choice":"Upgraded","damage_taken":0,"max_hp_gain":0,"max_hp_loss":0,"event_name":"Upgrade Shrine","floor":7,"gold_loss":0,"cards_upgraded":["Seeing Red"]},{"damage_healed":0,"gold_gain":0,"player_choice":"1 cards matched","damage_taken":0,"max_hp_gain":0,"max_hp_loss":0,"event_name":"Match and Keep!","floor":29,"gold_loss":0,"cards_obtained":["Shrug It Off"]},{"damage_healed":0,"gold_gain":0,"player_choice":"Ignored","damage_taken":0,"max_hp_gain":0,"max_hp_loss":0,"event_name":"Tomb of Lord Red Mask","floor":36,"gold_loss":0},{"cards_removed":["Fire Breathing"],"damage_healed":0,"gold_gain":0,"player_choice":"Removed Power","damage_taken":0,"max_hp_gain":0,"max_hp_loss":0,"event_name":"Falling","floor":37,"gold_loss":0},{"damage_healed":0,"gold_gain":0,"player_choice":"Memory 3","damage_taken":10,"max_hp_gain":0,"max_hp_loss":0,"event_name":"SensoryStone","floor":44,"gold_loss":0},{"damage_healed":0,"gold_gain":0,"player_choice":"Fight","damage_taken":0,"max_hp_gain":0,"max_hp_loss":0,"event_name":"Mysterious Sphere","floor":47,"gold_loss":0}],"is_beta":true,"boss_relics":[{"not_picked":["Pandora\u0027s Box","Fusion Hammer"],"picked":"Sozu"},{"not_picked":["Cursed Key","Velvet Choker"],"picked":"Busted Crown"}],"items_purged_floors":[20,30,39],"is_endless":false,"potions_floor_spawned":[1,4,6,11,22,27,31,33,40,41,47],"ascension_level":0}}