{"host":"qeogwbudlaqzb6hy","time":1611541389,"event":{"mods":["BaseMod","Downfall","Minty Spire (QoL Compilation)","StSLib"],"gold_per_floor":[99,114,114,132,151,165,241,251,271,271,281,291,291,28,42,143,143,143,162,162,191,101,101,146,166,193,204,220,234,234,260,276,377,377,377,388,468,468,518,552,552,552,568,568,599,474,474,489,509,509,509,509],"floor_reached":50,"language":"ENG","playtime":3969,"items_purged":["bronze:Strike","bronze:Strike","bronze:Strike"],"score":613,"play_id":"ba5cb26b-bd26-407e-ac1a-8d48f3adff87","local_time":"20210125122309","is_ascension_mode":false,"campfire_choices":[{"data":"bronze:Replicate","floor":1,"key":"SMITH"},{"data":"bronze:Overload","floor":10,"key":"SMITH"},{"data":"bronze:Goto","floor":13,"key":"SMITH"},{"data":"bronze:FineTuning","floor":18,"key":"SMITH"},{"data":"bronze:Flail","floor":23,"key":"SMITH"},{"data":"bronze:GetLatest","floor":30,"key":"SMITH"},{"data":"bronze:Assembly","floor":35,"key":"SMITH"},{"data":"bronze:DelayedSlice","floor":42,"key":"SMITH"},{"data":"bronze:Return","floor":47,"key":"SMITH"}],"circlet_count":0,"master_deck":["bronze:Strike","bronze:Defend","bronze:Defend","bronze:Defend","bronze:Defend","bronze:Goto+1","bronze:Overload+1","bronze:Replicate+1","bronze:Flail+1","bronze:DelayedSlice+1","bronze:FollowUp","bronze:FineTuning+1","bronze:Format","bronze:FollowUp","bronze:GetLatest+1","bronze:DelayedGuard+1","bronze:Assembly+1","bronze:Return+1","bronze:DigitalCarnage+1"],"relics":["bronze:BronzeCore","Sundial","Shuriken","Busted Crown","Red Mask","Ancient Tea Set","Strawberry","Vajra","Sozu","Anchor","CaptainsWheel","Meat on the Bone","bronze:SilverBullet","bronze:BottledCode","HornCleat"],"acts_visited":["Exordium","TheCity","TheBeyond"],"potions_floor_usage":[15,16,16,19,26,33,33,33,33,50,50],"damage_taken":[{"damage":1,"enemies":"Jaw Worm","floor":2,"turns":4},{"damage":1,"enemies":"Cultist","floor":4,"turns":3},{"damage":2,"enemies":"Small Slimes","floor":5,"turns":3},{"damage":11,"enemies":"Exordium Wildlife","floor":6,"turns":2},{"damage":9,"enemies":"Gremlin Gang","floor":8,"turns":3},{"damage":0,"enemies":"Large Slime","floor":9,"turns":4},{"damage":10,"enemies":"Exordium Thugs","floor":11,"turns":4},{"damage":0,"enemies":"Gremlin Gang","floor":12,"turns":1},{"damage":5,"enemies":"downfall:FleeingMerchant","floor":14,"turns":4},{"damage":6,"enemies":"Large Slime","floor":15,"turns":3},{"damage":18,"enemies":"IC_STATUS_ARCHETYPE","floor":16,"turns":7},{"damage":3,"enemies":"3 Byrds","floor":19,"turns":3},{"damage":3,"enemies":"Masked Bandits","floor":21,"turns":3},{"damage":1,"enemies":"downfall:FleeingMerchant","floor":22,"turns":4},{"damage":13,"enemies":"Shell Parasite","floor":25,"turns":4},{"damage":10,"enemies":"Slavers","floor":26,"turns":3},{"damage":0,"enemies":"Cultist and Chosen","floor":27,"turns":3},{"damage":0,"enemies":"Centurion and Healer","floor":28,"turns":2},{"damage":0,"enemies":"Snecko","floor":29,"turns":4},{"damage":31,"enemies":"Gremlin Leader","floor":31,"turns":4},{"damage":15,"enemies":"Snake Plant","floor":32,"turns":2},{"damage":0,"enemies":"DF_ARCHETYPE_CLAW","floor":33,"turns":4},{"damage":9,"enemies":"3 Darklings","floor":36,"turns":3},{"damage":0,"enemies":"downfall:FleeingMerchant","floor":37,"turns":1},{"damage":2,"enemies":"downfall:FleeingMerchant","floor":39,"turns":4},{"damage":12,"enemies":"Reptomancer","floor":40,"turns":4},{"damage":0,"enemies":"3 Shapes","floor":43,"turns":2},{"damage":2,"enemies":"Nemesis","floor":45,"turns":5},{"damage":0,"enemies":"Jaw Worm Horde","floor":48,"turns":2},{"damage":3,"enemies":"Maw","floor":49,"turns":5},{"damage":71,"enemies":"SI_POISON_ARCHETYPE","floor":50,"turns":7}],"seed_played":"-2137656586379740606","potions_obtained":[{"floor":2,"key":"Block Potion"},{"floor":6,"key":"BlessingOfTheForge"},{"floor":9,"key":"SkillPotion"},{"floor":15,"key":"Fruit Juice"},{"floor":16,"key":"EntropicBrew"},{"floor":19,"key":"Fruit Juice"},{"floor":20,"key":"CultistPotion"},{"floor":21,"key":"CultistPotion"},{"floor":29,"key":"GamblersBrew"}],"is_trial":false,"path_per_floor":["R","M","?","M","M","M","T","M","M","R","M","M","R","$","M","B",null,"R","M","?","?","$","R","T","M","E","M","M","M","R","E","M","B",null,"R","M","$","?","?","E","T","R","M","?","E","?","R","M","M","B"],"character_chosen":"THE_AUTOMATON","items_purchased":["Shuriken","Anchor"],"campfire_rested":0,"item_purchase_floors":[14,37],"current_hp_per_floor":[77,76,76,75,73,62,62,53,53,53,43,43,43,38,37,19,82,82,84,84,81,80,80,80,67,64,64,64,64,64,33,18,18,94,94,85,85,85,83,71,71,71,71,71,69,69,69,69,66,0,0,0],"gold":509,"neow_bonus":"TEN_PERCENT_HP_BONUS","is_daily":false,"chose_seed":false,"campfire_upgraded":9,"win_rate":0.0,"timestamp":1611541389,"path_taken":["R","M","?","M","M","M","T","M","M","R","M","M","R","$","M","BOSS","R","M","?","?","?","R","T","?","E","M","M","M","R","E","M","BOSS","R","M","$","?","?","E","T","R","M","?","E","?","R","M","M","BOSS"],"items_purchased_type":["Relic","Relic"],"build_version":"2020-12-22","purchased_purges":3,"victory":false,"max_hp_per_floor":[77,77,77,77,77,77,77,77,77,77,77,77,77,77,82,82,82,82,87,87,87,87,87,87,87,94,94,94,94,94,94,94,94,94,94,94,94,94,94,94,94,94,94,84,84,84,84,84,84,84,84,84],"card_choices":[{"not_picked":["bronze:Frontload","bronze:Shield"],"picked":"bronze:Overload","floor":2},{"not_picked":["bronze:Repulsor","bronze:Shield"],"picked":"bronze:Flail","floor":4},{"not_picked":["bronze:Return","bronze:Iterate"],"picked":"bronze:DelayedSlice","floor":5},{"not_picked":["bronze:Deprecate","bronze:FineTuning"],"picked":"bronze:FollowUp","floor":6},{"not_picked":["bronze:DelayedGuard","bronze:DelayedSlice","bronze:Overheat"],"picked":"SKIP","floor":8},{"not_picked":["bronze:Invalidate","bronze:Overheat"],"picked":"bronze:FineTuning","floor":9},{"not_picked":["bronze:ForLoop","bronze:Overheat","bronze:Backtrace"],"picked":"SKIP","floor":11},{"not_picked":["bronze:Overheat","bronze:Deprecate","bronze:OilSpill"],"picked":"SKIP","floor":12},{"not_picked":["bronze:OilSpill","bronze:ForLoop","bronze:Turbo"],"picked":"SKIP","floor":14},{"not_picked":["bronze:Virus","bronze:Deprecate","bronze:MaxOutput"],"picked":"SKIP","floor":15},{"not_picked":["bronze:CleanCode","bronze:Break"],"picked":"bronze:Format","floor":16},{"not_picked":["bronze:ForLoop"],"picked":"SKIP","floor":19},{"not_picked":[],"picked":"bronze:FollowUp","floor":22},{"not_picked":["bronze:BronzeArmor"],"picked":"SKIP","floor":25},{"not_picked":["bronze:NullPointer"],"picked":"SKIP","floor":26},{"not_picked":["bronze:Invalidate"],"picked":"SKIP","floor":27},{"not_picked":["bronze:Shield"],"picked":"SKIP","floor":28},{"not_picked":[],"picked":"bronze:GetLatest","floor":29},{"not_picked":["bronze:Safeguard"],"picked":"SKIP","floor":31},{"not_picked":[],"picked":"bronze:DelayedGuard+1","floor":32},{"not_picked":[],"picked":"bronze:Assembly","floor":33},{"not_picked":["bronze:DelayedGuard"],"picked":"SKIP","floor":36},{"not_picked":[],"picked":"bronze:Return","floor":37},{"not_picked":["bronze:Branch"],"picked":"SKIP","floor":40},{"not_picked":["bronze:OilSpill"],"picked":"SKIP","floor":43},{"not_picked":["bronze:Return+1"],"picked":"SKIP","floor":45},{"not_picked":["bronze:OilSpill+1"],"picked":"SKIP","floor":48},{"not_picked":[],"picked":"bronze:DigitalCarnage+1","floor":49}],"player_experience":309747,"relics_obtained":[{"floor":7,"key":"Sundial"},{"floor":21,"key":"Red Mask"},{"floor":24,"key":"Ancient Tea Set"},{"floor":26,"key":"Strawberry"},{"floor":31,"key":"Vajra"},{"floor":39,"key":"CaptainsWheel"},{"floor":40,"key":"Meat on the Bone"},{"floor":41,"key":"bronze:SilverBullet"},{"floor":45,"key":"HornCleat"}],"event_choices":[{"damage_healed":0,"gold_gain":0,"player_choice":"Fought Bandits","damage_taken":0,"max_hp_gain":0,"max_hp_loss":0,"event_name":"Masked Bandits","floor":21,"gold_loss":0},{"cards_removed":["bronze:Replicate"],"damage_healed":0,"gold_gain":0,"player_choice":"Removed Attack","damage_taken":0,"max_hp_gain":0,"max_hp_loss":0,"event_name":"Falling","floor":38,"gold_loss":0}],"is_beta":false,"boss_relics":[{"not_picked":["Cursed Key","Velvet Choker"],"picked":"Busted Crown"},{"not_picked":["Astrolabe","Runic Pyramid"],"picked":"Sozu"}],"items_purged_floors":[22,37,46],"is_endless":false,"potions_floor_spawned":[2,6,9,12,15,16,19,21,25,29,36,45,48],"killed_by":"SI_POISON_ARCHETYPE","ascension_level":0}}