{"host":"rjfefv2ruvigm2gb","time":1611600013,"event":{"mods":["Act Like it!","AlwaysNeverKeys","BaseMod","Better Third Choice","Block Reminder","Conspire","Curses Come First","Displayed Cursed Tome","Downfall","Elementarium","Fox Events","GifTheSpireLib","Gold Saver","Googly Eyes","HexUI Lib","Hubris","Infinite Spire","Ironclad Rager","Luminous","Marked Mod","Mimic Mod","Minty Spire (QoL Compilation)","Permanent Neow","Poor People Problems","Quick Restart","Relic Filter","Relic Stats","Replay The Spire","Retaliation","Shop Mod","Small Relic Pack","StS++","StSLib","Stuff the Spire","SuperFastMode","The Blue Laboratory","Transform Curses","Uncapped","Virulent Crown","Watcher Patcher"],"gold_per_floor":[45,87,87,135,184,274,347,347,77,77,77,209,17,17,65,281,281,281,368,439,439,568,484,507,507,625,643,111,171,171,265,350,574,574,574,647,214,360,484,484,484,484,484,484,495,514,514,527,541,541,541,575,25,25,25,25],"floor_reached":57,"language":"ENG","playtime":4635,"items_purged":["StuffTheSpire:CuriosityCurse","Writhe","Decay"],"score":1472,"play_id":"42c10f22-ae4b-46c6-bdbc-17d457c7a4d6","local_time":"20210125124013","is_ascension_mode":false,"campfire_choices":[{"data":"Luminous:Dark_Pressure_Void","floor":8.0,"key":"SMITH"},{"data":"StuffTheSpire:BrainWave","floor":11.0,"key":"SMITH"},{"data":"Apotheosis","floor":18.0,"key":"SMITH"},{"data":"Luminous:Lania_Blessing_Luminous","floor":18.0,"key":"SMITH"},{"data":"StuffTheSpire:BrainWave","floor":25.0,"key":"SMITH"},{"data":"Luminous:Balance_Death_Scythe","floor":25.0,"key":"SMITH"},{"data":"StuffTheSpire:BrainWave","floor":43,"key":"SMITH"},{"data":"StuffTheSpire:Harmony","floor":43,"key":"SMITH"},{"data":"StuffTheSpire:Rapture","floor":47,"key":"SMITH"},{"data":"StuffTheSpire:CelestialWarden","floor":47,"key":"SMITH"},{"data":"Luminous:Ethereal_Form_Luminous","floor":54,"key":"SMITH"},{"data":"Luminous:Flash_Blink_Luminous","floor":54,"key":"SMITH"}],"circlet_count":0,"master_deck":["Luminous:Light_Flash_Shower","Luminous:Light_Flash_Shower","Luminous:Light_Flash_Shower","Luminous:Dark_Abyssal_Drop","Luminous:Dark_Abyssal_Drop","Luminous:Defend_Luminous","Luminous:Defend_Luminous","Luminous:Defend_Luminous","Luminous:Switch_Luminous","Luminous:Balance_Ender","Luminous:Dusk_Guard_Luminous","Luminous:Light_Sylvan_Lance","Luminous:Dark_Pressure_Void+1","Luminous:Dark_Pressure_Void","Luminous:Light_Ray_of_Redemption","Luminous:Balance_Death_Scythe+1","StuffTheSpire:BrainWave+1","Luminous:Light_Gather","Luminous:Concentrate_Luminous","StuffTheSpire:BrainWave+1","Luminous:Lunar_Tide_Luminous","Luminous:Flash_Blink_Luminous","Luminous:Dark_Arcane_Pitch","StuffTheSpire:CelestialWarden+1","Luminous:Flash_Blink_Luminous+1","StuffTheSpire:Harmony+1","Luminous:Shadow_Shell_Luminous","Luminous:Concentrate_Luminous+1","Luminous:Lania_Blessing_Luminous+1","Luminous:Accumulation_Luminous","Luminous:Blinding_Pillar_Luminous+1","Luminous:Ethereal_Form_Luminous+1","Luminous:Mirror_Force_Luminous","Luminous:Fast_Spell_Luminous","Luminous:Lights_Protection_Luminous+1","Luminous:Armageddon_Luminous+1","StuffTheSpire:BrainWave+1","AbeCurse","StuffTheSpire:Rapture+1","Luminous:Light_Sylvan_Lance+1","Luminous:Concentrate_Luminous","Luminous:Dark_Raid","Luminous:Fast_Spell_Luminous+1","Luminous:Lunar_Tide_Luminous+1","hubris:DuctTapeCard"],"relics":["Luminous:MirrorRelic","downfall:HeartBlessingBlue","downfall:HeartBlessingRed","downfall:HeartBlessingGreen","StuffTheSpire:HeavyRock","Kunai","StuffTheSpire:Saxophone","Replay:Bottled Flurry","Replay:Ancient Bell","Omamori","Replay:Arrowhead","FossilizedHelix","infinitespire:Satchel","Akabeko","Ice Cream","relicPack:SpireResearchBook","StuffTheSpire:Expresso","Honey Jar","StuffTheSpire:GrapeVine","StuffTheSpire:NeowsTribute","infinitespire:BottledMercury","Abe\u0027s Treasure","OrangePellets","hubris:DuctTape","Iron Hammer","Guide Book"],"acts_visited":["Exordium","TheCity","TheBeyond","TheEnding"],"potions_floor_usage":[33,33,48,56,56,56,56,56],"damage_taken":[{"damage":0.0,"enemies":"Small Slimes","floor":2.0,"turns":4.0},{"damage":0.0,"enemies":"Jaw Worm","floor":4.0,"turns":3.0},{"damage":0.0,"enemies":"Cultist","floor":5.0,"turns":4.0},{"damage":21.0,"enemies":"Exordium Thugs","floor":6.0,"turns":6.0},{"damage":0.0,"enemies":"downfall:FleeingMerchant","floor":9.0,"turns":4.0},{"damage":18.0,"enemies":"3 Sentries","floor":12.0,"turns":3.0},{"damage":2.0,"enemies":"downfall:FleeingMerchant","floor":13.0,"turns":4.0},{"damage":3.0,"enemies":"Exordium Thugs","floor":15.0,"turns":4.0},{"damage":17.0,"enemies":"DF_ARCHETYPE_STREAMLINE","floor":16.0,"turns":9.0},{"damage":0.0,"enemies":"Spheric Guardian","floor":19.0,"turns":3.0},{"damage":7.0,"enemies":"3 Byrds","floor":20.0,"turns":3.0},{"damage":19.0,"enemies":"3 Cultists","floor":22.0,"turns":6.0},{"damage":4.0,"enemies":"downfall:FleeingMerchant","floor":23.0,"turns":4.0},{"damage":13.0,"enemies":"conspire:SneckoGhost","floor":26.0,"turns":7.0},{"damage":0.0,"enemies":"downfall:FleeingMerchant","floor":28.0,"turns":4.0},{"damage":12.0,"enemies":"Shelled Parasite and Fungi","floor":29.0,"turns":3.0},{"damage":0.0,"enemies":"Snecko","floor":31.0,"turns":6.0},{"damage":17,"enemies":"Snake Plant","floor":32,"turns":5},{"damage":0,"enemies":"WA_ARCHETYPE_CALM","floor":33,"turns":11},{"damage":0,"enemies":"3 Shapes","floor":36,"turns":5},{"damage":0,"enemies":"downfall:FleeingMerchant","floor":37,"turns":1},{"damage":0,"enemies":"3 Darklings","floor":38,"turns":5},{"damage":0,"enemies":"2 Orb Walkers","floor":39,"turns":4},{"damage":0,"enemies":"Jaw Worm Horde","floor":45,"turns":3},{"damage":0,"enemies":"Maw","floor":46,"turns":6},{"damage":9,"enemies":"Sphere and 2 Shapes","floor":48,"turns":5},{"damage":0,"enemies":"4 Shapes","floor":49,"turns":4},{"damage":0,"enemies":"SI_POISON_ARCHETYPE","floor":50,"turns":4},{"damage":0,"enemies":"downfall:CharBossMerchant","floor":52,"turns":7},{"damage":0,"enemies":"downfall:NeowBoss","floor":55,"turns":10},{"damage":0,"enemies":"downfall:NeowBossFinal","floor":56,"turns":8}],"seed_played":"-5774669185571448218","potions_obtained":[{"floor":2.0,"key":"blueLaboratory:ArtificerPotion"},{"floor":12.0,"key":"PowerPotion"},{"floor":16.0,"key":"Energy Potion"},{"floor":21.0,"key":"CultistPotion"},{"floor":26.0,"key":"blueLaboratory:HorrorPotion"},{"floor":29.0,"key":"champ:CounterPotion"},{"floor":33,"key":"StSpp:SecondWindPotion"},{"floor":35,"key":"blueLaboratory:BottledHope"},{"floor":35,"key":"Dexterity Potion"},{"floor":39,"key":"BlessingOfTheForge"},{"floor":45,"key":"Weak Potion"},{"floor":46,"key":"FearPotion"},{"floor":49,"key":"Languid Potion"},{"floor":52,"key":"blueLaboratory:PyrophylliteBrew"}],"is_trial":false,"path_per_floor":["R","M","?","M","M","MIM","T","R","$","?","R","E","$","?","M","B",null,"R","M","M","?","M","$","T","R","E","?","$","M","?","M","M","B",null,"R","M","$","M","?","?","T","?","R","AVR","M","M","R","M","M","B",null,"E","$","R","B","B",null],"character_chosen":"LuminousClass","items_purchased":["StuffTheSpire:Saxophone","Luminous:Light_Ray_of_Redemption","Luminous:Balance_Death_Scythe","Apotheosis","LiquidBronze","Luminous:Flash_Blink_Luminous","relicPack:SpireResearchBook","StuffTheSpire:Expresso","PowerPotion","Luminous:Ethereal_Form_Luminous","StuffTheSpire:GrapeVine","Languid Potion","Languid Potion","Luminous:Mirror_Force_Luminous","Luminous:Fast_Spell_Luminous","Iron Hammer","blueLaboratory:BottleOfVodka","Strength Potion","hexamod:SoulburnPotion","Guide Book"],"campfire_rested":0,"item_purchase_floors":[9,9,9,13,13,23,28,28,28,37,37,37,37,37,37,53,53,53,53,53],"current_hp_per_floor":[85,85,85,85,85,64,64,64,64,71,71,56,59,59,60,73,92,92,92,85,85,71,71,71,71,61,61,67,65,65,77,79,92,92,92,92,92,92,92,92,92,92,92,92,92,92,92,90,92,92,92,92,92,92,92,92],"gold":25,"neow_bonus":"REMOVE_CARD","is_daily":false,"chose_seed":false,"campfire_upgraded":12,"win_rate":0.0,"timestamp":1611600013,"path_taken":["R","M","?","M","?","?","T","R","$","?","R","E","$","?","M","BOSS","R","M","M","?","M","$","T","R","E","?","?","?","?","M","M","BOSS","R","M","$","M","?","?","T","?","R","AVR","?","M","R","M","M","BOSS","E","$","R","BOSS","BOSS"],"items_purchased_type":["Relic","Card","Card","Card","Potion","Card","Relic","Relic","Potion","Card","Relic","Potion","Potion","Card","Card","Relic","Potion","Potion","Potion","Relic"],"build_version":"2020-12-22","purchased_purges":3,"victory":true,"max_hp_per_floor":[85,85,85,85,85,85,85,85,85,92,92,92,92,92,92,92,92,92,92,92,92,92,92,92,92,92,92,92,92,92,92,92,92,92,92,92,92,92,92,92,92,92,92,92,92,92,92,92,92,92,92,92,92,92,92,92],"relic_stats":{"OrangePellets":[17],"counters":[31,153],"Kunai":[72],"obtain_stats":[{"Ice Cream":27,"infinitespire:BottledMercury":41,"downfall:HeartBlessingGreen":1,"Luminous:MirrorRelic":0,"StuffTheSpire:GrapeVine":37,"relicPack:SpireResearchBook":28,"Replay:Bandana":1,"downfall:HeartBlessingBlue":1,"StuffTheSpire:HeavyRock":6,"Honey Jar":34,"Iron Hammer":53,"Replay:Bottled Flurry":12,"Kunai":7,"StuffTheSpire:NeowsTribute":39,"downfall:HeartBlessingRed":1,"hubris:DuctTape":52,"Guide Book":53,"StuffTheSpire:Saxophone":9,"StuffTheSpire:Expresso":28,"Replay:Ancient Bell":17,"Omamori":17,"Replay:Arrowhead":17,"Akabeko":26,"OrangePellets":44,"infinitespire:Satchel":24,"FossilizedHelix":17,"Abe\u0027s Treasure":44},{"Ice Cream":14,"infinitespire:BottledMercury":23,"downfall:HeartBlessingGreen":0,"Luminous:MirrorRelic":0,"StuffTheSpire:GrapeVine":21,"relicPack:SpireResearchBook":15,"Replay:Bandana":0,"downfall:HeartBlessingBlue":0,"StuffTheSpire:HeavyRock":4,"Honey Jar":19,"Iron Hammer":29,"Replay:Bottled Flurry":6,"Kunai":4,"StuffTheSpire:NeowsTribute":23,"downfall:HeartBlessingRed":0,"hubris:DuctTape":29,"Guide Book":29,"StuffTheSpire:Saxophone":5,"StuffTheSpire:Expresso":15,"Replay:Ancient Bell":9,"Omamori":9,"Replay:Arrowhead":9,"Akabeko":14,"OrangePellets":23,"infinitespire:Satchel":13,"FossilizedHelix":9,"Abe\u0027s Treasure":23},{"Ice Cream":64,"infinitespire:BottledMercury":108,"downfall:HeartBlessingGreen":0,"Luminous:MirrorRelic":0,"StuffTheSpire:GrapeVine":99,"relicPack:SpireResearchBook":68,"Replay:Bandana":0,"downfall:HeartBlessingBlue":0,"StuffTheSpire:HeavyRock":17,"Honey Jar":93,"Iron Hammer":135,"Replay:Bottled Flurry":24,"Kunai":17,"StuffTheSpire:NeowsTribute":108,"downfall:HeartBlessingRed":0,"hubris:DuctTape":135,"Guide Book":135,"StuffTheSpire:Saxophone":21,"StuffTheSpire:Expresso":68,"Replay:Ancient Bell":41,"Omamori":41,"Replay:Arrowhead":41,"Akabeko":64,"OrangePellets":108,"infinitespire:Satchel":57,"FossilizedHelix":41,"Abe\u0027s Treasure":108}]},"card_choices":[{"not_picked":["Luminous:Light_Glare","Luminous:Dark_Moonlight_Spear"],"picked":"Luminous:Balance_Ender","floor":2.0},{"not_picked":["Luminous:Light_Reflection","Luminous:Dark_Dim_Erosion"],"picked":"Luminous:Dusk_Guard_Luminous","floor":4.0},{"not_picked":["Luminous:Dark_Dim_Erosion","Luminous:Photic_Meditation_Luminous"],"picked":"Luminous:Light_Sylvan_Lance","floor":5.0},{"not_picked":["Luminous:Concentrate_Luminous","Luminous:Dark_Dim_Erosion"],"picked":"Luminous:Dark_Pressure_Void","floor":6.0},{"not_picked":["Luminous:Accumulation_Luminous","Luminous:Light_Sylvan_Lance"],"picked":"Luminous:Dark_Pressure_Void","floor":9.0},{"not_picked":["Luminous:Light_Disperse","Luminous:Light_Wash_Luminous"],"picked":"Luminous:Light_Gather","floor":12.0},{"not_picked":["Luminous:Blinding_Pillar_Luminous","Luminous:Light_Sylvan_Lance","Luminous:Accumulation_Luminous"],"picked":"SKIP","floor":13.0},{"not_picked":["Luminous:Darkness_Mastery_Luminous","Luminous:Dark_Morning_Star"],"picked":"Luminous:Concentrate_Luminous","floor":15.0},{"not_picked":["Luminous:Chaos_Field_Luminous","Luminous:Dark_Crescendo_Luminous"],"picked":"Luminous:Lania_Blessing_Luminous","floor":16.0},{"not_picked":["Parasite","ReplayTheSpireMod:Faulty Equipment"],"picked":"Normality","floor":17.0},{"not_picked":["hubris:Envy","ReplayTheSpireMod:IOU"],"picked":"conspire:Blindness","floor":17.0},{"not_picked":["CurseOfTheBell","downfall:Aged"],"picked":"Writhe","floor":17.0},{"not_picked":["Luminous:Light_Glare","Luminous:Dark_Pressure_Void"],"picked":"Luminous:Lunar_Tide_Luminous","floor":19.0},{"not_picked":["Luminous:Blinding_Pillar_Luminous+1","Luminous:Light_Reflection+1","Luminous:Light_Disperse"],"picked":"SKIP","floor":20.0},{"not_picked":["Luminous:Accumulation_Luminous+1","Luminous:Light_Gather+1","Luminous:Mirror_Force_Luminous"],"picked":"SKIP","floor":22.0},{"not_picked":["Luminous:Chaos_Field_Luminous","Luminous:Dark_Moonlight_Spear+1","Luminous:Light_Glare"],"picked":"SKIP","floor":23.0},{"not_picked":["Luminous:Arcane_Rage_Luminous","Luminous:Light_Reflection"],"picked":"Luminous:Dark_Arcane_Pitch","floor":26.0},{"not_picked":["Luminous:Accumulation_Luminous","Luminous:Lights_Protection_Luminous","Luminous:Light_Gather"],"picked":"SKIP","floor":28.0},{"not_picked":["Luminous:Light_Ray_of_Redemption+1","Luminous:Dark_Raid"],"picked":"Luminous:Flash_Blink_Luminous","floor":29.0},{"not_picked":["Luminous:Light_Wash_Luminous+1","Luminous:Light_Track"],"picked":"Luminous:Shadow_Shell_Luminous","floor":31.0},{"not_picked":["Luminous:Light_Reflection","Luminous:Light_Gather"],"picked":"Luminous:Concentrate_Luminous+1","floor":32},{"not_picked":["Luminous:Balance_Baptism","Luminous:Dark_Crescendo_Luminous"],"picked":"Luminous:Lania_Blessing_Luminous","floor":33},{"not_picked":["Luminous:Light_Wash_Luminous","Luminous:Light_Track+1","Luminous:Dark_Dim_Erosion"],"picked":"Luminous:Accumulation_Luminous","floor":36},{"not_picked":["Luminous:Balance_Ender+1","Luminous:Erosion_Luminous","Luminous:Light_Gather"],"picked":"Luminous:Blinding_Pillar_Luminous+1","floor":37},{"not_picked":["Luminous:Dark_Morning_Star","Luminous:Flash_Blink_Luminous+1","Luminous:Light_Gather+1"],"picked":"Luminous:Lights_Protection_Luminous+1","floor":38},{"not_picked":["Luminous:Concentrate_Luminous+1","Luminous:Chase_Spell_Luminous+1","Luminous:Dark_Dim_Erosion+1"],"picked":"Luminous:Armageddon_Luminous","floor":39},{"not_picked":["StuffTheSpire:Harmony","StuffTheSpire:Innocence"],"picked":"StuffTheSpire:BrainWave","floor":42},{"not_picked":["Luminous:Lights_Protection_Luminous+1","Luminous:Dark_Morning_Star+1","Luminous:Dark_Dim_Erosion"],"picked":"Luminous:Light_Sylvan_Lance+1","floor":45},{"not_picked":["Luminous:Light_Glare+1","Luminous:Magic_Guard_Luminous","Luminous:Light_Wash_Luminous"],"picked":"Luminous:Concentrate_Luminous","floor":46},{"not_picked":["Luminous:Light_Glare+1","Luminous:Light_Sylvan_Lance+1","Luminous:Magic_Boost_Luminous"],"picked":"Luminous:Dark_Raid","floor":48},{"not_picked":["Luminous:Dark_Raid","Luminous:Chase_Spell_Luminous+1","Luminous:Blinding_Pillar_Luminous"],"picked":"Luminous:Fast_Spell_Luminous+1","floor":49},{"not_picked":["Luminous:Dark_Extract+1","Luminous:Accumulation_Luminous","Luminous:Light_Sylvan_Lance"],"picked":"Luminous:Lunar_Tide_Luminous+1","floor":52}],"player_experience":1068410,"relics_obtained":[{"floor":6.0,"key":"StuffTheSpire:HeavyRock"},{"floor":7.0,"key":"Kunai"},{"floor":12.0,"key":"Replay:Bottled Flurry"},{"floor":24.0,"key":"infinitespire:Satchel"},{"floor":26.0,"key":"Akabeko"},{"floor":27.0,"key":"Ice Cream"},{"floor":39,"key":"StuffTheSpire:NeowsTribute"},{"floor":41,"key":"infinitespire:BottledMercury"},{"floor":52,"key":"hubris:DuctTape"}],"event_choices":[{"damage_healed":0,"gold_gain":0,"player_choice":"Fight","damage_taken":0,"max_hp_gain":0,"max_hp_loss":0,"event_name":"Mysterious Sphere","floor":39,"gold_loss":0}],"is_beta":false,"boss_relics":[{"not_picked":["Painkiller Herb","hubris:HollowSoul"],"picked":"Replay:Ancient Bell"},{"not_picked":["Replay:Baseball","hubris:64BitClover"],"picked":"Omamori"},{"not_picked":["hubris:MobiusCoin","StSpp:Monolith"],"picked":"Replay:Arrowhead"},{"not_picked":["Replay:Towering Pillar of Hats","conspire:GiftBox"],"picked":"FossilizedHelix"},{"not_picked":["StSpp:FireArrow","conspire:RoyalGoblet"],"picked":"Honey Jar"}],"items_purged_floors":[23,28,37],"is_endless":false,"potions_floor_spawned":[2,12,15,16,26,29,31,32,33,39,45,46,49,52],"ascension_level":0}}