{"host":"9xv6exvwmlpefxuw","time":1611556920,"event":{"mods":["ATMod(阿瑾Mod)","AchievementEnabler","Act Like it!","Aspiration","BaseMod","Chen","Colored Powertips","Conspire","Downfall","Friendly Minions","Gensokyo","GifTheSpireLib","KinomotoSakuraMod(木之本樱)","Koishi","KomeijiMod","Lobotomy","LobotomyExtend","Marisa（F雨　魔理沙）","Minty Spire (QoL Compilation)","MostiFishMod","Pale of the Ancients","Rare Cards Sparkle","Reimu（博丽灵梦）","Remilia_Scarlet Moed（蕾米莉亚・斯卡雷特）3.3.5","Remilia（蕾米莉亚）","RumiaBox-露米娅的神秘盒子","StSLib","The Administrix","The Mystic","The Servant 0.9.4","WarShipGirlsR/战舰少女R mod","Yakumo Yukari mod","Youmu（魂魄妖梦）","Yuyuko","[IsaacMod]以撒尖塔","[功能]功能增强和修复MOD","【功能Mod】混沌之环修复补丁","【功能Mod】聪明的最终Boss","【遗物卡牌】REMEMod"],"gold_per_floor":[99,111,128,128,139,165,165,165,265,290,290,320,337,365,380,477,477,477,488,498,49,49,49,49,49,49,49],"floor_reached":25,"language":"ZHS","playtime":1499,"items_purged":[],"score":254,"play_id":"7926fa8c-0618-474e-a662-176f99971af3","local_time":"20210125144200","is_ascension_mode":false,"campfire_choices":[{"data":"Slimebound:Split","floor":1,"key":"SMITH"},{"data":"Slimebound:Schlurp","floor":11,"key":"SMITH"},{"data":"Slimebound:PrepareCrush","floor":18,"key":"SMITH"}],"circlet_count":0,"master_deck":["Slimebound:Strike_Slimebound","Slimebound:Strike_Slimebound","Slimebound:Strike_Slimebound","Slimebound:Tackle","Slimebound:Defend_Slimebound","Slimebound:Defend_Slimebound","Slimebound:Defend_Slimebound","Slimebound:Defend_Slimebound","Slimebound:Split+1","Slimebound:CorrosiveSpit","EpicFetus","Slimebound:SamplingLick","Slimebound:SplitLeeching","Slimebound:LevelUp","Slimebound:SamplingLick","Slimebound:Schlurp+1","Slimebound:SamplingLick","Bomb","Slimebound:Nibble","Slimebound:SlimeTap","Slimebound:PrepareCrush+1","Slimebound:Nibble","Pain"],"relics":["Slimebound:AbsorbEndCombat","AT_ATBox","HushsDoor","REME_ComplimentaryCards","DaveBox","The Courier","HowToJump","Pantograph","Frozen Egg 2","Blood Vial","Orichalcum","Blue Candle","SlaversCollar","AT_ChloranthyRing","TheAbacus","conspire:TopHat","AT_ForceNature","WarpedTongs","MutagenicStrength","GnawedLeaf"],"acts_visited":["Exordium","TheCity"],"potions_floor_usage":[16,16],"damage_taken":[{"damage":5,"enemies":"Jaw Worm","floor":2,"turns":4},{"damage":0,"enemies":"Small Slimes","floor":3,"turns":3},{"damage":1,"enemies":"Cultist","floor":5,"turns":4},{"damage":10,"enemies":"Lagavulin","floor":6,"turns":5},{"damage":41,"enemies":"Gremlin Nob","floor":10,"turns":5},{"damage":0,"enemies":"Lagavulin","floor":12,"turns":5},{"damage":2,"enemies":"Blue Slaver","floor":13,"turns":3},{"damage":22,"enemies":"3 Sentries","floor":14,"turns":8},{"damage":0,"enemies":"Large Slime","floor":15,"turns":4},{"damage":38,"enemies":"IC_STATUS_ARCHETYPE","floor":16,"turns":9},{"damage":2,"enemies":"Shell Parasite","floor":19,"turns":3},{"damage":2,"enemies":"Centurion and Healer","floor":20,"turns":6},{"damage":0,"enemies":"downfall:FleeingMerchant","floor":21,"turns":4},{"damage":0,"enemies":"Chosen and Byrds","floor":25,"turns":1}],"seed_played":"8653635001083356417","potions_obtained":[{"floor":2,"key":"SneckoOil"},{"floor":6,"key":"DuplicationPotion"},{"floor":6,"key":"AttackPotion"},{"floor":20,"key":"PowerPotion"}],"is_trial":false,"path_per_floor":["R","M","M","?","M","E","T","?","?","E","R","E","M","E","M","B",null,"R","M","M","$","?","?","T","M"],"character_chosen":"SLIMEBOUND","items_purchased":["AT_ChloranthyRing","TheAbacus","conspire:TopHat","AT_ForceNature"],"campfire_rested":0,"item_purchase_floors":[21,21,21,21],"current_hp_per_floor":[65,61,63,63,64,57,57,57,57,22,22,26,30,16,20,17,65,65,65,65,65,65,65,65,65,65,65],"gold":49,"neow_bonus":"THREE_CARDS","is_daily":false,"chose_seed":false,"campfire_upgraded":3,"win_rate":0.0,"timestamp":1611556920,"path_taken":["R","M","M","?","M","E","T","?","?","E","R","E","M","E","M","BOSS","R","M","M","$","?","?","T","M"],"items_purchased_type":["Relic","Relic","Relic","Relic"],"build_version":"2020-12-22","purchased_purges":0,"victory":false,"max_hp_per_floor":[65,65,65,65,65,65,65,65,65,65,65,65,65,65,65,65,65,65,65,65,65,65,65,65,65,65,65],"card_choices":[{"not_picked":["Slimebound:ForwardTackle","Slimebound:Chomp"],"picked":"Slimebound:SamplingLick","floor":0},{"not_picked":["Slimebound:ComboTackle","Slimebound:Chomp"],"picked":"Slimebound:SplitLeeching","floor":2},{"not_picked":["Slimebound:LeechingTouch","Slimebound:GoopSpray"],"picked":"Slimebound:LevelUp","floor":3},{"not_picked":["Slimebound:Grow","Slimebound:SplitMire"],"picked":"Slimebound:SamplingLick","floor":5},{"not_picked":["Slimebound:SplitMire","Slimebound:FormOfPuddle","Slimebound:FirmFortitude"],"picked":"SKIP","floor":6},{"not_picked":["Slimebound:LeechEnergy","Slimebound:SplitMire"],"picked":"Slimebound:Schlurp","floor":9},{"not_picked":["Slimebound:SplitMire","Slimebound:SlimeBrawl"],"picked":"Slimebound:SamplingLick","floor":10},{"not_picked":["Slimebound:SlimeSpikes","Slimebound:SlimeBarrage"],"picked":"Bomb","floor":12},{"not_picked":["Slimebound:GoopTackle","Slimebound:ComboTackle"],"picked":"Slimebound:Nibble","floor":13},{"not_picked":["Slimebound:RollThrough","Slimebound:MinionMaster+1"],"picked":"Slimebound:SlimeTap","floor":14},{"not_picked":["Slimebound:SlimeSpikes","Slimebound:LeechEnergy","Slimebound:GoopTackle"],"picked":"SKIP","floor":15},{"not_picked":["Slimebound:SlimeSlap","Slimebound:LeechLife"],"picked":"Slimebound:PrepareCrush","floor":16},{"not_picked":["Slimebound:Schlurp","Slimebound:LeechingTouch","Slimebound:LeechEnergy+1"],"picked":"SKIP","floor":19},{"not_picked":["Slimebound:FormOfPuddle","Slimebound:SplitLeeching+1"],"picked":"Slimebound:Nibble","floor":20},{"not_picked":["Slimebound:SplitMire+1","Slimebound:MegaLick","Slimebound:ForwardTackle"],"picked":"SKIP","floor":21}],"player_experience":147241,"relics_obtained":[{"floor":6,"key":"Pantograph"},{"floor":7,"key":"Frozen Egg 2"},{"floor":10,"key":"Blood Vial"},{"floor":12,"key":"Orichalcum"},{"floor":14,"key":"Blue Candle"},{"floor":24,"key":"GnawedLeaf"}],"event_choices":[{"damage_healed":0,"gold_gain":0,"player_choice":"Leave","damage_taken":0,"max_hp_gain":0,"max_hp_loss":0,"event_name":"conspire:Investor","floor":8,"gold_loss":0},{"damage_healed":0,"gold_gain":0,"player_choice":"Rummage","damage_taken":0,"relics_obtained":["WarpedTongs"],"max_hp_gain":0,"max_hp_loss":0,"event_name":"Accursed Blacksmith","floor":22,"gold_loss":0,"cards_obtained":["Pain"]},{"damage_healed":0,"gold_gain":0,"player_choice":"Inject Mutagens","damage_taken":0,"relics_obtained":["MutagenicStrength"],"max_hp_gain":0,"max_hp_loss":0,"event_name":"Drug Dealer","floor":23,"gold_loss":0}],"is_beta":false,"boss_relics":[{"not_picked":["ChampionBelt","FrostBlade"],"picked":"SlaversCollar"},{"not_picked":[]}],"items_purged_floors":[],"is_endless":false,"potions_floor_spawned":[2,6,6,10,12,13,14,14,14,16,20],"killed_by":"Chosen and Byrds","ascension_level":0}}