{"host":"Mute","time":1611614442,"event":{"mods":["BaseMod","Colored Map","Downfall","Minty Spire (QoL Compilation)","StSLib"],"gold_per_floor":[99,113,21,40,53,71,148,174,174,174,624,624,624,498,514,514,514,514],"floor_reached":16,"language":"ENG","playtime":1078,"items_purged":["downfall:Icky"],"score":100,"play_id":"b4e0dbdb-773e-4ded-bd51-dfa941d1426e","local_time":"20210125174042","is_ascension_mode":false,"campfire_choices":[{"data":"bronze:Overload","floor":1,"key":"SMITH"},{"data":"bronze:FollowUp","floor":10,"key":"SMITH"},{"data":"bronze:Turbo","floor":13,"key":"SMITH"}],"circlet_count":0,"master_deck":["bronze:Strike","bronze:Strike","bronze:Strike","bronze:Strike","bronze:Defend","bronze:Defend","bronze:Defend","bronze:Defend","bronze:Replicate","bronze:Goto","bronze:Overload+1","bronze:Turbo+1","bronze:Frontload","bronze:FollowUp+1","bronze:WhirlingStrike","bronze:ItsAFeature","bronze:Allocate","bronze:WildBeam","bronze:Spike","bronze:DazingPulse","downfall:Icky","bronze:Invalidate","bronze:Repulsor","bronze:Iterate"],"relics":["bronze:BronzeCore","Shuriken","bronze:SilverBullet"],"acts_visited":["Exordium"],"potions_floor_usage":[],"damage_taken":[{"damage":0,"enemies":"Cultist","floor":2,"turns":5},{"damage":0,"enemies":"downfall:FleeingMerchant","floor":3,"turns":4},{"damage":0,"enemies":"Jaw Worm","floor":4,"turns":4},{"damage":0,"enemies":"2 Louse","floor":5,"turns":2},{"damage":0,"enemies":"2 Fungi Beasts","floor":6,"turns":3},{"damage":32,"enemies":"Lagavulin","floor":8,"turns":9},{"damage":16,"enemies":"Lagavulin","floor":9,"turns":4},{"damage":0,"enemies":"downfall:FleeingMerchant","floor":14,"turns":4},{"damage":21,"enemies":"Exordium Thugs","floor":15,"turns":4},{"damage":15,"enemies":"DF_ARCHETYPE_STREAMLINE","floor":16,"turns":5}],"seed_played":"5986002295665306633","potions_obtained":[{"floor":5,"key":"Guardian:BlockOnCardUsePotion"},{"floor":9,"key":"SteroidPotion"},{"floor":15,"key":"GamblersBrew"}],"is_trial":false,"path_per_floor":["R","M","$","M","M","M","T","E","?","R","?","?","R","$","M","B"],"character_chosen":"THE_AUTOMATON","items_purchased":["bronze:FollowUp","bronze:Repulsor"],"campfire_rested":0,"item_purchase_floors":[3,14],"current_hp_per_floor":[70,70,70,70,70,70,70,38,22,22,22,22,22,22,1,0,0,0],"gold":514,"neow_bonus":"THREE_CARDS","is_daily":false,"chose_seed":false,"campfire_upgraded":3,"win_rate":0.0,"timestamp":1611614442,"path_taken":["R","M","?","M","M","M","T","E","?","R","?","?","R","$","M","BOSS"],"items_purchased_type":["Card","Card"],"build_version":"2020-12-18","purchased_purges":1,"victory":false,"max_hp_per_floor":[70,70,70,70,70,70,70,70,70,70,70,70,70,70,70,70,70,70],"card_choices":[{"not_picked":["bronze:Invalidate","bronze:Safeguard"],"picked":"bronze:Overload","floor":0},{"not_picked":["bronze:BitShift","bronze:Overheat"],"picked":"bronze:Turbo","floor":2},{"not_picked":["bronze:WildBeam","bronze:Fortify"],"picked":"bronze:Frontload","floor":3},{"not_picked":["bronze:Iterate","bronze:Overload"],"picked":"bronze:WhirlingStrike","floor":4},{"not_picked":["bronze:WildBeam","bronze:Frontload"],"picked":"bronze:ItsAFeature","floor":5},{"not_picked":["bronze:NullPointer","bronze:Invalidate"],"picked":"bronze:Allocate","floor":6},{"not_picked":["bronze:FineTuning","bronze:BitShift"],"picked":"bronze:WildBeam","floor":8},{"not_picked":[],"picked":"bronze:Spike","floor":9},{"not_picked":[],"picked":"bronze:DazingPulse","floor":9},{"not_picked":["bronze:Separator","bronze:Constructor"],"picked":"bronze:Invalidate","floor":14},{"not_picked":["bronze:Separator","bronze:BitShift"],"picked":"bronze:Iterate","floor":15}],"player_experience":447446,"relics_obtained":[{"floor":7,"key":"Shuriken"},{"floor":8,"key":"bronze:SilverBullet"}],"event_choices":[{"cards_removed":["downfall:Icky"],"damage_healed":0,"gold_gain":0,"player_choice":"Card Removal","damage_taken":0,"max_hp_gain":0,"max_hp_loss":0,"event_name":"Wheel of Change","floor":12,"gold_loss":0}],"is_beta":true,"boss_relics":[],"items_purged_floors":[14],"is_endless":false,"potions_floor_spawned":[5,9,15],"killed_by":"DF_ARCHETYPE_STREAMLINE","ascension_level":0}}