{"host":"1zwnl30z3cyaxn7y","time":1611577263,"event":{"mods":["BaseMod","Downfall","Minty Spire (QoL Compilation)","Replay The Spire","StSLib","The Bug Knight","The Servant 0.9.4","Warlord Emblem"],"gold_per_floor":[112,37,57,74,92,92,92,112,112,144,160,160,60,60,60,155,155,168,178,190,190,200,200,234,234,234,263,138,148,148,167,167,268,268,278,297,315,165,165,165,215,227,227,52,67,85,118,134,134,134],"floor_reached":51,"language":"ZHS","playtime":1782,"items_purged":["WarlordEmblem:RuneStrike","Voices","WarlordEmblem:Defend_DK","WarlordEmblem:RuneStrike","WarlordEmblem:RuneStrike"],"score":1073,"play_id":"f4edc13b-bf2e-457f-8688-679a8a6ce03e","local_time":"20210125202103","is_ascension_mode":false,"campfire_choices":[{"data":"WarlordEmblem:UndeadWill","floor":7,"key":"SMITH"},{"data":"WarlordEmblem:RuneDefend","floor":12,"key":"SMITH"},{"data":"WarlordEmblem:Defend_DK","floor":15,"key":"SMITH"},{"data":"Guardian:RefractedBeam+1","floor":23,"key":"SMITH"},{"data":"Guardian:RefractedBeam+2","floor":25,"key":"SMITH"},{"data":"Guardian:RefractedBeam+3","floor":30,"key":"SMITH"},{"data":"Guardian:RefractedBeam+4","floor":32,"key":"SMITH"},{"data":"Guardian:RefractedBeam+5","floor":40,"key":"SMITH"},{"data":"Guardian:RefractedBeam+6","floor":49,"key":"SMITH"}],"circlet_count":0,"master_deck":["WarlordEmblem:RuneStrike","WarlordEmblem:Defend_DK","WarlordEmblem:Defend_DK+1","WarlordEmblem:RuneDefend+1","WarlordEmblem:Frostmourne+1","WarlordEmblem:UndeadWill+1","Guardian:RefractedBeam+7","Slimebound:Prepare","Contraction+1"],"relics":["WarlordEmblem:RuneSword","WarlordEmblem:DKHelm","WarlordEmblem:DK_Ghoul","PrismaticShard","Replay:Wax Seal","Ancient Tea Set","Philosopher\u0027s Stone","WarlordEmblem:WuziBook","HollowMod:StagPassRelic","Anchor","WarlordEmblem:IceDragon","Unceasing Top","WarlordEmblem:MantleLiam","WarlordEmblem:ProtectBox"],"acts_visited":["Exordium","TheCity","TheBeyond"],"potions_floor_usage":[16],"damage_taken":[{"damage":0.0,"enemies":"Jaw Worm","floor":1.0,"turns":3.0},{"damage":0.0,"enemies":"2 Louse","floor":3.0,"turns":2.0},{"damage":8,"enemies":"Small Slimes","floor":4,"turns":3},{"damage":0,"enemies":"Blue Slaver","floor":5,"turns":3},{"damage":0,"enemies":"3 Louse","floor":8,"turns":2},{"damage":0,"enemies":"3 Sentries","floor":10,"turns":4},{"damage":0,"enemies":"Exordium Thugs","floor":11,"turns":2},{"damage":16,"enemies":"Slime Boss","floor":16,"turns":6},{"damage":3,"enemies":"Shell Parasite","floor":18,"turns":3},{"damage":0,"enemies":"3 Byrds","floor":19,"turns":2},{"damage":0,"enemies":"Centurion and Healer","floor":20,"turns":3},{"damage":0,"enemies":"Snecko","floor":22,"turns":3},{"damage":0,"enemies":"Book of Stabbing","floor":24,"turns":3},{"damage":0,"enemies":"Gremlin Leader","floor":27,"turns":3},{"damage":0,"enemies":"Sentry and Sphere","floor":29,"turns":3},{"damage":3,"enemies":"Shelled Parasite and Fungi","floor":31,"turns":3},{"damage":0,"enemies":"Pondfish","floor":33,"turns":4},{"damage":0,"enemies":"3 Darklings","floor":35,"turns":2},{"damage":0,"enemies":"3 Shapes","floor":36,"turns":1},{"damage":9,"enemies":"Spire Growth","floor":37,"turns":3},{"damage":18,"enemies":"Mind Bloom Boss Battle","floor":41,"turns":3},{"damage":6,"enemies":"Writhing Mass","floor":42,"turns":3},{"damage":0,"enemies":"Sphere and 2 Shapes","floor":45,"turns":3},{"damage":0,"enemies":"4 Shapes","floor":46,"turns":2},{"damage":0,"enemies":"Giant Head","floor":47,"turns":5},{"damage":0,"enemies":"Writhing Mass","floor":48,"turns":2},{"damage":0,"enemies":"Donu and Deca","floor":50,"turns":6}],"seed_played":"8903541594832567141","potions_obtained":[{"floor":5,"key":"GamblersBrew"},{"floor":8,"key":"Elixir"},{"floor":10,"key":"FearPotion"},{"floor":20,"key":"SpeedPotion"}],"is_trial":false,"path_per_floor":["M","$","M","M","M","?","R","M","T","E","M","R","$","?","R","B",null,"M","M","M","?","M","R","E","R","T","E","$","M","R","M","R","B",null,"M","M","M","$","?","R","?","M","T","$","M","M","E","M","R","B",null],"character_chosen":"DeathKnight","items_purchased":[],"campfire_rested":0,"item_purchase_floors":[],"current_hp_per_floor":[80,80,80,75,78,78,78,78,78,80,80,80,80,80,80,64,80,77,80,80,80,80,80,80,80,80,80,80,80,80,77,77,80,80,80,80,71,71,71,71,61,61,61,61,64,66,74,80,80,80],"gold":134,"neow_bonus":"UPGRADE_CARD","is_daily":false,"chose_seed":false,"campfire_upgraded":9,"win_rate":0.0,"timestamp":1611577263,"path_taken":["M","$","M","M","M","?","R","M","T","E","M","R","$","?","R","BOSS","M","M","M","?","M","R","E","R","T","E","$","M","R","M","R","BOSS","M","M","M","$","?","R","?","M","T","?","M","M","E","M","R","BOSS"],"items_purchased_type":[],"build_version":"2020-12-22","purchased_purges":5,"victory":true,"max_hp_per_floor":[80,80,80,80,80,80,80,80,80,80,80,80,80,80,80,80,80,80,80,80,80,80,80,80,80,80,80,80,80,80,80,80,80,80,80,80,80,80,80,80,80,80,80,80,80,80,80,80,80,80],"card_choices":[{"not_picked":["WarlordEmblem:RuneDiffer","WarlordEmblem:Withstand","WarlordEmblem:RuneRecast"],"picked":"SKIP","floor":1.0},{"not_picked":["WarlordEmblem:Annihilation","WarlordEmblem:RuneFocus"],"picked":"WarlordEmblem:UndeadWill","floor":3.0},{"not_picked":["WarlordEmblem:DiseaseCloud","WarlordEmblem:VoidStrike","WarlordEmblem:WindStrike"],"picked":"SKIP","floor":4},{"not_picked":["WarlordEmblem:RuneMelter","WarlordEmblem:SevereWinter","WarlordEmblem:LichBody"],"picked":"SKIP","floor":5},{"not_picked":["Study","Desolation","WarlordEmblem:RuneDiffer"],"picked":"SKIP","floor":8},{"not_picked":["Poisoned Stab","bronze:WhirlingStrike","sneckomod:DiceBlock"],"picked":"SKIP","floor":10},{"not_picked":["WarlordEmblem:CurseStrike","Slimebound:SplitAcid","champ:DefensiveShout"],"picked":"SKIP","floor":11},{"not_picked":["WarlordEmblem:EvilStrike+1","HollowMod:CloakDash"],"picked":"Guardian:RefractedBeam+1","floor":18},{"not_picked":["Dual Wield","HollowMod:InfectedCysts","Vengeance"],"picked":"SKIP","floor":19},{"not_picked":["Steam","HollowMod:NewJinnsSoul","sneckomod:UnknownClassSLIMEBOUND"],"picked":"SKIP","floor":20},{"not_picked":["Slimebound:SplitMire","Slimebound:SplitBruiser","HollowMod:SoulSplash"],"picked":"SKIP","floor":22},{"not_picked":["hexamod:SwordOfDarkness","hexamod:GhostLash+1","sneckomod:UnknownClassBLUE"],"picked":"SKIP","floor":24},{"not_picked":["Slimebound:Schlurp","SandsOfTime+1","ThirdEye"],"picked":"SKIP","floor":27},{"not_picked":["ReplayTheSpireMod:Exploit Weakness","DeusExMachina","hexamod:GhostLash+1"],"picked":"SKIP","floor":29},{"not_picked":["champ:FalseCounter","bronze:ChildClass+1","Guardian:Gem_Green"],"picked":"SKIP","floor":31},{"not_picked":["champ:GladiatorForm","ReplayTheSpireMod:Necrosis"],"picked":"WarlordEmblem:FrozenTouch","floor":33},{"not_picked":["WarlordEmblem:WindStrike+1","Guardian:Gem_Blue","Guardian:DonusPower+1"],"picked":"SKIP","floor":35},{"not_picked":["Slimebound:SplitLeeching+1","HollowMod:SoulSplash"],"picked":"Slimebound:Prepare","floor":36},{"not_picked":["Guardian:Incinerate+1","Slimebound:SamplingLick+1","sneckomod:UnknownCommonAttack"],"picked":"SKIP","floor":37},{"not_picked":["TimeWarp","champ:FocusedDefense","champ:EnragedBash+1"],"picked":"SKIP","floor":42},{"not_picked":["Slimebound:Schlurp+1","HollowMod:AbyssShriek+1","SashWhip+1"],"picked":"SKIP","floor":45},{"not_picked":["Streamline","Slimebound:SlimeBrawl","PiercingWail"],"picked":"SKIP","floor":46},{"not_picked":["sneckomod:Unknown2Cost","Moonlight+1","Guardian:Gem_Green"],"picked":"SKIP","floor":47},{"not_picked":["Guardian:Reroute+1","HollowMod:NewLittleFool"],"picked":"Contraction+1","floor":48}],"player_experience":295182,"relics_obtained":[{"floor":9,"key":"Replay:Wax Seal"},{"floor":10,"key":"Ancient Tea Set"},{"floor":24,"key":"WarlordEmblem:WuziBook"},{"floor":26,"key":"HollowMod:StagPassRelic"},{"floor":27,"key":"Anchor"},{"floor":41,"key":"Unceasing Top"},{"floor":43,"key":"WarlordEmblem:MantleLiam"},{"floor":47,"key":"WarlordEmblem:ProtectBox"}],"event_choices":[{"cards_removed":["WarlordEmblem:Defend_DK"],"damage_healed":0,"gold_gain":0,"player_choice":"Forget","damage_taken":0,"max_hp_gain":0,"max_hp_loss":0,"event_name":"Living Wall","floor":14,"gold_loss":0},{"damage_healed":0,"gold_gain":0,"player_choice":"Ignored","damage_taken":0,"max_hp_gain":0,"max_hp_loss":0,"event_name":"Ghosts","floor":21,"gold_loss":0},{"cards_removed":["WarlordEmblem:FrozenTouch"],"damage_healed":0,"gold_gain":0,"player_choice":"Removed Skill","damage_taken":0,"max_hp_gain":0,"max_hp_loss":0,"event_name":"Falling","floor":39,"gold_loss":0},{"damage_healed":0,"gold_gain":0,"player_choice":"Fight","damage_taken":0,"max_hp_gain":0,"max_hp_loss":0,"event_name":"MindBloom","floor":41,"gold_loss":0}],"is_beta":false,"boss_relics":[{"not_picked":["Busted Crown","Replay:Drink Me"],"picked":"Philosopher\u0027s Stone"},{"not_picked":["Kintsugi","Replay:Bronze Core"],"picked":"WarlordEmblem:IceDragon"}],"items_purged_floors":[2,13,28,38,44],"is_endless":false,"potions_floor_spawned":[5,8,10,11,20,22,27,36,42,45,46],"ascension_level":0}}