{"host":"jjz4szgmev061tnm","time":1611568177,"event":{"mods":["Act Like it!","Arknights The Spire","BaseMod","Gensokyo","Marisa（F雨　魔理沙）","Minty Spire (QoL Compilation)","Shop Mod","StSLib","WarShipGirlsR/战舰少女R mod"],"gold_per_floor":[3000,2561,2573,2585,2371,2371,2383,2403,2403,2403,2403],"floor_reached":10,"language":"ZHS","playtime":565,"items_purged":["ats:Defend"],"score":60,"play_id":"2be6e6d9-5bab-4092-ba73-ce4ab8dbe6dd","local_time":"20210125174937","is_ascension_mode":false,"campfire_choices":[{"data":"ats:Part Time Job","floor":6.0,"key":"SMITH"}],"circlet_count":0,"master_deck":["ats:Strike C","ats:Strike G","ats:Strike S","ats:Strike V","ats:Armor Crushing Shot","ats:Defend","ats:Defend","ats:Emotion Absorption","ats:Beaten Up","ats:Poison Spread","ats:Neurotoxin","ats:Part Time Job+1","ats:Flame Of Heaven","Gensokyo:LockedMedkit","Gensokyo:RustyChest","Gensokyo:DepletedGenerator","Gensokyo:TarnishedGold","ats:Poison Spread","ats:Poison Spread"],"relics":["ats:Sanity","ats:Cure","Toy Ornithopter","Strawberry","Pocketwatch"],"acts_visited":["Exordium"],"potions_floor_usage":[],"damage_taken":[{"damage":9.0,"enemies":"Gensokyo:Python","floor":1.0,"turns":4.0},{"damage":7.0,"enemies":"Gensokyo:Gryphon","floor":3.0,"turns":3.0},{"damage":14.0,"enemies":"Gensokyo:2_Kodama","floor":4.0,"turns":3.0},{"damage":20.0,"enemies":"Gensokyo:LivingMonolith","floor":7.0,"turns":4.0},{"damage":33.0,"enemies":"Gensokyo:Python_and_Kodama","floor":8.0,"turns":6.0},{"damage":16,"enemies":"Gensokyo:Aya","floor":10,"turns":5}],"seed_played":"3011939946108022913","potions_obtained":[{"floor":1.0,"key":"BlessingOfTheForge"},{"floor":3.0,"key":"Swift Potion"}],"is_trial":false,"path_per_floor":["M","$","M","M","COS","R","M","M","T","E"],"character_chosen":"DOCTOR_CLASS","items_purchased":["ats:Cure","ats:Neurotoxin","Toy Ornithopter"],"campfire_rested":0,"item_purchase_floors":[2,2,2],"current_hp_per_floor":[63,63,56,45,45,45,36,20,20,10,10],"gold":2403,"neow_bonus":"TRANSFORM_CARD","is_daily":false,"chose_seed":false,"campfire_upgraded":1,"win_rate":0.0,"timestamp":1611568177,"path_taken":["M","$","M","M","COS","R","M","M","T","E"],"items_purchased_type":["Relic","Card","Relic"],"build_version":"2020-12-22","purchased_purges":1,"victory":false,"max_hp_per_floor":[72,72,72,72,72,72,72,79,79,79,79],"card_choices":[{"not_picked":["ats:Mental Burst","ats:Guard Mode"],"picked":"ats:Poison Spread","floor":1.0},{"not_picked":["ats:Very Hot Blade","ats:Curse Doll"],"picked":"ats:Part Time Job","floor":3.0},{"not_picked":["ats:Curse Doll","ats:Blood Oath"],"picked":"ats:Flame Of Heaven","floor":4.0},{"not_picked":["ats:Cat Scratch","ats:Explosion Area Strengthen"],"picked":"ats:Poison Spread","floor":7.0},{"not_picked":["ats:Consecutive Shot Auto","ats:Closed Bolt Burst Fire"],"picked":"ats:Poison Spread","floor":8.0}],"player_experience":221407,"relics_obtained":[{"floor":9.0,"key":"Pocketwatch"}],"event_choices":[],"is_beta":false,"boss_relics":[],"items_purged_floors":[2],"is_endless":false,"potions_floor_spawned":[1,3],"killed_by":"Gensokyo:Aya","ascension_level":0}}