{"host":"pvf7uj918he10jir","time":1611554338,"event":{"mods":["AchievementEnabler","BaseMod","Colored Map","Colored Powertips","Highlight Path","Minty Spire (QoL Compilation)","Relic Stats","Slay the Relics Exporter","everything is the same but u backflip on backflip"],"gold_per_floor":[114,114,129,144,144,171,188,215,215,68,68,68,68],"floor_reached":12,"language":"ENG","playtime":699,"items_purged":["Strike_B"],"score":106,"play_id":"a770298b-6433-4391-9979-2305c95e7be3","local_time":"20210125005858","is_ascension_mode":true,"campfire_choices":[],"circlet_count":0,"master_deck":["Defend_B","Defend_B+1","Defend_B","Zap+1","Scrape+1","Barrage+1","BootSequence+1","Genetic Algorithm","Ball Lightning","Redo","Self Repair","Steam Power","Fission","Heatsinks","Stack"],"relics":["Astrolabe","Bird Faced Urn","Shuriken","Mummified Hand"],"acts_visited":["Exordium"],"potions_floor_usage":[],"damage_taken":[{"damage":5,"enemies":"Cultist","floor":1,"turns":4},{"damage":0,"enemies":"Jaw Worm","floor":3,"turns":3},{"damage":0,"enemies":"Small Slimes","floor":4,"turns":3},{"damage":37,"enemies":"3 Sentries","floor":6,"turns":6},{"damage":0,"enemies":"Exordium Wildlife","floor":7,"turns":3},{"damage":3,"enemies":"Lagavulin","floor":8,"turns":4},{"damage":32,"enemies":"3 Sentries","floor":12,"turns":6}],"seed_played":"-4733466744807023198","potions_obtained":[{"floor":1,"key":"Energy Potion"},{"floor":4,"key":"Ancient Potion"}],"is_trial":false,"path_per_floor":["M","?","M","M","?","E","M","E","T","$","?","E"],"character_chosen":"DEFECT","items_purchased":["Heatsinks"],"campfire_rested":0,"item_purchase_floors":[10],"current_hp_per_floor":[70,55,55,55,48,11,20,26,26,26,26,0,0],"gold":68,"neow_bonus":"BOSS_RELIC","is_daily":false,"chose_seed":false,"campfire_upgraded":0,"win_rate":0.0,"timestamp":1611554338,"path_taken":["M","?","M","M","?","E","M","E","T","$","?","E"],"items_purchased_type":["Card"],"build_version":"2020-12-22","purchased_purges":1,"victory":false,"max_hp_per_floor":[75,75,75,75,75,75,75,75,75,75,75,75,75],"relic_stats":{"counters":[7,29],"Shuriken":[0],"Mummified Hand":[1],"Astrolabe":["Scrape","Barrage","BootSequence"],"Bird Faced Urn":[6],"obtain_stats":[{"Shuriken":8,"Mummified Hand":9,"Astrolabe":0,"Bird Faced Urn":6,"Cracked Core":0},{"Shuriken":6,"Mummified Hand":6,"Astrolabe":0,"Bird Faced Urn":4,"Cracked Core":0},{"Shuriken":23,"Mummified Hand":23,"Astrolabe":0,"Bird Faced Urn":16,"Cracked Core":0}]},"card_choices":[{"not_picked":["Recycle","Fusion"],"picked":"Genetic Algorithm","floor":1},{"not_picked":["Go for the Eyes","Hologram"],"picked":"Ball Lightning","floor":3},{"not_picked":["Compile Driver","Rebound"],"picked":"Redo","floor":4},{"not_picked":["Turbo","Skim"],"picked":"Self Repair","floor":6},{"not_picked":["Steam Power","Hologram","Conserve Battery"],"picked":"SKIP","floor":7},{"not_picked":["Hologram","Conserve Battery"],"picked":"Steam Power","floor":7},{"not_picked":["Consume","Compile Driver"],"picked":"Fission","floor":8}],"player_experience":154840,"relics_obtained":[{"floor":6,"key":"Bird Faced Urn"},{"floor":8,"key":"Shuriken"},{"floor":9,"key":"Mummified Hand"}],"event_choices":[{"damage_healed":0,"gold_gain":0,"player_choice":"Entered Light","damage_taken":15,"max_hp_gain":0,"max_hp_loss":0,"event_name":"Shining Light","floor":2,"gold_loss":0,"cards_upgraded":["Defend_B","Zap"]},{"cards_removed":["Strike_B"],"damage_healed":0,"gold_gain":0,"player_choice":"Card Removal","damage_taken":7,"max_hp_gain":0,"max_hp_loss":0,"event_name":"Golden Wing","floor":5,"gold_loss":0},{"damage_healed":0,"gold_gain":0,"cards_transformed":["Strike_B"],"player_choice":"Transformed","damage_taken":0,"max_hp_gain":0,"max_hp_loss":0,"event_name":"Transmorgrifier","floor":11,"gold_loss":0,"cards_obtained":["Stack"]}],"is_beta":false,"boss_relics":[],"items_purged_floors":[10],"is_endless":false,"potions_floor_spawned":[1,4],"killed_by":"3 Sentries","ascension_level":4}}