{"host":"l2dnabsh5e0fsksb","time":1611551959,"event":{"mods":["2.2 Compatiblity","BaseMod","Downfall","Minty Spire (QoL Compilation)","Quick Restart","StSLib"],"gold_per_floor":[99,99,99,99,99,99,122,156,168,68,102,113,13,29,40,137,137,137,148,148,158,44,57,57,57,71,87,37,62,62,96,115,115,115,115],"floor_reached":33,"language":"ENG","playtime":1153,"items_purged":["Pride"],"score":416,"play_id":"bf02493d-c2a2-4c23-b596-6bccb80e0874","local_time":"20210125154919","is_ascension_mode":true,"campfire_choices":[{"floor":1.0,"key":"RECALL"},{"data":"bronze:Iterate","floor":10.0,"key":"SMITH"},{"floor":13.0,"key":"REST"},{"data":"bronze:Mutator","floor":18.0,"key":"SMITH"}],"circlet_count":0,"master_deck":["bronze:Strike","bronze:Strike","bronze:Strike","bronze:Defend","bronze:Defend","bronze:Replicate","bronze:Goto","bronze:Iterate","bronze:CutThrough","Decay","bronze:ClassDefault","bronze:Invalidate","bronze:Iterate+1","bronze:Allocate","bronze:Repair","bronze:FineTuning","bronze:ChildClass","bronze:Mutator+1","bronze:BronzeOrb","bronze:DelayedSlice","bronze:Separator","bronze:Deprecate","bronze:BitShift","bronze:WhirlingStrike","bronze:WhirlingStrike","bronze:Separator","bronze:Frontload"],"relics":["bronze:BronzeCore","downfall:HeartsMalice","Guardian:PocketSentry","downfall:HeartBlessingBlue","Kunai","downfall:HeartBlessingRed","bronze:MakeshiftBattery","Ginger","PreservedInsect","Gremlin Horn","bronze:Timepiece"],"acts_visited":["Exordium","TheCity"],"potions_floor_usage":[33],"damage_taken":[{"damage":0.0,"enemies":"Cultist","floor":2.0,"turns":1.0},{"damage":0.0,"enemies":"2 Louse","floor":3.0,"turns":1.0},{"damage":0.0,"enemies":"Small Slimes","floor":5.0,"turns":1.0},{"damage":25.0,"enemies":"Lagavulin","floor":8.0,"turns":5.0},{"damage":7.0,"enemies":"Red Slaver","floor":9.0,"turns":2.0},{"damage":0.0,"enemies":"Gremlin Nob","floor":11.0,"turns":2.0},{"damage":9.0,"enemies":"Gremlin Gang","floor":12.0,"turns":3.0},{"damage":0.0,"enemies":"2 Fungi Beasts","floor":14.0,"turns":2.0},{"damage":30.0,"enemies":"Exordium Thugs","floor":15.0,"turns":4.0},{"damage":22.0,"enemies":"WA_ARCHETYPE_RETAIN","floor":16.0,"turns":4.0},{"damage":6.0,"enemies":"3 Byrds","floor":19.0,"turns":4.0},{"damage":12.0,"enemies":"Shell Parasite","floor":21.0,"turns":3.0},{"damage":3.0,"enemies":"downfall:FleeingMerchant","floor":22.0,"turns":4.0},{"damage":33.0,"enemies":"Snake Plant","floor":23.0,"turns":3.0},{"damage":23.0,"enemies":"Sentry and Sphere","floor":26.0,"turns":4.0},{"damage":3.0,"enemies":"Snecko","floor":27.0,"turns":3.0},{"damage":8.0,"enemies":"Book of Stabbing","floor":29.0,"turns":2.0},{"damage":1,"enemies":"Slavers","floor":31,"turns":3},{"damage":29,"enemies":"Snake Plant","floor":32,"turns":3},{"damage":29,"enemies":"DF_ARCHETYPE_CLAW","floor":33,"turns":3}],"seed_played":"-4857474573467680774","potions_obtained":[{"floor":6.0,"key":"downfall:CursedFountainPotion"},{"floor":8.0,"key":"AttackPotion"},{"floor":9.0,"key":"Explosive Potion"},{"floor":12.0,"key":"FearPotion"},{"floor":14.0,"key":"Explosive Potion"},{"floor":15.0,"key":"Swift Potion"},{"floor":16.0,"key":"GamblersBrew"},{"floor":21.0,"key":"SteroidPotion"},{"floor":23.0,"key":"Energy Potion"},{"floor":25.0,"key":"Dexterity Potion"},{"floor":26.0,"key":"Fire Potion"},{"floor":32,"key":"bronze:BuildAFunctionPotion"}],"is_trial":false,"path_per_floor":["R","M","M","?","M","?","T","E","M","R","E","M","R","M","M","B",null,"R","M","?","M","$","M","T","?","M","M","?","E","?","E","M","B"],"character_chosen":"THE_AUTOMATON","items_purchased":["bronze:Separator"],"campfire_rested":1,"item_purchase_floors":[22],"current_hp_per_floor":[63,63,63,63,63,63,63,38,31,41,41,32,56,56,33,18,65,65,66,66,61,73,40,40,40,24,21,51,43,31,37,15,0,0,0],"gold":115,"neow_bonus":"THREE_ENEMY_KILL","is_daily":false,"chose_seed":false,"campfire_upgraded":2,"win_rate":0.0,"timestamp":1611551959,"path_taken":["R","M","?","?","?","?","T","E","?","R","E","M","R","M","M","BOSS","R","?","?","M","?","M","T","?","M","?","?","E","?","E","M","BOSS"],"items_purchased_type":["Card"],"build_version":"2020-12-22","purchased_purges":1,"victory":false,"max_hp_per_floor":[70,70,70,70,70,70,70,70,70,80,80,80,80,80,80,80,80,80,80,80,80,80,80,80,80,80,80,80,80,80,80,80,80,80,80],"card_choices":[{"not_picked":["bronze:Safeguard","bronze:Refactor"],"picked":"bronze:Iterate","floor":2.0},{"not_picked":["bronze:Shield","bronze:DelayedGuard"],"picked":"bronze:CutThrough","floor":3.0},{"not_picked":["bronze:Boost","bronze:BugBarrage"],"picked":"bronze:ClassDefault","floor":5.0},{"not_picked":["bronze:BitShift","bronze:DigitalCarnage"],"picked":"bronze:Invalidate","floor":8.0},{"not_picked":["bronze:Shield","bronze:Return"],"picked":"bronze:Iterate","floor":9.0},{"not_picked":["bronze:Turbo","bronze:BitShift"],"picked":"bronze:Allocate","floor":11.0},{"not_picked":["bronze:Repulsor","bronze:FineTuning"],"picked":"bronze:Repair","floor":12.0},{"not_picked":["bronze:Safeguard","bronze:Deprecate"],"picked":"bronze:FineTuning","floor":14.0},{"not_picked":["bronze:Allocate","bronze:Safeguard"],"picked":"bronze:ChildClass","floor":15.0},{"not_picked":["bronze:Hardcode","bronze:Format"],"picked":"bronze:Mutator","floor":16.0},{"not_picked":["bronze:DelayedGuard","bronze:ForLoop","bronze:Allocate+1"],"picked":"SKIP","floor":19.0},{"not_picked":["bronze:Turbo+1","bronze:Flail"],"picked":"bronze:BronzeOrb","floor":21.0},{"not_picked":["bronze:BurnOut","bronze:Overload"],"picked":"bronze:DelayedSlice","floor":22.0},{"not_picked":["bronze:Allocate","bronze:Turbo"],"picked":"bronze:Deprecate","floor":23.0},{"not_picked":["bronze:BugBarrage","bronze:Shield"],"picked":"bronze:BitShift","floor":26.0},{"not_picked":["bronze:Overheat","bronze:ItsAFeature+1"],"picked":"bronze:WhirlingStrike","floor":27.0},{"not_picked":["bronze:Overload","bronze:DelayedSlice"],"picked":"bronze:WhirlingStrike","floor":29.0},{"not_picked":["bronze:ThunderWave","bronze:Repulsor+1"],"picked":"bronze:Separator","floor":31},{"not_picked":["bronze:BugBarrage+1","bronze:BuggyMess"],"picked":"bronze:Frontload","floor":32}],"player_experience":1835445,"relics_obtained":[{"floor":8.0,"key":"Guardian:PocketSentry"},{"floor":11.0,"key":"Kunai"},{"floor":24.0,"key":"PreservedInsect"},{"floor":29.0,"key":"Gremlin Horn"},{"floor":31,"key":"bronze:Timepiece"}],"event_choices":[{"damage_healed":0.0,"max_hp_gain":0.0,"max_hp_loss":0.0,"gold_gain":0.0,"event_name":"Addict","player_choice":"Stole Relic","floor":20.0,"gold_loss":0.0,"damage_taken":0.0,"relics_obtained":["Ginger"],"cards_obtained":["Pride"]},{"damage_healed":0.0,"max_hp_gain":0.0,"max_hp_loss":0.0,"gold_gain":0.0,"event_name":"Lab","player_choice":"Got Potions","floor":25.0,"gold_loss":0.0,"damage_taken":0.0}],"is_beta":false,"boss_relics":[{"not_picked":["Astrolabe","Busted Crown"],"picked":"bronze:MakeshiftBattery"}],"items_purged_floors":[22],"is_endless":false,"potions_floor_spawned":[8,9,12,14,15,16,21,23,26,32],"killed_by":"DF_ARCHETYPE_CLAW","ascension_level":6}}