{"host":"uoq8e77duj6rs50g","time":1611595361,"event":{"mods":["BaseMod","Better Altar","Better Match","Better Note","Better Sensory Stone","Better Skull","Better Third Choice","BetterRewards","Block Reminder","ChefMod","Curses Come First","Hermit","Hubris","Ironclad Rager","Minty Spire (QoL Compilation)","Relic Stats","Replay The Spire","Shade Mod","StSLib","The Blue Laboratory","The Cursed","The Dragon Tamer","The Exalted","The Judge","The Marked","The Runesmith","The Servant 0.9.4","TheSwordswoman","Uncapped","WarShipGirlsR/????R mod"],"gold_per_floor":[113,113,73,73,84,112,112,61,61,61,75,87,87,102,102,199,299,316,241,252,265,265,291,291,305,305,305,337,353,367,380,380,380,380],"floor_reached":33,"language":"ENG","playtime":1873,"items_purged":["Looming Evil"],"score":314,"play_id":"d7f38c03-b3a0-4383-96de-3d1618a06a2b","local_time":"20210125122241","is_ascension_mode":false,"campfire_choices":[{"floor":7,"key":"REST"},{"floor":10,"key":"REST"},{"data":"theMarked:SoldierOfQuellstein","floor":13,"key":"SMITH"},{"data":"theMarked:GodGivenPower","floor":15,"key":"SMITH"},{"data":"theMarked:EmpowerWeapon","floor":24,"key":"SMITH"},{"floor":32,"key":"REST"}],"circlet_count":0,"master_deck":["theMarked:Strike","theMarked:Strike","theMarked:Strike","theMarked:Strike","theMarked:Strike","theMarked:Defend","theMarked:Defend","theMarked:Defend","theMarked:Defend","theMarked:SoldierOfQuellstein+1","theMarked:MuscleMemory","theMarked:RepellingDischarge","theMarked:GodGivenPower+1","theMarked:CreepingChasm+1","theMarked:KeepCalmAndFight","theMarked:FavorableWinds","theMarked:WardOff","theMarked:TurnInvisible","theMarked:ContemptForTheProud+1","theMarked:OneWithTheBlade","theMarked:Determination","theMarked:EmpowerWeapon+1","theMarked:EternalStudent","theMarked:Aftermath","theMarked:Memento","theMarked:Memento+1","theMarked:EmpowerWeapon"],"relics":["theMarked:ArtifactOfAir","NeowsBlessing","ReplayTheSpireMod:Ring of Addiction","hubris:EmptyBottle","Toy Ornithopter","Ring of Fury","betterThird:SlimedRelic","Oddly Smooth Stone","Potion Belt","hubris:ToyBattleship","Bromod:ArcaneVictory","Replay:Wanted Poster","Akabeko","Bronze Scales","Vajra","Golden Egg"],"acts_visited":["Exordium","TheCity"],"potions_floor_usage":[11,12,14,16,16,16,18,18,20,21,23,23,23,25,28,30,31,31,33,33,33],"damage_taken":[{"damage":0,"enemies":"Jaw Worm","floor":1,"turns":1},{"damage":0,"enemies":"Small Slimes","floor":5,"turns":1},{"damage":0,"enemies":"Gremlin Nob","floor":6,"turns":1},{"damage":0,"enemies":"2 Louse","floor":11,"turns":1},{"damage":6,"enemies":"Red Slaver","floor":12,"turns":3},{"damage":3,"enemies":"2 Fungi Beasts","floor":14,"turns":3},{"damage":17,"enemies":"Hexaghost","floor":16,"turns":8},{"damage":10,"enemies":"3 Byrds","floor":18,"turns":3},{"damage":5,"enemies":"Chosen","floor":20,"turns":3},{"damage":6,"enemies":"Centurion and Healer","floor":21,"turns":4},{"damage":13,"enemies":"Gremlin Leader","floor":23,"turns":6},{"damage":13,"enemies":"Snecko","floor":25,"turns":4},{"damage":13,"enemies":"Replay:Snechameleon","floor":28,"turns":4},{"damage":27,"enemies":"Cultist and Chosen","floor":29,"turns":6},{"damage":22,"enemies":"Centurion and Healer","floor":30,"turns":3},{"damage":0,"enemies":"Chosen and Byrds","floor":31,"turns":5},{"damage":64,"enemies":"Collector","floor":33,"turns":6}],"seed_played":"-5336175094899592283","potions_obtained":[{"floor":1,"key":"SkillPotion"},{"floor":2,"key":"theMarked:ChargePotion"},{"floor":2,"key":"LiquidBronze"},{"floor":12,"key":"SteroidPotion"},{"floor":14,"key":"FearPotion"},{"floor":16,"key":"blueLaboratory:BottledHope"},{"floor":18,"key":"Fire Potion"},{"floor":20,"key":"Reflective Coating"},{"floor":25,"key":"blueLaboratory:BottledHope"},{"floor":30,"key":"blueLaboratory:BottleOfVodka"},{"floor":31,"key":"BlessingOfTheForge"}],"is_trial":false,"path_per_floor":["M","?","?","?","M","E","R","$","T","R","M","M","R","M","R","B",null,"M","$","M","M","?","E","R","M","T","?","E","M","M","M","R","B"],"character_chosen":"THE_DEFAULT","items_purchased":["theMarked:CreepingChasm+1"],"campfire_rested":3,"item_purchase_floors":[8],"current_hp_per_floor":[70,70,59,28,28,28,48,48,48,66,66,61,61,64,64,60,66,58,58,59,60,60,62,62,54,54,54,47,22,7,19,38,0,0],"gold":380,"neow_bonus":"THREE_ENEMY_KILL","is_daily":false,"chose_seed":false,"campfire_upgraded":3,"win_rate":0.0,"timestamp":1611595361,"path_taken":["M","?","?","?","M","E","R","$","T","R","?","M","R","M","R","BOSS","M","$","M","M","?","E","R","M","T","?","E","M","M","M","R","BOSS"],"items_purchased_type":["Card"],"build_version":"2020-12-22","purchased_purges":1,"victory":false,"max_hp_per_floor":[70,70,70,70,70,68,68,68,66,66,66,66,66,66,66,66,66,66,66,66,66,66,66,66,66,66,66,66,66,66,66,66,66,66],"relic_stats":{"counters":[17,60],"Bronze Scales":[99],"obtain_stats":[{"Potion Belt":4,"Golden Egg":28,"NeowsBlessing":0,"ReplayTheSpireMod:Ring of Addiction":2,"Bromod:ArcaneVictory":9,"Oddly Smooth Stone":4,"Vajra":26,"hubris:EmptyBottle":2,"Akabeko":22,"Replay:Wanted Poster":17,"theMarked:ArtifactOfAir":0,"betterThird:SlimedRelic":3,"Bronze Scales":23,"Ring of Fury":2,"hubris:ToyBattleship":6,"Toy Ornithopter":2},{"Potion Belt":1,"Golden Egg":13,"NeowsBlessing":0,"ReplayTheSpireMod:Ring of Addiction":1,"Bromod:ArcaneVictory":3,"Oddly Smooth Stone":1,"Vajra":12,"hubris:EmptyBottle":1,"Akabeko":10,"Replay:Wanted Poster":7,"theMarked:ArtifactOfAir":0,"betterThird:SlimedRelic":1,"Bronze Scales":11,"Ring of Fury":1,"hubris:ToyBattleship":3,"Toy Ornithopter":1},{"Potion Belt":1,"Golden Egg":40,"NeowsBlessing":0,"ReplayTheSpireMod:Ring of Addiction":1,"Bromod:ArcaneVictory":3,"Oddly Smooth Stone":1,"Vajra":36,"hubris:EmptyBottle":1,"Akabeko":26,"Replay:Wanted Poster":16,"theMarked:ArtifactOfAir":0,"betterThird:SlimedRelic":1,"Bronze Scales":32,"Ring of Fury":1,"hubris:ToyBattleship":3,"Toy Ornithopter":1}],"Toy Ornithopter":76},"card_choices":[{"not_picked":["theMarked:BanishingStrike","theMarked:SwordAndMagic"],"picked":"theMarked:MuscleMemory","floor":1},{"not_picked":["theMarked:SwordAndMagic","theMarked:ChainLightning"],"picked":"theMarked:RepellingDischarge","floor":5},{"not_picked":["theMarked:Determination","theMarked:TakeCover"],"picked":"theMarked:GodGivenPower","floor":6},{"not_picked":["theMarked:Frustration","theMarked:Polarize"],"picked":"theMarked:KeepCalmAndFight","floor":11},{"not_picked":["theMarked:Parkour","theMarked:TakeCover"],"picked":"theMarked:FavorableWinds","floor":12},{"not_picked":["theMarked:Memento","theMarked:ElectricStrings"],"picked":"theMarked:WardOff","floor":14},{"not_picked":["theMarked:FavorableWinds","theMarked:UnarmedFury"],"picked":"theMarked:TurnInvisible","floor":16},{"not_picked":["theMarked:GodGivenPower","theMarked:Frustration"],"picked":"theMarked:ContemptForTheProud+1","floor":18},{"not_picked":["theMarked:WastefulAttack","theMarked:RepellingDischarge"],"picked":"theMarked:OneWithTheBlade","floor":20},{"not_picked":["theMarked:Parkour","theMarked:TakeCover"],"picked":"theMarked:Determination","floor":21},{"not_picked":["theMarked:Panic","theMarked:GodGivenPower"],"picked":"theMarked:EmpowerWeapon","floor":23},{"not_picked":["theMarked:Parkour","theMarked:SwordAndMagic"],"picked":"theMarked:EternalStudent","floor":25},{"not_picked":["theMarked:TakeCover","theMarked:Vacuum"],"picked":"theMarked:Aftermath","floor":28},{"not_picked":["theMarked:ContemptForTheProud","theMarked:HeightenedSenses"],"picked":"theMarked:Memento","floor":29},{"not_picked":["theMarked:Frustration","theMarked:WastefulAttack+1"],"picked":"theMarked:Memento+1","floor":30},{"not_picked":["theMarked:Friction+1","theMarked:SwordAndMagic"],"picked":"theMarked:EmpowerWeapon","floor":31}],"player_experience":430830,"relics_obtained":[{"floor":2,"key":"ReplayTheSpireMod:Ring of Addiction"},{"floor":2,"key":"hubris:EmptyBottle"},{"floor":2,"key":"Toy Ornithopter"},{"floor":2,"key":"Ring of Fury"},{"floor":6,"key":"hubris:ToyBattleship"},{"floor":9,"key":"Bromod:ArcaneVictory"},{"floor":23,"key":"Bronze Scales"},{"floor":26,"key":"Vajra"},{"floor":28,"key":"Golden Egg"}],"event_choices":[{"damage_healed":0,"gold_gain":0,"player_choice":"Slimed","damage_taken":11,"max_hp_gain":0,"max_hp_loss":0,"event_name":"betterThird:BetterGoop","floor":3,"gold_loss":40},{"damage_healed":0,"gold_gain":0,"player_choice":"RE RE ","damage_taken":35,"relics_obtained":["Oddly Smooth Stone","Potion Belt"],"max_hp_gain":0,"max_hp_loss":0,"event_name":"betterSkull:BetterSkull","floor":4,"gold_loss":0,"cards_upgraded":[]},{"damage_healed":0,"gold_gain":0,"player_choice":"Gave Potion","damage_taken":0,"relics_obtained":["Akabeko"],"max_hp_gain":0,"max_hp_loss":0,"event_name":"WeMeetAgain","floor":22,"gold_loss":0},{"damage_healed":0,"gold_gain":0,"player_choice":"Ignored","damage_taken":0,"max_hp_gain":0,"max_hp_loss":0,"event_name":"betterNote:BetterNote","floor":27,"gold_loss":0,"cards_obtained":["TheCursedMod:Strike_TheCursed"]}],"is_beta":false,"boss_relics":[{"not_picked":["Busted Crown","Abe\u0027s Treasure"],"picked":"Replay:Wanted Poster"}],"items_purged_floors":[19],"is_endless":false,"potions_floor_spawned":[1,12,14,16,18,20,25,30,31],"killed_by":"Collector","ascension_level":0}}