{"host":"36umirwmj0u9xjg7","time":1611608009,"event":{"mods":["Aspiration","BaseMod","CCEM","Downfall","Minty Spire (QoL Compilation)","Reliquary","Replay The Spire","StS++","StSLib","The Construct","The Gatherer","The Necromancer","The Runesmith"],"gold_per_floor":[112,37,54,68,68,68,93,63,117,117,117,134,163,128,128,228,228,138,138,318,331,63,93,93,93,93,93,193,211,63,79,79,79,79],"floor_reached":33,"language":"ENG","playtime":1973,"items_purged":["construct:Tumble","Parasite"],"score":319,"play_id":"180feb9d-3f93-4a67-ad8d-b0619fc70726","local_time":"20210125215329","is_ascension_mode":false,"campfire_choices":[{"data":"construct:Enhance","floor":6.0,"key":"SMITH"},{"data":"construct:Enhance+1","floor":11.0,"key":"SMITH"},{"data":"construct:Autoturret","floor":15.0,"key":"SMITH"},{"data":"construct:ClockworkEgg","floor":24.0,"key":"SMITH"},{"floor":27.0,"key":"REST"},{"data":"construct:Autoturret+1","floor":32,"key":"SMITH"}],"circlet_count":0,"master_deck":["construct:Strike_Gold","construct:Strike_Gold","construct:Strike_Gold","construct:Strike_Gold","construct:Strike_Gold","construct:Defend_Gold","construct:Defend_Gold","construct:Defend_Gold","construct:Defend_Gold","construct:Defend_Gold","construct:AttackMode","construct:DefenseMode","construct:Autoturret+2","construct:Enhance+2","construct:SuppressiveFire","construct:MetalShell","construct:LaserCore","construct:BatteryCore","construct:Autoturret","construct:ClockworkEgg+1","Shame","construct:Autoturret","construct:Autoturret"],"relics":["construct:ClockworkPhoenix","NeowsBlessing","Orichalcum","Turnip","Pet Ghost","reliquary:SharkskinSheath","Bag of Marbles","Regal Pillow"],"acts_visited":["Exordium","TheCity"],"potions_floor_usage":[31],"damage_taken":[{"damage":0.0,"enemies":"Cultist","floor":1.0,"turns":1.0},{"damage":0.0,"enemies":"Jaw Worm","floor":3.0,"turns":1.0},{"damage":0.0,"enemies":"2 Louse","floor":4.0,"turns":1.0},{"damage":47.0,"enemies":"3 Sentries","floor":7.0,"turns":57.0},{"damage":5.0,"enemies":"Looter","floor":8.0,"turns":4.0},{"damage":1.0,"enemies":"2 Fungi Beasts","floor":12.0,"turns":6.0},{"damage":0.0,"enemies":"Lagavulin","floor":13.0,"turns":15.0},{"damage":17.0,"enemies":"The Guardian","floor":16.0,"turns":18.0},{"damage":23.0,"enemies":"2 Thieves","floor":18.0,"turns":5.0},{"damage":11.0,"enemies":"Spheric Guardian","floor":21.0,"turns":16.0},{"damage":16.0,"enemies":"Book of Stabbing","floor":23.0,"turns":13.0},{"damage":0,"enemies":"Snake Plant","floor":29,"turns":9},{"damage":11,"enemies":"Sentry and Sphere","floor":31,"turns":16},{"damage":57,"enemies":"Collector","floor":33,"turns":6}],"seed_played":"-630248983894268508","potions_obtained":[{"floor":4.0,"key":"Dexterity Potion"},{"floor":13.0,"key":"Weak Potion"},{"floor":16.0,"key":"Dexterity Potion"},{"floor":21.0,"key":"Explosive Potion"},{"floor":23.0,"key":"SkillPotion"}],"is_trial":false,"path_per_floor":["M","$","M","M","?","R","E","M","T","?","R","M","E","?","R","B",null,"M","?","?","M","$","E","R","?","T","R","?","M","$","M","R","B"],"character_chosen":"THE_CONSTRUCT_MOD","items_purchased":["construct:Enhance","construct:Autoturret","construct:ClockworkEgg","construct:Autoturret"],"campfire_rested":1,"item_purchase_floors":[2,22,22,30],"current_hp_per_floor":[85,85,85,85,73,73,26,21,21,42,42,41,41,62,62,45,85,62,62,43,32,32,16,16,16,16,56,56,56,56,45,45,0,0],"gold":79,"neow_bonus":"THREE_ENEMY_KILL","is_daily":false,"chose_seed":false,"campfire_upgraded":5,"win_rate":0.0,"timestamp":1611608009,"path_taken":["M","$","?","?","?","R","E","M","T","?","R","M","E","?","R","BOSS","M","?","?","?","$","E","R","?","T","R","?","M","$","?","R","BOSS"],"items_purchased_type":["Card","Card","Card","Card"],"build_version":"2020-12-22","purchased_purges":2,"victory":false,"max_hp_per_floor":[85,85,85,85,85,85,85,85,85,85,85,85,85,85,85,85,85,85,85,85,85,85,85,85,85,85,85,85,85,82,82,82,82,82],"card_choices":[{"not_picked":["construct:Dampening","construct:Backfire"],"picked":"construct:Autoturret","floor":1.0},{"not_picked":["construct:SyphonStrike","construct:ClusterMines"],"picked":"construct:SuppressiveFire","floor":3.0},{"not_picked":["construct:Construct_Overclock","construct:LongRangeLance","construct:CriticalHit"],"picked":"SKIP","floor":4.0},{"not_picked":["construct:ShiftStrike","construct:VentSteam"],"picked":"construct:MetalShell","floor":7.0},{"not_picked":["construct:Enhance","construct:Anticipate"],"picked":"construct:LaserCore","floor":8.0},{"not_picked":["construct:SaveState","construct:Analyze","construct:FocusedBeam"],"picked":"SKIP","floor":12.0},{"not_picked":["construct:HeavyBolt","construct:ScrapCannon","construct:Overcharge"],"picked":"SKIP","floor":13.0},{"not_picked":["construct:HammerDown","construct:ShieldBurst"],"picked":"construct:BatteryCore","floor":16.0},{"not_picked":["construct:Boost","construct:Dampening"],"picked":"construct:Tumble","floor":18.0},{"not_picked":["construct:Stasis+1","construct:SweepLaser","construct:ClusterMines"],"picked":"SKIP","floor":21.0},{"not_picked":["construct:Overcharge","construct:HardReboot","construct:Analyze+1"],"picked":"SKIP","floor":23.0},{"not_picked":["construct:Impenetrable","construct:HeavyBolt"],"picked":"construct:Autoturret","floor":29},{"not_picked":["construct:ModeShift","construct:SweepLaser+1","construct:Construct_Overclock"],"picked":"SKIP","floor":31}],"player_experience":149404,"relics_obtained":[{"floor":7.0,"key":"Turnip"},{"floor":9.0,"key":"Pet Ghost"},{"floor":13.0,"key":"reliquary:SharkskinSheath"},{"floor":23.0,"key":"Bag of Marbles"},{"floor":26.0,"key":"Regal Pillow"}],"event_choices":[{"damage_healed":0.0,"max_hp_gain":0.0,"max_hp_loss":0.0,"gold_gain":0.0,"event_name":"Scrap Ooze","player_choice":"Success","floor":5.0,"gold_loss":0.0,"damage_taken":12.0,"relics_obtained":["Orichalcum"]},{"damage_healed":21.0,"max_hp_gain":0.0,"max_hp_loss":0.0,"gold_gain":0.0,"event_name":"Mushrooms","player_choice":"Healed and dodged fight","floor":10.0,"gold_loss":0.0,"damage_taken":0.0,"cards_obtained":["Parasite"]},{"damage_healed":21.0,"max_hp_gain":0.0,"max_hp_loss":0.0,"gold_gain":0.0,"event_name":"The Cleric","player_choice":"Healed","floor":14.0,"gold_loss":35.0,"damage_taken":0.0},{"damage_healed":0.0,"max_hp_gain":0.0,"max_hp_loss":0.0,"gold_gain":0.0,"event_name":"Vampires","player_choice":"Ignored","floor":19.0,"gold_loss":0.0,"damage_taken":0.0},{"damage_healed":0.0,"max_hp_gain":0.0,"max_hp_loss":0.0,"gold_gain":180.0,"event_name":"Knowing Skull","player_choice":"GOLD GOLD ","floor":20.0,"potions_obtained":[],"gold_loss":0.0,"damage_taken":19.0,"cards_obtained":[]},{"damage_healed":0.0,"max_hp_gain":0.0,"max_hp_loss":0.0,"gold_gain":100.0,"event_name":"Golden Shrine","player_choice":"Pray","floor":28.0,"gold_loss":0.0,"damage_taken":0.0}],"is_beta":false,"boss_relics":[{"not_picked":["StSpp:FireArrow","StSpp:CrystalBall","aspiration:RitualDagger"]}],"items_purged_floors":[22,30],"is_endless":false,"potions_floor_spawned":[4,13,16,21,23],"killed_by":"Collector","ascension_level":0}}