{"host":"jgyoyy5iuhtvyvtg","time":1611548084,"event":{"mods":["2.2 Compatiblity","BaseMod","Challenge The Spire","Colored Map","Conspire","Dark Map","Downfall","Hermit","Highlight Path","Infinite Spire","Lobotomy","LobotomyExtend","Minty Spire (QoL Compilation)","Quick Restart","Replay The Spire","Spikes Relics","StSLib","The Construct","The Disciple","The Jungle","Yuri Mod"],"gold_per_floor":[99,119,104,152,8,23,47,47,47,47,63,63,63,83,96,193,193,193,211,311,221,241,241,241,241],"floor_reached":23,"language":"ENG","playtime":1207,"items_purged":["bronze:Strike"],"score":179,"play_id":"05d82852-c52b-44c7-b06b-cadaf76fae7c","local_time":"20210124201444","is_ascension_mode":false,"campfire_choices":[{"data":"bronze:Replicate","floor":1,"key":"SMITH"},{"data":"bronze:ClassDefault","floor":8,"key":"SMITH"},{"data":"bronze:Fortify","floor":10,"key":"SMITH"},{"data":"bronze:Frontload","floor":13,"key":"SMITH"},{"data":"bronze:Repulsor","floor":18,"key":"SMITH"}],"circlet_count":0,"master_deck":["bronze:Strike","bronze:Strike","bronze:Strike","bronze:Defend","bronze:Defend","bronze:Defend","bronze:Defend","bronze:Replicate+1","bronze:Goto","bronze:WhirlingStrike","bronze:OilSpill","bronze:Fortify+1","bronze:Optimize+1","bronze:ClassDefault+1","bronze:DelayedGuard","bronze:Frontload+1","bronze:FineTuning","bronze:Repulsor+1","bronze:AlphaBuild+1","bronze:ForLoop+1","bronze:BronzeOrb"],"relics":["bronze:BronzeCore","LetterFromLob","Pantograph","Omamori","Ring of Fury","ReplayTheSpireMod:Ring of Exchange","Guide Book"],"acts_visited":["Exordium","Exordium"],"potions_floor_usage":[22,22,23],"damage_taken":[{"damage":7,"enemies":"2 Louse","floor":2,"turns":2},{"damage":0,"enemies":"downfall:FleeingMerchant","floor":3,"turns":4},{"damage":10,"enemies":"downfall:FleeingMerchant","floor":5,"turns":4},{"damage":1,"enemies":"Jaw Worm","floor":6,"turns":3},{"damage":10,"enemies":"Small Slimes","floor":11,"turns":2},{"damage":13,"enemies":"Exordium Wildlife","floor":14,"turns":3},{"damage":3,"enemies":"2 Fungi Beasts","floor":15,"turns":3},{"damage":42,"enemies":"IC_STATUS_ARCHETYPE","floor":16,"turns":9},{"damage":10,"enemies":"theJungle:Flameango_and_Byrd","floor":19,"turns":9},{"damage":0,"enemies":"downfall:FleeingMerchant","floor":21,"turns":4},{"damage":46,"enemies":"theJungle:GiantWrat","floor":22,"turns":8},{"damage":25,"enemies":"theJungle:2_Snecko_Cultists","floor":23,"turns":8}],"seed_played":"3204988052639830585","potions_obtained":[{"floor":6,"key":"Swift Potion"},{"floor":11,"key":"Weak Potion"},{"floor":15,"key":"Energy Potion"}],"is_trial":false,"path_per_floor":["R","M","$","?","$","M","T","R","?","R","M","?","R","M","M","B",null,"R","M","?","$","M","M"],"character_chosen":"THE_AUTOMATON","items_purchased":["bronze:ClassDefault","bronze:DelayedGuard"],"campfire_rested":0,"item_purchase_floors":[5,5],"current_hp_per_floor":[77,70,70,70,60,59,59,59,59,59,49,49,49,36,33,16,77,77,67,62,62,16,0,0,0],"gold":241,"neow_bonus":"TEN_PERCENT_HP_BONUS","is_daily":false,"chose_seed":false,"campfire_upgraded":5,"win_rate":0.0,"timestamp":1611548084,"path_taken":["R","M","$","?","$","M","T","R","?","R","M","?","R","?","M","BOSS","R","M","?","$","M","M"],"items_purchased_type":["Card","Card"],"build_version":"2020-12-22","purchased_purges":1,"victory":false,"max_hp_per_floor":[77,77,77,77,77,77,77,77,77,77,77,77,77,77,77,77,77,77,77,77,77,77,77,77,77],"card_choices":[{"not_picked":["bronze:Branch","bronze:WildBeam"],"picked":"bronze:WhirlingStrike","floor":2},{"not_picked":["bronze:Repulsor","bronze:ChosenStrike"],"picked":"bronze:OilSpill","floor":3},{"not_picked":["bronze:Branch","bronze:BuggyMess"],"picked":"bronze:Fortify","floor":4},{"not_picked":["bronze:ShipIt","bronze:Turbo"],"picked":"bronze:Optimize","floor":5},{"not_picked":["bronze:FineTuning","bronze:ForceShield"],"picked":"bronze:Frontload","floor":6},{"not_picked":["bronze:Turbo","bronze:DelayedGuard"],"picked":"bronze:FineTuning","floor":11},{"not_picked":["bronze:Shield","bronze:FineTuning","bronze:DelayedSlice"],"picked":"SKIP","floor":14},{"not_picked":["bronze:DelayedGuard","bronze:DarkDash"],"picked":"bronze:Repulsor","floor":15},{"not_picked":["bronze:Assembly","bronze:SpaghettiCode"],"picked":"bronze:AlphaBuild","floor":16},{"not_picked":["bronze:Shield","bronze:Deprecate","bronze:BugBarrage"],"picked":"SKIP","floor":19},{"not_picked":["bronze:Deprecate","bronze:CutThrough+1"],"picked":"bronze:ForLoop+1","floor":21},{"not_picked":["bronze:WildBeam","bronze:ClassDefault"],"picked":"bronze:BronzeOrb","floor":22}],"player_experience":3227733,"relics_obtained":[{"floor":2,"key":"LetterFromLob"},{"floor":4,"key":"Pantograph"},{"floor":7,"key":"Omamori"},{"floor":9,"key":"Ring of Fury"},{"floor":9,"key":"ReplayTheSpireMod:Ring of Exchange"}],"event_choices":[],"is_beta":false,"boss_relics":[{"not_picked":["Replay:Drink Me","conspire:TreasureMap"],"picked":"Guide Book"}],"items_purged_floors":[21],"is_endless":false,"potions_floor_spawned":[6,11,15],"killed_by":"theJungle:2_Snecko_Cultists","ascension_level":0}}