{"host":"ELF","time":1611570363,"event":{"mods":["BaseMod","Bestiary","Minty Spire (QoL Compilation)","Relic Stats","Slay the Relics Exporter"],"gold_per_floor":[114,114,129,144,144,144,144,144,167,167,181,481,481,219,219,312,312,333,333,19,42,56,56,95,95,95,95,130,130,154,178,178,178,178],"floor_reached":33,"language":"ENG","playtime":1653,"items_purged":["Strike_G"],"score":546,"play_id":"e48b2598-65f9-42ef-8c5e-2ada319413df","local_time":"20210125042603","is_ascension_mode":true,"campfire_choices":[{"data":"Tools of the Trade","floor":6.0,"key":"SMITH"},{"data":"Acrobatics","floor":8.0,"key":"SMITH"},{"data":"Underhanded Strike","floor":13.0,"key":"SMITH"},{"data":"Venomology","floor":15.0,"key":"SMITH"},{"floor":23,"key":"REST"},{"floor":25,"key":"REST"},{"floor":29,"key":"REST"},{"floor":32,"key":"REST"}],"circlet_count":0,"master_deck":["AscendersBane","Strike_G","Strike_G","Strike_G","Defend_G","Defend_G","Defend_G","Defend_G","Survivor","Neutralize","Deadly Poison+1","Tools of the Trade+1","Acrobatics+1","Underhanded Strike+1","Venomology+1","Die Die Die","Blur","Corpse Explosion","Backflip","Crippling Poison","Reflex","Skewer+1","Flying Knee+1"],"relics":["Empty Cage","Akabeko","Golden Idol","Old Coin","HoveringKite","Potion Belt","Oddly Smooth Stone","Juzu Bracelet","Meat on the Bone","Molten Egg 2"],"acts_visited":["Exordium","TheCity"],"potions_floor_usage":[16,16,24,28,28,30,33,33,33,33,33],"damage_taken":[{"damage":2.0,"enemies":"Small Slimes","floor":1.0,"turns":6.0},{"damage":7.0,"enemies":"Cultist","floor":3.0,"turns":4.0},{"damage":8.0,"enemies":"2 Louse","floor":4.0,"turns":3.0},{"damage":1.0,"enemies":"Looter","floor":11.0,"turns":4.0},{"damage":7,"enemies":"Hexaghost","floor":16,"turns":9},{"damage":21,"enemies":"2 Thieves","floor":18,"turns":5},{"damage":8,"enemies":"Shell Parasite","floor":21,"turns":6},{"damage":12,"enemies":"3 Cultists","floor":22,"turns":3},{"damage":14,"enemies":"Slavers","floor":24,"turns":3},{"damage":34,"enemies":"Book of Stabbing","floor":28,"turns":7},{"damage":7,"enemies":"Snecko","floor":30,"turns":5},{"damage":16,"enemies":"Cultist and Chosen","floor":31,"turns":7},{"damage":70,"enemies":"Collector","floor":33,"turns":9}],"seed_played":"6747604927295245983","potions_obtained":[{"floor":16,"key":"EssenceOfSteel"},{"floor":18,"key":"DistilledChaos"},{"floor":21,"key":"Explosive Potion"},{"floor":30,"key":"Block Potion"}],"is_trial":false,"path_per_floor":["M","?","M","M","T","R","?","R","T","?","M","T","R","$","R","B",null,"M","?","$","M","M","R","E","R","T","$","E","R","M","M","R","B"],"character_chosen":"THE_SILENT","items_purchased":["CultistPotion","Venomology","Oddly Smooth Stone","Corpse Explosion"],"campfire_rested":4,"item_purchase_floors":[14,14,20,20],"current_hp_per_floor":[57,57,50,42,42,42,64,64,64,41,40,40,40,40,40,33,58,37,37,37,29,17,36,22,41,41,41,19,38,43,39,58,0,0],"gold":178,"neow_bonus":"BOSS_RELIC","is_daily":false,"chose_seed":false,"campfire_upgraded":4,"win_rate":0.0,"timestamp":1611570363,"path_taken":["M","?","?","M","?","R","?","R","T","?","M","?","R","$","R","BOSS","M","?","$","M","M","R","E","R","T","$","E","R","M","M","R","BOSS"],"items_purchased_type":["Potion","Card","Relic","Card"],"build_version":"2020-12-18","purchased_purges":1,"victory":false,"max_hp_per_floor":[66,66,66,66,66,66,66,66,66,66,66,66,66,66,66,66,66,66,66,66,66,66,66,66,66,66,66,66,66,66,66,66,66,66],"relic_stats":{"counters":[13,71],"Golden Idol":59,"HoveringKite":[36],"Juzu Bracelet":0,"obtain_stats":[{"Potion Belt":19,"Golden Idol":10,"HoveringKite":17,"Oddly Smooth Stone":20,"Molten Egg 2":28,"Juzu Bracelet":24,"Empty Cage":0,"Akabeko":9,"Ring of the Snake":0,"Old Coin":12,"Meat on the Bone":26},{"Potion Belt":6,"Golden Idol":3,"HoveringKite":5,"Oddly Smooth Stone":6,"Molten Egg 2":10,"Juzu Bracelet":9,"Empty Cage":0,"Akabeko":3,"Ring of the Snake":0,"Old Coin":4,"Meat on the Bone":9},{"Potion Belt":31,"Golden Idol":13,"HoveringKite":26,"Oddly Smooth Stone":31,"Molten Egg 2":50,"Juzu Bracelet":43,"Empty Cage":0,"Akabeko":13,"Ring of the Snake":0,"Old Coin":17,"Meat on the Bone":43}],"Meat on the Bone":36},"card_choices":[{"not_picked":["Prepared","Poisoned Stab"],"picked":"Deadly Poison","floor":1.0},{"not_picked":["Cloak And Dagger","Dodge and Roll"],"picked":"Tools of the Trade","floor":3.0},{"not_picked":["Flying Knee","Poisoned Stab"],"picked":"Acrobatics","floor":4.0},{"not_picked":["Backstab","Prepared"],"picked":"Underhanded Strike","floor":11.0},{"not_picked":["Unload","Storm of Steel"],"picked":"Die Die Die","floor":16},{"not_picked":["Dodge and Roll","Bane"],"picked":"Blur","floor":18},{"not_picked":["Poisoned Stab","Deflect","Flying Knee"],"picked":"SKIP","floor":21},{"not_picked":["Backstab","Slice+1"],"picked":"Backflip","floor":22},{"not_picked":["Finisher","Dodge and Roll"],"picked":"Crippling Poison","floor":24},{"not_picked":["Bane+1","Backstab+1"],"picked":"Reflex","floor":28},{"not_picked":["Escape Plan+1","Glass Knife+1"],"picked":"Skewer+1","floor":30},{"not_picked":["Choke+1","Slice+1"],"picked":"Flying Knee+1","floor":31}],"player_experience":3272638,"relics_obtained":[{"floor":9.0,"key":"Akabeko"},{"floor":12.0,"key":"Old Coin"},{"floor":24,"key":"Juzu Bracelet"},{"floor":26,"key":"Meat on the Bone"},{"floor":28,"key":"Molten Egg 2"}],"event_choices":[{"damage_healed":0.0,"max_hp_gain":0.0,"max_hp_loss":0.0,"gold_gain":0.0,"event_name":"Upgrade Shrine","player_choice":"Upgraded","floor":2.0,"gold_loss":0.0,"damage_taken":0.0,"cards_upgraded":["Deadly Poison"]},{"damage_healed":22.0,"max_hp_gain":0.0,"max_hp_loss":0.0,"gold_gain":0.0,"event_name":"Big Fish","player_choice":"Banana","floor":7.0,"gold_loss":0.0,"damage_taken":0.0},{"damage_healed":0.0,"max_hp_gain":0.0,"max_hp_loss":0.0,"gold_gain":0.0,"event_name":"Golden Idol","player_choice":"Take Damage","floor":10.0,"gold_loss":0.0,"damage_taken":23.0,"relics_obtained":["Golden Idol"]},{"damage_healed":0,"gold_gain":0,"player_choice":"Gave Potion","damage_taken":0,"relics_obtained":["Potion Belt"],"max_hp_gain":0,"max_hp_loss":0,"event_name":"WeMeetAgain","floor":19,"gold_loss":0}],"is_beta":true,"boss_relics":[{"not_picked":["SacredBark","WristBlade"],"picked":"HoveringKite"}],"items_purged_floors":[14],"is_endless":false,"potions_floor_spawned":[16,18,21,30],"killed_by":"Collector","ascension_level":20}}