{"host":"srk2drlvga69hbot","time":1611550673,"event":{"mods":["BaseMod","Bestiary","Block Reminder","Colored Map","Colored Powertips","Dark Map","DeckTracker","Highlight Path","Minty Spire (QoL Compilation)","Quick Restart","Rare Cards Sparkle","Relic Stats","SuperFastMode","Unceasing Turn Reminder"],"gold_per_floor":[109,36,36,49,49,84,108,108,108,108,141,141,160,14,14,119,119,136,61,61,71,88,88,118,118,171,206,62,97,196,214,214,214,214],"floor_reached":33,"language":"ZHS","playtime":1103,"items_purged":[],"score":465,"play_id":"966a86ee-b3f1-4f43-9aa5-325a8b840900","local_time":"20210125125753","is_ascension_mode":true,"campfire_choices":[{"data":"Neutralize","floor":8,"key":"SMITH"},{"data":"Dash","floor":10,"key":"SMITH"},{"floor":15,"key":"REST"},{"floor":23,"key":"REST"},{"floor":32,"key":"REST"}],"circlet_count":0,"master_deck":["Survivor+1","Neutralize+1","Slice+1","Dash+1","Deflect","Slice","Flying Knee+1","Venomology","Venomology","Dodge and Roll","Burst","Venomology","A Thousand Cuts","Phantasmal Killer","Crippling Poison","Deflect","Tactician","PiercingWail+1","Adrenaline","Ghostly","Ghostly","Ghostly","Ghostly","Ghostly","Acrobatics+1","Terror","Tactician","Wraith Form v2+1"],"relics":["Ring of the Snake","NeowsBlessing","Blood Vial","Oddly Smooth Stone","Dream Catcher","Boot","Bag of Marbles","Pandora\u0027s Box","Red Mask","Whetstone","Frozen Egg 2","Medical Kit","Prayer Wheel"],"acts_visited":["Exordium","TheCity"],"potions_floor_usage":[16,16,18,18,21,21,21,21,22,22,22,22,24,24,24,27,27,27,27,29,29,29,31,31,31,31,33,33,33,33,33],"damage_taken":[{"damage":0,"enemies":"Cultist","floor":1,"turns":1},{"damage":0,"enemies":"Jaw Worm","floor":4,"turns":1},{"damage":0,"enemies":"Gremlin Nob","floor":6,"turns":1},{"damage":29,"enemies":"Lagavulin","floor":11,"turns":8},{"damage":0,"enemies":"2 Louse","floor":13,"turns":3},{"damage":30,"enemies":"Slime Boss","floor":16,"turns":8},{"damage":14,"enemies":"2 Thieves","floor":18,"turns":4},{"damage":0,"enemies":"Spheric Guardian","floor":21,"turns":4},{"damage":21,"enemies":"3 Cultists","floor":22,"turns":4},{"damage":21,"enemies":"Masked Bandits","floor":24,"turns":5},{"damage":3,"enemies":"Gremlin Leader","floor":27,"turns":6},{"damage":3,"enemies":"Book of Stabbing","floor":29,"turns":7},{"damage":15,"enemies":"Shelled Parasite and Fungi","floor":31,"turns":8},{"damage":60,"enemies":"Automaton","floor":33,"turns":12}],"seed_played":"1654568117124074307","potions_obtained":[{"floor":6,"key":"SteroidPotion"},{"floor":11,"key":"Ancient Potion"},{"floor":21,"key":"FearPotion"},{"floor":29,"key":"SteroidPotion"}],"is_trial":false,"path_per_floor":["M","$","?","M","?","E","T","R","T","R","E","?","M","$","R","B",null,"M","?","?","M","M","R","?","?","T","E","$","E","?","M","R","B"],"character_chosen":"THE_SILENT","items_purchased":["Dash","Bag of Marbles","Medical Kit"],"campfire_rested":3,"item_purchase_floors":[2,14,28],"current_hp_per_floor":[63,63,56,56,42,42,42,42,42,42,15,15,17,17,38,10,55,43,43,43,45,26,47,28,28,28,27,27,26,26,21,31,0,0],"gold":214,"neow_bonus":"THREE_ENEMY_KILL","is_daily":false,"chose_seed":false,"campfire_upgraded":2,"win_rate":0.0,"timestamp":1611550673,"path_taken":["M","$","?","M","?","E","?","R","T","R","E","?","M","?","R","BOSS","M","?","?","?","M","R","?","?","T","E","$","E","?","M","R","BOSS"],"items_purchased_type":["Card","Relic","Relic"],"build_version":"2020-12-22","purchased_purges":0,"victory":false,"max_hp_per_floor":[70,70,70,70,70,70,70,70,70,70,70,70,70,70,70,70,70,70,70,70,70,70,70,70,35,35,35,35,35,35,35,35,35,35],"relic_stats":{"Blood Vial":22,"Dream Catcher":3,"counters":[14,72],"Pandora\u0027s Box":["Dodge and Roll","Burst","Venomology","A Thousand Cuts","Phantasmal Killer","Crippling Poison","Caltrops","Deflect"],"Prayer Wheel":1,"Whetstone":["Flying Knee","Slice"],"Boot":[11],"Medical Kit":[0],"obtain_stats":[{"NeowsBlessing":0,"Oddly Smooth Stone":7,"Whetstone":26,"Frozen Egg 2":27,"Boot":11,"Medical Kit":28,"Blood Vial":6,"Dream Catcher":9,"Pandora\u0027s Box":17,"Prayer Wheel":29,"Bag of Marbles":14,"Red Mask":24,"Ring of the Snake":0},{"NeowsBlessing":0,"Oddly Smooth Stone":3,"Whetstone":10,"Frozen Egg 2":11,"Boot":4,"Medical Kit":11,"Blood Vial":3,"Dream Catcher":3,"Pandora\u0027s Box":6,"Prayer Wheel":12,"Bag of Marbles":5,"Red Mask":10,"Ring of the Snake":0},{"NeowsBlessing":0,"Oddly Smooth Stone":3,"Whetstone":39,"Frozen Egg 2":45,"Boot":11,"Medical Kit":45,"Blood Vial":3,"Dream Catcher":3,"Pandora\u0027s Box":22,"Prayer Wheel":52,"Bag of Marbles":14,"Red Mask":39,"Ring of the Snake":0}],"Ring of the Snake":[28]},"card_choices":[{"not_picked":["Well Laid Plans","Poisoned Stab"],"picked":"Slice","floor":1},{"not_picked":["Deadly Poison","Crippling Poison"],"picked":"Deflect","floor":4},{"not_picked":["PiercingWail","Quick Slash","Catalyst"],"picked":"SKIP","floor":6},{"not_picked":["Dodge and Roll","Prepared"],"picked":"Slice","floor":11},{"not_picked":["Blade Dance","Outmaneuver"],"picked":"Flying Knee","floor":13},{"not_picked":["Accuracy","Flechettes"],"picked":"Venomology","floor":15},{"not_picked":["Doppelganger","Wraith Form v2"],"picked":"Venomology","floor":16},{"not_picked":["Dodge and Roll","Crippling Poison","Distraction"],"picked":"SKIP","floor":18},{"not_picked":["Flying Knee","Endless Agony+1","Caltrops+1"],"picked":"SKIP","floor":21},{"not_picked":["Dagger Throw","Dash","All Out Attack+1"],"picked":"SKIP","floor":22},{"not_picked":["Well Laid Plans","Finisher+1"],"picked":"PiercingWail+1","floor":23},{"not_picked":["Backstab","Bane"],"picked":"Adrenaline","floor":24},{"not_picked":["Flechettes+1","Blade Dance"],"picked":"Acrobatics+1","floor":27},{"not_picked":["Flying Knee","Prepared"],"picked":"Terror","floor":29},{"not_picked":["Dagger Spray","Outmaneuver"],"picked":"Tactician","floor":31},{"not_picked":["Predator","Skewer","Acrobatics"],"picked":"SKIP","floor":31},{"not_picked":["Dodge and Roll","Bane+1"],"picked":"Wraith Form v2+1","floor":32}],"player_experience":240375,"relics_obtained":[{"floor":6,"key":"Blood Vial"},{"floor":7,"key":"Oddly Smooth Stone"},{"floor":9,"key":"Dream Catcher"},{"floor":11,"key":"Boot"},{"floor":24,"key":"Red Mask"},{"floor":26,"key":"Whetstone"},{"floor":27,"key":"Frozen Egg 2"},{"floor":29,"key":"Prayer Wheel"}],"event_choices":[{"cards_removed":["Strike_G"],"damage_healed":0,"gold_gain":0,"player_choice":"Card Removal","damage_taken":7,"max_hp_gain":0,"max_hp_loss":0,"event_name":"Golden Wing","floor":3,"gold_loss":0},{"damage_healed":0,"gold_gain":0,"player_choice":"Entered Light","damage_taken":14,"max_hp_gain":0,"max_hp_loss":0,"event_name":"Shining Light","floor":5,"gold_loss":0,"cards_upgraded":["Survivor","Strike_G"]},{"cards_removed":["Strike_G"],"damage_healed":0,"gold_gain":0,"player_choice":"Forget","damage_taken":0,"max_hp_gain":0,"max_hp_loss":0,"event_name":"Living Wall","floor":12,"gold_loss":0},{"cards_removed":["Caltrops"],"damage_healed":0,"gold_gain":0,"player_choice":"Gave Gold","damage_taken":0,"max_hp_gain":0,"max_hp_loss":0,"event_name":"Beggar","floor":19,"gold_loss":75},{"damage_healed":0,"gold_gain":0,"player_choice":"Read","damage_taken":0,"max_hp_gain":0,"max_hp_loss":0,"event_name":"The Library","floor":20,"gold_loss":0,"cards_obtained":["Tactician"]},{"damage_healed":0,"gold_gain":0,"player_choice":"Fought Bandits","damage_taken":0,"max_hp_gain":0,"max_hp_loss":0,"event_name":"Masked Bandits","floor":24,"gold_loss":0},{"damage_healed":0,"gold_gain":0,"player_choice":"Became a Ghost","damage_taken":0,"max_hp_gain":0,"max_hp_loss":35,"event_name":"Ghosts","floor":25,"gold_loss":0,"cards_obtained":["Ghostly","Ghostly","Ghostly","Ghostly","Ghostly"]},{"damage_healed":0,"gold_gain":99,"player_choice":"Stole From Cult","damage_taken":0,"max_hp_gain":0,"max_hp_loss":0,"event_name":"Nest","floor":30,"gold_loss":0}],"is_beta":false,"boss_relics":[{"not_picked":["Astrolabe","Ring of the Serpent"],"picked":"Pandora\u0027s Box"}],"items_purged_floors":[],"is_endless":false,"potions_floor_spawned":[6,11,21,29],"killed_by":"Automaton","ascension_level":8}}