{"host":"2t0ddmgeopc3yqug","time":1611569025,"event":{"mods":["AchievementEnabler","BaseMod","BetterRewards","Colored Map","Colored Powertips","Hermit","Marisa£¨Ùöéë¡¡Øª×âÞÞ£©","Minty Spire (QoL Compilation)","Rare Cards Sparkle","Shop Mod","StSLib","SuperFastMode","The Cursed","The Poker Player","everything is the same but u backflip on backflip"],"gold_per_floor":[117,137,137,151,169,169,194,194,194,208,227,152,180,54,54,150,150,167,181,22,33,45,45,70,70,70,104,104,118,147,246,246,342,392,406,406,419,431,431,457,457,469,494,532,556,585,627,650,662,674],"floor_reached":51,"language":"KOR","playtime":3665,"items_purged":["Defend_R","Strike_R","Strike_R","Defend_R","Strike_R"],"score":902,"play_id":"56eb8a2a-91e7-4759-96b2-6043da9506d7","local_time":"20210125190345","is_ascension_mode":true,"campfire_choices":[{"data":"Feed","floor":6.0,"key":"SMITH"},{"data":"Inflame","floor":8.0,"key":"SMITH"},{"floor":15.0,"key":"REST"},{"data":"Limit Break","floor":23.0,"key":"SMITH"},{"data":"Infernal Blade","floor":25.0,"key":"SMITH"},{"floor":28.0,"key":"REST"},{"floor":32,"key":"REST"},{"data":"Seeing Red","floor":41,"key":"SMITH"},{"data":"Infernal Blade+1","floor":49,"key":"PURGE"}],"circlet_count":0,"master_deck":["Strike_R","Defend_R","Bash","Feed+1","Heavy Blade+1","Inflame+1","Impervious","Heavy Blade+1","Limit Break+1","Inflame+1","Burning Pact+1","Seeing Red+1","Reaper+1","Limit Break"],"relics":["Burning Blood","Membership Card","Mango","Molten Egg 2","Bag of Marbles","Eternal Feather","Darkstone Periapt","InkBottle","Mummified Hand","Empty Cage","Bottled Tornado","Art of War","Dream Catcher","Peace Pipe","Tiny House","Bronze Scales","Bag of Preparation","MawBank","Omamori","Anchor"],"acts_visited":["Exordium","TheCity","TheBeyond"],"potions_floor_usage":[33,33,44,44,44],"damage_taken":[{"damage":5.0,"enemies":"2 Louse","floor":1.0,"turns":2.0},{"damage":1.0,"enemies":"Cultist","floor":2.0,"turns":3.0},{"damage":11.0,"enemies":"Jaw Worm","floor":4.0,"turns":2.0},{"damage":5.0,"enemies":"3 Louse","floor":5.0,"turns":3.0},{"damage":31.0,"enemies":"Lagavulin","floor":7.0,"turns":5.0},{"damage":13.0,"enemies":"Red Slaver","floor":10.0,"turns":2.0},{"damage":0.0,"enemies":"Large Slime","floor":11.0,"turns":4.0},{"damage":2.0,"enemies":"Gremlin Nob","floor":13.0,"turns":3.0},{"damage":10.0,"enemies":"Slime Boss","floor":16.0,"turns":6.0},{"damage":12.0,"enemies":"Shell Parasite","floor":18.0,"turns":2.0},{"damage":15.0,"enemies":"2 Thieves","floor":19.0,"turns":3.0},{"damage":13.0,"enemies":"3 Cultists","floor":21.0,"turns":5.0},{"damage":4.0,"enemies":"Snake Plant","floor":22.0,"turns":2.0},{"damage":0.0,"enemies":"Gremlin Leader","floor":24.0,"turns":4.0},{"damage":12.0,"enemies":"Book of Stabbing","floor":27.0,"turns":3.0},{"damage":24.0,"enemies":"Centurion and Healer","floor":29.0,"turns":3.0},{"damage":51,"enemies":"Gremlin Leader","floor":30,"turns":4},{"damage":41,"enemies":"Automaton","floor":33,"turns":6},{"damage":62,"enemies":"3 Darklings","floor":35,"turns":4},{"damage":17,"enemies":"3 Shapes","floor":37,"turns":3},{"damage":16,"enemies":"Spire Growth","floor":38,"turns":3},{"damage":44,"enemies":"Giant Head","floor":40,"turns":7},{"damage":15,"enemies":"Writhing Mass","floor":42,"turns":3},{"damage":36,"enemies":"Nemesis","floor":44,"turns":3},{"damage":13,"enemies":"4 Shapes","floor":45,"turns":3},{"damage":15,"enemies":"Jaw Worm Horde","floor":46,"turns":3},{"damage":13,"enemies":"Giant Head","floor":47,"turns":4},{"damage":2,"enemies":"Maw","floor":48,"turns":4},{"damage":60,"enemies":"Time Eater","floor":50,"turns":4}],"seed_played":"5241394769160966153","potions_obtained":[{"floor":2.0,"key":"Block Potion"},{"floor":7.0,"key":"PowerPotion"},{"floor":10.0,"key":"Block Potion"},{"floor":16.0,"key":"ElixirPotion"},{"floor":24.0,"key":"Fruit Juice"},{"floor":29.0,"key":"PowerPotion"},{"floor":30,"key":"SteroidPotion"},{"floor":33,"key":"ElixirPotion"},{"floor":34,"key":"Strength Potion"},{"floor":38,"key":"AttackPotion"},{"floor":45,"key":"SneckoOil"},{"floor":46,"key":"SpeedPotion"},{"floor":47,"key":"AttackPotion"}],"is_trial":false,"path_per_floor":["M","M","?","M","M","R","E","R","T","M","M","$","E","$","R","B",null,"M","M","$","M","M","R","E","R","T","E","R","M","E","?","R","B",null,"M","?","M","M","?","E","R","M","T","E","M","M","E","M","R","B",null],"character_chosen":"IRONCLAD","items_purchased":["Membership Card","Mango","Feed","Molten Egg 2","Heavy Blade+1","Mummified Hand","Limit Break","Inflame"],"campfire_rested":3,"item_purchase_floors":[0,0,0,0,0,14,20,20],"current_hp_per_floor":[62,70,70,68,72,72,51,57,57,54,64,64,68,68,106,106,122,120,115,115,112,114,120,131,137,137,135,143,129,84,84,134,99,152,139,139,148,138,138,119,125,116,116,86,136,144,149,153,156,102],"gold":686,"neow_bonus":"","is_daily":false,"chose_seed":false,"campfire_upgraded":5,"win_rate":0.0,"timestamp":1611569025,"path_taken":["M","M","?","?","M","R","E","R","T","M","M","$","E","$","R","BOSS","M","M","$","M","M","R","E","R","T","E","R","M","E","?","R","BOSS","M","?","M","?","?","E","R","M","T","E","M","M","E","M","R","BOSS"],"items_purchased_type":["Relic","Relic","Card","Relic","Card","Relic","Card","Card"],"build_version":"2020-12-22","purchased_purges":5,"victory":true,"max_hp_per_floor":[97,100,100,103,106,106,110,110,110,114,118,118,118,118,118,122,122,126,130,130,134,134,134,139,139,139,143,143,147,147,147,147,147,152,152,152,156,156,156,156,156,156,156,156,156,156,156,156,156,156],"card_choices":[{"not_picked":["Pummel+1","Flex"],"picked":"Inflame","floor":1.0},{"not_picked":["Havoc","Flex","True Grit"],"picked":"SKIP","floor":2.0},{"not_picked":["Anger+1","Perfected Strike+1","Iron Wave+1"],"picked":"SKIP","floor":4.0},{"not_picked":["Headbutt+1","Clash+1","Twin Strike+1"],"picked":"SKIP","floor":5.0},{"not_picked":["Anger+1","Headbutt+1","Disarm"],"picked":"SKIP","floor":7.0},{"not_picked":["Cleave+1","Bloodletting","Headbutt+1"],"picked":"SKIP","floor":10.0},{"not_picked":["Carnage+1","Thunderclap+1","Rampage+1"],"picked":"SKIP","floor":11.0},{"not_picked":["Second Wind","Searing Blow+1","Thunderclap+1"],"picked":"SKIP","floor":13.0},{"not_picked":["Juggernaut","Brutality"],"picked":"Impervious","floor":16.0},{"not_picked":["Combust+1","Entrench","Sword Boomerang+1"],"picked":"SKIP","floor":18.0},{"not_picked":["Body Slam+1","Sentinel"],"picked":"Heavy Blade+1","floor":19.0},{"not_picked":["Iron Wave+1","Clash+1"],"picked":"Infernal Blade","floor":21.0},{"not_picked":["True Grit","Sword Boomerang+1","Intimidate"],"picked":"SKIP","floor":22.0},{"not_picked":["Exhume","Fire Breathing","True Grit"],"picked":"SKIP","floor":24.0},{"not_picked":["Shockwave","Clothesline+1"],"picked":"Burning Pact+1","floor":27.0},{"not_picked":["Dual Wield","Sentinel","Body Slam+1"],"picked":"SKIP","floor":29.0},{"not_picked":["Thunderclap+1","True Grit","Body Slam+1"],"picked":"SKIP","floor":30},{"not_picked":["Metallicize+1","True Grit"],"picked":"Seeing Red","floor":32},{"not_picked":["Exhume","Impervious"],"picked":"Reaper+1","floor":33},{"not_picked":["Entrench+1","Thunderclap+1"],"picked":"Infernal Blade+1","floor":35},{"not_picked":["Clash+1","Wild Strike+1","Rampage+1"],"picked":"SKIP","floor":37},{"not_picked":["Pommel Strike+1","Body Slam+1","Iron Wave+1"],"picked":"SKIP","floor":38},{"not_picked":["Ghostly Armor","Twin Strike+1","Blood for Blood+1"],"picked":"SKIP","floor":40},{"not_picked":["Havoc","Armaments","Shrug It Off"],"picked":"SKIP","floor":42},{"not_picked":["Havoc+1","Anger+1"],"picked":"Limit Break","floor":44},{"not_picked":["Clothesline+1","Dual Wield","Perfected Strike+1"],"picked":"SKIP","floor":45},{"not_picked":["Cleave+1","Havoc+1","Whirlwind+1"],"picked":"SKIP","floor":46},{"not_picked":["Armaments+1","Body Slam+1","Headbutt+1"],"picked":"SKIP","floor":47},{"not_picked":["Pummel+1","Rupture","Rampage+1"],"picked":"SKIP","floor":48}],"player_experience":108708,"relics_obtained":[{"floor":3.0,"key":"Bag of Marbles"},{"floor":7.0,"key":"Eternal Feather"},{"floor":9.0,"key":"Darkstone Periapt"},{"floor":13.0,"key":"InkBottle"},{"floor":24.0,"key":"Bottled Tornado"},{"floor":26.0,"key":"Art of War"},{"floor":27.0,"key":"Dream Catcher"},{"floor":30,"key":"Peace Pipe"},{"floor":40,"key":"Bag of Preparation"},{"floor":43,"key":"MawBank"},{"floor":44,"key":"Omamori"},{"floor":47,"key":"Anchor"}],"event_choices":[{"damage_healed":0.0,"max_hp_gain":0.0,"max_hp_loss":0.0,"gold_gain":0.0,"event_name":"Wheel of Change","player_choice":"Relic","floor":3.0,"gold_loss":0.0,"damage_taken":0.0},{"damage_healed":0,"gold_gain":99,"player_choice":"Stole From Cult","damage_taken":0,"max_hp_gain":0,"max_hp_loss":0,"event_name":"Nest","floor":31,"gold_loss":0},{"damage_healed":0,"gold_gain":0,"player_choice":"Gave Potion","damage_taken":0,"relics_obtained":["Bronze Scales"],"max_hp_gain":0,"max_hp_loss":0,"event_name":"WeMeetAgain","floor":36,"gold_loss":0},{"cards_removed":["Infernal Blade"],"damage_healed":0,"gold_gain":0,"player_choice":"Removed Skill","damage_taken":0,"max_hp_gain":0,"max_hp_loss":0,"event_name":"Falling","floor":39,"gold_loss":0}],"is_beta":false,"boss_relics":[{"not_picked":["Philosopher\u0027s Stone","SacredBark"],"picked":"Empty Cage"},{"not_picked":["Snecko Eye","Astrolabe"],"picked":"Tiny House"}],"items_purged_floors":[0,0,0,12,20],"is_endless":false,"potions_floor_spawned":[2,7,10,16,24,29,30,33,38,45,46,47],"ascension_level":1}}