{"host":"Koishi","time":1611600376,"event":{"mods":["2.2 Compatiblity","AchievementEnabler","Act Like it!","BaseMod","Better Match","Better Note","Better Sensory Stone","Better Third Choice","Colored Powertips","Gensokyo","Hermit","Koishi","Lobotomy","LobotomyExtend","MarisaÅiñ∂âJÅ@ñÇóùçπÅj","Minty Spire (QoL Compilation)","Quick Restart","Rare Cards Sparkle","ReimuÅiîé??öÎÅj","Relic Filter Mod","Relic Stats","Spicy Shops","StSLib","The Construct","Åy?ï®?îvÅzREMEMod"],"gold_per_floor":[117,137,87,87,107,142,154,166,232,277,289,226,238,262,274,386,398,410,672,564,576,607,649,661,429,466,478,0,12,49,75,87,199,211,238,261,198,229,45,45,64,96,96,122,122,149,149,149,149,149],"floor_reached":51,"language":"ENG","playtime":2462,"items_purged":["Strike_MRS"],"score":1101,"play_id":"ea4c7476-f5b8-467b-ad58-f3f98a491d9e","local_time":"20210125134616","is_ascension_mode":true,"campfire_choices":[{"data":"UltimateShortwave","floor":7,"key":"SMITH"},{"floor":15,"key":"REST"},{"floor":24,"key":"REST"},{"data":"Acceleration","floor":27,"key":"SMITH"},{"data":"SprinkleStarSeal","floor":29,"key":"SMITH"},{"floor":32,"key":"REST"},{"floor":40,"key":"RECALL"},{"data":"UltimateShortwave","floor":45,"key":"SMITH"},{"floor":49,"key":"REST"}],"circlet_count":0,"master_deck":["Strike_MRS+1","Strike_MRS","Strike_MRS+1","Defend_MRS+1","Defend_MRS+1","Defend_MRS","Defend_MRS","MasterSpark+1","UpSweep+1","Acceleration+1","SingingMachine","Gensokyo:BlessingOfConstitution+1","GalacticHalo+1","UniverseFragment","Orbital","Thinking Ahead+1","OSAHOGD","EnergyFlow+1","ManaConvection+1","SprinkleStarSeal+1","EnergyFlow+1","FieryBird","MagicAbsorber","AbsoluteMagnitude+1","QueenOfHatred","UltimateShortwave+1","Orbital+1","WallGazer","CENSORED","BlueStar"],"relics":["MiniHakkero","REME_ComplimentaryCards","CogitoBucket","LetterFromLob","TungstenRod","MawBank","Lantern","AmplifyWand","SkinProphecy","Black Star","Gaze_r","Moonlight_r","Gensokyo:MaskOfHope","Gensokyo:DirgeOfMelancholy","Molten Egg 2","Shuriken","DollysMirror","Vajra","Whetstone","AspirationHeart","Juzu Bracelet","RedMistMask","SlaversCollar","Darkstone Periapt","Sundial","AtMidnight","BehaviorAdjustment","Smiling Mask","REME_HourglassOfDeath","InkBottle","Letter Opener","CaptainsWheel","Blood Vial","RuthlessExorcism:ReiMu","Bronze Scales"],"acts_visited":["Gensokyo:Gensokyo","Gensokyo:Gensokyoer","Gensokyo:Gensokyoest"],"potions_floor_usage":[6,16,33,36,51],"damage_taken":[{"damage":7,"enemies":"Gensokyo:Python","floor":1,"turns":4},{"damage":5,"enemies":"Gensokyo:3_Fairies","floor":2,"turns":3},{"damage":4,"enemies":"Gensokyo:Gryphon","floor":5,"turns":3},{"damage":19,"enemies":"Gensokyo:Cirno","floor":6,"turns":9},{"damage":17,"enemies":"Gensokyo:Mamizou","floor":10,"turns":5},{"damage":9,"enemies":"Gensokyo:LivingMonolith","floor":14,"turns":4},{"damage":7,"enemies":"Gensokyo:Yukari","floor":16,"turns":4},{"damage":4,"enemies":"Gensokyo:2_Gloops","floor":18,"turns":4},{"damage":2,"enemies":"Gensokyo:2_Gloops","floor":22,"turns":5},{"damage":22,"enemies":"Gensokyo:Koishi","floor":23,"turns":6},{"damage":3,"enemies":"Gensokyo:Reisen","floor":30,"turns":3},{"damage":0,"enemies":"Gensokyo:Chomper","floor":31,"turns":6},{"damage":20,"enemies":"Gensokyo:Eiki","floor":33,"turns":8},{"damage":0,"enemies":"Gensokyo:3_Boulders","floor":35,"turns":2},{"damage":8,"enemies":"Gensokyo:AncientGuardian","floor":36,"turns":5},{"damage":0,"enemies":"Gensokyo:SeedOfUnknown","floor":38,"turns":3},{"damage":55,"enemies":"Gensokyo:4_Bats","floor":41,"turns":7},{"damage":4,"enemies":"Gensokyo:Marisa","floor":42,"turns":4},{"damage":1,"enemies":"Gensokyo:Doremy","floor":44,"turns":4},{"damage":15,"enemies":"Gensokyo:Kasen","floor":46,"turns":7},{"damage":1,"enemies":"Gensokyo:Yuyuko","floor":50,"turns":4},{"damage":55,"enemies":"Malkuth","floor":51,"turns":6},{"damage":34,"enemies":"Hod","floor":51,"turns":5}],"seed_played":"888876310711986491","potions_obtained":[{"floor":5,"key":"EssenceOfSteel"},{"floor":6,"key":"Fire Potion"},{"floor":10,"key":"Regen Potion"},{"floor":23,"key":"LiquidMemories"},{"floor":30,"key":"AttackPotion"},{"floor":33,"key":"FairyPotion"},{"floor":42,"key":"ShroomBrew"}],"is_trial":false,"path_per_floor":["M","M","?","T","M","E","R","$","T","E","?","?","$","M","R","B",null,"M","?","?","?","M","E","R","COS","T","R","?","R","E","M","R","B",null,"M","M","?","M","$","R","M","E","T","E","R","E","?","?","R","B",null],"character_chosen":"MARISA","items_purchased":["Sundial"],"campfire_rested":4,"item_purchase_floors":[39],"current_hp_per_floor":[68,63,63,63,59,40,40,40,40,23,23,23,23,14,36,37,77,43,43,43,43,37,11,34,34,34,34,34,34,27,29,57,33,97,99,93,93,89,89,89,32,30,30,37,37,60,60,45,78,78],"gold":149,"neow_bonus":"","is_daily":false,"chose_seed":false,"campfire_upgraded":4,"win_rate":0.0,"timestamp":1611600376,"path_taken":["M","M","?","?","?","E","R","?","T","E","?","?","$","M","R","BOSS","M","?","?","?","M","E","R","COS","T","R","?","R","E","M","R","BOSS","M","M","?","M","$","R","M","E","T","E","R","E","?","?","R","BOSS"],"items_purchased_type":["Relic"],"build_version":"2020-12-18","purchased_purges":1,"victory":true,"max_hp_per_floor":[75,75,75,75,75,75,75,75,75,75,75,75,75,75,75,77,77,79,75,75,75,77,79,79,79,79,79,79,79,81,95,95,97,97,99,101,101,103,103,103,107,109,109,111,111,113,113,113,113,115],"relic_stats":{"Darkstone Periapt":0,"counters":[27,121],"Juzu Bracelet":0,"Whetstone":["Strike_MRS","UpSweep"],"Letter Opener":[205],"MawBank":396,"Smiling Mask":0,"Blood Vial":8,"Shuriken":[3],"Sundial":[4],"Bronze Scales":[48],"Black Star":5,"obtain_stats":[{"AmplifyWand":10,"Darkstone Periapt":36,"Lantern":9,"Vajra":30,"Juzu Bracelet":33,"Whetstone":30,"SkinProphecy":14,"Smiling Mask":42,"Blood Vial":46,"Frozen Eye":23,"CogitoBucket":0,"DollysMirror":25,"Sundial":39,"InkBottle":43,"Gensokyo:MaskOfHope":20,"Gensokyo:DirgeOfMelancholy":21,"AspirationHeart":31,"Letter Opener":44,"MawBank":6,"Gaze_r":18,"Moonlight_r":18,"SlaversCollar":34,"CaptainsWheel":44,"REME_HourglassOfDeath":42,"Shuriken":23,"Bronze Scales":47,"AtMidnight":41,"Molten Egg 2":23,"RedMistMask":33,"BehaviorAdjustment":41,"LetterFromLob":1,"Black Star":17,"MiniHakkero":0,"TungstenRod":4,"REME_ComplimentaryCards":0,"RuthlessExorcism:ReiMu":46},{"AmplifyWand":5,"Darkstone Periapt":17,"Lantern":4,"Vajra":12,"Juzu Bracelet":15,"Whetstone":12,"SkinProphecy":7,"Smiling Mask":21,"Blood Vial":23,"Frozen Eye":10,"CogitoBucket":0,"DollysMirror":11,"Sundial":18,"InkBottle":21,"Gensokyo:MaskOfHope":9,"Gensokyo:DirgeOfMelancholy":9,"AspirationHeart":14,"Letter Opener":22,"MawBank":4,"Gaze_r":9,"Moonlight_r":9,"SlaversCollar":15,"CaptainsWheel":22,"REME_HourglassOfDeath":21,"Shuriken":11,"Bronze Scales":23,"AtMidnight":20,"Molten Egg 2":11,"RedMistMask":15,"BehaviorAdjustment":20,"LetterFromLob":1,"Black Star":8,"MiniHakkero":0,"TungstenRod":2,"REME_ComplimentaryCards":0,"RuthlessExorcism:ReiMu":23},{"AmplifyWand":24,"Darkstone Periapt":69,"Lantern":19,"Vajra":51,"Juzu Bracelet":61,"Whetstone":51,"SkinProphecy":29,"Smiling Mask":88,"Blood Vial":99,"Frozen Eye":42,"CogitoBucket":0,"DollysMirror":48,"Sundial":76,"InkBottle":88,"Gensokyo:MaskOfHope":37,"Gensokyo:DirgeOfMelancholy":37,"AspirationHeart":58,"Letter Opener":92,"MawBank":19,"Gaze_r":37,"Moonlight_r":37,"SlaversCollar":66,"CaptainsWheel":92,"REME_HourglassOfDeath":88,"Shuriken":48,"Bronze Scales":99,"AtMidnight":84,"Molten Egg 2":48,"RedMistMask":66,"BehaviorAdjustment":84,"LetterFromLob":4,"Black Star":33,"MiniHakkero":0,"TungstenRod":7,"REME_ComplimentaryCards":0,"RuthlessExorcism:ReiMu":99}],"TungstenRod":78,"InkBottle":[14]},"card_choices":[{"not_picked":["DC","OrrerysSun"],"picked":"Acceleration","floor":1},{"not_picked":["PunishingBird","Funeral","ShyLook"],"picked":"Singing Bowl","floor":1},{"not_picked":["ShyLook","Scorched"],"picked":"SingingMachine","floor":2},{"not_picked":["ShootingEcho","DarkSpark","WitchLeyline"],"picked":"SKIP","floor":2},{"not_picked":["DC","ManaRampage"],"picked":"GalacticHalo","floor":5},{"not_picked":["DespairKnight","CherryBlossoms","FairyFestival"],"picked":"Singing Bowl","floor":5},{"not_picked":["VoidDream","NothingThere"],"picked":"UniverseFragment","floor":6},{"not_picked":["ShootTheMoon","UnstableBomb","6A"],"picked":"SKIP","floor":6},{"not_picked":["SporeBomb","GrandCross"],"picked":"Orbital","floor":10},{"not_picked":["OldLady","LaLuna","BeautyBeast"],"picked":"Singing Bowl","floor":10},{"not_picked":["REME_PuzzleBox+1","REME_EyeOfCthun+1"],"picked":"Thinking Ahead+1","floor":12},{"not_picked":["Bloodbath","Wellcheers","Woodsman"],"picked":"Singing Bowl","floor":14},{"not_picked":["OldLady","Scorched"],"picked":"OSAHOGD","floor":14},{"not_picked":["ChargingUp","OortCloud"],"picked":"EnergyFlow","floor":14},{"not_picked":["MHz","FairyFestival","MeatLantern"],"picked":"Singing Bowl","floor":16},{"not_picked":["ShootingEcho","RefractionSpark"],"picked":"ManaConvection","floor":22},{"not_picked":["BodiesMountain","BigBadWolf","BigBird"],"picked":"Singing Bowl","floor":22},{"not_picked":["OrrerysSun","BlazingStar+1"],"picked":"SprinkleStarSeal","floor":23},{"not_picked":["Murderer","HappyTeddy","VoidDream"],"picked":"Singing Bowl","floor":23},{"not_picked":["MHz","BigBadWolf","FairyFestival"],"picked":"Singing Bowl","floor":30},{"not_picked":["MysteriousBeam+1","DC+1","NonDirectionalLaser+1"],"picked":"SKIP","floor":30},{"not_picked":["SpiderBud","CherryBlossoms","GreedKing"],"picked":"Singing Bowl","floor":31},{"not_picked":["PunishingBird","Wellcheers"],"picked":"FieryBird","floor":31},{"not_picked":["ShootingEcho+1","MysteriousBeam+1"],"picked":"MagicAbsorber","floor":31},{"not_picked":["BinaryStars","JA+1"],"picked":"AbsoluteMagnitude+1","floor":33},{"not_picked":["BigBadWolf","PlagueDoctor","OldLady"],"picked":"Singing Bowl","floor":33},{"not_picked":["CrumblingArmor","MeatLantern"],"picked":"QueenOfHatred","floor":33},{"not_picked":["MeatLantern","FairyFestival","BigBadWolf"],"picked":"Singing Bowl","floor":35},{"not_picked":["IllusionStar+1","DoubleSpark+1","Acceleration+1"],"picked":"SKIP","floor":35},{"not_picked":["OrrerysSun+1","WitchOfGreed"],"picked":"UltimateShortwave","floor":36},{"not_picked":["BlackArmy","QueenBee","NothingThere"],"picked":"Singing Bowl","floor":36},{"not_picked":["RefractionSpark+1","BlazingStar+1"],"picked":"Orbital+1","floor":38},{"not_picked":["LittlePrince","QueenBee"],"picked":"WallGazer","floor":38},{"not_picked":["BlackSwan","Porccubus","LongBird"],"picked":"Singing Bowl","floor":41},{"not_picked":["Acceleration+1","WitchOfGreed+1","UnstableBomb+1"],"picked":"SKIP","floor":41},{"not_picked":["NothingThere","BigBadWolf"],"picked":"CENSORED","floor":42},{"not_picked":["OrrerysSun","LuminesStrike+1","MysteriousBeam+1"],"picked":"SKIP","floor":42},{"not_picked":["BigBadWolf","Porccubus","Funeral"],"picked":"Singing Bowl","floor":44},{"not_picked":["IllusionStar","MilkyWay","JA+1"],"picked":"SKIP","floor":44},{"not_picked":["LittlePrince","MeltingLove","MeatLantern"],"picked":"Singing Bowl","floor":46},{"not_picked":["WhitesApple","BodiesMountain"],"picked":"BlueStar","floor":46},{"not_picked":["UnstableBomb+1","MysteriousBeam+1","JA+1"],"picked":"SKIP","floor":46}],"player_experience":203861,"relics_obtained":[{"floor":1,"key":"LetterFromLob"},{"floor":4,"key":"TungstenRod"},{"floor":6,"key":"MawBank"},{"floor":9,"key":"Lantern"},{"floor":10,"key":"AmplifyWand"},{"floor":23,"key":"Molten Egg 2"},{"floor":23,"key":"Shuriken"},{"floor":30,"key":"Vajra"},{"floor":30,"key":"Whetstone"},{"floor":33,"key":"RedMistMask"},{"floor":41,"key":"AtMidnight"},{"floor":42,"key":"Smiling Mask"},{"floor":42,"key":"REME_HourglassOfDeath"},{"floor":43,"key":"InkBottle"},{"floor":44,"key":"Letter Opener"},{"floor":44,"key":"CaptainsWheel"},{"floor":46,"key":"Blood Vial"},{"floor":46,"key":"RuthlessExorcism:ReiMu"}],"event_choices":[{"damage_healed":0,"gold_gain":0,"player_choice":"2","damage_taken":0,"max_hp_gain":0,"max_hp_loss":0,"event_name":"betterMatch:BetterMatch","floor":12,"gold_loss":0,"cards_obtained":["betterMatch:RareCard","betterMatch:ColorlessRareCard"]},{"damage_healed":0,"gold_gain":0,"player_choice":"2","damage_taken":0,"max_hp_gain":0,"max_hp_loss":0,"event_name":"betterMatch:BetterMatch","floor":37,"gold_loss":0,"cards_obtained":["betterMatch:CommonCard"]}],"is_beta":true,"boss_relics":[{"not_picked":["Fusion Hammer","Velvet Choker"],"picked":"Black Star"},{"not_picked":["construct:WeddingRing","Cursed Key"],"picked":"SlaversCollar"}],"items_purged_floors":[39],"is_endless":false,"potions_floor_spawned":[5,6,10,18,23,30,33,35,42,44],"ascension_level":3}}