{"host":"d7fiu2yjkssjxoz6","time":1611542275,"event":{"mods":["AchievementEnabler","BaseMod","Duelist Mod","Minty Spire (QoL Compilation)","StSLib"],"gold_per_floor":[140,154,169,180,192,227,302,302,384,415,415,434,464,490,490,587,587,604,604,619,619,631,631,648,648,648,648,673,673,46,57,57,154,154,171,171,221,238,257,292,292,317,367,367,380,390,405,422,422,422,422,422,44,74,74],"floor_reached":56,"language":"ENG","playtime":5565,"items_purged":["theDuelist:CurseAnubis","Writhe"],"score":1912,"play_id":"e7453a98-1b85-44d0-bd5b-c64719e60857","local_time":"20210124183755","is_ascension_mode":true,"campfire_choices":[{"data":"theDuelist:Inzektron","floor":8.0,"key":"SMITH"},{"data":"theDuelist:CobraJar","floor":11.0,"key":"SMITH"},{"floor":15.0,"key":"REST"},{"floor":23.0,"key":"REST"},{"floor":25.0,"key":"RECALL"},{"data":"theDuelist:SpiderEgg","floor":27.0,"key":"SMITH"},{"data":"theDuelist:Forest","floor":32.0,"key":"SMITH"},{"data":"theDuelist:PoisonChain","floor":41.0,"key":"SMITH"},{"data":"theDuelist:Nameless:Power:KamionTimelord","floor":44.0,"key":"SMITH"},{"data":"theDuelist:SpiderEgg","floor":49.0,"key":"SMITH"},{"data":"theDuelist:LinkSpider","floor":52.0,"key":"SMITH"}],"circlet_count":0,"master_deck":["Purity","theDuelist:RainbowOverdragon+1","theDuelist:AngelTrumpeter","theDuelist:PoisonOldMan","theDuelist:ArsenalBug","theDuelist:DarkworldThorns","CurseOfTheBell","theDuelist:CastleWalls","Magnetism","theDuelist:Nameless:Power:KamionTimelord+1","theDuelist:BlockGolem","theDuelist:CobraJar+1","theDuelist:CactusBouncer","theDuelist:PoisonChain+1","theDuelist:BlueBloodedOni","J.A.X.","theDuelist:Forest+1","theDuelist:Forest+1","theDuelist:Nameless:Magic:GravityLash","theDuelist:Nameless:War:FortressWarrior","theDuelist:CastleWalls","theDuelist:LinkSpider+1","theDuelist:Sparks","AscendersBane","theDuelist:Mudora","theDuelist:Raigeki+1","theDuelist:AtomicFirefly+1","theDuelist:MirrorLadybug+1","theDuelist:SpiderEgg+1","theDuelist:Aztekipede","theDuelist:YellowBelliedOni+1","theDuelist:BlockGolem+1","theDuelist:BiteBug","theDuelist:HunterSpider+1"],"relics":["theDuelist:MillenniumPuzzle","theDuelist:CardPoolRelic","theDuelist:CardPoolBasicRelic","theDuelist:BoosterPackPoolRelic","theDuelist:CardPoolAddRelic","theDuelist:CardPoolMinusRelic","theDuelist:CardPoolSaveRelic","theDuelist:CardPoolOptionsRelic","theDuelist:DuelistTeaSet","theDuelist:ElectricToken","Cursed Key","theDuelist:ResummonBranch","Akabeko","Torii","theDuelist:MillenniumArmor","Snake Skull","theDuelist:FatMaxHPRelic","Calling Bell","MealTicket","Ornamental Fan","Unceasing Top","Ice Cream","theDuelist:BoosterBetterBoostersRelic","Calipers","Boot","Frozen Eye","theDuelist:MillenniumRing","Mercury Hourglass"],"acts_visited":["Exordium","TheCity","TheBeyond","TheEnding"],"potions_floor_usage":[55],"damage_taken":[{"damage":2.0,"enemies":"Jaw Worm","floor":1.0,"turns":3.0},{"damage":3.0,"enemies":"2 Louse","floor":2.0,"turns":3.0},{"damage":0.0,"enemies":"Cultist","floor":3.0,"turns":4.0},{"damage":6.0,"enemies":"Exordium Wildlife","floor":4.0,"turns":4.0},{"damage":0.0,"enemies":"2 Fungi Beasts","floor":5.0,"turns":4.0},{"damage":18.0,"enemies":"Gremlin Nob","floor":6.0,"turns":4.0},{"damage":6.0,"enemies":"Red Slaver","floor":12.0,"turns":2.0},{"damage":4.0,"enemies":"Lagavulin","floor":14.0,"turns":4.0},{"damage":0.0,"enemies":"Slime Boss","floor":16.0,"turns":10.0},{"damage":17.0,"enemies":"Chosen","floor":18.0,"turns":3.0},{"damage":26.0,"enemies":"3 Byrds","floor":20.0,"turns":3.0},{"damage":4.0,"enemies":"Shelled Parasite and Fungi","floor":22.0,"turns":4.0},{"damage":0.0,"enemies":"Sentry and Sphere","floor":24.0,"turns":4.0},{"damage":23.0,"enemies":"theDuelist:KaibaA2","floor":28.0,"turns":5.0},{"damage":0.0,"enemies":"3 Cultists","floor":31.0,"turns":4.0},{"damage":26.0,"enemies":"Automaton","floor":33.0,"turns":10.0},{"damage":26.0,"enemies":"3 Darklings","floor":35.0,"turns":4.0},{"damage":23.0,"enemies":"Mind Bloom Boss Battle","floor":37.0,"turns":7.0},{"damage":6.0,"enemies":"3 Shapes","floor":38.0,"turns":3.0},{"damage":0.0,"enemies":"3 Darklings","floor":39.0,"turns":2.0},{"damage":0.0,"enemies":"Reptomancer","floor":40.0,"turns":4.0},{"damage":51.0,"enemies":"Giant Head","floor":42.0,"turns":7.0},{"damage":6.0,"enemies":"Sphere and 2 Shapes","floor":45.0,"turns":2.0},{"damage":0.0,"enemies":"Jaw Worm Horde","floor":46.0,"turns":2.0},{"damage":0.0,"enemies":"Transient","floor":47.0,"turns":5.0},{"damage":18.0,"enemies":"4 Shapes","floor":48.0,"turns":3.0},{"damage":17.0,"enemies":"Donu and Deca","floor":50.0,"turns":4.0},{"damage":63,"enemies":"Shield and Spear","floor":54,"turns":3},{"damage":75,"enemies":"The Heart","floor":55,"turns":6}],"seed_played":"1867384287181284569","potions_obtained":[{"floor":1.0,"key":"LiquidMemories"},{"floor":4.0,"key":"ColorlessPotion"},{"floor":6.0,"key":"theDuelist:BigOrbBottle"},{"floor":14.0,"key":"AttackPotion"},{"floor":22.0,"key":"theDuelist:SummonFuryPotion"},{"floor":28.0,"key":"GamblersBrew"},{"floor":33.0,"key":"PowerPotion"},{"floor":37.0,"key":"Block Potion"},{"floor":38.0,"key":"SmokeBomb"},{"floor":54,"key":"theDuelist:TokenPotionB"}],"is_trial":false,"path_per_floor":["M","M","M","M","M","E","?","R","T","?","R","M","?","E","R","B",null,"M","?","M","?","M","R","M","R","T","R","E","?","$","M","R","B",null,"M","?","?","M","M","E","R","E","T","R","M","M","M","M","R","B",null,"R","$","E","B",null],"character_chosen":"THE_DUELIST","items_purchased":["Snake Skull","theDuelist:FatMaxHPRelic","theDuelist:Forest","Magnetism","theDuelist:BlueBloodedOni","theDuelist:ArsenalBug","theDuelist:MillenniumRing","theDuelist:BiteBug"],"campfire_rested":2,"item_purchase_floors":[30,30,30,30,30,30,53,53],"current_hp_per_floor":[70,67,67,61,61,43,32,32,32,32,32,26,26,22,46,46,72,55,55,29,29,25,49,49,49,49,49,26,20,220,220,220,194,259,233,247,224,218,218,218,218,167,167,167,161,161,161,143,143,126,252,252,267,204,129],"gold":74,"neow_bonus":"THREE_RARE_CARDS","is_daily":false,"chose_seed":false,"campfire_upgraded":8,"win_rate":0.0,"timestamp":1611542275,"path_taken":["M","M","M","M","M","E","?","R","T","?","R","M","?","E","R","BOSS","M","?","M","?","M","R","M","R","T","R","E","?","$","?","R","BOSS","M","?","?","M","M","E","R","E","T","R","M","M","M","M","R","BOSS","R","$","E","BOSS"],"items_purchased_type":["Relic","Relic","Card","Card","Card","Card","Relic","Card"],"build_version":"2020-12-22","purchased_purges":2,"victory":true,"max_hp_per_floor":[80,80,80,80,80,80,80,80,80,80,80,80,80,80,80,80,80,80,80,80,80,80,80,80,80,80,80,80,80,280,280,280,280,280,280,294,294,294,294,294,294,294,294,294,294,294,294,294,294,294,294,294,294,294,294],"card_choices":[{"not_picked":["theDuelist:PoisonousWinds","theDuelist:PoisonFangs"],"picked":"theDuelist:LinkSpider","floor":0.0},{"not_picked":["theDuelist:DokiDoki","theDuelist:DummyGolem","theDuelist:EarthEffigy","theDuelist:EvilswarmHeliotrope"],"picked":"theDuelist:BlockGolem","floor":1.0},{"not_picked":["theDuelist:PinchHopper","theDuelist:ResonanceInsect","theDuelist:DigitalBug","theDuelist:Grasschopper"],"picked":"theDuelist:GroundSpider","floor":2.0},{"not_picked":["theDuelist:HunterSpider","theDuelist:FirestormProminence","theDuelist:JiraiGumo","theDuelist:BiteBug"],"picked":"theDuelist:UndergroundArachnid","floor":3.0},{"not_picked":["theDuelist:MudGolem","theDuelist:WormApocalypse","theDuelist:FutureFusion","theDuelist:CastleDarkIllusions"],"picked":"theDuelist:BlockGolem","floor":4.0},{"not_picked":["theDuelist:ArmoredBee","theDuelist:PetitMoth","theDuelist:BeeListSoldier","theDuelist:InsectKnight"],"picked":"theDuelist:Inzektron","floor":5.0},{"not_picked":["theDuelist:HunterSpider","theDuelist:RazorLizard","theDuelist:NeoBug","theDuelist:CorrosiveScales"],"picked":"theDuelist:CobraJar","floor":6.0},{"not_picked":["theDuelist:PoisonFangs","theDuelist:Greatfly","theDuelist:GigaMantis","theDuelist:DarkBug"],"picked":"theDuelist:Zektarrow","floor":12.0},{"not_picked":["Discovery","Panacea","Trip"],"picked":"Purity","floor":14.0},{"not_picked":["theDuelist:Zektkaliber","theDuelist:WallThorns","theDuelist:SpiderEgg","theDuelist:PoisonousWinds"],"picked":"theDuelist:MetamorphInsectQueen","floor":16.0},{"not_picked":["theDuelist:DragonDowser","theDuelist:Aztekipede","theDuelist:BeeListSoldier","theDuelist:DarkSpider"],"picked":"theDuelist:Forest+1","floor":18.0},{"not_picked":["theDuelist:InsectKnight+1","theDuelist:BiteBug","theDuelist:BeeListSoldier","theDuelist:FirestormProminence"],"picked":"theDuelist:CrossSwordBeetle","floor":20.0},{"not_picked":["theDuelist:Taotie","theDuelist:PoisonousWinds","theDuelist:PoisonFangs","theDuelist:DestructionCyclone"],"picked":"theDuelist:PoisonChain","floor":22.0},{"not_picked":["theDuelist:Zektahawk+1","theDuelist:PoisonFangs","theDuelist:DestructionCyclone","theDuelist:CocoonUltraEvolution"],"picked":"theDuelist:SpiderEgg","floor":24.0},{"not_picked":["theDuelist:Taotie","theDuelist:BlazewingButterfly"],"picked":"theDuelist:GigaMantis","floor":28.0},{"not_picked":["theDuelist:DragonDowser","theDuelist:BlueBloodedOni","theDuelist:GreyGreedOni","theDuelist:RainbowKuriboh+1"],"picked":"theDuelist:RainbowOverdragon+1","floor":31.0},{"not_picked":["theDuelist:Taotie+1","theDuelist:MetamorphInsectQueen","theDuelist:InsectKing+1","theDuelist:HowlingInsect+1"],"picked":"theDuelist:PoisonChain","floor":33.0},{"not_picked":["theDuelist:FuryFire","theDuelist:SpiderWeb","theDuelist:Forest","theDuelist:BugMatrix"],"picked":"theDuelist:PoisonOldMan","floor":35.0},{"not_picked":["theDuelist:EvilswarmHeliotrope","theDuelist:GilfordLegend+1","theDuelist:GraniteLoyalist+1","theDuelist:Sangan+1"],"picked":"theDuelist:Mudora","floor":38.0},{"not_picked":["theDuelist:BattleOx+1","theDuelist:DestroyerGolem+1","theDuelist:Sangan","theDuelist:WormWarlord+1"],"picked":"theDuelist:Raigeki+1","floor":39.0},{"not_picked":["theDuelist:FirestormProminence","theDuelist:CrossSwordBeetle+1","theDuelist:RazorLizard","theDuelist:InsectKnight"],"picked":"theDuelist:AtomicFirefly+1","floor":40.0},{"not_picked":["theDuelist:WallThorns+1","theDuelist:PoisonFangs+1","theDuelist:IgnisHeat+1","theDuelist:DestructionCyclone"],"picked":"theDuelist:MirrorLadybug+1","floor":42.0},{"not_picked":["theDuelist:Suanni","theDuelist:PoisonousWinds+1","theDuelist:GigaCricket+1","theDuelist:DestructionCyclone"],"picked":"theDuelist:SpiderEgg","floor":45.0},{"not_picked":["theDuelist:Yazi","theDuelist:TornadoDragon+1","theDuelist:BugSignal","theDuelist:UndergroundArachnid"],"picked":"theDuelist:Aztekipede","floor":46.0},{"not_picked":["theDuelist:TornadoDragon","theDuelist:DragonDowser","theDuelist:BlueBloodedOni","theDuelist:GreenGraveOni+1"],"picked":"theDuelist:YellowBelliedOni+1","floor":47.0},{"not_picked":["theDuelist:DokiDoki","theDuelist:PotForbidden","theDuelist:WeepingIdol+1","theDuelist:Blockman"],"picked":"theDuelist:BlockGolem+1","floor":48.0},{"not_picked":["theDuelist:ManEaterBug+1","theDuelist:NeoBug+1","theDuelist:ArmoredBee+1","theDuelist:BeeListSoldier+1"],"picked":"theDuelist:HunterSpider+1","floor":54}],"player_experience":276385,"relics_obtained":[{"floor":6.0,"key":"theDuelist:DuelistTeaSet"},{"floor":14.0,"key":"theDuelist:ElectricToken"},{"floor":26.0,"key":"Akabeko"},{"floor":28.0,"key":"Torii"},{"floor":34.0,"key":"MealTicket"},{"floor":34.0,"key":"Ornamental Fan"},{"floor":34.0,"key":"Unceasing Top"},{"floor":37.0,"key":"Ice Cream"},{"floor":40.0,"key":"theDuelist:BoosterBetterBoostersRelic"},{"floor":42.0,"key":"Calipers"},{"floor":43.0,"key":"Boot"},{"floor":54,"key":"Mercury Hourglass"}],"event_choices":[{"damage_healed":0.0,"max_hp_gain":0.0,"max_hp_loss":0.0,"gold_gain":75.0,"event_name":"World of Goop","player_choice":"Gather Gold","floor":7.0,"gold_loss":0.0,"damage_taken":11.0},{"damage_healed":0.0,"max_hp_gain":0.0,"max_hp_loss":0.0,"gold_gain":0.0,"event_name":"Card Trader","player_choice":"Sold Ground Spider for 31 Gold.","duelist":true,"floor":10.0,"gold_loss":0.0,"damage_taken":0.0},{"damage_healed":0.0,"max_hp_gain":0.0,"max_hp_loss":0.0,"gold_gain":0.0,"event_name":"Card Trader","player_choice":"Sold Sparks for 30 Gold.","duelist":true,"floor":13.0,"gold_loss":0.0,"damage_taken":0.0},{"damage_healed":0.0,"max_hp_gain":0.0,"max_hp_loss":0.0,"gold_gain":0.0,"event_name":"Drug Dealer","player_choice":"Obtain J.A.X.","floor":19.0,"gold_loss":0.0,"damage_taken":0.0,"cards_obtained":["J.A.X."]},{"damage_healed":0.0,"max_hp_gain":0.0,"max_hp_loss":0.0,"gold_gain":0.0,"event_name":"Millennium Items","player_choice":"Took item - Received: Millennium Branch","duelist":true,"floor":21.0,"gold_loss":0.0,"damage_taken":0.0},{"damage_healed":0.0,"max_hp_gain":0.0,"max_hp_loss":0.0,"gold_gain":0.0,"event_name":"Aknamkanon\u0027s Tomb","player_choice":"Dig - random Duelist relic","duelist":true,"floor":29.0,"gold_loss":0.0,"damage_taken":0.0},{"power_reward":4.0,"total_magic_score":54.0,"gold_gain":0.0,"duelist":true,"damage_taken":0.0,"relics_obtained":[],"points":16.0,"war_reward":4.0,"max_hp_gain":14.0,"max_hp_loss":0.0,"spent_points":{"magic":4.0,"greed":0.0,"war":4.0,"power":4.0,"hunger":4.0},"event_name":"Nameless Tomb","hunger_reward":4.0,"floor":36.0,"gold_loss":0.0,"magic_reward":4.0,"cards_obtained":["theDuelist:Nameless:War:FortressWarrior","theDuelist:Nameless:Power:KamionTimelord","theDuelist:Nameless:Magic:GravityLash"]},{"damage_healed":0.0,"max_hp_gain":0.0,"max_hp_loss":0.0,"gold_gain":0.0,"event_name":"MindBloom","player_choice":"Fight","floor":37.0,"gold_loss":0.0,"damage_taken":0.0}],"is_beta":false,"boss_relics":[{"not_picked":["Astrolabe","Coffee Dripper"],"picked":"Cursed Key"},{"not_picked":["Pandora\u0027s Box","Black Star"],"picked":"Calling Bell"}],"items_purged_floors":[30,53],"is_endless":false,"potions_floor_spawned":[1,4,6,14,22,28,33,37,38,45,54],"ascension_level":10}}