{"host":"y24pqu7jih1n8m3t","time":1611532904,"event":{"mods":["AchievementEnabler","BaseMod","Bestiary","Block Reminder","Colored Map","Colored Powertips","DeckTracker","Highlight Path","Minty Spire (QoL Compilation)","Permanent Neow","Quick Restart","Rare Cards Sparkle","Relic Stats"],"gold_per_floor":[116,128,140,158,158,188,200,233,256,256,115,142,156,169,169,274,274,284,304,304,322,396,424,444,476,529,274,274,274,288,321,321,422,422,439,104,0,12,12,39,49,63,86,116,116,145,162,177,177,177,177,177,97,123,123],"floor_reached":56,"language":"ENG","playtime":7027,"items_purged":[],"score":1533,"play_id":"f942c00d-4d45-40ac-af6c-9dd425b65723","local_time":"20210124190144","is_ascension_mode":true,"campfire_choices":[{"data":"Armaments","floor":10,"key":"SMITH"},{"floor":15,"key":"RECALL"},{"floor":29,"key":"REST"},{"data":"Berserk","floor":32,"key":"SMITH"},{"floor":45,"key":"REST"},{"floor":49,"key":"REST"},{"floor":52,"key":"REST"}],"circlet_count":0,"master_deck":["Strike_R","Strike_R","Strike_R+1","Strike_R+1","Strike_R","Defend_R","Defend_R","Defend_R","Defend_R","Bash","Twin Strike","Burning Pact","Iron Wave","Armaments+1","Perfected Strike","Reckless Charge+1","Flash of Steel+1","Body Slam+1","Pommel Strike+1","Rampage+1","Berserk+1","Pommel Strike+1","Clothesline+1","Whirlwind+1","Fiend Fire+1","Wild Strike+1","Twin Strike+1","Flex+1","Uppercut+1","Shrug It Off","Exhume","Shrug It Off","Sentinel+1","Barricade","Shockwave+1","Fire Breathing","Pommel Strike+1","Good Instincts","Clothesline+1","Perfected Strike+1","Perfected Strike+1","Shockwave+1","Wild Strike+1","Clothesline+1","Rage+1","Rage","Dark Embrace","Metallicize+1"],"relics":["Philosopher\u0027s Stone","Pear","Molten Egg 2","Regal Pillow","PreservedInsect","Snecko Eye","Mercury Hourglass","Strawberry","Oddly Smooth Stone","Orrery","Thread and Needle","Fusion Hammer","Akabeko","Red Mask","Bag of Marbles","White Beast Statue","Whetstone","Pen Nib","Kunai","Art of War"],"acts_visited":["Exordium","TheCity","TheBeyond","TheEnding"],"potions_floor_usage":[16,25,27,33,33,47,55,55],"damage_taken":[{"damage":4,"enemies":"Small Slimes","floor":1,"turns":4},{"damage":8,"enemies":"Jaw Worm","floor":2,"turns":3},{"damage":2,"enemies":"2 Louse","floor":3,"turns":2},{"damage":7,"enemies":"Looter","floor":4,"turns":3},{"damage":12,"enemies":"Gremlin Nob","floor":6,"turns":4},{"damage":2,"enemies":"Red Slaver","floor":7,"turns":3},{"damage":13,"enemies":"3 Sentries","floor":8,"turns":10},{"damage":0,"enemies":"Gremlin Nob","floor":12,"turns":2},{"damage":0,"enemies":"Large Slime","floor":13,"turns":2},{"damage":0,"enemies":"3 Louse","floor":14,"turns":2},{"damage":29,"enemies":"Hexaghost","floor":16,"turns":7},{"damage":9,"enemies":"Chosen","floor":18,"turns":3},{"damage":15,"enemies":"3 Byrds","floor":19,"turns":7},{"damage":13,"enemies":"Snecko","floor":21,"turns":4},{"damage":17,"enemies":"Slavers","floor":23,"turns":2},{"damage":24,"enemies":"Snake Plant","floor":24,"turns":3},{"damage":0,"enemies":"Gremlin Leader","floor":25,"turns":3},{"damage":8,"enemies":"Chosen and Byrds","floor":30,"turns":3},{"damage":7,"enemies":"Book of Stabbing","floor":31,"turns":3},{"damage":42,"enemies":"Automaton","floor":33,"turns":9},{"damage":0,"enemies":"3 Shapes","floor":35,"turns":2},{"damage":4,"enemies":"Orb Walker","floor":38,"turns":3},{"damage":0,"enemies":"Reptomancer","floor":40,"turns":1},{"damage":0,"enemies":"Transient","floor":41,"turns":5},{"damage":10,"enemies":"4 Shapes","floor":42,"turns":4},{"damage":0,"enemies":"Giant Head","floor":44,"turns":4},{"damage":5,"enemies":"Nemesis","floor":46,"turns":5},{"damage":0,"enemies":"Spire Growth","floor":47,"turns":2},{"damage":0,"enemies":"Jaw Worm Horde","floor":48,"turns":1},{"damage":73,"enemies":"Time Eater","floor":50,"turns":10},{"damage":0,"enemies":"Shield and Spear","floor":54,"turns":2},{"damage":114,"enemies":"The Heart","floor":55,"turns":9}],"seed_played":"-1927819487374248173","potions_obtained":[{"floor":1,"key":"FairyPotion"},{"floor":6,"key":"ColorlessPotion"},{"floor":8,"key":"EssenceOfSteel"},{"floor":12,"key":"Regen Potion"},{"floor":18,"key":"SteroidPotion"},{"floor":31,"key":"ColorlessPotion"},{"floor":33,"key":"Fire Potion"},{"floor":40,"key":"Strength Potion"},{"floor":47,"key":"SteroidPotion"}],"is_trial":false,"path_per_floor":["M","M","M","M","?","E","M","E","T","R","$","E","M","M","R","B",null,"M","M","?","M","T","E","M","E","T","$","?","R","M","E","R","B",null,"M","$","?","M","?","E","M","M","T","E","R","E","M","M","R","B",null,"R","$","E","B",null],"character_chosen":"IRONCLAD","items_purchased":["Flash of Steel+1","Fire Potion","Fruit Juice","Orrery","Fire Breathing","Pommel Strike+1","Akabeko","Good Instincts","Dark Embrace"],"campfire_rested":4,"item_purchase_floors":[11,11,27,27,36,36,36,36,53],"current_hp_per_floor":[76,68,66,59,59,57,55,42,42,42,42,42,42,42,42,28,90,81,66,66,53,53,43,19,19,19,24,24,69,61,54,54,12,102,102,102,102,98,98,98,98,88,88,88,102,97,97,97,102,29,102,102,102,102,18],"gold":123,"neow_bonus":"BOSS_RELIC","is_daily":false,"chose_seed":false,"campfire_upgraded":2,"win_rate":0.0,"timestamp":1611532904,"path_taken":["M","M","M","M","?","E","M","E","T","R","$","E","M","M","R","BOSS","M","M","?","M","?","E","M","E","T","$","?","R","M","E","R","BOSS","M","$","?","M","?","E","M","M","T","E","R","E","?","M","R","BOSS","R","$","E","BOSS"],"items_purchased_type":["Card","Potion","Potion","Relic","Card","Card","Relic","Card","Card"],"build_version":"2020-12-22","purchased_purges":0,"victory":true,"max_hp_per_floor":[80,80,80,80,80,90,90,90,90,90,90,90,90,90,90,90,90,90,90,90,90,90,97,97,97,97,102,102,102,102,102,102,102,102,102,102,102,102,102,102,102,102,102,102,102,102,102,102,102,102,102,102,102,102,102],"relic_stats":{"Regal Pillow":15,"counters":[32,126],"Snecko Eye":[153,166,178,172],"PreservedInsect":422,"Pen Nib":[6],"Art of War":[1],"Whetstone":["Strike_R","Strike_R"],"Kunai":[9],"obtain_stats":[{"Regal Pillow":9,"Pear":6,"Oddly Smooth Stone":25,"Thread and Needle":31,"PreservedInsect":12,"Pen Nib":44,"Whetstone":43,"Burning Blood":0,"Akabeko":36,"White Beast Statue":40,"Mercury Hourglass":22,"Strawberry":23,"Snecko Eye":17,"Orrery":27,"Philosopher\u0027s Stone":0,"Molten Egg 2":8,"Fusion Hammer":34,"Red Mask":37,"Bag of Marbles":39,"Art of War":54,"Kunai":46},{"Regal Pillow":7,"Pear":5,"Oddly Smooth Stone":17,"Thread and Needle":19,"PreservedInsect":8,"Pen Nib":26,"Whetstone":25,"Burning Blood":0,"Akabeko":21,"White Beast Statue":23,"Mercury Hourglass":14,"Strawberry":15,"Snecko Eye":11,"Orrery":17,"Philosopher\u0027s Stone":0,"Molten Egg 2":7,"Fusion Hammer":20,"Red Mask":21,"Bag of Marbles":22,"Art of War":31,"Kunai":27},{"Regal Pillow":29,"Pear":16,"Oddly Smooth Stone":64,"Thread and Needle":70,"PreservedInsect":31,"Pen Nib":97,"Whetstone":93,"Burning Blood":0,"Akabeko":81,"White Beast Statue":85,"Mercury Hourglass":56,"Strawberry":58,"Snecko Eye":42,"Orrery":64,"Philosopher\u0027s Stone":0,"Molten Egg 2":29,"Fusion Hammer":79,"Red Mask":81,"Bag of Marbles":84,"Art of War":117,"Kunai":102}],"Mercury Hourglass":[265]},"card_choices":[{"not_picked":["Shockwave","Perfected Strike"],"picked":"Twin Strike","floor":1},{"not_picked":["Dark Embrace","Hemokinesis"],"picked":"Burning Pact","floor":2},{"not_picked":["Rupture","Twin Strike"],"picked":"Iron Wave","floor":3},{"not_picked":["Ghostly Armor","Perfected Strike"],"picked":"Armaments","floor":4},{"not_picked":["Limit Break","Uppercut"],"picked":"Perfected Strike","floor":6},{"not_picked":["Sword Boomerang","Evolve"],"picked":"True Grit","floor":7},{"not_picked":["Power Through","Havoc"],"picked":"Reckless Charge+1","floor":8},{"not_picked":["Iron Wave+1","Pummel+1"],"picked":"Body Slam+1","floor":12},{"not_picked":["Corruption","Flame Barrier"],"picked":"Pommel Strike+1","floor":13},{"not_picked":["True Grit","Armaments"],"picked":"Rampage+1","floor":14},{"not_picked":["Exhume","Fiend Fire+1"],"picked":"Berserk","floor":16},{"not_picked":["Reckless Charge+1","Anger+1"],"picked":"Pommel Strike+1","floor":18},{"not_picked":["Flex","Body Slam+1"],"picked":"Clothesline+1","floor":19},{"not_picked":["Cleave+1","Clash+1"],"picked":"Whirlwind+1","floor":21},{"not_picked":["Reckless Charge+1","Clash+1","Wild Strike+1"],"picked":"SKIP","floor":23},{"not_picked":["Clash+1","Headbutt+1"],"picked":"Fiend Fire+1","floor":24},{"not_picked":["Blood for Blood+1","Dropkick+1"],"picked":"Wild Strike+1","floor":25},{"not_picked":["Wild Strike+1","Fire Breathing"],"picked":"Twin Strike+1","floor":27},{"not_picked":["Feel No Pain","Wild Strike+1"],"picked":"Flex+1","floor":27},{"not_picked":["Bloodletting","Thunderclap+1"],"picked":"Uppercut+1","floor":27},{"not_picked":["Whirlwind+1","Barricade"],"picked":"Shrug It Off","floor":27},{"not_picked":["Wild Strike+1","Shockwave"],"picked":"Exhume","floor":27},{"not_picked":["True Grit+1","Rage"],"picked":"Shrug It Off","floor":30},{"not_picked":["Armaments","Sword Boomerang+1"],"picked":"Sentinel+1","floor":31},{"not_picked":["Juggernaut","Limit Break"],"picked":"Barricade","floor":33},{"not_picked":["Rupture","Anger+1"],"picked":"Shockwave+1","floor":35},{"not_picked":["Flex+1","Thunderclap+1"],"picked":"Clothesline+1","floor":38},{"not_picked":["Power Through","Clash+1"],"picked":"Perfected Strike+1","floor":40},{"not_picked":["Fire Breathing+1","Entrench+1"],"picked":"Perfected Strike+1","floor":41},{"not_picked":["Warcry+1","Havoc"],"picked":"Shockwave+1","floor":42},{"not_picked":["Rupture+1","Bludgeon+1"],"picked":"Wild Strike+1","floor":44},{"not_picked":["Intimidate","Sever Soul+1"],"picked":"Clothesline+1","floor":46},{"not_picked":["Fire Breathing","Sword Boomerang+1"],"picked":"Rage+1","floor":47},{"not_picked":["Havoc+1","Clash+1"],"picked":"Rage","floor":48},{"not_picked":["Cleave+1","Seeing Red+1"],"picked":"Metallicize+1","floor":54}],"player_experience":177075,"relics_obtained":[{"floor":6,"key":"Pear"},{"floor":8,"key":"Molten Egg 2"},{"floor":9,"key":"Regal Pillow"},{"floor":12,"key":"PreservedInsect"},{"floor":22,"key":"Mercury Hourglass"},{"floor":23,"key":"Strawberry"},{"floor":25,"key":"Oddly Smooth Stone"},{"floor":31,"key":"Thread and Needle"},{"floor":40,"key":"White Beast Statue"},{"floor":43,"key":"Whetstone"},{"floor":44,"key":"Pen Nib"},{"floor":46,"key":"Kunai"},{"floor":54,"key":"Art of War"}],"event_choices":[{"damage_healed":0,"gold_gain":0,"player_choice":"Leave","damage_taken":0,"max_hp_gain":0,"max_hp_loss":0,"event_name":"The Cleric","floor":5,"gold_loss":0},{"damage_healed":0,"gold_gain":0,"player_choice":"Ignored","damage_taken":0,"max_hp_gain":0,"max_hp_loss":0,"event_name":"Cursed Tome","floor":20,"gold_loss":0},{"damage_healed":0,"gold_gain":0,"player_choice":"Ignored","damage_taken":0,"max_hp_gain":0,"max_hp_loss":0,"event_name":"Ghosts","floor":28,"gold_loss":0},{"damage_healed":0,"gold_gain":0,"player_choice":"Paid","damage_taken":0,"relics_obtained":["Red Mask"],"max_hp_gain":0,"max_hp_loss":0,"event_name":"Tomb of Lord Red Mask","floor":37,"gold_loss":104},{"cards_removed":["True Grit"],"damage_healed":0,"gold_gain":0,"player_choice":"Gave Card","damage_taken":0,"relics_obtained":["Bag of Marbles"],"max_hp_gain":0,"max_hp_loss":0,"event_name":"WeMeetAgain","floor":39,"gold_loss":0}],"is_beta":false,"boss_relics":[{"not_picked":["Pandora\u0027s Box","Runic Dome"],"picked":"Snecko Eye"},{"not_picked":["Runic Pyramid","Mark of Pain"],"picked":"Fusion Hammer"}],"items_purged_floors":[],"is_endless":false,"potions_floor_spawned":[1,6,8,12,13,18,24,31,33,40,41,42,44,46,47,48,54],"ascension_level":2}}