{"host":"jbj9vjxoxc0v9q6j","time":1611587960,"event":{"mods":["BaseMod","Downfall","Hermit","Infinite Spire","Jorbs\u0027s Wanderer Trilogy","Minty Spire (QoL Compilation)","Replay The Spire","Shop Mod","StSLib","The Disciple","The Runesmith","The Senshi","The Servant 0.9.4"],"gold_per_floor":[99,112,125,142,157,157,206,206,206,216,0,15,0,0,15,119,119,119,119,119,119,133,133,157,177,196,196,196,196],"floor_reached":27,"language":"ENG","playtime":14998,"items_purged":[],"score":305,"play_id":"a0b889e9-c8d3-41c8-8daa-278947d7fd9e","local_time":"20210125101920","is_ascension_mode":false,"campfire_choices":[{"data":"Slimebound:Split","floor":6,"key":"SMITH"},{"data":"Slimebound:LeadByExample","floor":8,"key":"SMITH"},{"data":"Slimebound:MassFeed","floor":18,"key":"SMITH"}],"circlet_count":0,"master_deck":["Slimebound:Strike_Slimebound","Slimebound:Tackle","Slimebound:Defend_Slimebound","Slimebound:Defend_Slimebound","Slimebound:Defend_Slimebound","Slimebound:Defend_Slimebound+1","Slimebound:Split+1","Slimebound:CorrosiveSpit","Crow Ritual+1","Slimebound:TongueLash","Slimebound:SplitLeeching","Slimebound:SplitAcid+1","Slimebound:LeadByExample+1","Slimebound:SlimeSpikes","Slimebound:SplitMire","Slimebound:MassRepurpose","Slimebound:SamplingLick","Slimebound:MinionMaster","downfall:Malfunctioning","Slimebound:ForwardTackle","Slimebound:MassFeed+1","downfall:Haunted","downfall:Haunted","downfall:Bewildered","Slimebound:WasteNot","Writhe","Slimebound:SamplingLick+1","Slimebound:ForwardTackle+1"],"relics":["Slimebound:AbsorbEndCombatUpgraded","Slimebound:SelfDamagePreventRelic","Du-Vu Doll","downfall:RedIOU","Akabeko","theSenshi:SailorFukuRelic"],"acts_visited":["Exordium","TheCity"],"potions_floor_usage":[16,16,22,27],"damage_taken":[{"damage":15,"enemies":"Jaw Worm","floor":2,"turns":5},{"damage":11,"enemies":"infinitespire:Voidling","floor":3,"turns":4},{"damage":1,"enemies":"Cultist","floor":4,"turns":5},{"damage":8,"enemies":"Blue Slaver","floor":5,"turns":4},{"damage":4,"enemies":"2 Fungi Beasts","floor":10,"turns":4},{"damage":10,"enemies":"downfall:FleeingMerchant","floor":11,"turns":4},{"damage":1,"enemies":"Exordium Wildlife","floor":12,"turns":3},{"damage":1,"enemies":"downfall:FleeingMerchant","floor":13,"turns":4},{"damage":5,"enemies":"Blue Slaver","floor":15,"turns":4},{"damage":14,"enemies":"SI_SHIV_ARCHETYPE","floor":16,"turns":7},{"damage":24,"enemies":"Chosen","floor":22,"turns":6},{"damage":18,"enemies":"Snake Plant","floor":25,"turns":5},{"damage":31,"enemies":"Snecko","floor":26,"turns":5},{"damage":11,"enemies":"Cultist and Chosen","floor":27,"turns":2}],"seed_played":"6940526760858627821","potions_obtained":[{"floor":5,"key":"PowerPotion"},{"floor":12,"key":"LiquidBronze"},{"floor":15,"key":"Regen Potion"},{"floor":16,"key":"Dexterity Potion"},{"floor":26,"key":"Fire Potion"}],"is_trial":false,"path_per_floor":["R","M","M","M","M","R","T","R","?","M","$","M","$","?","M","B",null,"R","?","?","?","M","AVR","T","M","M","M"],"character_chosen":"SLIMEBOUND","items_purchased":["Slimebound:SelfDamagePreventRelic","Slimebound:SamplingLick"],"campfire_rested":0,"item_purchase_floors":[11,11],"current_hp_per_floor":[47,38,40,43,37,37,37,37,37,37,31,32,35,35,32,40,65,65,65,65,65,41,41,41,29,11,0,0,0],"gold":196,"neow_bonus":"RANDOM_COLORLESS_2","is_daily":false,"chose_seed":false,"campfire_upgraded":3,"win_rate":0.0,"timestamp":1611587960,"path_taken":["R","M","M","M","M","R","T","R","?","?","$","M","$","?","M","BOSS","R","?","?","?","M","AVR","T","M","M","M"],"items_purchased_type":["Relic","Card"],"build_version":"2020-12-22","purchased_purges":0,"victory":false,"max_hp_per_floor":[65,65,65,65,65,65,65,65,65,65,65,65,65,65,65,65,65,65,65,65,65,65,65,65,65,69,69,69,69],"card_choices":[{"not_picked":["Thinking Ahead","HandOfGreed"],"picked":"Crow Ritual","floor":0},{"not_picked":["Slimebound:ItLooksTasty","Slimebound:ProtectTheBoss"],"picked":"Slimebound:SplitLeeching","floor":2},{"not_picked":["Slimebound:BestDefense","Slimebound:Prepare"],"picked":"Slimebound:SplitAcid","floor":3},{"not_picked":["Slimebound:GoopSpray","Slimebound:RainOfGoop"],"picked":"Slimebound:LeadByExample","floor":4},{"not_picked":["Slimebound:Chomp","Slimebound:BestDefense"],"picked":"Slimebound:SlimeSpikes","floor":5},{"not_picked":["Slimebound:MegaLick","Slimebound:ItLooksTasty"],"picked":"Slimebound:SplitMire","floor":10},{"not_picked":["Slimebound:AcidTongue","Slimebound:GoopSpray"],"picked":"Slimebound:MassRepurpose","floor":11},{"not_picked":["Slimebound:RollThrough","Slimebound:GrowthPunch","Slimebound:TongueLash"],"picked":"SKIP","floor":12},{"not_picked":["Slimebound:FinishingTackle","Slimebound:LeechingTouch"],"picked":"Slimebound:MinionMaster","floor":13},{"not_picked":["Slimebound:ViciousTackle","Slimebound:GoopTackle"],"picked":"Slimebound:ForwardTackle","floor":15},{"not_picked":["Slimebound:WasteNot","Slimebound:RallyTheTroops"],"picked":"Slimebound:MassFeed","floor":16},{"not_picked":["Slimebound:RollThrough+1","Slimebound:SlimeSpikes"],"picked":"Slimebound:SamplingLick+1","floor":22},{"not_picked":["Slimebound:PressTheAttack+1","Slimebound:FinishingTackle"],"picked":"Slimebound:ForwardTackle+1","floor":25},{"not_picked":["Slimebound:SplitAcid","Slimebound:DisruptingSlam","Slimebound:LeechingTouch"],"picked":"SKIP","floor":26}],"player_experience":1957760,"relics_obtained":[{"floor":7,"key":"Replay:Wax Seal"},{"floor":24,"key":"theSenshi:SailorFukuRelic"}],"event_choices":[{"cards_removed":["Slimebound:Strike_Slimebound"],"damage_healed":0,"gold_gain":0,"player_choice":"Card Removal","damage_taken":0,"max_hp_gain":0,"max_hp_loss":0,"event_name":"Wheel of Change","floor":9,"gold_loss":0}],"is_beta":false,"boss_relics":[{"not_picked":["Honey Jar","ReplayTheSpireMod:SealedPack"],"picked":"Slimebound:AbsorbEndCombatUpgraded"}],"items_purged_floors":[],"is_endless":false,"potions_floor_spawned":[5,12,15,16,26],"killed_by":"Cultist and Chosen","ascension_level":0}}