{"host":"l5xpox9cbdko122s","time":1611615683,"event":{"mods":["AchievementEnabler","BaseMod","Better Skull","Colored Map","Colored Powertips","Curses Come First","Displayed Cursed Tome","Hermit","Highlight Path","Minty Spire (QoL Compilation)","Quick Restart","Shop Mod","StSLib"],"gold_per_floor":[117,117,292,317,331,331,19,19,19,19,59,59,84,127,127,256,256,279,300,399,420,435,450,450,450],"floor_reached":24,"language":"ENG","playtime":1092,"items_purged":["Doubt"],"score":256,"play_id":"ef7c5ea6-2026-47e2-a502-d665dc075f82","local_time":"20210125180123","is_ascension_mode":false,"campfire_choices":[{"floor":6,"key":"RECALL"},{"data":"Loop","floor":10,"key":"SMITH"},{"floor":15,"key":"REST"}],"circlet_count":0,"master_deck":["Strike_B","Strike_B","Strike_B","Strike_B","Defend_B","Defend_B","Defend_B","Defend_B","Zap","Dualcast","Injury","Loop+1","Redo","Redo","Lockon+1"],"relics":["Golden Idol","MerchantsRug","Symbiotic Virus","Smiling Mask","Boot","Sozu"],"acts_visited":["Exordium","TheCity"],"potions_floor_usage":[1,4,14,23,24],"damage_taken":[{"damage":2,"enemies":"Small Slimes","floor":1,"turns":4},{"damage":6,"enemies":"Jaw Worm","floor":4,"turns":2},{"damage":4,"enemies":"2 Louse","floor":5,"turns":3},{"damage":0,"enemies":"Lagavulin","floor":11,"turns":4},{"damage":6,"enemies":"Large Slime","floor":13,"turns":5},{"damage":25,"enemies":"3 Sentries","floor":14,"turns":6},{"damage":43,"enemies":"The Guardian","floor":16,"turns":8},{"damage":14,"enemies":"Chosen","floor":18,"turns":5},{"damage":23,"enemies":"3 Byrds","floor":19,"turns":4},{"damage":19,"enemies":"Snake Plant","floor":21,"turns":4},{"damage":18,"enemies":"Snecko","floor":23,"turns":4},{"damage":7,"enemies":"3 Cultists","floor":24,"turns":2}],"seed_played":"-4261068279776223942","potions_obtained":[{"floor":0,"key":"FairyPotion"},{"floor":0,"key":"Weak Potion"},{"floor":0,"key":"EssenceOfSteel"},{"floor":1,"key":"Fire Potion"},{"floor":11,"key":"PowerPotion"},{"floor":12,"key":"CultistPotion"},{"floor":12,"key":"FearPotion"},{"floor":14,"key":"SneckoOil"}],"is_trial":false,"path_per_floor":["M","?","?","M","M","R","$","?","T","R","E","?","M","E","R","B",null,"M","M","?","M","$","M","M"],"character_chosen":"DEFECT","items_purchased":["MerchantsRug","Symbiotic Virus","Loop"],"campfire_rested":1,"item_purchase_floors":[7,7,7],"current_hp_per_floor":[73,73,73,67,63,63,63,68,68,68,68,68,62,37,61,18,80,66,43,43,24,24,6,0,0],"gold":450,"neow_bonus":"THREE_SMALL_POTIONS","is_daily":false,"chose_seed":false,"campfire_upgraded":1,"win_rate":0.0,"timestamp":1611615683,"path_taken":["M","?","?","M","?","R","$","?","T","R","E","?","M","E","R","BOSS","M","?","?","M","$","M","M"],"items_purchased_type":["Relic","Relic","Card"],"build_version":"2020-12-22","purchased_purges":1,"victory":false,"max_hp_per_floor":[75,75,75,75,75,75,75,80,80,80,80,80,80,80,80,80,80,80,80,80,80,80,80,80,80],"card_choices":[{"not_picked":["Steam","Turbo","Redo"],"picked":"SKIP","floor":1},{"not_picked":["Lockon","Coolheaded","Cold Snap"],"picked":"SKIP","floor":4},{"not_picked":["Doom and Gloom","Blizzard","Compile Driver"],"picked":"SKIP","floor":5},{"not_picked":["Beam Cell","Core Surge"],"picked":"Redo","floor":11},{"not_picked":["Sweeping Beam","Force Field","Cold Snap"],"picked":"SKIP","floor":13},{"not_picked":["Gash","Compile Driver","Turbo"],"picked":"SKIP","floor":14},{"not_picked":["Barrage","Gash"],"picked":"Redo","floor":18},{"not_picked":["Hologram","Steam+1","Turbo+1"],"picked":"SKIP","floor":19},{"not_picked":["Steam+1","Coolheaded"],"picked":"Lockon+1","floor":21},{"not_picked":["Doom and Gloom","Darkness","Ball Lightning"],"picked":"SKIP","floor":23}],"player_experience":201926,"relics_obtained":[{"floor":9,"key":"Smiling Mask"},{"floor":11,"key":"Boot"},{"floor":14,"key":"Blue Candle"}],"event_choices":[{"damage_healed":0,"gold_gain":0,"player_choice":"Take Wound","damage_taken":0,"relics_obtained":["Golden Idol"],"max_hp_gain":0,"max_hp_loss":0,"event_name":"Golden Idol","floor":2,"gold_loss":0,"cards_obtained":["Injury"]},{"damage_healed":0,"gold_gain":175,"player_choice":"AGREE","damage_taken":0,"max_hp_gain":0,"max_hp_loss":0,"event_name":"Liars Game","floor":3,"gold_loss":0,"cards_obtained":["Doubt"]},{"damage_healed":0,"gold_gain":0,"player_choice":"Donut","damage_taken":0,"max_hp_gain":5,"max_hp_loss":0,"event_name":"Big Fish","floor":8,"gold_loss":0},{"damage_healed":0,"gold_gain":0,"player_choice":"Got Potions","damage_taken":0,"max_hp_gain":0,"max_hp_loss":0,"event_name":"Lab","floor":12,"gold_loss":0},{"damage_healed":0,"gold_gain":99,"player_choice":"Stole From Cult","damage_taken":0,"max_hp_gain":0,"max_hp_loss":0,"event_name":"Nest","floor":20,"gold_loss":0}],"is_beta":false,"boss_relics":[{"not_picked":["Busted Crown","Nuclear Battery"],"picked":"Sozu"}],"items_purged_floors":[22],"is_endless":false,"potions_floor_spawned":[1,11,13,14,18],"killed_by":"3 Cultists","ascension_level":0}}