{"host":"jpzdg3po3tjxdjri","time":1611613563,"event":{"mods":["BaseMod","Better Third Choice","Colored Map","Colored Powertips","Minty Spire (QoL Compilation)","StSLib"],"gold_per_floor":[11,11,26,39,39,68,68,96,96,96,121,121,138,156,156,230,230,245,170,181,181,280,280,312,331,331,351,351,366,385,404,404,404,404],"floor_reached":33,"language":"ENG","playtime":1389,"items_purged":["Strike_G"],"score":541,"play_id":"e2cad0bc-28da-4a22-b8c5-a1b8ed60fbfa","local_time":"20210125222603","is_ascension_mode":true,"campfire_choices":[{"floor":7,"key":"REST"},{"floor":10,"key":"REST"},{"data":"Envenom","floor":12,"key":"SMITH"},{"floor":15,"key":"REST"},{"floor":23,"key":"REST"},{"floor":32,"key":"REST"}],"circlet_count":0,"master_deck":["AscendersBane","Strike_G","Strike_G","Strike_G","Strike_G","Defend_G","Defend_G","Defend_G","Defend_G","Survivor","Neutralize","Dagger Spray","Crippling Poison","Cloak And Dagger","Poisoned Stab","Noxious Fumes+1","Cloak And Dagger","Envenom+1","Sucker Punch","Blade Dance","Blade Dance","Cloak And Dagger","Poisoned Stab","Footwork","A Thousand Cuts","Cloak And Dagger+1","Poisoned Stab","Dash","PiercingWail","Caltrops","Backflip","Backflip","Normality","Footwork","Malaise","Pain","Blur","Noxious Fumes","Noxious Fumes","Leg Sweep"],"relics":["Ring of the Snake","Prayer Wheel","Torii","Shuriken","Lizard Tail","Tiny Chest","Cursed Key","Enchiridion","HornCleat","Regal Pillow","Ancient Tea Set"],"acts_visited":["Exordium","TheCity"],"potions_floor_usage":[8,11,16,16,24,29,29,33],"damage_taken":[{"damage":0,"enemies":"Jaw Worm","floor":1,"turns":5},{"damage":1,"enemies":"Cultist","floor":3,"turns":4},{"damage":1,"enemies":"Small Slimes","floor":4,"turns":3},{"damage":30,"enemies":"Gremlin Nob","floor":6,"turns":5},{"damage":24,"enemies":"Lagavulin","floor":8,"turns":7},{"damage":3,"enemies":"3 Sentries","floor":11,"turns":6},{"damage":8,"enemies":"3 Louse","floor":13,"turns":3},{"damage":15,"enemies":"Exordium Wildlife","floor":14,"turns":4},{"damage":20,"enemies":"The Guardian","floor":16,"turns":9},{"damage":4,"enemies":"3 Byrds","floor":18,"turns":4},{"damage":3,"enemies":"Shell Parasite","floor":20,"turns":5},{"damage":31,"enemies":"Book of Stabbing","floor":24,"turns":6},{"damage":0,"enemies":"Sentry and Sphere","floor":25,"turns":3},{"damage":8,"enemies":"Cultist and Chosen","floor":27,"turns":6},{"damage":2,"enemies":"Centurion and Healer","floor":29,"turns":7},{"damage":31,"enemies":"Shelled Parasite and Fungi","floor":30,"turns":8},{"damage":6,"enemies":"Snake Plant","floor":31,"turns":6},{"damage":52,"enemies":"Collector","floor":33,"turns":9}],"seed_played":"-3291372452239401789","potions_obtained":[{"floor":1,"key":"CultistPotion"},{"floor":6,"key":"Fire Potion"},{"floor":8,"key":"Swift Potion"},{"floor":11,"key":"PowerPotion"},{"floor":18,"key":"Block Potion"},{"floor":25,"key":"BlessingOfTheForge"},{"floor":27,"key":"CunningPotion"},{"floor":31,"key":"Strength Potion"}],"is_trial":false,"path_per_floor":["M","?","M","M","?","E","R","E","T","R","E","R","M","M","R","B",null,"M","$","M","?","?","R","E","M","T","M","T","M","M","M","R","B"],"character_chosen":"THE_SILENT","items_purchased":[],"campfire_rested":5,"item_purchase_floors":[],"current_hp_per_floor":[59,59,58,57,57,27,46,22,22,41,38,38,30,15,34,14,53,49,49,46,30,30,49,18,18,18,10,10,8,10,4,38,0,0],"gold":404,"neow_bonus":"ONE_RARE_RELIC","is_daily":false,"chose_seed":false,"campfire_upgraded":1,"win_rate":0.0,"timestamp":1611613563,"path_taken":["M","?","M","?","?","E","R","E","T","R","E","R","M","M","R","BOSS","M","$","M","?","?","R","E","M","T","?","?","M","M","M","R","BOSS"],"items_purchased_type":[],"build_version":"2020-12-22","purchased_purges":1,"victory":false,"max_hp_per_floor":[66,66,66,66,66,66,66,66,66,66,66,66,66,66,66,66,66,66,66,66,66,66,66,66,66,66,66,66,66,66,66,66,66,66],"card_choices":[{"not_picked":["Choke","Dodge and Roll"],"picked":"Dagger Spray","floor":1},{"not_picked":["Flying Knee","PiercingWail"],"picked":"Crippling Poison","floor":1},{"not_picked":["Acrobatics","Flechettes"],"picked":"Cloak And Dagger","floor":3},{"not_picked":["Skewer","Deflect"],"picked":"Poisoned Stab","floor":3},{"not_picked":["Underhanded Strike","Footwork"],"picked":"Noxious Fumes","floor":4},{"not_picked":["Underhanded Strike","Dagger Throw"],"picked":"Cloak And Dagger","floor":4},{"not_picked":["Backflip","Infinite Blades"],"picked":"Envenom","floor":6},{"not_picked":["Wraith Form v2","Slice"],"picked":"Sucker Punch","floor":8},{"not_picked":["Flying Knee","PiercingWail"],"picked":"Blade Dance","floor":11},{"not_picked":["Backflip","Flying Knee"],"picked":"Blade Dance","floor":13},{"not_picked":["Setup","Finisher"],"picked":"Cloak And Dagger","floor":13},{"not_picked":["Riddle With Holes","Flying Knee"],"picked":"Poisoned Stab","floor":14},{"not_picked":["Accuracy","All Out Attack"],"picked":"Footwork","floor":14},{"not_picked":["Storm of Steel","Wraith Form v2"],"picked":"A Thousand Cuts","floor":16},{"not_picked":["Predator","Backstab"],"picked":"Cloak And Dagger+1","floor":18},{"not_picked":["Heel Hook+1","Distraction"],"picked":"Poisoned Stab","floor":18},{"not_picked":["Dagger Throw","Dagger Spray"],"picked":"Dash","floor":20},{"not_picked":["Quick Slash","Storm of Steel"],"picked":"PiercingWail","floor":20},{"not_picked":["Blade Dance","Noxious Fumes"],"picked":"Caltrops","floor":24},{"not_picked":["Caltrops","Acrobatics"],"picked":"Backflip","floor":25},{"not_picked":["Skewer+1","Distraction"],"picked":"Backflip","floor":25},{"not_picked":["Skewer","Blade Dance"],"picked":"Footwork","floor":27},{"not_picked":["Endless Agony+1","Prepared"],"picked":"Malaise","floor":27},{"not_picked":["Deflect","Deadly Poison"],"picked":"Blur","floor":29},{"not_picked":["Prepared","Infinite Blades+1"],"picked":"Noxious Fumes","floor":29},{"not_picked":["Deadly Poison+1","Outmaneuver+1"],"picked":"Noxious Fumes","floor":30},{"not_picked":["Blade Dance","Well Laid Plans"],"picked":"Leg Sweep","floor":30},{"not_picked":["Bouncing Flask","Reflex","Eviscerate"],"picked":"SKIP","floor":31},{"not_picked":["Bane","Quick Slash","Reflex"],"picked":"SKIP","floor":31}],"player_experience":862557,"relics_obtained":[{"floor":6,"key":"Torii"},{"floor":8,"key":"Shuriken"},{"floor":9,"key":"Lizard Tail"},{"floor":11,"key":"Tiny Chest"},{"floor":21,"key":"Enchiridion"},{"floor":24,"key":"HornCleat"},{"floor":26,"key":"Regal Pillow"},{"floor":28,"key":"Ancient Tea Set"}],"event_choices":[{"cards_removed":["Defend_G"],"damage_healed":0,"gold_gain":0,"player_choice":"Purged","damage_taken":0,"max_hp_gain":0,"max_hp_loss":0,"event_name":"Purifier","floor":2,"gold_loss":0},{"damage_healed":0,"gold_gain":0,"player_choice":"Grow","damage_taken":0,"max_hp_gain":0,"max_hp_loss":0,"event_name":"Living Wall","floor":5,"gold_loss":0,"cards_upgraded":["Noxious Fumes"]},{"damage_healed":0,"gold_gain":0,"player_choice":"Obtained Book","damage_taken":16,"max_hp_gain":0,"max_hp_loss":0,"event_name":"Cursed Tome","floor":21,"gold_loss":0},{"damage_healed":0,"gold_gain":99,"player_choice":"Steal","damage_taken":0,"max_hp_gain":0,"max_hp_loss":0,"event_name":"betterThird:BetterNest","floor":22,"gold_loss":0}],"is_beta":false,"boss_relics":[{"not_picked":["Pandora\u0027s Box","Ectoplasm"],"picked":"Cursed Key"}],"items_purged_floors":[19],"is_endless":false,"potions_floor_spawned":[1,6,8,11,18,25,27,31],"killed_by":"Collector","ascension_level":14}}