{"host":"18wi9kpcl4eah7pe","time":1611605055,"event":{"mods":["BaseMod","Colored Powertips","Downfall","Minty Spire (QoL Compilation)","StSLib"],"gold_per_floor":[99,99,118,130,230,230,230,245,145,55,55,74,96,131,147,251,251,251,265,278,278,128,128,128,113,141,142,142,142],"floor_reached":27,"language":"ENG","playtime":1266,"items_purged":["Regret"],"score":236,"play_id":"31acc6b9-441e-4949-aab4-5de1bd16590c","local_time":"20210125140415","is_ascension_mode":false,"campfire_choices":[{"floor":1.0,"key":"RECALL"},{"floor":9.0,"key":"REST"}],"circlet_count":0,"master_deck":["sneckomod:Strike","sneckomod:Strike","sneckomod:Defend","sneckomod:Defend","sneckomod:Defend","sneckomod:TailWhip","sneckomod:SnekBite","sneckomod:Unknown","sneckomod:Unknown","sneckomod:MorePower","sneckomod:Unknown3Cost+1","sneckomod:UnknownStrength+1","sneckomod:PureSnecko","sneckomod:UnknownExhaust+1","sneckomod:Unknown0Cost","champ:GladiatorStyle+1","sneckomod:UnknownWeak","sneckomod:WideSting","sneckomod:Unknown0Cost+1","sneckomod:DefensiveFlair","sneckomod:Unknown0Cost+1","sneckomod:SnekBeam","sneckomod:UnknownRarePower+1","sneckomod:Cheat","Rage","sneckomod:UnknownUncommonAttack+1","sneckomod:UnknownExhaust+1","sneckomod:UnknownRareSkill+1","sneckomod:SerpentIdol","Ghostly","sneckomod:Unknown0Cost+1","sneckomod:UnknownColorless"],"relics":["sneckomod:SneckoSoul","Ancient Tea Set","StrikeDummy","downfall:HeartBlessingRed","Odd Mushroom","Potion Belt","Black Star","CeramicFish","Shuriken"],"acts_visited":["Exordium","TheCity"],"potions_floor_usage":[20,26,27],"damage_taken":[{"damage":0.0,"enemies":"2 Louse","floor":3.0,"turns":4.0},{"damage":26.0,"enemies":"Jaw Worm","floor":4.0,"turns":3.0},{"damage":0.0,"enemies":"Small Slimes","floor":8.0,"turns":2.0},{"damage":2.0,"enemies":"downfall:FleeingMerchant","floor":10.0,"turns":4.0},{"damage":10.0,"enemies":"Blue Slaver","floor":12.0,"turns":2.0},{"damage":6.0,"enemies":"The Mushroom Lair","floor":13.0,"turns":2.0},{"damage":21.0,"enemies":"Lagavulin","floor":14.0,"turns":5.0},{"damage":28.0,"enemies":"2 Fungi Beasts","floor":15.0,"turns":6.0},{"damage":19.0,"enemies":"SI_SHIV_ARCHETYPE","floor":16.0,"turns":6.0},{"damage":81.0,"enemies":"3 Byrds","floor":19.0,"turns":9.0},{"damage":13,"enemies":"Shell Parasite","floor":20,"turns":5},{"damage":5,"enemies":"downfall:FleeingMerchant","floor":25,"turns":4},{"damage":17,"enemies":"Shelled Parasite and Fungi","floor":26,"turns":4},{"damage":16,"enemies":"Snake Plant","floor":27,"turns":2}],"seed_played":"7786776087719700013","potions_obtained":[{"floor":4.0,"key":"SneckoOil"},{"floor":8.0,"key":"Weak Potion"},{"floor":12.0,"key":"LiquidBronze"},{"floor":14.0,"key":"Dexterity Potion"},{"floor":16.0,"key":"Swift Potion"},{"floor":19.0,"key":"champ:CounterPotion"},{"floor":20,"key":"SkillPotion"},{"floor":26,"key":"Slimebound:ThreeZeroPotion"}],"is_trial":false,"path_per_floor":["R","?","M","M","?","?","T","M","R","$","R","M","?","E","M","B",null,"R","M","M","?","?","?","T","$","M","M"],"character_chosen":"THE_SNECKO","items_purchased":[],"campfire_rested":1,"item_purchase_floors":[],"current_hp_per_floor":[63,63,63,52,52,52,52,52,79,77,77,77,71,50,32,13,90,90,19,6,36,36,36,36,31,14,0,0,0],"gold":142,"neow_bonus":"THREE_RARE_CARDS","is_daily":false,"chose_seed":false,"campfire_upgraded":0,"win_rate":0.0,"timestamp":1611605055,"path_taken":["R","?","M","M","?","?","T","?","R","$","R","M","?","E","M","BOSS","R","M","M","?","?","?","T","$","M","?"],"items_purchased_type":[],"build_version":"2020-12-22","purchased_purges":1,"victory":false,"max_hp_per_floor":[90,90,90,90,90,90,90,90,90,90,90,90,90,90,90,90,90,90,90,90,90,90,90,90,90,90,90,90,90],"card_choices":[{"not_picked":["sneckomod:SerpentMind","sneckomod:Restock"],"picked":"sneckomod:MorePower","floor":0.0},{"not_picked":["sneckomod:UnknownBlock+1","sneckomod:UnknownClassGUARDIAN+1"],"picked":"sneckomod:Unknown3Cost+1","floor":3.0},{"not_picked":["sneckomod:RainOfDice","sneckomod:QuickBite"],"picked":"sneckomod:UnknownBlock","floor":3.0},{"not_picked":["sneckomod:UnknownClassRED+1","sneckomod:UnknownClassSLIMEBOUND+1"],"picked":"sneckomod:UnknownStrength+1","floor":4.0},{"not_picked":["sneckomod:QuickMove","sneckomod:SnekBeam"],"picked":"sneckomod:PureSnecko","floor":4.0},{"not_picked":["sneckomod:UnknownX+1","sneckomod:UnknownStrength+1"],"picked":"sneckomod:UnknownExhaust+1","floor":8.0},{"not_picked":["sneckomod:DiceBlock","sneckomod:Unknown1Cost"],"picked":"sneckomod:Unknown0Cost","floor":8.0},{"not_picked":["sneckomod:UnknownUncommonAttack+1","sneckomod:UnknownUncommonPower+1"],"picked":"sneckomod:UnknownDexterity+1","floor":10.0},{"not_picked":["sneckomod:UnknownBlock","sneckomod:QuickBite","sneckomod:SerpentIdol"],"picked":"SKIP","floor":10.0},{"not_picked":["sneckomod:UnknownStrike","sneckomod:UnknownVulnerable"],"picked":"sneckomod:UnknownWeak","floor":12.0},{"not_picked":["sneckomod:QuickMove","sneckomod:SoulDraw"],"picked":"sneckomod:WideSting","floor":13.0},{"not_picked":["sneckomod:UnknownStrike+1","sneckomod:UnknownDraw+1"],"picked":"sneckomod:Unknown0Cost+1","floor":14.0},{"not_picked":["sneckomod:SoulDraw","sneckomod:UnknownStrike"],"picked":"sneckomod:DefensiveFlair","floor":14.0},{"not_picked":["sneckomod:Unknown3Cost+1","sneckomod:UnknownClassPURPLE+1"],"picked":"sneckomod:Unknown0Cost+1","floor":15.0},{"not_picked":["sneckomod:MorePower","sneckomod:SoulRoll"],"picked":"sneckomod:SnekBeam","floor":15.0},{"not_picked":["sneckomod:UnknownX+1","sneckomod:UnknownBlock+1"],"picked":"sneckomod:UnknownRarePower+1","floor":16.0},{"not_picked":["sneckomod:UnlimitedRolls","sneckomod:SoulExchange"],"picked":"sneckomod:Cheat","floor":16.0},{"not_picked":["sneckomod:Unknown2Cost+1","sneckomod:UnknownClassTHE_BRONZE_AUTOMATON+1"],"picked":"sneckomod:UnknownUncommonAttack+1","floor":19.0},{"not_picked":["sneckomod:DiceCrush","sneckomod:WideSting"],"picked":"sneckomod:UnknownExhaust+1","floor":19.0},{"not_picked":["sneckomod:UnknownCommonAttack+1","sneckomod:Unknown3Cost+1"],"picked":"sneckomod:UnknownRareSkill+1","floor":20},{"not_picked":["sneckomod:DiceCrush","sneckomod:RainOfDice+1"],"picked":"sneckomod:SerpentIdol","floor":20},{"not_picked":["sneckomod:IronFang","sneckomod:QuickBite","sneckomod:DiceCrush"],"picked":"SKIP","floor":25},{"not_picked":["sneckomod:UnknownRareSkill+1","sneckomod:UnknownClassBLUE+1"],"picked":"sneckomod:Unknown0Cost+1","floor":26},{"not_picked":["sneckomod:DiceBlock+1","sneckomod:QuickBite+1"],"picked":"sneckomod:UnknownColorless","floor":26}],"player_experience":960435,"relics_obtained":[{"floor":7.0,"key":"StrikeDummy"},{"floor":13.0,"key":"Odd Mushroom"},{"floor":14.0,"key":"Potion Belt"},{"floor":24,"key":"Shuriken"}],"event_choices":[{"damage_healed":0.0,"max_hp_gain":0.0,"max_hp_loss":0.0,"gold_gain":0.0,"event_name":"Big Fish","player_choice":"Box","floor":6.0,"gold_loss":0.0,"damage_taken":0.0,"relics_obtained":["Ancient Tea Set"],"cards_obtained":["Regret"]},{"damage_healed":0.0,"max_hp_gain":0.0,"max_hp_loss":0.0,"gold_gain":0.0,"event_name":"Mushrooms","player_choice":"Fought Mushrooms","floor":13.0,"gold_loss":0.0,"damage_taken":0.0},{"damage_healed":30,"gold_gain":0,"player_choice":"Heal","damage_taken":0,"max_hp_gain":0,"max_hp_loss":0,"event_name":"The Library","floor":21,"gold_loss":0}],"is_beta":false,"boss_relics":[{"not_picked":["Coffee Dripper","Sozu"],"picked":"Black Star"}],"items_purged_floors":[10],"is_endless":false,"potions_floor_spawned":[4,8,12,14,16,19,20,26],"killed_by":"Snake Plant","ascension_level":0}}