{"host":"mydft8i2zzydgggw","time":1611591178,"event":{"mods":["AchievementEnabler","BaseMod","BetterRewards","Colored Map","Colored Powertips","DeckTracker","Keyboard Shortcuts","Minty Spire (QoL Compilation)","Rare Cards Sparkle","StSLib","SuperFastMode","everything is the same but u backflip on backflip"],"gold_per_floor":[114,132,145,158,178,208,222,222,270,42,77,77,77,117,117,248,248,267,283,314,32,32,32,50,65,65,79,95,95,118,118,118,249,249,262,262,281,83,98,98,38,52,102,102,116,116,151,170,170,170],"floor_reached":51,"language":"KOR","playtime":2120,"items_purged":["Strike_G","Strike_G","Strike_G"],"score":964,"play_id":"4efce96e-0b7d-408c-85a5-46c2aac66446","local_time":"20210126011258","is_ascension_mode":true,"campfire_choices":[{"floor":8.0,"key":"REST"},{"data":"Bullet Time","floor":15.0,"key":"SMITH"},{"data":"Phantasmal Killer","floor":23,"key":"SMITH"},{"floor":29,"key":"REST"},{"floor":32,"key":"REST"},{"data":"Wraith Form v2","floor":40,"key":"SMITH"},{"floor":44,"key":"REST"},{"data":"Choke","floor":49,"key":"SMITH"}],"circlet_count":0,"master_deck":["Defend_G","Defend_G","Defend_G","Defend_G","Defend_G","Survivor+1","Neutralize","Bullet Time+1","Choke+1","Cloak And Dagger","Backflip","Blade Dance","Dagger Spray","Die Die Die","Backflip","Phantasmal Killer+1","Wraith Form v2+1","PiercingWail","Tactician+1","Acrobatics+1","Reflex","Footwork+1","Underhanded Strike","Acrobatics","Burst","Accuracy","Crippling Poison","Parasite","Prepared+1","Blind","Calculated Gamble+1"],"relics":["Ring of the Snake","Happy Flower","Dream Catcher","Bag of Marbles","Golden Idol","Matryoshka","Runic Pyramid","Red Mask","MutagenicStrength","Pen Nib","Gambling Chip","Nilry\u0027s Codex","Sozu","Juzu Bracelet","PreservedInsect","Tough Bandages"],"acts_visited":["Exordium","TheCity","TheBeyond"],"potions_floor_usage":[20,25,25,33,35],"damage_taken":[{"damage":0.0,"enemies":"Jaw Worm","floor":1.0,"turns":3.0},{"damage":1.0,"enemies":"2 Louse","floor":2.0,"turns":2.0},{"damage":0.0,"enemies":"Cultist","floor":3.0,"turns":3.0},{"damage":0.0,"enemies":"Looter","floor":4.0,"turns":3.0},{"damage":0.0,"enemies":"Exordium Wildlife","floor":5.0,"turns":3.0},{"damage":27.0,"enemies":"Lagavulin","floor":6.0,"turns":8.0},{"damage":0.0,"enemies":"Red Slaver","floor":7.0,"turns":4.0},{"damage":0.0,"enemies":"3 Sentries","floor":11.0,"turns":4.0},{"damage":12.0,"enemies":"Lagavulin","floor":14.0,"turns":8.0},{"damage":17,"enemies":"Slime Boss","floor":16,"turns":11},{"damage":17,"enemies":"2 Thieves","floor":18,"turns":3},{"damage":6,"enemies":"Spheric Guardian","floor":19,"turns":3},{"damage":0,"enemies":"Masked Bandits","floor":20,"turns":2},{"damage":3,"enemies":"Snake Plant","floor":24,"turns":3},{"damage":18,"enemies":"Cultist and Chosen","floor":25,"turns":8},{"damage":0,"enemies":"Centurion and Healer","floor":27,"turns":2},{"damage":0,"enemies":"Shelled Parasite and Fungi","floor":28,"turns":3},{"damage":0,"enemies":"3 Cultists","floor":30,"turns":3},{"damage":8,"enemies":"Automaton","floor":33,"turns":10},{"damage":0,"enemies":"3 Darklings","floor":35,"turns":3},{"damage":17,"enemies":"3 Shapes","floor":37,"turns":3},{"damage":3,"enemies":"Writhing Mass","floor":39,"turns":8},{"damage":0,"enemies":"3 Darklings","floor":42,"turns":1},{"damage":3,"enemies":"Maw","floor":45,"turns":8},{"damage":0,"enemies":"Nemesis","floor":47,"turns":7},{"damage":0,"enemies":"Sphere and 2 Shapes","floor":48,"turns":3},{"damage":32,"enemies":"Awakened One","floor":50,"turns":10}],"seed_played":"-2309585981023848003","potions_obtained":[{"floor":2.0,"key":"Block Potion"},{"floor":3.0,"key":"Dexterity Potion"},{"floor":5.0,"key":"Fire Potion"},{"floor":7.0,"key":"SkillPotion"},{"floor":11.0,"key":"EssenceOfSteel"},{"floor":16,"key":"AttackPotion"},{"floor":19,"key":"SteroidPotion"},{"floor":20,"key":"Regen Potion"},{"floor":27,"key":"SneckoOil"},{"floor":28,"key":"CunningPotion"}],"is_trial":false,"path_per_floor":["M","M","M","M","M","E","M","R","T","$","E","?","?","E","R","B",null,"M","M","?","$","?","R","M","M","T","M","M","R","M","?","R","B",null,"M","?","M","$","M","R","?","M","T","R","M","?","E","M","R","B",null],"character_chosen":"THE_SILENT","items_purchased":["Die Die Die","Wraith Form v2","PiercingWail","Crippling Poison"],"campfire_rested":4,"item_purchase_floors":[10,21,21,38],"current_hp_per_floor":[63,62,62,62,62,35,35,53,53,53,53,53,41,29,29,12,47,30,24,24,24,24,24,21,8,8,8,8,25,25,9,26,18,48,48,48,31,31,28,28,28,28,28,45,42,42,42,42,42,10],"gold":170,"neow_bonus":"THREE_RARE_CARDS","is_daily":false,"chose_seed":false,"campfire_upgraded":4,"win_rate":0.0,"timestamp":1611591178,"path_taken":["M","M","M","M","M","E","M","R","T","$","E","?","?","E","R","BOSS","M","M","?","$","?","R","M","M","T","M","M","R","M","?","R","BOSS","M","?","M","$","M","R","?","M","T","R","M","?","E","M","R","BOSS"],"items_purchased_type":["Card","Card","Card","Card"],"build_version":"2020-12-22","purchased_purges":3,"victory":true,"max_hp_per_floor":[63,63,63,63,63,63,63,63,63,63,63,58,58,58,58,58,58,58,58,58,58,58,58,58,58,58,58,58,58,58,58,58,58,58,58,58,58,58,58,58,58,58,58,58,58,58,58,58,58,58],"card_choices":[{"not_picked":["Burst","Envenom"],"picked":"Bullet Time","floor":0.0},{"not_picked":["PiercingWail","Tactician"],"picked":"Choke","floor":1.0},{"not_picked":["Predator","Expertise"],"picked":"Cloak And Dagger","floor":2.0},{"not_picked":["Flying Knee","Dash"],"picked":"Backflip","floor":3.0},{"not_picked":["PiercingWail","Underhanded Strike"],"picked":"Blade Dance","floor":4.0},{"not_picked":["Underhanded Strike","Calculated Gamble","Outmaneuver"],"picked":"SKIP","floor":5.0},{"not_picked":["Sucker Punch","Deflect"],"picked":"Dagger Spray","floor":6.0},{"not_picked":["Cloak And Dagger","Quick Slash","Deflect"],"picked":"SKIP","floor":7.0},{"not_picked":["All Out Attack","Crippling Poison"],"picked":"Backflip","floor":11.0},{"not_picked":["Dagger Spray","Deflect","Setup"],"picked":"SKIP","floor":14.0},{"not_picked":["A Thousand Cuts","Tools of the Trade"],"picked":"Phantasmal Killer","floor":16},{"not_picked":["Poisoned Stab","Sucker Punch","Bane"],"picked":"SKIP","floor":18},{"not_picked":["Masterful Stab","Endless Agony","Bane+1"],"picked":"SKIP","floor":19},{"not_picked":["Prepared+1","Quick Slash"],"picked":"Tactician+1","floor":24},{"not_picked":["Bane","Dodge and Roll","Flying Knee"],"picked":"SKIP","floor":25},{"not_picked":["Envenom","Backstab+1"],"picked":"Acrobatics+1","floor":27},{"not_picked":["Acrobatics","Poisoned Stab"],"picked":"Reflex","floor":28},{"not_picked":["Choke","Sucker Punch"],"picked":"Footwork+1","floor":29},{"not_picked":["Prepared","Backstab"],"picked":"Underhanded Strike","floor":30},{"not_picked":["Flying Knee","Bane"],"picked":"Acrobatics","floor":32},{"not_picked":["Envenom","Bullet Time"],"picked":"Burst","floor":33},{"not_picked":["Slice","Flying Knee"],"picked":"Accuracy","floor":35},{"not_picked":["Eviscerate","Flechettes","Dodge and Roll+1"],"picked":"SKIP","floor":37},{"not_picked":["Deadly Poison+1","Cloak And Dagger","Outmaneuver+1"],"picked":"SKIP","floor":39},{"not_picked":["Dodge and Roll","Sucker Punch","Deflect+1"],"picked":"SKIP","floor":42},{"not_picked":["Deadly Poison","Expertise"],"picked":"Prepared+1","floor":44},{"not_picked":["Choke","Quick Slash+1","Masterful Stab+1"],"picked":"SKIP","floor":45},{"not_picked":["Secret Weapon","Mayhem"],"picked":"Blind","floor":46},{"not_picked":["Infinite Blades+1","Catalyst"],"picked":"Calculated Gamble+1","floor":47},{"not_picked":["Flying Knee","Poisoned Stab+1","Acrobatics+1"],"picked":"SKIP","floor":48}],"player_experience":221754,"relics_obtained":[{"floor":6.0,"key":"Happy Flower"},{"floor":9.0,"key":"Dream Catcher"},{"floor":11.0,"key":"Bag of Marbles"},{"floor":14.0,"key":"Matryoshka"},{"floor":20,"key":"Red Mask"},{"floor":26,"key":"Pen Nib"},{"floor":26,"key":"Gambling Chip"},{"floor":31,"key":"Nilry\u0027s Codex"},{"floor":43,"key":"Juzu Bracelet"},{"floor":43,"key":"PreservedInsect"},{"floor":47,"key":"Tough Bandages"}],"event_choices":[{"damage_healed":0.0,"max_hp_gain":0.0,"max_hp_loss":5.0,"gold_gain":0.0,"event_name":"Golden Idol","player_choice":"Lose Max HP","floor":12.0,"gold_loss":0.0,"damage_taken":0.0,"relics_obtained":["Golden Idol"]},{"damage_healed":0.0,"max_hp_gain":0.0,"max_hp_loss":0.0,"gold_gain":0.0,"event_name":"Shining Light","player_choice":"Entered Light","floor":13.0,"gold_loss":0.0,"damage_taken":12.0,"cards_upgraded":["Strike_G","Survivor"]},{"damage_healed":0,"gold_gain":0,"player_choice":"Fought Bandits","damage_taken":0,"max_hp_gain":0,"max_hp_loss":0,"event_name":"Masked Bandits","floor":20,"gold_loss":0},{"damage_healed":0,"gold_gain":0,"player_choice":"Inject Mutagens","damage_taken":0,"relics_obtained":["MutagenicStrength"],"max_hp_gain":0,"max_hp_loss":0,"event_name":"Drug Dealer","floor":22,"gold_loss":0},{"damage_healed":0,"gold_gain":0,"player_choice":"Obtained Book","damage_taken":16,"max_hp_gain":0,"max_hp_loss":0,"event_name":"Cursed Tome","floor":31,"gold_loss":0},{"cards_removed":["Strike_G"],"damage_healed":0,"gold_gain":0,"player_choice":"Removed Attack","damage_taken":0,"max_hp_gain":0,"max_hp_loss":0,"event_name":"Falling","floor":36,"gold_loss":0},{"cards_removed":["Strike_G"],"damage_healed":0,"gold_gain":0,"player_choice":"Single Remove","damage_taken":0,"max_hp_gain":0,"max_hp_loss":0,"event_name":"Designer","floor":41,"gold_loss":60},{"damage_healed":0,"gold_gain":0,"player_choice":"Memory 1","damage_taken":0,"max_hp_gain":0,"max_hp_loss":0,"event_name":"SensoryStone","floor":46,"gold_loss":0}],"is_beta":false,"boss_relics":[{"not_picked":["Fusion Hammer","Astrolabe"],"picked":"Runic Pyramid"},{"not_picked":["Pandora\u0027s Box","SlaversCollar"],"picked":"Sozu"}],"items_purged_floors":[10,21,38],"is_endless":false,"potions_floor_spawned":[2,3,5,7,11,16,19,20,27,28,39,42,45,48],"ascension_level":6}}