{"host":"63yhhrjweyj22b0v","time":1611558110,"event":{"mods":["BaseMod","Minty Spire (QoL Compilation)","Quick Restart"],"gold_per_floor":[112,124,137,137,8,8,22,22,22,22,40,53,53,69,69,164,164,181,81,93,93,46,46,46,46],"floor_reached":24,"language":"ENG","playtime":562,"items_purged":["Strike_B","Consume"],"score":188,"play_id":"4e187cde-1459-4a72-b1d9-f9bd61345791","local_time":"20210125010150","is_ascension_mode":false,"campfire_choices":[{"data":"Zap","floor":6,"key":"SMITH"},{"data":"Ball Lightning","floor":10,"key":"SMITH"},{"data":"Creative AI","floor":13,"key":"SMITH"},{"floor":15,"key":"REST"},{"floor":23,"key":"REST"}],"circlet_count":0,"master_deck":["Strike_B","Strike_B","Strike_B","Defend_B","Defend_B","Defend_B","Defend_B","Zap+1","Dualcast","Consume+1","Barrage+1","Ball Lightning+1","Sweeping Beam","Creative AI+1","Multi-Cast","Defragment","Conserve Battery+1","Go for the Eyes"],"relics":["Cracked Core","NeowsBlessing","Meat on the Bone","Juzu Bracelet","Philosopher\u0027s Stone"],"acts_visited":["Exordium","TheCity"],"potions_floor_usage":[16,18,18,24,24],"damage_taken":[{"damage":0,"enemies":"Cultist","floor":1,"turns":1},{"damage":0,"enemies":"Small Slimes","floor":2,"turns":1},{"damage":0,"enemies":"Jaw Worm","floor":3,"turns":1},{"damage":7,"enemies":"Blue Slaver","floor":7,"turns":2},{"damage":0,"enemies":"Large Slime","floor":11,"turns":4},{"damage":21,"enemies":"Gremlin Gang","floor":12,"turns":3},{"damage":14,"enemies":"Blue Slaver","floor":14,"turns":3},{"damage":57,"enemies":"The Guardian","floor":16,"turns":9},{"damage":52,"enemies":"3 Byrds","floor":18,"turns":4},{"damage":30,"enemies":"Spheric Guardian","floor":20,"turns":4},{"damage":41,"enemies":"Slavers","floor":24,"turns":2}],"seed_played":"-7981445521828783410","potions_obtained":[{"floor":3,"key":"SpeedPotion"},{"floor":7,"key":"FocusPotion"},{"floor":16,"key":"Weak Potion"},{"floor":18,"key":"FearPotion"},{"floor":20,"key":"PotionOfCapacity"}],"is_trial":false,"path_per_floor":["M","M","M","?","$","R","M","?","T","R","M","M","R","M","R","B",null,"M","$","M","?","$","R","E"],"character_chosen":"DEFECT","items_purchased":["Sweeping Beam","Go for the Eyes"],"campfire_rested":2,"item_purchase_floors":[5,22],"current_hp_per_floor":[75,75,75,75,75,75,68,68,68,68,68,47,47,45,67,22,75,35,35,17,17,17,39,0,0],"gold":46,"neow_bonus":"THREE_ENEMY_KILL","is_daily":false,"chose_seed":false,"campfire_upgraded":3,"win_rate":0.0,"timestamp":1611558110,"path_taken":["M","?","M","?","$","R","M","?","T","R","M","M","R","M","R","BOSS","M","$","M","?","?","R","E"],"items_purchased_type":["Card","Card"],"build_version":"2020-12-22","purchased_purges":2,"victory":false,"max_hp_per_floor":[75,75,75,75,75,75,75,75,75,75,75,75,75,75,75,75,75,75,75,75,75,75,75,75,75],"card_choices":[{"not_picked":["Stack","Glacier"],"picked":"Consume","floor":1},{"not_picked":["Turbo","Beam Cell"],"picked":"Barrage","floor":2},{"not_picked":["BootSequence","Go for the Eyes"],"picked":"Ball Lightning","floor":3},{"not_picked":["Cold Snap","Go for the Eyes","BootSequence"],"picked":"SKIP","floor":7},{"not_picked":["Hologram","Rebound"],"picked":"Consume","floor":11},{"not_picked":["Force Field","Reprogram"],"picked":"Creative AI","floor":12},{"not_picked":["Coolheaded","Undo","Sunder"],"picked":"SKIP","floor":14},{"not_picked":["Fission","Thunder Strike"],"picked":"Multi-Cast","floor":16},{"not_picked":["Steam","Sweeping Beam"],"picked":"Defragment","floor":18},{"not_picked":["Stack","Cold Snap"],"picked":"Conserve Battery+1","floor":20}],"player_experience":594169,"relics_obtained":[{"floor":9,"key":"Juzu Bracelet"}],"event_choices":[{"damage_healed":0,"gold_gain":0,"player_choice":"Grow","damage_taken":0,"max_hp_gain":0,"max_hp_loss":0,"event_name":"Living Wall","floor":4,"gold_loss":0,"cards_upgraded":["Consume"]},{"damage_healed":0,"gold_gain":0,"player_choice":"Searched \u00271\u0027 times","damage_taken":0,"relics_obtained":["Meat on the Bone"],"max_hp_gain":0,"max_hp_loss":0,"event_name":"Dead Adventurer","floor":8,"gold_loss":0},{"damage_healed":0,"gold_gain":0,"player_choice":"Upgraded","damage_taken":0,"max_hp_gain":0,"max_hp_loss":0,"event_name":"Upgrade Shrine","floor":21,"gold_loss":0,"cards_upgraded":["Barrage"]}],"is_beta":false,"boss_relics":[{"not_picked":["Velvet Choker","FrozenCore"],"picked":"Philosopher\u0027s Stone"}],"items_purged_floors":[5,19],"is_endless":false,"potions_floor_spawned":[3,7,16,18,20],"killed_by":"Slavers","ascension_level":0}}