{"host":"xervbyl8oukkrn1w","time":1611605307,"event":{"mods":["BaseMod","Downfall","Hubris","Infinite Spire","Mad Scientist","Minty Spire (QoL Compilation)","Quick Restart","READ ME - Guardian Mod","Reliquary","Replay The Spire","Shade Mod","StSLib","The Blackbeard","The Cursed","The Elementalist","The Jungle","The Necromancer","The Runesmith"],"gold_per_floor":[118,118,128,146,146,146,175,175,175,175,175,175,201,212,231,331,331,431,431,449,449,469,34,53,81,81,96,121,140,154,154,171,185,185,301,301,339,339,371,371,371,371,405,405,485,485,546,392,392,429,429,429,429],"floor_reached":52,"language":"ENG","playtime":6549,"items_purged":["Strike_B"],"score":764,"play_id":"dd8ca5dd-51ff-468f-99d9-b90d7a7fdf60","local_time":"20210125200827","is_ascension_mode":false,"campfire_choices":[{"data":"Zap","floor":6,"key":"SMITH"},{"data":"Time Bomb","floor":8,"key":"SMITH"},{"data":"Stack","floor":12,"key":"SMITH"},{"floor":17,"key":"REST"},{"data":"Hello World","floor":26,"key":"SMITH"},{"floor":31,"key":"REST"},{"floor":34,"key":"REST"},{"data":"Defragment","floor":42,"key":"SMITH"},{"data":"Crystallizer","floor":42,"key":"SMITH"},{"floor":44,"key":"REST"}],"circlet_count":0,"master_deck":["Strike_B","Strike_B","Strike_B","Defend_B","Defend_B","Defend_B","Defend_B","Zap+1","Dualcast","Cold Snap","Stack+1","hubris:Ukulele","Time Bomb+1","Crystallizer+1","Sweeping Beam","Defragment+1","ReplayRNGCard","Go for the Eyes+1","hubris:PowerSurge","Jack Of All Trades+1","Redo","Cold Snap+1","Compile Driver","Steam","Hello World+1","Hologram+1","Barrage+1","Ball Lightning","Go for the Eyes","BasicCrystalCard+1","Auto Shields","Doom and Gloom+1","Amplify","CurseOfTheBell","Hologram+1","Static Discharge+1","infinitespire:TheBestDefense","Barrage+1","FIFO Queue+1","Loop"],"relics":["Cracked Core","FaceOfCleric","reliquary:PurpleTingedLeaf","Pondfish Scales","Ginger","hubris:HollowSoul","FossilizedHelix","Replay:Fungal Core","BargainBundle","PreservedInsect","Replay:Baseball","MealTicket","infinitespire:EvilPickle","Calling Bell","Replay:Antivirus Software","Golden Egg","Replay:Arrowhead","hubris:Towel","Mercury Hourglass","hubris:FruitBowl","reliquary:Stiletto","Bronze Scales","reliquary:Buckler","Toolbox"],"acts_visited":["Exordium","TheCity","TheBeyond"],"potions_floor_usage":[7,7,18,25,25,25,29,32,35,47,47,52],"damage_taken":[{"damage":7,"enemies":"2 Louse","floor":1,"turns":3},{"damage":10,"enemies":"infinitespire:Voidling","floor":3,"turns":3},{"damage":6,"enemies":"Jaw Worm","floor":4,"turns":3},{"damage":0,"enemies":"Gremlin Nob","floor":7,"turns":3},{"damage":38,"enemies":"3 Sentries","floor":13,"turns":11},{"damage":4,"enemies":"Lots of Slimes","floor":14,"turns":5},{"damage":1,"enemies":"Blue Slaver","floor":15,"turns":3},{"damage":22,"enemies":"Slime Boss","floor":18,"turns":11},{"damage":21,"enemies":"Chosen","floor":20,"turns":5},{"damage":15,"enemies":"Shell Parasite","floor":22,"turns":6},{"damage":4,"enemies":"3 Cultists","floor":24,"turns":5},{"damage":12,"enemies":"Book of Stabbing","floor":25,"turns":4},{"damage":0,"enemies":"Cultist and Chosen","floor":27,"turns":4},{"damage":0,"enemies":"Shelled Parasite and Fungi","floor":29,"turns":4},{"damage":0,"enemies":"Sentry and Sphere","floor":30,"turns":4},{"damage":13,"enemies":"Snecko","floor":32,"turns":7},{"damage":0,"enemies":"Centurion and Healer","floor":33,"turns":4},{"damage":54,"enemies":"Pondfish","floor":35,"turns":16},{"damage":19,"enemies":"3 Darklings","floor":37,"turns":4},{"damage":5,"enemies":"Orb Walker","floor":39,"turns":4},{"damage":24,"enemies":"Jaw Worm Horde","floor":43,"turns":5},{"damage":3,"enemies":"Nemesis","floor":47,"turns":7},{"damage":23,"enemies":"3 Darklings","floor":50,"turns":3},{"damage":22,"enemies":"infinitespire:MassOfShapes","floor":52,"turns":1}],"seed_played":"8060915622026204524","potions_obtained":[{"floor":1,"key":"AttackPotion"},{"floor":3,"key":"Explosive Potion"},{"floor":14,"key":"BlessingOfTheForge"},{"floor":18,"key":"PowerPotion"},{"floor":20,"key":"Ancient Potion"},{"floor":25,"key":"Venom Potion"},{"floor":27,"key":"SpeedPotion"},{"floor":30,"key":"Weak Potion"},{"floor":32,"key":"FearPotion"},{"floor":37,"key":"Swift Potion"},{"floor":43,"key":"SteroidPotion"}],"is_trial":false,"path_per_floor":["M","?","M","M","?","R","E","R","PTL","PTL","T","R","E","M","M","?","R","B",null,"M","AVR","M","$","M","E","R","M","T","M","M","R","M","M","R","B",null,"M","?","M","?","?","R","M","R","T","$","E","$","?","M","R","B"],"character_chosen":"DEFECT","items_purchased":["Jack Of All Trades","BargainBundle","Redo","Cold Snap","Compile Driver","Steam","Hello World","hexamod:SoulburnPotion","PreservedInsect","hubris:FruitBowl","reliquary:Stiletto","Bronze Scales","Toolbox"],"campfire_rested":4,"item_purchase_floors":[23,23,23,23,23,23,23,23,23,46,46,46,48],"current_hp_per_floor":[75,75,70,65,65,65,66,66,66,66,66,66,31,29,30,30,56,39,89,70,70,56,56,54,44,44,46,46,48,50,78,67,68,97,47,99,81,81,77,53,53,53,31,61,61,22,20,35,90,68,91,0,0],"gold":429,"neow_bonus":"TEN_PERCENT_HP_BONUS","is_daily":false,"chose_seed":false,"campfire_upgraded":6,"win_rate":0.0,"timestamp":1611605307,"path_taken":["M","?","M","?","?","R","E","R","PTL","PTL","T","R","E","M","?","?","R","BOSS","M","AVR","M","$","?","E","R","M","T","M","M","R","M","M","R","BOSS","M","?","M","?","?","R","?","R","T","?","E","$","?","M","R","BOSS"],"items_purchased_type":["Card","Relic","Card","Card","Card","Card","Card","Potion","Relic","Relic","Relic","Relic","Relic"],"build_version":"2020-12-22","purchased_purges":1,"victory":false,"max_hp_per_floor":[82,82,83,84,84,84,85,85,85,85,85,85,86,87,88,88,88,89,89,90,90,91,91,92,93,93,94,94,95,96,96,97,98,98,99,99,100,100,101,101,101,101,102,102,102,102,103,103,90,91,91,91,91],"card_choices":[{"not_picked":["Go for the Eyes","Leap"],"picked":"Cold Snap","floor":1},{"not_picked":["Go for the Eyes","Barrage"],"picked":"Stack","floor":3},{"not_picked":["Blizzard","Steam"],"picked":"hubris:Ukulele","floor":4},{"not_picked":["BootSequence","Thunder Strike"],"picked":"Time Bomb","floor":7},{"not_picked":["Self Repair","Doom and Gloom"],"picked":"Crystallizer","floor":13},{"not_picked":["ReplayTheSpireMod:Repulse","Blizzard"],"picked":"Sweeping Beam","floor":14},{"not_picked":["Go for the Eyes","Stack"],"picked":"Defragment","floor":15},{"not_picked":["Thunder Strike","hubris:DoWhile"],"picked":"ReplayRNGCard","floor":18},{"not_picked":["Panic Button","Coolheaded"],"picked":"Go for the Eyes+1","floor":20},{"not_picked":["Sweeping Beam+1","Cold Snap+1"],"picked":"hubris:PowerSurge","floor":22},{"not_picked":["Cold Snap+1","Streamline"],"picked":"Hologram+1","floor":24},{"not_picked":["Darkness","ReplaySort"],"picked":"Barrage+1","floor":25},{"not_picked":["Redo","Panic Button"],"picked":"Ball Lightning","floor":27},{"not_picked":["Cold Snap","Barrage"],"picked":"Go for the Eyes","floor":29},{"not_picked":["Gash","Sweeping Beam"],"picked":"BasicCrystalCard","floor":30},{"not_picked":["Stack","BasicCrystalCard"],"picked":"Auto Shields","floor":32},{"not_picked":["Stack","Steam+1"],"picked":"Doom and Gloom","floor":33},{"not_picked":["Reboot","hubris:DoWhile"],"picked":"Amplify","floor":35},{"not_picked":["Barrage+1","ReplayTheSpireMod:System Scan"],"picked":"Hologram+1","floor":37},{"not_picked":["Barrage+1","hubris:SpecializedCircuitry"],"picked":"Static Discharge+1","floor":39},{"not_picked":["hubris:InfiniteBlow","infinitespire:SevenWalls"],"picked":"infinitespire:TheBestDefense","floor":40},{"not_picked":["Defragment","Panic Button+1"],"picked":"Barrage+1","floor":43},{"not_picked":["ReplayTheSpireMod:Reroute Power","Genetic Algorithm"],"picked":"FIFO Queue+1","floor":47},{"not_picked":["Self Repair","Stack"],"picked":"Loop","floor":50}],"player_experience":100953,"relics_obtained":[{"floor":7,"key":"reliquary:PurpleTingedLeaf"},{"floor":11,"key":"Pondfish Scales"},{"floor":13,"key":"Ginger"},{"floor":25,"key":"Replay:Baseball"},{"floor":28,"key":"MealTicket"},{"floor":36,"key":"Replay:Antivirus Software"},{"floor":36,"key":"Golden Egg"},{"floor":36,"key":"Replay:Arrowhead"},{"floor":45,"key":"Mercury Hourglass"},{"floor":47,"key":"reliquary:Buckler"}],"event_choices":[{"damage_healed":0,"gold_gain":0,"player_choice":"Trade","damage_taken":0,"relics_obtained":["FaceOfCleric"],"max_hp_gain":0,"max_hp_loss":0,"event_name":"FaceTrader","floor":2,"gold_loss":0},{"damage_healed":0,"gold_gain":0,"player_choice":"Ignored","damage_taken":0,"max_hp_gain":0,"max_hp_loss":0,"event_name":"Purifier","floor":5,"gold_loss":0},{"damage_healed":0,"gold_gain":100,"player_choice":"Pray","damage_taken":0,"max_hp_gain":0,"max_hp_loss":0,"event_name":"Golden Shrine","floor":16,"gold_loss":0},{"damage_healed":90,"gold_gain":0,"player_choice":"Heal","damage_taken":0,"max_hp_gain":0,"max_hp_loss":13,"event_name":"The Moai Head","floor":49,"gold_loss":0}],"is_beta":false,"boss_relics":[{"not_picked":["SacredBark","reliquary:Ember"],"picked":"hubris:HollowSoul"},{"not_picked":["Abe\u0027s Treasure","Fusion Hammer"],"picked":"Calling Bell"}],"items_purged_floors":[23],"is_endless":false,"potions_floor_spawned":[1,3,14,18,20,24,25,27,30,32,37,43],"killed_by":"infinitespire:MassOfShapes","ascension_level":0}}