{"host":"delta","time":1611586047,"event":{"mods":["Act Like it!","Arknights The Spire","BaseMod","Lobotomy","Minty Spire (QoL Compilation)","StSLib"],"gold_per_floor":[115,125,139,155,155,176,191,191,191],"floor_reached":8,"language":"ZHS","playtime":404,"items_purged":[],"score":52,"play_id":"cac0610d-af9c-4eda-a926-cb6c48c1fe22","local_time":"20210125224727","is_ascension_mode":false,"campfire_choices":[],"circlet_count":0,"master_deck":["ats:Strike C","ats:Strike G","ats:Strike S","ats:Strike V","ats:Armor Crushing Shot","ats:Defend","ats:Defend","ats:Defend","ats:Defend","ats:Emotion Absorption","Scorched","ats:Charging Defense","OSAHOGD","ats:Apocalypse","ats:Soul Absorption","SpiderBud","ats:Apocalypse","WallGazer","ats:Absolute Focus","MeatLantern","ats:Support Order"],"relics":["ats:Sanity","CogitoBucket","Golden Idol","FleshIdol"],"acts_visited":["Exordium"],"potions_floor_usage":[],"damage_taken":[{"damage":2.0,"enemies":"2 Louse","floor":1.0,"turns":3.0},{"damage":0.0,"enemies":"Jaw Worm","floor":2.0,"turns":2.0},{"damage":0.0,"enemies":"Small Slimes","floor":3.0,"turns":2.0},{"damage":0,"enemies":"Looter","floor":4,"turns":3},{"damage":7,"enemies":"2 Fungi Beasts","floor":6,"turns":3},{"damage":39,"enemies":"Large Slime","floor":7,"turns":3},{"damage":52,"enemies":"Lagavulin","floor":8,"turns":2}],"seed_played":"-2944149571926335796","potions_obtained":[{"floor":2.0,"key":"Regen Potion"},{"floor":4,"key":"BlessingOfTheForge"}],"is_trial":false,"path_per_floor":["M","M","M","M","?","M","M","E"],"character_chosen":"DOCTOR_CLASS","items_purchased":[],"campfire_rested":0,"item_purchase_floors":[],"current_hp_per_floor":[70,70,72,72,54,57,28,0,0],"gold":191,"neow_bonus":"","is_daily":false,"chose_seed":false,"campfire_upgraded":0,"win_rate":0.0,"timestamp":1611586047,"path_taken":["M","M","M","M","?","M","M","E"],"items_purchased_type":[],"build_version":"2020-12-18","purchased_purges":0,"victory":false,"max_hp_per_floor":[72,72,72,72,72,72,72,72,72],"card_choices":[{"not_picked":["MeatLantern","WallGazer"],"picked":"Scorched","floor":1.0},{"not_picked":["ats:Guard Mode","ats:Consecutive Shot Auto"],"picked":"ats:Charging Defense","floor":1.0},{"not_picked":["MeatLantern","OldLady"],"picked":"OSAHOGD","floor":2.0},{"not_picked":["ats:Beaten Up","ats:Steam Pump"],"picked":"ats:Apocalypse","floor":2.0},{"not_picked":["ats:Defend Order","ats:Sunburst"],"picked":"ats:Soul Absorption","floor":3},{"not_picked":["ShyLook","Murderer"],"picked":"SpiderBud","floor":4},{"not_picked":["ats:Guard Mode","ats:Poison Spread"],"picked":"ats:Apocalypse","floor":4},{"not_picked":["BeautyBeast","WhitesApple","CherryBlossoms"],"picked":"Singing Bowl","floor":6},{"not_picked":["CherryBlossoms","WhitesApple"],"picked":"WallGazer","floor":6},{"not_picked":["ats:Red Shift","ats:LN2 Cannon"],"picked":"ats:Absolute Focus","floor":6},{"not_picked":["MHz","CrumblingArmor"],"picked":"MeatLantern","floor":7},{"not_picked":["ats:Directed Diagnosis","ats:Absolute Focus"],"picked":"ats:Support Order","floor":7}],"player_experience":328852,"relics_obtained":[],"event_choices":[{"damage_healed":0,"gold_gain":0,"player_choice":"Take Damage","damage_taken":18,"relics_obtained":["Golden Idol"],"max_hp_gain":0,"max_hp_loss":0,"event_name":"Golden Idol","floor":5,"gold_loss":0}],"is_beta":true,"boss_relics":[],"items_purged_floors":[],"is_endless":false,"potions_floor_spawned":[2,4],"killed_by":"Lagavulin","ascension_level":0}}