{"host":"wj6vwlg8bkoql3lv","time":1611607646,"event":{"mods":["AchievementEnabler","Bard","Bartender","BaseMod","Better Altar","Better Match","Better Sensory Stone","Better Skull","Better Third Choice","Better Vampires","Card Forge","Colored Map","Custom Start","Decade(???)","Downfall","Energized Spire","Friendly Minions","Hermit","Hubris","Infinite Spire","JesterMod","Jorbs\u0027s Wanderer Trilogy","Marisa????????","Minty Spire (QoL Compilation)","Permanent Neow","Potionbrewer","Quick Restart","Random Character Button","Replay The Spire","Robot Space Explorer","Shade Mod","StSLib","The Blue Laboratory","The Bug Knight","The Construct","The Cursed","The Death Knight","The Disciple","The Gatherer","The Hayseed","The Hierophant","The Jungle","The Marked","The Mystic","The Runesmith","The Senshi","The Servant 0.9.4","TheFirefly","Transform Curses"],"gold_per_floor":[212,227,238,252,272,298,298,298,298,126,126,136,136,154,19,37,37,137,137,152,171,189,209,209,209,220,233,287,287,317,336,336,350,350,445,445,459,474,90,101,113,113,141,141,141,191,191,202,212,230,230,230,230,230,77,108,108],"floor_reached":58,"language":"ENG","playtime":5426,"items_purged":[],"score":1246,"play_id":"7600235a-5856-4c25-9503-f6951798cd11","local_time":"20210125204726","is_ascension_mode":false,"metric_token":3153,"campfire_choices":[{"floor":7.0,"key":"REST"},{"floor":17,"key":"REST"},{"floor":25,"key":"REST"},{"floor":29,"key":"REST"},{"floor":34,"key":"RECALL"},{"floor":42,"key":"REST"},{"floor":51,"key":"REST"},{"data":"Gatherer:Strike_Gatherer","floor":54,"key":"SMITH"}],"circlet_count":0,"master_deck":["Gatherer:Strike_Gatherer+4","Gatherer:Strike_Gatherer+3","Gatherer:Strike_Gatherer+3","Gatherer:Strike_Gatherer+3","Gatherer:Strike_Gatherer+3","Gatherer:Defend_Gatherer+3","Gatherer:Defend_Gatherer+3","Gatherer:Defend_Gatherer+3","Gatherer:Defend_Gatherer+3","Gatherer:Defend_Gatherer+3","Gatherer:Centralize+1","Gatherer:FlowerWhip+3","Gatherer:DrugPower+1","Gatherer:EnergyBasket+1","Gatherer:EnergyBasket+1","Gatherer:MindSearch+1","Gatherer:VenomBarrier+1","Gatherer:Frenzy+1","Gatherer:Herbalism+1","Gatherer:TreeGrowth+1","Gatherer:BambuSword+1","Gatherer:TacticalStrike+1","Gatherer:PoisonMastery+1","Gatherer:QuickSynthesis+1","Gatherer:TreeGrowth+1","Gatherer:Duality+1","Gatherer:Duality+1","Gatherer:MindSearch+1","Gatherer:AlchemyTrial+1","Gatherer:FeelingFine+1","Gatherer:FlowerShield+3","Gatherer:EchoOfNature+1","infinitespire:TheBestDefense+1","Gatherer:Misfortune+1","Gatherer:ScrollOfWall+1","Gatherer:RottenStipe+1","Gatherer:TacticalStrike+1","Gatherer:ScrollOfPurity+1","Gatherer:CollectorsShot+1","Gatherer:Polymorphism+1","Parasite","Gatherer:Duplicator+1","Gatherer:QuickSynthesis+1","Gatherer:Liquidism+1","Gatherer:DrugPower+1","Gatherer:TreeGrowth+1"],"relics":["Gatherer:AlchemyBag","Hammer of Thor","Seething Fire","Anvil of the Gods","CaptainsWheel","Pondfish Scales","SacredBark","Whetstone","bronze:MakeshiftBattery","Simple Rune","Strawberry","Pocketwatch","hubris:Towel","construct:FoamFinger","Thread and Needle","infinitespire:Beetle Shell","potionbrewer:SlideRule"],"acts_visited":["Exordium","TheCity","TheBeyond","TheEnding"],"potions_floor_usage":[30,49,50,52,57],"damage_taken":[{"damage":4.0,"enemies":"Cultist","floor":1.0,"turns":5.0},{"damage":0.0,"enemies":"2 Louse","floor":2.0,"turns":2.0},{"damage":5.0,"enemies":"Jaw Worm","floor":3.0,"turns":5.0},{"damage":20.0,"enemies":"Exordium Wildlife","floor":4.0,"turns":5.0},{"damage":1.0,"enemies":"3 Louse","floor":5.0,"turns":3.0},{"damage":55.0,"enemies":"Gremlin Nob","floor":6.0,"turns":6.0},{"damage":5.0,"enemies":"2 Fungi Beasts","floor":12.0,"turns":3.0},{"damage":10.0,"enemies":"Exordium Thugs","floor":14.0,"turns":5.0},{"damage":3,"enemies":"3 Louse","floor":16,"turns":3},{"damage":0,"enemies":"Hexaghost","floor":18,"turns":4},{"damage":0,"enemies":"Spheric Guardian","floor":20,"turns":3},{"damage":9,"enemies":"3 Byrds","floor":21,"turns":2},{"damage":0,"enemies":"Sentry and Sphere","floor":22,"turns":6},{"damage":15,"enemies":"Snake Plant","floor":23,"turns":3},{"damage":0,"enemies":"Chosen and Byrds","floor":26,"turns":5},{"damage":14,"enemies":"Cultist and Chosen","floor":27,"turns":2},{"damage":13,"enemies":"Slavers","floor":30,"turns":4},{"damage":0,"enemies":"Sentry and Sphere","floor":31,"turns":4},{"damage":1,"enemies":"Snecko","floor":33,"turns":3},{"damage":2,"enemies":"Collector","floor":35,"turns":5},{"damage":0,"enemies":"3 Darklings","floor":37,"turns":3},{"damage":22,"enemies":"3 Shapes","floor":38,"turns":6},{"damage":0,"enemies":"Writhing Mass","floor":40,"turns":3},{"damage":0,"enemies":"Transient","floor":41,"turns":5},{"damage":15,"enemies":"Nemesis","floor":43,"turns":3},{"damage":0,"enemies":"Mind Bloom Boss Battle","floor":46,"turns":3},{"damage":4,"enemies":"Jaw Worm Horde","floor":48,"turns":3},{"damage":0,"enemies":"4 Shapes","floor":49,"turns":2},{"damage":0,"enemies":"Writhing Mass","floor":50,"turns":3},{"damage":4,"enemies":"Donu and Deca","floor":52,"turns":9},{"damage":28,"enemies":"Shield and Spear","floor":56,"turns":5},{"damage":36,"enemies":"The Heart","floor":57,"turns":6}],"seed_played":"7735720287281843645","potions_obtained":[{"floor":2.0,"key":"BloodPotion"},{"floor":12.0,"key":"potionbrewer:InfectionPotion"},{"floor":16,"key":"DuplicationPotion"},{"floor":18,"key":"SmokeBomb"},{"floor":22,"key":"potionbrewer:DiscountPotion"},{"floor":23,"key":"sneckomod:MuddlingPotion"},{"floor":30,"key":"blueLaboratory:StoneskinPotion"},{"floor":37,"key":"PowerPotion"},{"floor":49,"key":"potionbrewer:ToxicPotion"}],"is_trial":false,"path_per_floor":["M","M","M","M","M","E","R","PTL","PTL","$","T","M","?","M","$","M","R","B",null,"M","M","M","M","?","R","M","M","T","R","E","M","?","M","R","B",null,"M","M","$","M","M","R","E","?","T","?","?","M","M","M","R","B",null,"R","$","E","B",null],"character_chosen":"THE_GATHERER","items_purchased":["Gatherer:Herbalism","Gatherer:TreeGrowth","Gatherer:BambuSword","Gatherer:QuickSynthesis","Gatherer:TreeGrowth","Gatherer:Duality","Simple Rune","Strawberry","Gatherer:Polymorphism","infinitespire:Beetle Shell"],"campfire_rested":6,"item_purchase_floors":[10,10,10,15,15,15,39,39,39,55],"current_hp_per_floor":[68,68,63,43,42,1,22,22,22,22,22,17,17,7,7,4,25,25,72,72,63,63,48,29,50,50,36,36,57,44,44,68,67,67,65,72,72,50,57,57,57,79,64,64,64,64,64,60,60,60,79,75,79,79,79,51,15],"gold":108,"neow_bonus":"HUNDRED_GOLD","is_daily":false,"chose_seed":false,"campfire_upgraded":1,"win_rate":0.0,"timestamp":1611607646,"path_taken":["M","M","M","M","M","E","R","PTL","PTL","?","T","M","?","M","$","M","R","BOSS","M","M","M","M","?","R","M","M","T","R","E","M","?","?","R","BOSS","M","M","$","M","M","R","E","?","T","?","?","M","?","M","R","BOSS","R","$","E","BOSS"],"items_purchased_type":["Card","Card","Card","Card","Card","Card","Relic","Relic","Card","Relic"],"build_version":"2020-12-22","purchased_purges":0,"victory":true,"max_hp_per_floor":[72,72,72,72,72,72,72,72,72,72,72,72,72,72,72,72,72,72,72,72,72,72,72,72,72,72,72,72,72,72,72,72,72,72,72,72,72,72,79,79,79,79,79,79,79,79,79,79,79,79,79,79,79,79,79,79,79],"card_choices":[{"not_picked":["Gatherer:Convert","Gatherer:WoolGloves"],"picked":"Gatherer:DrugPower","floor":1.0},{"not_picked":["Gatherer:BambuSword","Gatherer:TacticalStrike"],"picked":"Gatherer:EnergyBasket","floor":2.0},{"not_picked":["Gatherer:FragileHammer","Gatherer:PotentialSlash"],"picked":"Gatherer:EnergyBasket","floor":3.0},{"not_picked":["Gatherer:CollectorsShot","Gatherer:TacticalStrike"],"picked":"Gatherer:MindSearch","floor":4.0},{"not_picked":["Gatherer:FruitForce","Gatherer:SmartManeuver"],"picked":"Gatherer:VenomBarrier","floor":5.0},{"not_picked":["Gatherer:SaveValuables","Gatherer:MindSearch"],"picked":"Gatherer:Frenzy","floor":6.0},{"not_picked":["Gatherer:DrugPower","Gatherer:Convert"],"picked":"Gatherer:TacticalStrike","floor":12.0},{"not_picked":["Gatherer:Transmute","Gatherer:CollectorsShot"],"picked":"Gatherer:PoisonMastery","floor":14.0},{"not_picked":["Gatherer:CarefulStrike","Gatherer:Convert"],"picked":"Gatherer:Duality","floor":16},{"not_picked":["Gatherer:LuckyClover","Gatherer:CursedBlade"],"picked":"Gatherer:MindSearch","floor":18},{"not_picked":["Gatherer:EnergyBasket","Gatherer:FlowerPower"],"picked":"Gatherer:AlchemyTrial","floor":20},{"not_picked":["Gatherer:CarefulStrike","Gatherer:ScherryThrow"],"picked":"Gatherer:FeelingFine","floor":21},{"not_picked":["Gatherer:FlowerFalling","Gatherer:FragileHammer"],"picked":"Gatherer:FlowerShield","floor":22},{"not_picked":["Gatherer:QuickSynthesis","Gatherer:BambuSword+1"],"picked":"Gatherer:EchoOfNature+1","floor":23},{"not_picked":["ReplayTheSpireMod:Book of Names","hubris:Fate"],"picked":"infinitespire:TheBestDefense","floor":24},{"not_picked":["Gatherer:FlowerShield+1","Gatherer:CollectorsShot+1"],"picked":"Gatherer:Misfortune","floor":26},{"not_picked":["Gatherer:Photoscythe","Gatherer:GlowingPlant"],"picked":"Gatherer:ScrollOfWall","floor":27},{"not_picked":["Gatherer:SaveValuables+1","Gatherer:WoolGloves","Gatherer:EnergyBasket+1"],"picked":"SKIP","floor":30},{"not_picked":["Gatherer:CollectorsShot","Gatherer:BalancedGrowth"],"picked":"Gatherer:RottenStipe","floor":31},{"not_picked":["Gatherer:Uplift","Gatherer:FlowerShield+1"],"picked":"Gatherer:TacticalStrike","floor":33},{"not_picked":["Gatherer:BomberForm","Gatherer:LuckyClover"],"picked":"Gatherer:ScrollOfPurity","floor":35},{"not_picked":["Gatherer:ScentOfRosmari+1","Gatherer:AlchemyTrial","Gatherer:OddSpoils"],"picked":"SKIP","floor":37},{"not_picked":["Gatherer:AlchemyTrial","Gatherer:GatherMaterial"],"picked":"Gatherer:CollectorsShot+1","floor":38},{"not_picked":["Gatherer:SaveValuables+1","Gatherer:MiningStrike"],"picked":"Gatherer:Duplicator","floor":40},{"not_picked":["Gatherer:AromaProtection+1","Gatherer:BambuSword"],"picked":"Gatherer:QuickSynthesis+1","floor":41},{"not_picked":["Gatherer:GatherMaterial","Gatherer:EchoOfNature+1"],"picked":"Gatherer:Liquidism+1","floor":43},{"not_picked":["Gatherer:Herbalism","Gatherer:RottenStipe","Gatherer:GatherMaterial+1"],"picked":"SKIP","floor":48},{"not_picked":["Gatherer:FeelingFine+1","Gatherer:QuickSynthesis+1"],"picked":"Gatherer:DrugPower+1","floor":49},{"not_picked":["Gatherer:TreeGrowth","Gatherer:FlowerFalling+1","Gatherer:EnergyBasket"],"picked":"SKIP","floor":50},{"not_picked":["Gatherer:OddSpoils","Gatherer:Frenzy"],"picked":"Gatherer:TreeGrowth","floor":56}],"player_experience":175797,"relics_obtained":[{"floor":6.0,"key":"CaptainsWheel"},{"floor":11.0,"key":"Pondfish Scales"},{"floor":30,"key":"Whetstone"},{"floor":43,"key":"Pocketwatch"},{"floor":45,"key":"construct:FoamFinger"},{"floor":46,"key":"Thread and Needle"},{"floor":56,"key":"potionbrewer:SlideRule"}],"event_choices":[{"damage_healed":24,"gold_gain":0,"player_choice":"Heal","damage_taken":0,"max_hp_gain":0,"max_hp_loss":0,"event_name":"The Library","floor":32,"gold_loss":0},{"damage_healed":0,"gold_gain":0,"player_choice":"Fight","damage_taken":0,"max_hp_gain":0,"max_hp_loss":0,"event_name":"MindBloom","floor":46,"gold_loss":0},{"damage_healed":0,"gold_gain":0,"player_choice":"Ignored","damage_taken":0,"max_hp_gain":0,"max_hp_loss":0,"event_name":"NoteForYourself","floor":47,"gold_loss":0}],"is_beta":false,"boss_relics":[{"not_picked":["Tiny House","energizedSpire:HugeHouse"],"picked":"SacredBark"},{"not_picked":["Gatherer:ExplorersPath","Replay:Bronze Core"],"picked":"bronze:MakeshiftBattery"}],"items_purged_floors":[],"is_endless":false,"potions_floor_spawned":[2,12,16,18,22,23,30,37,43,46,48,49],"ascension_level":0}}