{"host":"s5d39dhq0ddhxhke","time":1611577069,"event":{"mods":["AchievementEnabler","BaseMod","Colored Map","Minty Spire (QoL Compilation)","SuperFastMode"],"gold_per_floor":[111,125,141,156,156,189,189,224,224,224,243,257,257,257],"floor_reached":13,"language":"ENG","playtime":550,"items_purged":[],"score":170,"play_id":"b0c141f0-90be-4c0b-a9e0-cb29f0161af4","local_time":"20210125141749","is_ascension_mode":true,"campfire_choices":[{"floor":7,"key":"REST"}],"circlet_count":0,"master_deck":["AscendersBane","Strike_R","Strike_R","Strike_R","Strike_R","Strike_R","Defend_R","Defend_R","Defend_R","Defend_R","Bash+1","Fiend Fire"],"relics":["Snecko Eye","Toxic Egg 2","Pear","Self Forming Clay"],"acts_visited":["Exordium"],"potions_floor_usage":[6,8],"damage_taken":[{"damage":7,"enemies":"Jaw Worm","floor":1,"turns":2},{"damage":0,"enemies":"Small Slimes","floor":2,"turns":3},{"damage":6,"enemies":"Cultist","floor":3,"turns":4},{"damage":4,"enemies":"Red Slaver","floor":4,"turns":3},{"damage":40,"enemies":"Gremlin Nob","floor":6,"turns":5},{"damage":24,"enemies":"Lagavulin","floor":8,"turns":4},{"damage":8,"enemies":"3 Louse","floor":11,"turns":5},{"damage":1,"enemies":"Looter","floor":12,"turns":2},{"damage":25,"enemies":"3 Sentries","floor":13,"turns":4}],"seed_played":"2765992829468056595","potions_obtained":[{"floor":3,"key":"Regen Potion"},{"floor":6,"key":"ColorlessPotion"},{"floor":8,"key":"Dexterity Potion"}],"is_trial":false,"path_per_floor":["M","M","M","M","?","E","R","E","T","?","M","M","E"],"character_chosen":"IRONCLAD","items_purchased":[],"campfire_rested":1,"item_purchase_floors":[],"current_hp_per_floor":[61,61,55,51,51,25,47,33,33,33,25,24,0,0],"gold":257,"neow_bonus":"BOSS_RELIC","is_daily":false,"chose_seed":false,"campfire_upgraded":0,"win_rate":0.0,"timestamp":1611577069,"path_taken":["M","M","M","M","?","E","R","E","T","?","M","M","E"],"items_purchased_type":[],"build_version":"2020-12-22","purchased_purges":0,"victory":false,"max_hp_per_floor":[75,75,75,75,75,75,75,85,85,85,85,85,85,85],"card_choices":[{"not_picked":["Pommel Strike","Hemokinesis","Searing Blow"],"picked":"SKIP","floor":1},{"not_picked":["Entrench","True Grit","Havoc"],"picked":"SKIP","floor":2},{"not_picked":["Clash","Havoc","Shrug It Off"],"picked":"SKIP","floor":3},{"not_picked":["Body Slam","Warcry","Headbutt"],"picked":"SKIP","floor":4},{"not_picked":["Searing Blow","Body Slam","Rupture"],"picked":"SKIP","floor":6},{"not_picked":["Entrench+1","Body Slam","Seeing Red+1"],"picked":"SKIP","floor":8},{"not_picked":["Perfected Strike","Iron Wave"],"picked":"Fiend Fire","floor":11},{"not_picked":["Cleave","True Grit+1","Perfected Strike"],"picked":"SKIP","floor":12}],"player_experience":459394,"relics_obtained":[{"floor":6,"key":"Toxic Egg 2"},{"floor":8,"key":"Pear"},{"floor":9,"key":"Self Forming Clay"}],"event_choices":[{"damage_healed":0,"gold_gain":0,"player_choice":"Ignored","damage_taken":0,"max_hp_gain":0,"max_hp_loss":0,"event_name":"Liars Game","floor":5,"gold_loss":0},{"damage_healed":0,"gold_gain":0,"player_choice":"Forge","damage_taken":0,"max_hp_gain":0,"max_hp_loss":0,"event_name":"Accursed Blacksmith","floor":10,"gold_loss":0,"cards_upgraded":["Bash"]}],"is_beta":false,"boss_relics":[],"items_purged_floors":[],"is_endless":false,"potions_floor_spawned":[3,6,8],"killed_by":"3 Sentries","ascension_level":15}}