{"host":"8d3fefv2347kqkpz","time":1611595781,"event":{"mods":["AchievementEnabler","Act Like it!","Aspiration","BaseMod","Better Vampires","Colored Map","Colored Powertips","Conspire","GifTheSpireLib","Hermit","Highlight Path","Hubris","Marisa£®ÏF”Í°°ƒß¿Ì…≥£©","Mimic Mod","Minty Spire (QoL Compilation)","Quick Restart","Rare Cards Sparkle","Reimu£®≤©¿ˆ¡È√Œ£©","Relic Stats","Remilia£®¿Ÿ√◊¿Ú—«£©","Replay The Spire","Spicy Shops","StSLib","The Cursed","The Jungle","The Servant 0.9.4","Waifu the Spire","Youmu£®ªÍ∆«—˝√Œ£©"],"gold_per_floor":[114,134,134,150,164,189,34,34,68,80,80,92,121,42,42,137,137,155,170,95,35,35,35,35,35,89,106,119,136,151,163,163,163,163],"floor_reached":33,"language":"ZHS","playtime":1174,"items_purged":[],"score":251,"play_id":"5661fa91-312e-470d-a4df-f7376d55c7b7","local_time":"20210126012941","is_ascension_mode":false,"campfire_choices":[{"floor":11.0,"key":"REST"},{"floor":15.0,"key":"REST"},{"data":"ReplayTheSpireMod:Shiv Toss","floor":23,"key":"SMITH"},{"floor":32,"key":"REST"}],"circlet_count":0,"master_deck":["Strike_G","Strike_G","Strike_G","Strike_G","Defend_G","Defend_G","Defend_G","Defend_G","Defend_G","Survivor","Neutralize","Blade Dance","Leg Sweep","Caltrops","Choke","Pot Of Greed","Pot Of Greed","Quick Slash","Cloak And Dagger","Dagger Spray","ReplayTheSpireMod:Shiv Toss+1","Adrenaline","Infinite Blades","Cloak And Dagger","Cloak And Dagger","Pot Of Greed","Finisher"],"relics":["Ring of the Snake","Strawberry","aspiration:Lifesprig","Grinning Jar","Orichalcum","WristBlade","Potion Belt"],"acts_visited":["Exordium","TheCity"],"potions_floor_usage":[33,33,33],"damage_taken":[{"damage":0.0,"enemies":"2 Louse","floor":1.0,"turns":3.0},{"damage":0.0,"enemies":"Cultist","floor":2.0,"turns":4.0},{"damage":5.0,"enemies":"Small Slimes","floor":4.0,"turns":3.0},{"damage":4.0,"enemies":"Looter","floor":5.0,"turns":4.0},{"damage":15.0,"enemies":"Gremlin Nob","floor":6.0,"turns":5.0},{"damage":10.0,"enemies":"Blue Slaver","floor":9.0,"turns":9.0},{"damage":1.0,"enemies":"Blue Slaver","floor":10.0,"turns":3.0},{"damage":5.0,"enemies":"2 Fungi Beasts","floor":12.0,"turns":3.0},{"damage":14.0,"enemies":"conspire:MimicChest","floor":13.0,"turns":7.0},{"damage":57.0,"enemies":"Hexaghost","floor":16.0,"turns":10.0},{"damage":5.0,"enemies":"Shell Parasite","floor":18.0,"turns":6.0},{"damage":1.0,"enemies":"Chosen","floor":19.0,"turns":3.0},{"damage":51,"enemies":"Sentry and Sphere","floor":27,"turns":7},{"damage":6,"enemies":"Snake Plant","floor":28,"turns":5},{"damage":8,"enemies":"Centurion and Healer","floor":29,"turns":7},{"damage":4,"enemies":"Snecko","floor":30,"turns":4},{"damage":2,"enemies":"3 Cultists","floor":31,"turns":5},{"damage":36,"enemies":"Champ","floor":33,"turns":8}],"seed_played":"-7253062682471105413","potions_obtained":[{"floor":2.0,"key":"Dexterity Potion"},{"floor":4.0,"key":"BlessingOfTheForge"},{"floor":12.0,"key":"Languid Potion"},{"floor":16.0,"key":"Flashbang"},{"floor":25,"key":"PowerPotion"},{"floor":29,"key":"Milkshake"}],"is_trial":false,"path_per_floor":["M","M","?","M","M","E","$","?","MIM","M","R","M","?","$","R","B",null,"M","M","?","?","?","R","$","?","T","M","M","M","M","M","R","B"],"character_chosen":"THE_SILENT","items_purchased":["aspiration:Lifesprig","ReplayTheSpireMod:Shiv Toss"],"campfire_rested":3,"item_purchase_floors":[7,14],"current_hp_per_floor":[77,77,77,72,68,60,60,60,50,49,74,69,55,55,80,23,84,79,78,78,78,78,78,78,78,78,27,21,13,9,7,32,0,0],"gold":163,"neow_bonus":"TEN_PERCENT_HP_BONUS","is_daily":false,"chose_seed":false,"campfire_upgraded":1,"win_rate":0.0,"timestamp":1611595781,"path_taken":["M","M","?","?","M","E","$","?","MIM","M","R","M","?","$","R","BOSS","M","M","?","?","?","R","?","?","T","M","M","M","?","M","R","BOSS"],"items_purchased_type":["Relic","Card"],"build_version":"2020-12-22","purchased_purges":0,"victory":false,"max_hp_per_floor":[77,77,77,77,77,84,84,84,84,84,84,84,84,84,84,84,84,84,84,84,84,84,84,84,84,84,84,84,84,84,84,84,84,84],"relic_stats":{"counters":[18,96],"Orichalcum":[48],"obtain_stats":[{"Potion Belt":26,"aspiration:Lifesprig":7,"WristBlade":17,"Strawberry":6,"Grinning Jar":9,"Orichalcum":13,"Ring of the Snake":0},{"Potion Belt":12,"aspiration:Lifesprig":5,"WristBlade":10,"Strawberry":5,"Grinning Jar":6,"Orichalcum":9,"Ring of the Snake":0},{"Potion Belt":60,"aspiration:Lifesprig":19,"WristBlade":51,"Strawberry":19,"Grinning Jar":28,"Orichalcum":41,"Ring of the Snake":0}],"Ring of the Snake":[36]},"card_choices":[{"not_picked":["Acrobatics","Terror"],"picked":"Blade Dance","floor":1.0},{"not_picked":["Acrobatics","Cloak And Dagger"],"picked":"Leg Sweep","floor":2.0},{"not_picked":["Skewer","Flying Knee"],"picked":"Caltrops","floor":4.0},{"not_picked":["Leg Sweep","Outmaneuver"],"picked":"Bouncing Flask","floor":5.0},{"not_picked":["Sucker Punch","Well Laid Plans"],"picked":"Choke","floor":6.0},{"not_picked":["hubris:Counter","All Out Attack"],"picked":"Quick Slash","floor":9.0},{"not_picked":["Caltrops","Dagger Throw"],"picked":"Cloak And Dagger","floor":10.0},{"not_picked":["PiercingWail","Prepared","Slice"],"picked":"SKIP","floor":12.0},{"not_picked":["Bane","hubris:SlightOfHand"],"picked":"Dagger Spray","floor":13.0},{"not_picked":["aspiration:Lunge","Glass Knife"],"picked":"Adrenaline","floor":16.0},{"not_picked":["Acrobatics","Slice","Distraction"],"picked":"SKIP","floor":18.0},{"not_picked":["Slice+1","Flying Knee+1"],"picked":"Infinite Blades","floor":19.0},{"not_picked":["Quick Slash","Hidden Blade","Poisoned Stab"],"picked":"SKIP","floor":27},{"not_picked":["Blur+1","Underhanded Strike"],"picked":"Cloak And Dagger","floor":28},{"not_picked":["Finisher","Deadly Poison"],"picked":"Cloak And Dagger","floor":29},{"not_picked":["Flying Knee","Bane","Underhanded Strike"],"picked":"SKIP","floor":30},{"not_picked":["Underhanded Strike","Bane+1"],"picked":"Finisher","floor":31}],"player_experience":190237,"relics_obtained":[{"floor":6.0,"key":"Strawberry"},{"floor":9.0,"key":"Grinning Jar"},{"floor":13.0,"key":"Orichalcum"},{"floor":26,"key":"Potion Belt"}],"event_choices":[{"cards_removed":["Strike_G"],"damage_healed":0.0,"max_hp_gain":0.0,"max_hp_loss":0.0,"gold_gain":0.0,"event_name":"Bonfire Elementals","player_choice":"Offered Basic","floor":3.0,"gold_loss":0.0,"damage_taken":0.0},{"cards_removed":["Bouncing Flask"],"damage_healed":0.0,"max_hp_gain":0.0,"max_hp_loss":0.0,"gold_gain":0.0,"event_name":"Beggar","player_choice":"Gave Gold","floor":20.0,"gold_loss":75.0,"damage_taken":0.0},{"damage_healed":0,"gold_gain":0,"player_choice":"Ignored","damage_taken":0,"max_hp_gain":0,"max_hp_loss":0,"event_name":"Cursed Tome","floor":22,"gold_loss":0},{"damage_healed":0,"gold_gain":0,"player_choice":"Got Potions","damage_taken":0,"max_hp_gain":0,"max_hp_loss":0,"event_name":"Lab","floor":25,"gold_loss":0}],"is_beta":false,"boss_relics":[{"not_picked":["Replay:Ancient Bell","hubris:RunicObelisk"],"picked":"WristBlade"}],"items_purged_floors":[],"is_endless":false,"potions_floor_spawned":[2,4,12,16,18,19,29],"killed_by":"Champ","ascension_level":0}}