{"host":"s5i48q09v0un9rqc","time":1611576248,"event":{"mods":["BaseMod","BetterRewards","Highlight Path","Minty Spire (QoL Compilation)","Rare Cards Sparkle","Shop Mod"],"gold_per_floor":[113,113,188,188,207,207,207],"floor_reached":6,"language":"ZHS","playtime":420,"items_purged":["Strike_R"],"score":65,"play_id":"d6d4b904-f109-41c4-af9b-8dc58fa59767","local_time":"20210125200408","is_ascension_mode":true,"campfire_choices":[],"circlet_count":0,"master_deck":["AscendersBane","Strike_R","Strike_R","Strike_R","Defend_R","Defend_R","Defend_R","Defend_R","Bash","Second Wind","Power Through","Dark Embrace","Shrug It Off","Shockwave"],"relics":["Burning Blood","InkBottle","Ginger","Unceasing Top","Pear","Ice Cream","Vajra","OrangePellets","Torii"],"acts_visited":["Exordium"],"potions_floor_usage":[],"damage_taken":[{"damage":1.0,"enemies":"Cultist","floor":1.0,"turns":4.0},{"damage":0.0,"enemies":"Small Slimes","floor":5.0,"turns":5.0},{"damage":2,"enemies":"Lagavulin","floor":6,"turns":8}],"seed_played":"8826154193561976521","potions_obtained":[],"is_trial":false,"path_per_floor":["M","$","?","?","M","E"],"character_chosen":"IRONCLAD","items_purchased":["InkBottle","Ginger","Pear","Vajra","OrangePellets","Torii","Second Wind","Power Through","Dark Embrace"],"campfire_rested":0,"item_purchase_floors":[0,0,0,0,0,0,0,0,0],"current_hp_per_floor":[35,35,24,24,30,28,28],"gold":207,"neow_bonus":"","is_daily":false,"chose_seed":false,"campfire_upgraded":0,"win_rate":0.0,"timestamp":1611576248,"path_taken":["M","?","?","?","?","E"],"items_purchased_type":["Relic","Relic","Relic","Relic","Relic","Relic","Card","Card","Card"],"build_version":"2020-12-22","purchased_purges":1,"victory":false,"max_hp_per_floor":[85,85,85,85,85,85,85],"card_choices":[{"not_picked":["True Grit","Flex"],"picked":"Shrug It Off","floor":1.0},{"not_picked":["Clash","Metallicize","Perfected Strike"],"picked":"SKIP","floor":5.0}],"player_experience":786499,"relics_obtained":[],"event_choices":[{"damage_healed":0.0,"max_hp_gain":0.0,"max_hp_loss":0.0,"gold_gain":75.0,"event_name":"World of Goop","player_choice":"Gather Gold","floor":3.0,"gold_loss":0.0,"damage_taken":11.0},{"damage_healed":0.0,"max_hp_gain":0.0,"max_hp_loss":0.0,"gold_gain":0.0,"cards_transformed":["Strike_R"],"event_name":"Living Wall","player_choice":"Change","floor":4.0,"gold_loss":0.0,"damage_taken":0.0,"cards_obtained":["Shockwave"]}],"is_beta":false,"boss_relics":[],"items_purged_floors":[0],"is_endless":false,"potions_floor_spawned":[],"killed_by":"Lagavulin","ascension_level":18}}