{"host":"8dcew1qsr5slulj9","time":1611618687,"event":{"mods":["BaseMod","Koishi","Marisa????????","Minty Spire (QoL Compilation)","Prisma Mod","StSLib","The Hierophant","The Jungle","The Necromancer","The Servant 0.9.4"],"gold_per_floor":[111,111,127,140,159,188,200,200,225,240,251,285,305,339,351,459,471,494,506,535,567,591,635,647,688,780,792,815,827,871,899,911,1024,1036,1061,1073,1104,1129,1141,1153,1153],"floor_reached":40,"language":"ENG","playtime":1909,"items_purged":[],"score":665,"play_id":"ed2896b8-d8a3-4705-b299-d1292d808fb5","local_time":"20210125175127","is_ascension_mode":true,"campfire_choices":[{"data":"Cloudkill","floor":8,"key":"SMITH"},{"floor":15,"key":"REST"},{"data":"Siphon_Strength","floor":24,"key":"SMITH"},{"data":"Summon_Vampire_Lady","floor":27,"key":"SMITH"},{"data":"Blood_Is_Power","floor":29,"key":"SMITH"},{"floor":32,"key":"REST"}],"circlet_count":0,"master_deck":["Strike_W","Strike_W","Strike_W","Defend_W","Defend_W","Defend_W","Defend_W","Negative_Energy_Arrows+1","Bone_Wall","Detonate_Bones","Siphon_Strength+1","Negative_Energy_Shield","Cloudkill+1","Acid_Javelin","Scare","Blood_Is_Power+1","Spectral_Armor","Summon_Lich","Summon_Vampire_Lady+1","Corrupt","Grasp_Heart","Siphon_Strength","Bandage Up"],"relics":["Vampire_Amulet","Lantern","Akabeko","Pen Nib","MawBank","Sozu","Potion Belt","Strawberry","Matryoshka","Omamori","Runic Pyramid"],"acts_visited":["Exordium","TheCity","TheBeyond"],"potions_floor_usage":[5,5,6,14],"damage_taken":[{"damage":5,"enemies":"Cultist","floor":1,"turns":3},{"damage":5,"enemies":"Jaw Worm","floor":3,"turns":3},{"damage":0,"enemies":"2 Louse","floor":4,"turns":3},{"damage":0,"enemies":"Exordium Thugs","floor":5,"turns":2},{"damage":30,"enemies":"Gremlin Nob","floor":6,"turns":4},{"damage":2,"enemies":"Large Slime","floor":7,"turns":5},{"damage":0,"enemies":"Blue Slaver","floor":10,"turns":1},{"damage":0,"enemies":"3 Louse","floor":11,"turns":2},{"damage":14,"enemies":"Lagavulin","floor":12,"turns":5},{"damage":0,"enemies":"Red Slaver","floor":13,"turns":3},{"damage":11,"enemies":"3 Sentries","floor":14,"turns":4},{"damage":8,"enemies":"The Guardian","floor":16,"turns":8},{"damage":6,"enemies":"3 Byrds","floor":18,"turns":4},{"damage":14,"enemies":"Shell Parasite","floor":20,"turns":5},{"damage":18,"enemies":"Shelled Parasite and Fungi","floor":21,"turns":3},{"damage":19,"enemies":"Snake Plant","floor":22,"turns":5},{"damage":24,"enemies":"Slavers","floor":23,"turns":6},{"damage":10,"enemies":"Book of Stabbing","floor":25,"turns":5},{"damage":15,"enemies":"Centurion and Healer","floor":28,"turns":15},{"damage":4,"enemies":"Gremlin Leader","floor":30,"turns":5},{"damage":41,"enemies":"Snecko","floor":31,"turns":8},{"damage":79,"enemies":"Champ","floor":33,"turns":9},{"damage":29,"enemies":"3 Darklings","floor":35,"turns":4},{"damage":11,"enemies":"Orb Walker","floor":37,"turns":4},{"damage":10,"enemies":"3 Darklings","floor":38,"turns":5},{"damage":87,"enemies":"Reptomancer","floor":40,"turns":5}],"seed_played":"-8123878405888405446","potions_obtained":[{"floor":3,"key":"SteroidPotion"},{"floor":4,"key":"AttackPotion"},{"floor":5,"key":"AttackPotion"},{"floor":11,"key":"GamblersBrew"}],"is_trial":false,"path_per_floor":["M","?","M","M","M","E","M","R","T","M","M","E","M","E","R","B",null,"M","$","M","M","M","E","R","E","T","R","M","R","E","M","R","B",null,"M","?","M","M","?","E"],"character_chosen":"NECROMANCER","items_purchased":[],"campfire_rested":2,"item_purchase_floors":[],"current_hp_per_floor":[65,65,62,66,70,42,44,44,44,46,52,40,42,37,59,53,70,70,70,70,65,60,54,54,56,56,56,81,81,82,55,79,26,68,50,50,50,48,48,0,0],"gold":1153,"neow_bonus":"ONE_RANDOM_RARE_CARD","is_daily":false,"chose_seed":false,"campfire_upgraded":4,"win_rate":0.0,"timestamp":1611618687,"path_taken":["M","?","M","M","M","E","M","R","T","M","M","E","M","E","R","BOSS","M","$","M","M","M","E","R","E","T","R","M","R","E","M","R","BOSS","M","?","M","M","?","E"],"items_purchased_type":[],"build_version":"2020-12-22","purchased_purges":0,"victory":false,"max_hp_per_floor":[75,75,75,75,75,75,75,75,75,75,75,75,75,75,75,75,75,75,75,75,75,75,75,75,82,82,82,82,82,82,82,82,82,82,82,82,82,82,82,82,82],"card_choices":[{"not_picked":["Bone_Spikes","Strike_from_Beyond"],"picked":"Siphon_Strength","floor":1},{"not_picked":["Chill_Blood","Blood_for_Blood"],"picked":"Negative_Energy_Shield","floor":3},{"not_picked":["Negative_Energy_Sphere","Bone_Bullets"],"picked":"Cloudkill","floor":4},{"not_picked":["Negative_Energy_Sphere","Spectral_Walk","Vampiric_Strike"],"picked":"SKIP","floor":5},{"not_picked":["Blood_for_Blood","Shackles_Of_Pain"],"picked":"Acid_Javelin","floor":6},{"not_picked":["Negative_Energy_Mist","Negative_Energy_Javelin"],"picked":"Scare","floor":7},{"not_picked":["Vampiric_Strike","Violent_Necrosis","Summon_Undead_Army"],"picked":"SKIP","floor":10},{"not_picked":["Blood_Whip","Negative_Energy_Javelin"],"picked":"Blood_Is_Power","floor":11},{"not_picked":["Finger_Of_Death","Vampiric_Strike","Uncharnel"],"picked":"SKIP","floor":12},{"not_picked":["Negative_Energy_Burst","Slay_Living"],"picked":"Spectral_Armor","floor":13},{"not_picked":["Bones_to_Steel","Negative_Energy_Mist"],"picked":"Summon_Lich","floor":14},{"not_picked":["Blood_Wake","Grasp_Heart"],"picked":"Summon_Vampire_Lady","floor":16},{"not_picked":["Stop_Heart","Toxic_Smoke_Screen","Blood_Whip"],"picked":"SKIP","floor":18},{"not_picked":["Blood_Curse","Bone_Bullets","Bones_to_Steel+1"],"picked":"SKIP","floor":20},{"not_picked":["Negative_Energy_Mist+1","Toxic_Smoke_Screen","Bone_Bullets+1"],"picked":"SKIP","floor":21},{"not_picked":["Necrotic_Claws","Life_Tap","Flesh_Made_Foul"],"picked":"SKIP","floor":22},{"not_picked":["Death_March_Dance","Bone_Armor","Shackles_Of_Pain"],"picked":"SKIP","floor":23},{"not_picked":["Blood_Whip","Summon_Undead_Army","Blood_Curse"],"picked":"SKIP","floor":25},{"not_picked":["Blood_Magic","Blood_Curse"],"picked":"Corrupt","floor":28},{"not_picked":["Blood_Shield","Death_Coil+1","Shackles_Of_Pain"],"picked":"SKIP","floor":30},{"not_picked":["Blood_Whip","Negative_Energy_Javelin","Life_Tap"],"picked":"SKIP","floor":31},{"not_picked":["Blood_Wake","Skeleton_Dragon"],"picked":"Grasp_Heart","floor":33},{"not_picked":["Bone_Spikes","Strike_from_Beyond+1","Negative_Energy_Sphere+1"],"picked":"SKIP","floor":35},{"not_picked":["Blood_for_Blood+1","Whirlwind_of_Bones+1","Vampiric_Strike"],"picked":"SKIP","floor":37},{"not_picked":["Scare","Vampiric_Strike+1"],"picked":"Siphon_Strength","floor":38},{"not_picked":["Mind Blast","Deep Breath"],"picked":"Bandage Up","floor":39}],"player_experience":834541,"relics_obtained":[{"floor":6,"key":"Lantern"},{"floor":9,"key":"Akabeko"},{"floor":12,"key":"Pen Nib"},{"floor":14,"key":"MawBank"},{"floor":23,"key":"Potion Belt"},{"floor":25,"key":"Strawberry"},{"floor":26,"key":"Matryoshka"},{"floor":30,"key":"Omamori"}],"event_choices":[{"damage_healed":0,"gold_gain":0,"player_choice":"Grow","damage_taken":0,"max_hp_gain":0,"max_hp_loss":0,"event_name":"Living Wall","floor":2,"gold_loss":0,"cards_upgraded":["Negative_Energy_Arrows"]},{"cards_removed":["Strike_W"],"damage_healed":0,"gold_gain":0,"player_choice":"Removed Attack","damage_taken":0,"max_hp_gain":0,"max_hp_loss":0,"event_name":"Falling","floor":36,"gold_loss":0},{"damage_healed":0,"gold_gain":0,"player_choice":"Memory 1","damage_taken":0,"max_hp_gain":0,"max_hp_loss":0,"event_name":"SensoryStone","floor":39,"gold_loss":0}],"is_beta":false,"boss_relics":[{"not_picked":["Ectoplasm","Calling Bell"],"picked":"Sozu"},{"not_picked":["SacredBark","Tiny House"],"picked":"Runic Pyramid"}],"items_purged_floors":[],"is_endless":false,"potions_floor_spawned":[3,4,5,11,21,22,25],"killed_by":"Reptomancer","ascension_level":7}}