{"host":"sup1rd0ujr5jgopq","time":1611542031,"event":{"mods":["BaseMod","Colored Map","Downfall","Minty Spire (QoL Compilation)","StSLib"],"gold_per_floor":[99,117,132,147,157,172,172,207,63,63,63,63,79,79,96,96,96,96],"floor_reached":16,"playtime":8651,"items_purged":["Guardian:Defend_Guardian"],"score":109,"play_id":"66c66321-35d7-4e52-b2d6-729ab405edf7","local_time":"20210124213351","is_ascension_mode":true,"campfire_choices":[{"data":"Guardian:TwinSlam","floor":1,"key":"SMITH"},{"data":"Guardian:PrismaticBarrier","floor":10,"key":"SMITH"},{"data":"Guardian:Repulse","floor":12,"key":"SMITH"}],"circlet_count":0,"master_deck":["Guardian:Strike_Guardian","Guardian:Strike_Guardian","Guardian:Defend_Guardian","Guardian:Defend_Guardian","Guardian:Defend_Guardian","Guardian:CurlUp","Guardian:TwinSlam+1","Guardian:PrimingBeam","Guardian:PrismaticBarrier+1","Guardian:PiercingHide","Guardian:GatlingBeam","Guardian:Repulse+1","Guardian:EvasiveProtocol","Guardian:BaubleBeam","Guardian:Gem_Yellow","Guardian:Gem_Green","Guardian:BronzeOrb"],"relics":["Guardian:ModeShifter","Ginger"],"acts_visited":["Exordium"],"potions_floor_usage":[16,16,16],"damage_taken":[{"damage":0,"enemies":"Small Slimes","floor":2,"turns":3},{"damage":0,"enemies":"Cultist","floor":3,"turns":4},{"damage":1,"enemies":"2 Louse","floor":4,"turns":3},{"damage":8,"enemies":"Gremlin Gang","floor":5,"turns":6},{"damage":4,"enemies":"Blue Slaver","floor":6,"turns":4},{"damage":26,"enemies":"Lagavulin","floor":8,"turns":9},{"damage":10,"enemies":"downfall:FleeingMerchant","floor":9,"turns":4},{"damage":11,"enemies":"3 Louse","floor":13,"turns":3},{"damage":7,"enemies":"2 Fungi Beasts","floor":15,"turns":4},{"damage":18,"enemies":"IC_STATUS_ARCHETYPE","floor":16,"turns":4}],"seed_played":"-4588118362255218862","potions_obtained":[{"floor":0,"key":"champ:CounterPotion"},{"floor":0,"key":"SteroidPotion"},{"floor":0,"key":"Ancient Potion"}],"is_trial":false,"path_per_floor":["R","M","M","M","M","M","T","E","$","R","?","R","M","?","M","B"],"character_chosen":"GUARDIAN","items_purchased":["Guardian:Gem_Lightblue"],"campfire_rested":0,"item_purchase_floors":[9],"current_hp_per_floor":[80,80,80,79,71,67,67,41,31,31,31,31,20,20,13,0,0,0],"gold":96,"neow_bonus":"THREE_SMALL_POTIONS","is_daily":false,"chose_seed":false,"campfire_upgraded":3,"win_rate":0.0,"timestamp":1611542031,"path_taken":["R","M","M","M","M","M","T","E","$","R","?","R","?","?","M","BOSS"],"items_purchased_type":["Card"],"build_version":"2020-12-13","purchased_purges":1,"victory":false,"max_hp_per_floor":[80,80,80,80,80,80,80,80,80,80,80,80,80,80,80,80,80,80],"card_choices":[{"not_picked":["Guardian:Gem_Fragmented","Guardian:RefractedBeam"],"picked":"Guardian:PrimingBeam","floor":2},{"not_picked":["Guardian:Gem_Purple","Guardian:ChargeCore"],"picked":"Guardian:PrismaticBarrier","floor":3},{"not_picked":["Guardian:Orbwalk","Guardian:ShieldSpikes"],"picked":"Guardian:Gem_Red","floor":4},{"not_picked":["Guardian:Gem_Red","Guardian:CrystalBeam"],"picked":"Guardian:PiercingHide","floor":5},{"not_picked":["Guardian:ChargeCore","Guardian:Recover"],"picked":"Guardian:GatlingBeam","floor":6},{"not_picked":["Guardian:Reroute","Guardian:TemporalStrike"],"picked":"Guardian:Repulse","floor":8},{"not_picked":["Guardian:PrismaticBeam","Guardian:BodySlam"],"picked":"Guardian:EvasiveProtocol","floor":9},{"not_picked":["Guardian:ChargeCore","Guardian:ShieldCharger"],"picked":"Guardian:Gem_Yellow","floor":13},{"not_picked":["Guardian:Clone","Guardian:Gem_Green"],"picked":"Guardian:BronzeOrb","floor":15}],"player_experience":93816,"relics_obtained":[{"floor":8,"key":"Ginger"}],"event_choices":[{"damage_healed":0,"gold_gain":0,"cards_transformed":["Guardian:Strike_Guardian"],"player_choice":"Change","damage_taken":0,"max_hp_gain":0,"max_hp_loss":0,"event_name":"Living Wall","floor":14,"gold_loss":0,"cards_obtained":["Guardian:Gem_Green"]}],"is_beta":false,"boss_relics":[],"items_purged_floors":[9],"is_endless":false,"potions_floor_spawned":[3,5,8,13,15],"killed_by":"IC_STATUS_ARCHETYPE","ascension_level":1}}