{"host":"xp5rvh2jwe2ejyfm","time":1611587798,"event":{"mods":["BaseMod","Downfall","Duelist Mod","GifTheSpireLib","Gremlin Mod","Hermit","Hubris","Minty Spire (QoL Compilation)","Robot Space Explorer","StSLib","The Blackbeard","The Clintock","The Construct","The Cursed","The Disciple","The Forsaken","The Hierophant","The Necromancer","The Runesmith","The Servant 0.9.4"],"gold_per_floor":[114,114,127,137,157,157,185,185,185,200,212,224,256,276,276,379,379,393,381,78,89,38,69,81,81,105,105,125,136,154,181,181,286,286,298,146,159,173,173,173,190,203,203,203,203],"floor_reached":44,"language":"ENG","playtime":2329,"items_purged":[],"score":545,"play_id":"533f38bb-8f3a-40dd-801b-3e856b358e3e","local_time":"20210125101638","is_ascension_mode":false,"campfire_choices":[{"data":"theForsaken:InspiringBlow","floor":6,"key":"SMITH"},{"data":"theForsaken:Prudence","floor":8,"key":"SMITH"},{"floor":15,"key":"DIG"},{"floor":27,"key":"DIG"},{"floor":32,"key":"DIG"},{"floor":40,"key":"DIG"}],"circlet_count":0,"master_deck":["theForsaken:TheForsaken_Strike","theForsaken:TheForsaken_Strike","theForsaken:TheForsaken_Strike","theForsaken:TheForsaken_Strike","theForsaken:TheForsaken_Defend","theForsaken:TheForsaken_Defend","theForsaken:TheForsaken_Defend","theForsaken:Smite","theForsaken:Penitence","theForsaken:CowardsBrand","theForsaken:Prudence+1","theForsaken:WordOfPower","theForsaken:InspiringBlow+1","theForsaken:DefensiveStance","theForsaken:RainingSunlight","theForsaken:HymnOfRest","theForsaken:QuickAttack","theForsaken:CleansingLight","theForsaken:FuryStrikes","theForsaken:Bolster","theForsaken:SpreadingPlague","theForsaken:PowerUp","theForsaken:InspiringBlow+1","Apotheosis+1","theForsaken:DefensiveStance","theForsaken:QuickAttack","theForsaken:HymnOfRest+1","theForsaken:Thunderbolt","theForsaken:TearsOfSunlight","theForsaken:DefensiveStance","theForsaken:BattleHymn","theForsaken:AncientWords","theForsaken:WordsOfMight","theForsaken:InspiringBlow","theForsaken:Riposte+1","theForsaken:DesperatePlea","theForsaken:ChargeAttack","theForsaken:BindingThorns","theForsaken:Thunderbolt","theForsaken:BountifulSunlight+1","theForsaken:BountifulSunlight+1"],"relics":["theForsaken:JudgementScales","NeowsBlessing","Eternal Feather","Shovel","Question Card","Art of War","Velvet Choker","theForsaken:ScaryMask","Happy Flower","Bag of Marbles","Runesmith:AutoHammer","White Beast Statue","hubris:ScarierMask","Sling","Dead Branch"],"acts_visited":["Exordium","TheCity","TheBeyond"],"potions_floor_usage":[7,18,19,28,31,33,33,33,41,44],"damage_taken":[{"damage":0,"enemies":"2 Louse","floor":1,"turns":1},{"damage":0,"enemies":"Cultist","floor":3,"turns":1},{"damage":0,"enemies":"Small Slimes","floor":4,"turns":1},{"damage":14,"enemies":"Blue Slaver","floor":5,"turns":5},{"damage":9,"enemies":"Lagavulin","floor":7,"turns":8},{"damage":0,"enemies":"2 Fungi Beasts","floor":10,"turns":4},{"damage":0,"enemies":"Exordium Thugs","floor":11,"turns":5},{"damage":0,"enemies":"Blue Slaver","floor":12,"turns":5},{"damage":7,"enemies":"3 Sentries","floor":13,"turns":10},{"damage":21,"enemies":"Large Slime","floor":14,"turns":6},{"damage":0,"enemies":"Slime Boss","floor":16,"turns":16},{"damage":10,"enemies":"3 Byrds","floor":18,"turns":4},{"damage":16,"enemies":"2 Thieves","floor":19,"turns":4},{"damage":15,"enemies":"Snecko","floor":21,"turns":7},{"damage":3,"enemies":"Gremlin Leader","floor":23,"turns":9},{"damage":13,"enemies":"Chosen and Byrds","floor":24,"turns":8},{"damage":4,"enemies":"Centurion and Healer","floor":28,"turns":6},{"damage":12,"enemies":"3 Cultists","floor":29,"turns":7},{"damage":0,"enemies":"Snake Plant","floor":30,"turns":5},{"damage":49,"enemies":"Book of Stabbing","floor":31,"turns":6},{"damage":30,"enemies":"Collector","floor":33,"turns":12},{"damage":10,"enemies":"3 Darklings","floor":35,"turns":8},{"damage":0,"enemies":"3 Shapes","floor":37,"turns":4},{"damage":18,"enemies":"3 Darklings","floor":38,"turns":5},{"damage":32,"enemies":"4 Shapes","floor":41,"turns":6},{"damage":27,"enemies":"Jaw Worm Horde","floor":42,"turns":5},{"damage":39,"enemies":"Giant Head","floor":44,"turns":6}],"seed_played":"6708626039417896808","potions_obtained":[{"floor":1,"key":"Fire Potion"},{"floor":7,"key":"DuplicationPotion"},{"floor":10,"key":"sneckomod:MuddlingPotion"},{"floor":14,"key":"Explosive Potion"},{"floor":16,"key":"Regen Potion"},{"floor":19,"key":"sneckomod:MuddlingPotion"},{"floor":21,"key":"bronze:BurnAndBuffPotion"},{"floor":23,"key":"Block Potion"},{"floor":24,"key":"LiquidMemories"},{"floor":29,"key":"SkillPotion"},{"floor":31,"key":"Dexterity Potion"},{"floor":33,"key":"FearPotion"},{"floor":35,"key":"sneckomod:MuddlingPotion"},{"floor":37,"key":"FearPotion"},{"floor":38,"key":"Dexterity Potion"},{"floor":41,"key":"Fruit Juice"},{"floor":42,"key":"sneckomod:MuddlingPotion"}],"is_trial":false,"path_per_floor":["M","?","M","M","M","R","E","R","T","M","M","M","E","M","R","B",null,"M","M","$","M","$","E","M","?","T","R","M","M","M","E","R","B",null,"M","$","M","M","?","R","M","M","T","E"],"character_chosen":"THE_FORSAKEN","items_purchased":["Apotheosis","theForsaken:DefensiveStance","theForsaken:QuickAttack","theForsaken:Thunderbolt","Sling"],"campfire_rested":0,"item_purchase_floors":[20,20,20,22,36],"current_hp_per_floor":[65,65,65,65,54,54,51,60,60,62,65,65,64,46,58,65,65,56,58,58,51,51,56,46,46,46,64,62,59,62,16,37,12,65,60,60,60,49,49,65,38,13,13,0,0],"gold":203,"neow_bonus":"THREE_ENEMY_KILL","is_daily":false,"chose_seed":false,"campfire_upgraded":2,"win_rate":0.0,"timestamp":1611587798,"path_taken":["M","?","M","?","M","R","E","R","T","M","M","M","E","?","R","BOSS","M","M","$","M","$","E","?","?","T","R","M","M","M","E","R","BOSS","M","$","M","M","?","R","M","M","T","E"],"items_purchased_type":["Card","Card","Card","Card","Relic"],"build_version":"2020-12-22","purchased_purges":0,"victory":false,"max_hp_per_floor":[65,65,65,65,65,65,65,65,65,65,65,65,65,65,65,65,65,65,65,65,65,65,65,65,65,65,65,65,65,65,65,65,65,65,65,65,65,65,65,65,70,70,70,70,70],"card_choices":[{"not_picked":["theForsaken:SolarFlare","theForsaken:BlessedWeapon"],"picked":"theForsaken:CowardsBrand","floor":1},{"not_picked":["theForsaken:AncientWords","theForsaken:HymnOfPatience"],"picked":"theForsaken:WordOfPower","floor":3},{"not_picked":["theForsaken:DefensiveStance","theForsaken:Devotion"],"picked":"theForsaken:InspiringBlow","floor":4},{"not_picked":["theForsaken:WordOfPower","theForsaken:Tranquility"],"picked":"theForsaken:DefensiveStance","floor":5},{"not_picked":["theForsaken:ShieldCharge","theForsaken:PanicDive"],"picked":"theForsaken:RainingSunlight","floor":7},{"not_picked":["theForsaken:ShieldCharge","theForsaken:Eulogy"],"picked":"theForsaken:HymnOfRest","floor":10},{"not_picked":["theForsaken:PreciseStrike","theForsaken:Preservation"],"picked":"theForsaken:QuickAttack","floor":11},{"not_picked":["theForsaken:LightRoll","theForsaken:NobleSacrifice"],"picked":"theForsaken:CleansingLight","floor":12},{"not_picked":["theForsaken:DivineGuidance","theForsaken:Terrorize"],"picked":"theForsaken:FuryStrikes","floor":13},{"not_picked":["theForsaken:Thunderbolt","theForsaken:FatRoll","theForsaken:NobleSacrifice"],"picked":"theForsaken:Bolster","floor":14},{"not_picked":["theForsaken:Temperance","theForsaken:Confusion","theForsaken:CorruptDeck"],"picked":"theForsaken:SpreadingPlague","floor":16},{"not_picked":["theForsaken:HymnOfPatience+1","theForsaken:AncientWords","theForsaken:Eulogy"],"picked":"theForsaken:PowerUp","floor":18},{"not_picked":["theForsaken:Thunderbolt","theForsaken:CorruptedWord","theForsaken:HorrifyingStrike"],"picked":"theForsaken:InspiringBlow+1","floor":19},{"not_picked":["theForsaken:FatRoll+1","theForsaken:PanicDive+1","theForsaken:Enfeeble"],"picked":"theForsaken:HymnOfRest+1","floor":21},{"not_picked":["theForsaken:HymnOfRest","theForsaken:WrathOfGod","theForsaken:WordsOfMight"],"picked":"theForsaken:TearsOfSunlight","floor":23},{"not_picked":["theForsaken:Backlash+1","theForsaken:FuryStrikes","theForsaken:StoreUp"],"picked":"theForsaken:DefensiveStance","floor":24},{"not_picked":["theForsaken:PanicDive","theForsaken:FatRoll+1","theForsaken:HorrifyingStrike"],"picked":"theForsaken:AncientWords","floor":28},{"not_picked":["theForsaken:FuryStrikes","theForsaken:Devotion","theForsaken:RainingSunlight"],"picked":"theForsaken:WordsOfMight","floor":29},{"not_picked":["theForsaken:RainingSunlight","theForsaken:Terrorize","theForsaken:FatRoll+1"],"picked":"theForsaken:InspiringBlow","floor":30},{"not_picked":["theForsaken:ShieldCharge+1","theForsaken:DivineGuidance","theForsaken:Preservation+1"],"picked":"theForsaken:Riposte+1","floor":31},{"not_picked":["theForsaken:Retribution","theForsaken:SacredOath","theForsaken:Mantra"],"picked":"theForsaken:DesperatePlea","floor":33},{"not_picked":["theForsaken:WordOfPower+1","theForsaken:RainingSunlight+1","theForsaken:FuryStrikes"],"picked":"theForsaken:ChargeAttack","floor":35},{"not_picked":["theForsaken:CreepingInfection+1","theForsaken:FuryStrikes+1","theForsaken:Backlash"],"picked":"theForsaken:BindingThorns","floor":37},{"not_picked":["theForsaken:Eulogy","theForsaken:Backlash+1","theForsaken:PowerUp+1"],"picked":"theForsaken:Thunderbolt","floor":38},{"not_picked":["theForsaken:PanicDive+1","theForsaken:NobleSacrifice+1","theForsaken:Backlash"],"picked":"theForsaken:BountifulSunlight+1","floor":41},{"not_picked":["theForsaken:Terrorize+1","theForsaken:HymnOfPatience","theForsaken:FuryStrikes"],"picked":"theForsaken:BountifulSunlight+1","floor":42}],"player_experience":329666,"relics_obtained":[{"floor":7,"key":"Eternal Feather"},{"floor":9,"key":"Shovel"},{"floor":13,"key":"Question Card"},{"floor":15,"key":"Art of War"},{"floor":23,"key":"theForsaken:ScaryMask"},{"floor":26,"key":"Happy Flower"},{"floor":27,"key":"Bag of Marbles"},{"floor":31,"key":"Runesmith:AutoHammer"},{"floor":32,"key":"White Beast Statue"},{"floor":40,"key":"Dead Branch"}],"event_choices":[{"damage_healed":0,"gold_gain":0,"cards_transformed":["theForsaken:TheForsaken_Defend"],"player_choice":"Transformed","damage_taken":0,"max_hp_gain":0,"max_hp_loss":0,"event_name":"Transmorgrifier","floor":2,"gold_loss":0,"cards_obtained":["theForsaken:Prudence"]},{"damage_healed":0,"gold_gain":0,"player_choice":"Read","damage_taken":0,"max_hp_gain":0,"max_hp_loss":0,"event_name":"The Library","floor":25,"gold_loss":0,"cards_obtained":["theForsaken:BattleHymn"]}],"is_beta":false,"boss_relics":[{"not_picked":["hubris:BlackHole","hubris:CrackedHourglass"],"picked":"Velvet Choker"},{"not_picked":["Runic Dome","Astrolabe"],"picked":"hubris:ScarierMask"}],"items_purged_floors":[],"is_endless":false,"potions_floor_spawned":[1,7,10,14,16,19,21,23,24,29,31,33,35,37,38,41,42],"killed_by":"Giant Head","ascension_level":0}}