{"host":"i0avyit1s6jb1siw","time":1611566323,"event":{"mods":["BaseMod","DeckTracker","Dota2Spire","Highlight Path","Minty Spire (QoL Compilation)","Quick Restart","StSLib","SuperFastMode"],"gold_per_floor":[118,118,131,151,151,151,181,215,264,264,264,283,294,319,319,114,114,210,210,223,44,44,44,68,88,119,119,119,119,34,70,32,32,53,53,53,147,147,165,189,214,214,239,275,275,182,182,209,209,209,242,575,627,640,640,640,640],"floor_reached":56,"language":"ENG","playtime":1388,"items_purged":["Strike_R","Strike_R+1"],"score":1231,"play_id":"e7b2adad-fc4d-464d-a4da-684810bf6100","local_time":"20210125101843","is_ascension_mode":true,"campfire_choices":[{"data":"Armaments","floor":6.0,"key":"SMITH"},{"floor":10.0,"key":"REST"},{"data":"Uppercut","floor":17.0,"key":"SMITH"},{"floor":27.0,"key":"REST"},{"floor":33.0,"key":"REST"},{"data":"Inflame","floor":35.0,"key":"SMITH"},{"data":"Inflame","floor":36.0,"key":"SMITH"},{"data":"1","floor":45,"key":"LIFT"},{"data":"2","floor":47,"key":"LIFT"},{"floor":50,"key":"REST"},{"floor":55,"key":"RECALL"}],"circlet_count":0,"master_deck":["AscendersBane","Defend_R+1","Defend_R+1","Defend_R+1","Defend_R+1","Bash","Anger","Shrug It Off","Armaments+1","Sword Boomerang+1","Shrug It Off","Pummel","Inflame+1","Uppercut+1","Feed","Battle Trance","Inflame+1","Shockwave","Corruption","Heavy Blade","Feel No Pain","Power Through","Demon Form","Armaments","Shrug It Off","Sentinel","Second Wind"],"relics":["SlaversCollar","Akabeko","Whetstone","Regal Pillow","Torii","Empty Cage","Membership Card","Boot","White Beast Statue","Nunchaku","Dota2Spire:EyeOfSkadi","Fusion Hammer","Girya","Dota2Spire:Vanguard","Sundial","Shuriken","Dota2Spire:HeartOfTarrasque"],"acts_visited":["Exordium","TheCity","TheBeyond"],"potions_floor_usage":[53,56],"damage_taken":[{"damage":6.0,"enemies":"2 Louse","floor":1.0,"turns":4.0},{"damage":9.0,"enemies":"Jaw Worm","floor":3.0,"turns":3.0},{"damage":7.0,"enemies":"Small Slimes","floor":4.0,"turns":4.0},{"damage":22.0,"enemies":"3 Sentries","floor":8.0,"turns":9.0},{"damage":0.0,"enemies":"2 Fungi Beasts","floor":12.0,"turns":3.0},{"damage":1.0,"enemies":"3 Louse","floor":13.0,"turns":3.0},{"damage":6.0,"enemies":"Lagavulin","floor":14.0,"turns":6.0},{"damage":3.0,"enemies":"Hexaghost","floor":18.0,"turns":7.0},{"damage":22.0,"enemies":"3 Byrds","floor":20.0,"turns":7.0},{"damage":15.0,"enemies":"2 Thieves","floor":24.0,"turns":4.0},{"damage":8.0,"enemies":"Snake Plant","floor":25.0,"turns":5.0},{"damage":43.0,"enemies":"Slavers","floor":26.0,"turns":8.0},{"damage":45.0,"enemies":"Gremlin Leader","floor":31.0,"turns":8.0},{"damage":14.0,"enemies":"Shelled Parasite and Fungi","floor":34.0,"turns":5.0},{"damage":21,"enemies":"Champ","floor":37,"turns":9},{"damage":2,"enemies":"3 Darklings","floor":39,"turns":6},{"damage":1,"enemies":"Orb Walker","floor":40,"turns":2},{"damage":15,"enemies":"Transient","floor":41,"turns":6},{"damage":10,"enemies":"Jaw Worm Horde","floor":43,"turns":4},{"damage":24,"enemies":"Giant Head","floor":44,"turns":7},{"damage":21,"enemies":"Nemesis","floor":51,"turns":9},{"damage":38,"enemies":"2 Orb Walkers","floor":53,"turns":6},{"damage":11,"enemies":"Writhing Mass","floor":54,"turns":5},{"damage":35,"enemies":"Awakened One","floor":56,"turns":10}],"seed_played":"-5009422951332456624","potions_obtained":[{"floor":8.0,"key":"EssenceOfSteel"},{"floor":12.0,"key":"Regen Potion"},{"floor":24.0,"key":"Explosive Potion"},{"floor":26.0,"key":"Dota2Spire:Clarity"},{"floor":31.0,"key":"Explosive Potion"},{"floor":34.0,"key":"DistilledChaos"},{"floor":39,"key":"Block Potion"},{"floor":44,"key":"DistilledChaos"},{"floor":53,"key":"SkillPotion"},{"floor":54,"key":"LiquidMemories"}],"is_trial":false,"path_per_floor":["M","?","M","M","?","R","?","E","T","R","?","M","M","E","?","$","R","B",null,"M","$","?","?","M","M","E","R","T","T","?","E","$","R","M","R","R","B",null,"M","M","M","?","M","E","R","$","R","T","T","R","E","?","?","M","R","B"],"character_chosen":"IRONCLAD","items_purchased":["Inflame","Uppercut","Membership Card","Battle Trance","Inflame","Armaments","Shrug It Off"],"campfire_rested":4,"item_purchase_floors":[16,16,21,21,32,46,46],"current_hp_per_floor":[62,55,46,39,39,39,39,17,17,54,59,59,58,52,52,52,52,49,66,47,47,47,47,35,31,6,46,46,46,46,10,10,53,42,42,42,25,82,84,86,71,71,64,40,40,40,40,40,40,88,67,67,37,26,26,0,0],"gold":640,"neow_bonus":"BOSS_RELIC","is_daily":false,"chose_seed":false,"campfire_upgraded":4,"win_rate":0.0,"timestamp":1611566323,"path_taken":["M","?","M","M","?","R","?","E","T","R","?","M","M","E","?","?","R","BOSS","M","$","?","?","M","M","E","R","T","T","?","E","$","R","M","R","R","BOSS","M","M","M","?","M","E","R","$","R","T","T","R","E","?","?","M","R","BOSS"],"items_purchased_type":["Card","Card","Relic","Card","Card","Card","Card"],"build_version":"2020-12-22","purchased_purges":2,"victory":false,"max_hp_per_floor":[75,75,75,75,75,75,75,75,75,75,80,80,80,80,72,72,72,72,72,75,75,75,75,78,82,85,85,85,85,85,94,94,94,97,97,97,101,101,105,108,108,108,111,111,111,111,111,111,111,111,111,111,119,119,119,123,123],"card_choices":[{"not_picked":["Headbutt","Clash"],"picked":"Anger","floor":1.0},{"not_picked":["Entrench","Perfected Strike"],"picked":"Shrug It Off","floor":3.0},{"not_picked":["Havoc","Dual Wield"],"picked":"Armaments","floor":4.0},{"not_picked":["Armaments","Flex"],"picked":"Sword Boomerang","floor":8.0},{"not_picked":["Thunderclap","Rampage"],"picked":"Shrug It Off","floor":12.0},{"not_picked":["Juggernaut","Metallicize"],"picked":"Pummel","floor":13.0},{"not_picked":["Brutality","Rampage","Headbutt"],"picked":"SKIP","floor":14.0},{"not_picked":["Impervious","Brutality"],"picked":"Feed","floor":18.0},{"not_picked":["Clash","Ghostly Armor","Clothesline"],"picked":"SKIP","floor":20.0},{"not_picked":["Body Slam","Combust","Perfected Strike"],"picked":"SKIP","floor":24.0},{"not_picked":["Thunderclap","Dual Wield","Headbutt"],"picked":"SKIP","floor":25.0},{"not_picked":["Juggernaut","Blood for Blood","Twin Strike+1"],"picked":"SKIP","floor":26.0},{"not_picked":["Sever Soul","True Grit","Pummel"],"picked":"SKIP","floor":31.0},{"not_picked":["Rampage+1","Body Slam"],"picked":"Shockwave","floor":34.0},{"not_picked":["Fiend Fire","Exhume"],"picked":"Corruption","floor":37},{"not_picked":["Twin Strike","Thunderclap+1"],"picked":"Heavy Blade","floor":39},{"not_picked":["True Grit","Clothesline","Body Slam"],"picked":"SKIP","floor":40},{"not_picked":["Shrug It Off","Wild Strike+1"],"picked":"Feel No Pain","floor":41},{"not_picked":["Second Wind+1","Wild Strike+1"],"picked":"Power Through","floor":43},{"not_picked":["Thunderclap+1","Fire Breathing+1"],"picked":"Demon Form","floor":44},{"not_picked":["Dual Wield","Flex","Whirlwind"],"picked":"SKIP","floor":51},{"not_picked":["Clash+1","Bloodletting"],"picked":"Sentinel","floor":53},{"not_picked":["Clash","Entrench"],"picked":"Second Wind","floor":54}],"player_experience":2330730,"relics_obtained":[{"floor":8.0,"key":"Whetstone"},{"floor":9.0,"key":"Regal Pillow"},{"floor":14.0,"key":"Torii"},{"floor":26.0,"key":"Boot"},{"floor":28.0,"key":"White Beast Statue"},{"floor":31.0,"key":"Dota2Spire:EyeOfSkadi"},{"floor":44,"key":"Girya"},{"floor":48,"key":"Dota2Spire:Vanguard"},{"floor":49,"key":"Sundial"},{"floor":51,"key":"Shuriken"},{"floor":53,"key":"Dota2Spire:HeartOfTarrasque"}],"event_choices":[{"cards_removed":["Strike_R"],"damage_healed":0.0,"max_hp_gain":0.0,"max_hp_loss":0.0,"gold_gain":0.0,"event_name":"Golden Wing","player_choice":"Card Removal","floor":2.0,"gold_loss":0.0,"damage_taken":7.0},{"damage_healed":0.0,"max_hp_gain":0.0,"max_hp_loss":0.0,"gold_gain":0.0,"event_name":"Liars Game","player_choice":"Ignored","floor":5.0,"gold_loss":0.0,"damage_taken":0.0},{"damage_healed":0.0,"max_hp_gain":0.0,"max_hp_loss":0.0,"gold_gain":30.0,"event_name":"Dead Adventurer","player_choice":"Searched \u00272\u0027 times","floor":7.0,"gold_loss":0.0,"damage_taken":0.0,"relics_obtained":["Akabeko"]},{"damage_healed":0.0,"max_hp_gain":5.0,"max_hp_loss":0.0,"gold_gain":0.0,"event_name":"Big Fish","player_choice":"Donut","floor":11.0,"gold_loss":0.0,"damage_taken":0.0},{"damage_healed":0.0,"max_hp_gain":0.0,"max_hp_loss":8.0,"gold_gain":0.0,"event_name":"Golden Idol","player_choice":"Lose Max HP","floor":15.0,"gold_loss":0.0,"damage_taken":0.0,"relics_obtained":["Golden Idol"]},{"damage_healed":0.0,"max_hp_gain":0.0,"max_hp_loss":0.0,"gold_gain":0.0,"event_name":"Back to Basics","player_choice":"Simplicity","floor":22.0,"gold_loss":0.0,"damage_taken":0.0,"cards_upgraded":["Defend_R","Defend_R","Defend_R","Defend_R"]},{"damage_healed":0.0,"max_hp_gain":0.0,"max_hp_loss":0.0,"gold_gain":0.0,"event_name":"The Mausoleum","player_choice":"Ignored","floor":23.0,"gold_loss":0.0,"damage_taken":0.0},{"damage_healed":0.0,"max_hp_gain":0.0,"max_hp_loss":0.0,"gold_gain":0.0,"event_name":"Addict","player_choice":"Obtained Relic","floor":30.0,"gold_loss":85.0,"damage_taken":0.0,"relics_obtained":["Nunchaku"]},{"damage_healed":0,"gold_gain":0,"player_choice":"Ignored","damage_taken":0,"max_hp_gain":0,"max_hp_loss":0,"event_name":"Tomb of Lord Red Mask","floor":42,"gold_loss":0},{"damage_healed":0,"gold_gain":333,"player_choice":"Gave Idol","damage_taken":0,"max_hp_gain":0,"max_hp_loss":0,"event_name":"The Moai Head","floor":52,"relics_lost":["Golden Idol"],"gold_loss":0},{"damage_healed":0,"gold_gain":0,"player_choice":"Fight","damage_taken":0,"max_hp_gain":0,"max_hp_loss":0,"event_name":"Mysterious Sphere","floor":53,"gold_loss":0}],"is_beta":false,"boss_relics":[{"not_picked":["Cursed Key","Sozu"],"picked":"Empty Cage"},{"not_picked":["Runic Dome","SacredBark"],"picked":"Fusion Hammer"}],"items_purged_floors":[16,46],"is_endless":false,"potions_floor_spawned":[8,12,24,25,26,31,34,37,39,40,41,43,44,51,53,54],"killed_by":"Awakened One","ascension_level":20}}