{"host":"sc0o2qwpf9j16a4i","time":1611575667,"event":{"mods":["AchievementEnabler","BaseMod","BetterRewards","Block Reminder","Colored Map","Colored Powertips","Custom Start","Highlight Path","Minty Spire (QoL Compilation)","Relic Stats"],"gold_per_floor":[118,118,193,208,208,241,268,294,369,403,436,436,470,501,501,596,596,611,461,478,478,478,510,510,543,543,570,570,597,644,707,707,838,838,881,414,414,492,492,577,661,780,780,918,949,982,982,1013,1013,1013],"floor_reached":51,"language":"ENG","playtime":2256,"items_purged":["Strike_P","Strike_P"],"score":1849,"play_id":"03074cee-8e9b-498c-a774-c08343a9104e","local_time":"20210125135427","daily_mods":["Cursed Run","Flight","Elite Swarm"],"is_ascension_mode":false,"campfire_choices":[{"floor":12,"key":"REST"},{"floor":15,"key":"REST"},{"data":"Wish","floor":28,"key":"SMITH"},{"data":"Ragnarok","floor":32,"key":"SMITH"},{"data":"Wish","floor":47,"key":"SMITH"},{"data":"Devotion","floor":49,"key":"SMITH"}],"circlet_count":0,"master_deck":["Strike_P+1","Defend_P+1","Defend_P+1","Defend_P+1","Defend_P+1","Eruption+1","Vigilance+1","Sanctity+1","WheelKick+1","Scrawl","Blasphemy","LessonLearned","Shame","DeusExMachina","Ragnarok+1","Vault+1","Vault+1","Parasite","Vault+1","Evaluate+1","DeceiveReality","Wireheading+1","Vault+1","Scrawl+1","DevaForm","Shame","Wish+1","Protect","Omniscience+1","Writhe","Omniscience","WheelKick+1","EmptyMind+1","Thinking Ahead+1","Flash of Steel","Thinking Ahead","Wish+1","Devotion+1","Wish+1","Parasite","SpiritShield","Ragnarok+1","Vault","Vault","Decay"],"relics":["Cursed Key","Darkstone Periapt","Du-Vu Doll","Pocketwatch","Bag of Marbles","Turnip","StrikeDummy","Matryoshka","GoldenEye","Art of War","Lizard Tail","Philosopher\u0027s Stone","TeardropLocket","Potion Belt","StoneCalendar","Orichalcum","Pear","Ice Cream","Eternal Feather","Oddly Smooth Stone","SlaversCollar","Akabeko","Strawberry","Vajra","Mercury Hourglass","Whetstone","Mango","Juzu Bracelet","FossilizedHelix","War Paint","Pen Nib","Blood Vial","Incense Burner"],"acts_visited":["Exordium","TheCity","TheBeyond"],"potions_floor_usage":[8,29,35,35,42,42],"damage_taken":[{"damage":0.0,"enemies":"Small Slimes","floor":1.0,"turns":4.0},{"damage":0,"enemies":"Cultist","floor":4,"turns":3},{"damage":28,"enemies":"Gremlin Nob","floor":6,"turns":3},{"damage":0,"enemies":"Lagavulin","floor":7,"turns":5},{"damage":2,"enemies":"3 Sentries","floor":8,"turns":9},{"damage":2,"enemies":"Lagavulin","floor":10,"turns":6},{"damage":8,"enemies":"3 Sentries","floor":11,"turns":8},{"damage":0,"enemies":"Gremlin Nob","floor":13,"turns":2},{"damage":0,"enemies":"Lagavulin","floor":14,"turns":2},{"damage":0,"enemies":"Slime Boss","floor":16,"turns":2},{"damage":0,"enemies":"3 Byrds","floor":18,"turns":4},{"damage":0,"enemies":"Spheric Guardian","floor":20,"turns":2},{"damage":0,"enemies":"Slavers","floor":23,"turns":3},{"damage":0,"enemies":"Gremlin Leader","floor":25,"turns":6},{"damage":0,"enemies":"Book of Stabbing","floor":27,"turns":7},{"damage":0,"enemies":"Slavers","floor":29,"turns":4},{"damage":0,"enemies":"Shelled Parasite and Fungi","floor":30,"turns":5},{"damage":4,"enemies":"Gremlin Leader","floor":31,"turns":5},{"damage":0,"enemies":"Automaton","floor":33,"turns":5},{"damage":0,"enemies":"3 Darklings","floor":35,"turns":5},{"damage":0,"enemies":"Orb Walker","floor":38,"turns":2},{"damage":0,"enemies":"Reptomancer","floor":40,"turns":7},{"damage":0,"enemies":"Nemesis","floor":41,"turns":6},{"damage":0,"enemies":"Giant Head","floor":42,"turns":7},{"damage":0,"enemies":"Reptomancer","floor":44,"turns":5},{"damage":0,"enemies":"Giant Head","floor":45,"turns":4},{"damage":0,"enemies":"Reptomancer","floor":46,"turns":5},{"damage":0,"enemies":"Nemesis","floor":48,"turns":5},{"damage":0,"enemies":"Time Eater","floor":50,"turns":5}],"seed_played":"5150368598197459712","potions_obtained":[{"floor":1.0,"key":"BlessingOfTheForge"},{"floor":8,"key":"Ancient Potion"},{"floor":13,"key":"DuplicationPotion"},{"floor":14,"key":"Strength Potion"},{"floor":25,"key":"DistilledChaos"},{"floor":27,"key":"Fire Potion"},{"floor":33,"key":"Regen Potion"},{"floor":38,"key":"StancePotion"},{"floor":44,"key":"SteroidPotion"},{"floor":45,"key":"Energy Potion"}],"is_trial":true,"path_per_floor":["M","?","?","M","?","E","E","E","T","E","E","R","E","E","R","B",null,"M","$","M","?","?","E","?","E","T","E","R","E","M","E","R","B",null,"M","$","?","M","?","E","E","E","T","E","E","E","R","E","R","B",null],"character_chosen":"WATCHER","items_purchased":["DeceiveReality","Akabeko","Strawberry","EmptyMind"],"campfire_rested":2,"item_purchase_floors":[19,36,36,36],"current_hp_per_floor":[72,65,58,58,58,30,30,28,34,32,24,47,47,47,70,76,84,84,84,84,84,84,84,84,84,100,100,100,100,100,96,100,106,106,106,113,113,113,103,103,103,117,123,123,123,123,133,133,133,139],"gold":1013,"neow_bonus":"","is_daily":false,"chose_seed":false,"campfire_upgraded":4,"win_rate":0.0,"timestamp":1611575667,"path_taken":["M","?","?","?","?","E","E","E","T","E","E","R","E","E","R","BOSS","M","$","?","?","?","E","?","E","T","E","R","E","?","E","R","BOSS","M","$","?","?","?","E","E","E","T","E","E","E","R","E","R","BOSS"],"items_purchased_type":["Card","Relic","Relic","Card"],"build_version":"2020-12-22","purchased_purges":2,"victory":true,"max_hp_per_floor":[72,72,72,72,72,72,72,72,78,78,78,78,78,78,78,84,84,84,84,84,84,84,84,84,84,100,100,100,100,100,100,100,106,106,106,113,113,113,113,113,113,127,133,133,133,133,133,133,133,139],"relic_stats":{"Darkstone Periapt":36,"counters":[29,135],"StoneCalendar":[47],"Eternal Feather":14,"Pen Nib":[1],"Juzu Bracelet":0,"Whetstone":["WheelKick","WheelKick"],"Orichalcum":[174],"War Paint":["EmptyMind","Vault"],"Cursed Key":3,"GoldenEye":[54],"Mercury Hourglass":[143],"Blood Vial":0,"Lizard Tail":0,"Turnip":[39],"Art of War":[29],"obtain_stats":[{"Darkstone Periapt":0,"Ice Cream":27,"Vajra":37,"StoneCalendar":25,"Mango":42,"Juzu Bracelet":43,"Incense Burner":48,"TeardropLocket":22,"Whetstone":41,"Cursed Key":0,"Blood Vial":46,"Lizard Tail":14,"Matryoshka":10,"Strawberry":36,"Philosopher\u0027s Stone":17,"Potion Belt":23,"Pear":26,"Oddly Smooth Stone":31,"Eternal Feather":29,"Pen Nib":45,"Orichalcum":26,"War Paint":44,"GoldenEye":11,"Akabeko":36,"Mercury Hourglass":40,"Du-Vu Doll":0,"SlaversCollar":34,"Turnip":8,"Bag of Marbles":7,"Art of War":13,"StrikeDummy":9,"FossilizedHelix":43,"Pocketwatch":6},{"Darkstone Periapt":0,"Ice Cream":15,"Vajra":20,"StoneCalendar":14,"Mango":24,"Juzu Bracelet":24,"Incense Burner":28,"TeardropLocket":12,"Whetstone":23,"Cursed Key":0,"Blood Vial":27,"Lizard Tail":9,"Matryoshka":6,"Strawberry":20,"Philosopher\u0027s Stone":10,"Potion Belt":13,"Pear":14,"Oddly Smooth Stone":18,"Eternal Feather":16,"Pen Nib":26,"Orichalcum":14,"War Paint":25,"GoldenEye":7,"Akabeko":20,"Mercury Hourglass":22,"Du-Vu Doll":0,"SlaversCollar":19,"Turnip":5,"Bag of Marbles":4,"Art of War":8,"StrikeDummy":5,"FossilizedHelix":24,"Pocketwatch":3},{"Darkstone Periapt":0,"Ice Cream":66,"Vajra":90,"StoneCalendar":59,"Mango":111,"Juzu Bracelet":111,"Incense Burner":130,"TeardropLocket":50,"Whetstone":104,"Cursed Key":0,"Blood Vial":125,"Lizard Tail":42,"Matryoshka":30,"Strawberry":90,"Philosopher\u0027s Stone":44,"Potion Belt":53,"Pear":59,"Oddly Smooth Stone":80,"Eternal Feather":70,"Pen Nib":120,"Orichalcum":59,"War Paint":116,"GoldenEye":38,"Akabeko":90,"Mercury Hourglass":99,"Du-Vu Doll":0,"SlaversCollar":85,"Turnip":24,"Bag of Marbles":15,"Art of War":40,"StrikeDummy":24,"FossilizedHelix":111,"Pocketwatch":10}],"Pocketwatch":[148]},"card_choices":[{"not_picked":["JustLucky","Prostrate"],"picked":"Sanctity","floor":1.0},{"not_picked":["EmptyFist","BowlingBash"],"picked":"WheelKick","floor":4},{"not_picked":["Vault","DevaForm"],"picked":"Scrawl","floor":6},{"not_picked":["DevaForm","Vault"],"picked":"Blasphemy","floor":7},{"not_picked":["Judgement","Brilliance"],"picked":"LessonLearned","floor":8},{"not_picked":["ConjureBlade","MasterReality"],"picked":"DeusExMachina","floor":10},{"not_picked":["Blasphemy","MasterReality"],"picked":"Ragnarok","floor":11},{"not_picked":["Judgement","SpiritShield"],"picked":"Vault","floor":13},{"not_picked":["DeusExMachina","Scrawl"],"picked":"Vault","floor":14},{"not_picked":["Ragnarok","Blasphemy"],"picked":"Vault","floor":16},{"not_picked":["FlyingSleeves","ThirdEye"],"picked":"Evaluate+1","floor":18},{"not_picked":["Fasting2","ForeignInfluence","CrushJoints"],"picked":"SKIP","floor":20},{"not_picked":["Alpha","Establishment"],"picked":"Vault","floor":23},{"not_picked":["Ragnarok","Brilliance"],"picked":"DevaForm","floor":25},{"not_picked":["DevaForm","Omniscience"],"picked":"Wish","floor":27},{"not_picked":["Judgement","MasterReality","DevaForm"],"picked":"SKIP","floor":29},{"not_picked":["DeceiveReality","ForeignInfluence"],"picked":"Protect","floor":30},{"not_picked":["Establishment","Ragnarok"],"picked":"Omniscience","floor":31},{"not_picked":["Devotion","Brilliance"],"picked":"Omniscience","floor":33},{"not_picked":["BattleHymn+1","SandsOfTime+1"],"picked":"WheelKick","floor":35},{"not_picked":["CarveReality+1","BattleHymn+1","Prostrate+1"],"picked":"SKIP","floor":38},{"not_picked":["Purity","Transmutation"],"picked":"Thinking Ahead","floor":39},{"not_picked":["Swift Strike","HandOfGreed"],"picked":"Flash of Steel","floor":39},{"not_picked":["Metamorphosis","Deep Breath"],"picked":"Thinking Ahead","floor":39},{"not_picked":["Alpha","DeusExMachina"],"picked":"Wish","floor":40},{"not_picked":["DeusExMachina","Ragnarok"],"picked":"Devotion","floor":41},{"not_picked":["ConjureBlade","Ragnarok"],"picked":"Wish","floor":42},{"not_picked":["LessonLearned","ConjureBlade"],"picked":"SpiritShield","floor":44},{"not_picked":["Alpha","Blasphemy"],"picked":"Ragnarok","floor":45},{"not_picked":["LessonLearned","SpiritShield"],"picked":"Vault","floor":46},{"not_picked":["Scrawl","Establishment"],"picked":"Vault","floor":48}],"player_experience":937447,"relics_obtained":[{"floor":6,"key":"Pocketwatch"},{"floor":7,"key":"Bag of Marbles"},{"floor":8,"key":"Turnip"},{"floor":9,"key":"StrikeDummy"},{"floor":10,"key":"Matryoshka"},{"floor":11,"key":"GoldenEye"},{"floor":13,"key":"Art of War"},{"floor":14,"key":"Lizard Tail"},{"floor":23,"key":"Potion Belt"},{"floor":25,"key":"StoneCalendar"},{"floor":26,"key":"Orichalcum"},{"floor":26,"key":"Pear"},{"floor":27,"key":"Ice Cream"},{"floor":29,"key":"Eternal Feather"},{"floor":31,"key":"Oddly Smooth Stone"},{"floor":40,"key":"Mercury Hourglass"},{"floor":41,"key":"Whetstone"},{"floor":42,"key":"Mango"},{"floor":43,"key":"Juzu Bracelet"},{"floor":43,"key":"FossilizedHelix"},{"floor":44,"key":"War Paint"},{"floor":45,"key":"Pen Nib"},{"floor":46,"key":"Blood Vial"},{"floor":48,"key":"Incense Burner"}],"event_choices":[{"cards_removed":["Strike_P"],"damage_healed":0.0,"max_hp_gain":0.0,"max_hp_loss":0.0,"gold_gain":0.0,"event_name":"Golden Wing","player_choice":"Card Removal","floor":2.0,"gold_loss":0.0,"damage_taken":7.0},{"damage_healed":0,"gold_gain":75,"player_choice":"Touch","damage_taken":7,"max_hp_gain":0,"max_hp_loss":0,"event_name":"FaceTrader","floor":3,"gold_loss":0},{"damage_healed":0,"gold_gain":0,"player_choice":"Upgraded","damage_taken":0,"max_hp_gain":0,"max_hp_loss":0,"event_name":"Upgrade Shrine","floor":5,"gold_loss":0,"cards_upgraded":["Eruption"]},{"damage_healed":0,"gold_gain":0,"player_choice":"Read","damage_taken":0,"max_hp_gain":0,"max_hp_loss":0,"event_name":"The Library","floor":21,"gold_loss":0,"cards_obtained":["Wireheading"]},{"damage_healed":0,"gold_gain":0,"player_choice":"Opened","damage_taken":0,"relics_obtained":["TeardropLocket"],"max_hp_gain":0,"max_hp_loss":0,"event_name":"The Mausoleum","floor":22,"gold_loss":0},{"damage_healed":0,"gold_gain":0,"player_choice":"Copied","damage_taken":0,"max_hp_gain":0,"max_hp_loss":0,"event_name":"Duplicator","floor":24,"gold_loss":0,"cards_obtained":["Scrawl"]},{"damage_healed":0,"gold_gain":0,"player_choice":"Gave Potion","damage_taken":0,"relics_obtained":["Vajra"],"max_hp_gain":0,"max_hp_loss":0,"event_name":"WeMeetAgain","floor":37,"gold_loss":0},{"damage_healed":0,"gold_gain":0,"player_choice":"Memory 3","damage_taken":10,"max_hp_gain":0,"max_hp_loss":0,"event_name":"SensoryStone","floor":39,"gold_loss":0}],"is_beta":false,"boss_relics":[{"not_picked":["Coffee Dripper","Runic Pyramid"],"picked":"Philosopher\u0027s Stone"},{"not_picked":["Pandora\u0027s Box","Runic Dome"],"picked":"SlaversCollar"}],"items_purged_floors":[19,36],"is_endless":false,"potions_floor_spawned":[1,8,13,14,25,27,33,38,44,45],"ascension_level":0}}