{"host":"2l3i55whvwk76mom","time":1611548754,"event":{"mods":["BaseMod","Googly Eyes","Hermit","Hubris","Minty Spire (QoL Compilation)","Replay The Spire","StSLib","The Cursed","The Disciple","The Hierophant","The Jungle","The Necromancer"],"gold_per_floor":[119,132,143,161,161,179,179,211,238,269,18,18,18,43,43,43,43],"floor_reached":16,"language":"ENG","playtime":493,"items_purged":[],"score":146,"play_id":"91657ee8-90f8-473f-bac0-5c70fa51a05a","local_time":"20210124202554","is_ascension_mode":true,"campfire_choices":[{"data":"Replay:Undeath\u0027s Touch","floor":7,"key":"SMITH"},{"floor":15,"key":"REST"}],"circlet_count":0,"master_deck":["Strike_R","Strike_R","Strike_R","Strike_R","Strike_R","Defend_R","Defend_R","Defend_R","Defend_R","Bash","Dropkick","Cleave","Replay:Undeath\u0027s Touch+1","Evolve","Replay:Undeath\u0027s Touch","Spot Weakness","Pot Of Greed","Pot Of Greed","Wild Strike","Fire Breathing","Fire Breathing","Sword Boomerang+1","Uppercut"],"relics":["Burning Blood","NeowsBlessing","hubris:IronBody","Grinning Jar","ReplayTheSpireMod:Ninjato","DollysMirror","Golden Idol"],"acts_visited":["Exordium"],"potions_floor_usage":[4,6,10],"damage_taken":[{"damage":0,"enemies":"Cultist","floor":1,"turns":1},{"damage":0,"enemies":"Small Slimes","floor":2,"turns":1},{"damage":0,"enemies":"2 Louse","floor":3,"turns":1},{"damage":0,"enemies":"Exordium Wildlife","floor":4,"turns":2},{"damage":17,"enemies":"Gremlin Gang","floor":6,"turns":3},{"damage":32,"enemies":"Gremlin Nob","floor":8,"turns":4},{"damage":32,"enemies":"Lagavulin","floor":10,"turns":9},{"damage":25,"enemies":"Exordium Thugs","floor":14,"turns":4},{"damage":46,"enemies":"Slime Boss","floor":16,"turns":7}],"seed_played":"-3590516585036132970","potions_obtained":[{"floor":2,"key":"SpeedPotion"},{"floor":3,"key":"Explosive Potion"},{"floor":4,"key":"Adrenaline Potion"}],"is_trial":false,"path_per_floor":["M","M","M","M","?","M","R","E","T","E","$","?","?","M","R","B"],"character_chosen":"IRONCLAD","items_purchased":["Fire Breathing","DollysMirror","Sword Boomerang+1"],"campfire_rested":1,"item_purchase_floors":[11,11,11],"current_hp_per_floor":[78,80,80,80,80,69,69,43,43,17,17,43,43,24,46,0,0],"gold":43,"neow_bonus":"THREE_ENEMY_KILL","is_daily":false,"chose_seed":false,"campfire_upgraded":1,"win_rate":0.0,"timestamp":1611548754,"path_taken":["M","M","M","M","?","M","R","E","T","E","$","?","?","?","R","BOSS"],"items_purchased_type":["Card","Relic","Card"],"build_version":"2020-12-22","purchased_purges":0,"victory":false,"max_hp_per_floor":[80,80,80,80,80,80,80,80,80,80,80,80,74,74,74,74,74],"card_choices":[{"not_picked":["Havoc","Warcry"],"picked":"Dropkick","floor":1},{"not_picked":["Havoc","Twin Strike"],"picked":"Cleave","floor":2},{"not_picked":["True Grit","Sentinel"],"picked":"Replay:Undeath\u0027s Touch","floor":3},{"not_picked":["Wild Strike","Sever Soul"],"picked":"Evolve","floor":4},{"not_picked":["Heavy Blade","Massacre"],"picked":"Replay:Undeath\u0027s Touch","floor":6},{"not_picked":["True Grit","Run Through"],"picked":"Spot Weakness","floor":8},{"not_picked":["Iron Wave","Flame Barrier"],"picked":"Wild Strike","floor":10},{"not_picked":["True Grit","Body Slam"],"picked":"Uppercut","floor":14}],"player_experience":322802,"relics_obtained":[{"floor":8,"key":"hubris:IronBody"},{"floor":9,"key":"Grinning Jar"},{"floor":10,"key":"ReplayTheSpireMod:Ninjato"}],"event_choices":[{"damage_healed":0,"gold_gain":0,"player_choice":"Leave","damage_taken":0,"max_hp_gain":0,"max_hp_loss":0,"event_name":"The Cleric","floor":5,"gold_loss":0},{"damage_healed":26,"gold_gain":0,"player_choice":"Banana","damage_taken":0,"max_hp_gain":0,"max_hp_loss":0,"event_name":"Big Fish","floor":12,"gold_loss":0},{"damage_healed":0,"gold_gain":0,"player_choice":"Lose Max HP","damage_taken":0,"relics_obtained":["Golden Idol"],"max_hp_gain":0,"max_hp_loss":6,"event_name":"Golden Idol","floor":13,"gold_loss":0}],"is_beta":false,"boss_relics":[],"items_purged_floors":[],"is_endless":false,"potions_floor_spawned":[2,3,4],"killed_by":"Slime Boss","ascension_level":6}}