{"host":"hlz9nytggqnehs39","time":1611613597,"event":{"mods":["BaseMod","Highlight Path","Minty Spire (QoL Compilation)","Relic Stats"],"gold_per_floor":[114,128,147,20,35,35,60,60,87,106,106,126,160,235,235,337,337,354,354,372,372,398,433,433,433,433,466,167,167,187,220,220,316,316,330,25,38,53,103,103,138,138,162,181,207,207,33,51,51,51],"floor_reached":51,"language":"ENG","playtime":3363,"items_purged":["Strike_B","Strike_B","Strike_B"],"score":1271,"play_id":"d82c4c23-42a4-4f05-8d69-67a289aca766","local_time":"20210125232637","is_ascension_mode":true,"campfire_choices":[{"data":"Loop","floor":6,"key":"SMITH"},{"data":"Zap","floor":8,"key":"SMITH"},{"data":"Hologram","floor":11,"key":"SMITH"},{"data":"Coolheaded","floor":15,"key":"SMITH"},{"data":"Defragment","floor":25,"key":"SMITH"},{"data":"Loop","floor":29,"key":"SMITH"},{"data":"Capacitor","floor":32,"key":"SMITH"},{"data":"Coolheaded","floor":40,"key":"SMITH"},{"data":"Barrage","floor":42,"key":"SMITH"},{"data":"Coolheaded","floor":46,"key":"SMITH"},{"data":"Machine Learning","floor":49,"key":"SMITH"}],"circlet_count":0,"master_deck":["Defend_B","Defend_B","Defend_B","Defend_B+1","Zap+1","Dualcast","Compile Driver","Turbo+1","Loop+1","Coolheaded+1","Hologram+1","Compile Driver","Glacier","Coolheaded+1","Electrodynamics","Stack+1","Defragment+1","Go for the Eyes+1","Ball Lightning","Undo","Coolheaded+1","Loop+1","Capacitor+1","Barrage+1","Creative AI","Ball Lightning+1","Amplify+1","Force Field+1","Machine Learning+1","Skim+1","Force Field+1"],"relics":["Cracked Core","Centennial Puzzle","DataDisk","War Paint","Coffee Dripper","Akabeko","Mummified Hand","Happy Flower","Strawberry","Toxic Egg 2","SlaversCollar","Pocketwatch","Emotion Chip","Oddly Smooth Stone","Blood Vial","Shuriken"],"acts_visited":["Exordium","TheCity","TheBeyond"],"potions_floor_usage":[7,13,16,20,23,23,23,23,27,27,30,39,39,41,44,50],"damage_taken":[{"damage":1,"enemies":"Cultist","floor":1,"turns":3},{"damage":2,"enemies":"2 Louse","floor":2,"turns":2},{"damage":0,"enemies":"Small Slimes","floor":3,"turns":2},{"damage":6,"enemies":"Blue Slaver","floor":5,"turns":4},{"damage":10,"enemies":"3 Sentries","floor":7,"turns":6},{"damage":6,"enemies":"2 Fungi Beasts","floor":10,"turns":3},{"damage":1,"enemies":"Red Slaver","floor":12,"turns":3},{"damage":0,"enemies":"Lagavulin","floor":13,"turns":7},{"damage":0,"enemies":"The Guardian","floor":16,"turns":12},{"damage":0,"enemies":"Spheric Guardian","floor":18,"turns":4},{"damage":0,"enemies":"Shell Parasite","floor":20,"turns":5},{"damage":0,"enemies":"Gremlin Leader","floor":23,"turns":7},{"damage":0,"enemies":"Slavers","floor":27,"turns":2},{"damage":1,"enemies":"Shelled Parasite and Fungi","floor":30,"turns":6},{"damage":0,"enemies":"Gremlin Leader","floor":31,"turns":5},{"damage":19,"enemies":"Automaton","floor":33,"turns":10},{"damage":0,"enemies":"Orb Walker","floor":35,"turns":3},{"damage":0,"enemies":"3 Shapes","floor":37,"turns":3},{"damage":2,"enemies":"Jaw Worm Horde","floor":38,"turns":5},{"damage":11,"enemies":"2 Orb Walkers","floor":39,"turns":4},{"damage":0,"enemies":"Reptomancer","floor":41,"turns":7},{"damage":2,"enemies":"Sphere and 2 Shapes","floor":44,"turns":4},{"damage":0,"enemies":"Nemesis","floor":45,"turns":7},{"damage":1,"enemies":"3 Darklings","floor":48,"turns":5},{"damage":24,"enemies":"Donu and Deca","floor":50,"turns":8}],"seed_played":"-2115643259616215994","potions_obtained":[{"floor":1,"key":"FocusPotion"},{"floor":2,"key":"BlessingOfTheForge"},{"floor":7,"key":"Strength Potion"},{"floor":16,"key":"AttackPotion"},{"floor":20,"key":"EntropicBrew"},{"floor":27,"key":"EssenceOfSteel"},{"floor":37,"key":"Swift Potion"},{"floor":38,"key":"Ancient Potion"},{"floor":39,"key":"BlessingOfTheForge"}],"is_trial":false,"path_per_floor":["M","M","M","$","M","R","E","R","T","M","R","M","E","?","R","B",null,"M","?","M","?","T","E","?","R","T","E","$","R","M","E","R","B",null,"M","$","M","M","?","R","E","R","T","M","E","R","$","M","R","B",null],"character_chosen":"DEFECT","items_purchased":["Coolheaded","Undo","Coolheaded","Loop","Pocketwatch","PowerPotion"],"campfire_rested":0,"item_purchase_floors":[4,28,28,28,36,47],"current_hp_per_floor":[74,72,72,72,66,66,56,56,56,50,50,49,49,38,38,38,71,71,71,71,71,71,71,71,71,71,78,78,78,77,77,77,58,81,81,81,81,79,68,68,68,68,68,68,70,70,70,71,71,49],"gold":51,"neow_bonus":"TEN_PERCENT_HP_BONUS","is_daily":false,"chose_seed":false,"campfire_upgraded":11,"win_rate":0.0,"timestamp":1611613597,"path_taken":["M","M","M","$","M","R","E","R","T","M","R","?","E","?","R","BOSS","M","?","M","?","?","E","?","R","T","E","$","R","?","E","R","BOSS","M","$","M","M","?","R","E","R","T","M","E","R","$","M","R","BOSS"],"items_purchased_type":["Card","Card","Card","Card","Relic","Potion"],"build_version":"2020-12-22","purchased_purges":3,"victory":true,"max_hp_per_floor":[82,82,82,82,82,82,82,82,82,82,82,82,82,82,82,82,82,82,82,82,82,82,82,82,82,82,89,89,89,89,89,89,89,89,89,89,89,89,89,89,89,89,89,89,89,89,89,89,89,89],"relic_stats":{"Blood Vial":8,"Centennial Puzzle":[27],"Emotion Chip":[6,2,4,0,0],"Happy Flower":[23],"counters":[25,123],"Mummified Hand":[118],"Shuriken":[0],"War Paint":["Defend_B","Turbo"],"obtain_stats":[{"Happy Flower":26,"Oddly Smooth Stone":41,"War Paint":13,"Akabeko":22,"Blood Vial":43,"SlaversCollar":34,"Centennial Puzzle":7,"DataDisk":9,"Emotion Chip":39,"Mummified Hand":23,"Shuriken":45,"Strawberry":27,"Coffee Dripper":17,"Toxic Egg 2":31,"Cracked Core":0,"Pocketwatch":36},{"Happy Flower":12,"Oddly Smooth Stone":21,"War Paint":8,"Akabeko":11,"Blood Vial":21,"SlaversCollar":16,"Centennial Puzzle":5,"DataDisk":5,"Emotion Chip":20,"Mummified Hand":12,"Shuriken":23,"Strawberry":13,"Coffee Dripper":9,"Toxic Egg 2":15,"Cracked Core":0,"Pocketwatch":17},{"Happy Flower":58,"Oddly Smooth Stone":100,"War Paint":30,"Akabeko":51,"Blood Vial":100,"SlaversCollar":79,"Centennial Puzzle":17,"DataDisk":17,"Emotion Chip":93,"Mummified Hand":58,"Shuriken":110,"Strawberry":60,"Coffee Dripper":42,"Toxic Egg 2":70,"Cracked Core":0,"Pocketwatch":82}],"Pocketwatch":[20]},"card_choices":[{"not_picked":["Hello World","BootSequence"],"picked":"Compile Driver","floor":1},{"not_picked":["Redo","Hologram"],"picked":"Turbo","floor":2},{"not_picked":["Steam","Barrage"],"picked":"Loop","floor":3},{"not_picked":["Reprogram","Steam"],"picked":"Hologram","floor":5},{"not_picked":["Hologram","Steam"],"picked":"Compile Driver","floor":7},{"not_picked":["Darkness","Turbo"],"picked":"Glacier","floor":10},{"not_picked":["Meteor Strike","Turbo","Darkness"],"picked":"SKIP","floor":12},{"not_picked":["Cold Snap","Beam Cell"],"picked":"Coolheaded","floor":13},{"not_picked":["Buffer","Rainbow"],"picked":"Electrodynamics","floor":16},{"not_picked":["FTL","Leap"],"picked":"Stack+1","floor":18},{"not_picked":["Hologram","Compile Driver"],"picked":"Go for the Eyes+1","floor":20},{"not_picked":["Rebound","Steam Power","Electrodynamics"],"picked":"SKIP","floor":23},{"not_picked":["Sweeping Beam","Rebound"],"picked":"Ball Lightning","floor":27},{"not_picked":["Leap","Creative AI"],"picked":"Capacitor","floor":30},{"not_picked":["Ball Lightning+1","Rip and Tear"],"picked":"Barrage","floor":31},{"not_picked":["Reboot+1","All For One"],"picked":"Creative AI","floor":33},{"not_picked":["Stack+1","Conserve Battery+1","Gash+1"],"picked":"SKIP","floor":35},{"not_picked":["Compile Driver+1","Redo+1"],"picked":"Ball Lightning+1","floor":37},{"not_picked":["Aggregate+1","Go for the Eyes+1"],"picked":"Amplify+1","floor":38},{"not_picked":["Conserve Battery+1","Leap+1"],"picked":"Force Field+1","floor":39},{"not_picked":["Heatsinks","Streamline","Aggregate+1"],"picked":"SKIP","floor":41},{"not_picked":["Gash","Streamline+1"],"picked":"Machine Learning","floor":44},{"not_picked":["Heatsinks","Storm"],"picked":"Skim+1","floor":45},{"not_picked":["Scrape","Redo+1"],"picked":"Force Field+1","floor":48}],"player_experience":386290,"relics_obtained":[{"floor":7,"key":"Centennial Puzzle"},{"floor":9,"key":"DataDisk"},{"floor":13,"key":"War Paint"},{"floor":22,"key":"Akabeko"},{"floor":23,"key":"Mummified Hand"},{"floor":26,"key":"Happy Flower"},{"floor":27,"key":"Strawberry"},{"floor":31,"key":"Toxic Egg 2"},{"floor":39,"key":"Emotion Chip"},{"floor":41,"key":"Oddly Smooth Stone"},{"floor":43,"key":"Blood Vial"},{"floor":45,"key":"Shuriken"}],"event_choices":[{"damage_healed":0,"gold_gain":75,"player_choice":"Gather Gold","damage_taken":11,"max_hp_gain":0,"max_hp_loss":0,"event_name":"World of Goop","floor":14,"gold_loss":0},{"damage_healed":0,"gold_gain":0,"player_choice":"Read","damage_taken":0,"max_hp_gain":0,"max_hp_loss":0,"event_name":"The Library","floor":19,"gold_loss":0,"cards_obtained":["Defragment"]},{"damage_healed":0,"gold_gain":0,"player_choice":"Ignored","damage_taken":0,"max_hp_gain":0,"max_hp_loss":0,"event_name":"Ghosts","floor":21,"gold_loss":0},{"cards_removed":["Strike_B"],"damage_healed":0,"gold_gain":0,"player_choice":"Purged","damage_taken":0,"max_hp_gain":0,"max_hp_loss":0,"event_name":"Purifier","floor":24,"gold_loss":0},{"damage_healed":0,"gold_gain":0,"player_choice":"Fight","damage_taken":0,"max_hp_gain":0,"max_hp_loss":0,"event_name":"Mysterious Sphere","floor":39,"gold_loss":0}],"is_beta":false,"boss_relics":[{"not_picked":["Black Star","Velvet Choker"],"picked":"Coffee Dripper"},{"not_picked":["Busted Crown","Astrolabe"],"picked":"SlaversCollar"}],"items_purged_floors":[4,28,47],"is_endless":false,"potions_floor_spawned":[1,2,7,16,20,27,37,38,39],"ascension_level":7}}