{"host":"36m5sc0apunggu91","time":1611546071,"event":{"mods":["BaseMod","Better Altar","Better Skull","Better Third Choice","Hermit","Minty Spire (QoL Compilation)","Relic Stats","StSLib"],"gold_per_floor":[109,129,129,139,152,152,183,183,183,202,246,20,20,53,53,53,53],"floor_reached":16,"language":"ENG","playtime":1669,"items_purged":["Strike_G"],"score":181,"play_id":"3dc5e28b-1d36-4ea0-b179-da4a9bf38dd6","local_time":"20210124224111","is_ascension_mode":true,"campfire_choices":[{"data":"Neutralize","floor":6,"key":"SMITH"},{"data":"Prepared","floor":13,"key":"SMITH"},{"floor":15,"key":"REST"}],"circlet_count":0,"master_deck":["Strike_G","Strike_G","Strike_G","Defend_G","Defend_G","Defend_G","Defend_G","Defend_G","Survivor","Neutralize+1","Well Laid Plans","Skewer","Poisoned Stab","Catalyst","Backflip","Dagger Throw","Prepared+1","PiercingWail"],"relics":["SacredBark","Nunchaku","Golden Idol","Singing Bowl","Tingsha","Bag of Marbles"],"acts_visited":["Exordium"],"potions_floor_usage":[7,7,11,14],"damage_taken":[{"damage":0,"enemies":"2 Louse","floor":1,"turns":3},{"damage":1,"enemies":"Small Slimes","floor":2,"turns":4},{"damage":2,"enemies":"Cultist","floor":4,"turns":5},{"damage":20,"enemies":"3 Louse","floor":5,"turns":4},{"damage":0,"enemies":"Gremlin Nob","floor":7,"turns":2},{"damage":6,"enemies":"Large Slime","floor":10,"turns":7},{"damage":7,"enemies":"Lagavulin","floor":11,"turns":6},{"damage":7,"enemies":"3 Sentries","floor":14,"turns":9},{"damage":47,"enemies":"Slime Boss","floor":16,"turns":8}],"seed_played":"-3153311188133740283","potions_obtained":[{"floor":2,"key":"AttackPotion"},{"floor":5,"key":"Poison Potion"},{"floor":10,"key":"PowerPotion"}],"is_trial":false,"path_per_floor":["M","M","?","M","M","R","E","?","T","M","E","$","R","E","R","B"],"character_chosen":"THE_SILENT","items_purchased":["Prepared","PiercingWail","EssenceOfSteel"],"campfire_rested":1,"item_purchase_floors":[12,12,12],"current_hp_per_floor":[70,69,62,60,40,40,40,40,40,36,29,29,29,24,44,0,0],"gold":53,"neow_bonus":"BOSS_RELIC","is_daily":false,"chose_seed":false,"campfire_upgraded":2,"win_rate":0.0,"timestamp":1611546071,"path_taken":["M","M","?","M","M","R","E","?","T","M","E","$","R","E","R","BOSS"],"items_purchased_type":["Card","Card","Potion"],"build_version":"2020-12-22","purchased_purges":1,"victory":false,"max_hp_per_floor":[70,70,70,70,70,70,70,65,65,67,67,67,67,69,69,69,69],"relic_stats":{"Nunchaku":[5],"Singing Bowl":4,"counters":[9,48],"Golden Idol":20,"Tingsha":[45],"obtain_stats":[{"Nunchaku":7,"Singing Bowl":9,"Golden Idol":8,"SacredBark":0,"Tingsha":11,"Bag of Marbles":14,"Ring of the Snake":0},{"Nunchaku":5,"Singing Bowl":5,"Golden Idol":5,"SacredBark":0,"Tingsha":7,"Bag of Marbles":8,"Ring of the Snake":0},{"Nunchaku":18,"Singing Bowl":18,"Golden Idol":18,"SacredBark":0,"Tingsha":31,"Bag of Marbles":40,"Ring of the Snake":0}]},"card_choices":[{"not_picked":["Outmaneuver","Cloak And Dagger"],"picked":"Well Laid Plans","floor":1},{"not_picked":["Quick Slash","Backflip"],"picked":"Skewer","floor":2},{"not_picked":["Underhanded Strike","Escape Plan"],"picked":"Poisoned Stab","floor":4},{"not_picked":["Storm of Steel","Eviscerate"],"picked":"Catalyst","floor":5},{"not_picked":["Concentrate","PiercingWail"],"picked":"Backflip","floor":7},{"not_picked":["Outmaneuver","Flying Knee","Quick Slash"],"picked":"Singing Bowl","floor":10},{"not_picked":["Slice","Doppelganger"],"picked":"Dagger Throw","floor":11},{"not_picked":["Bane","Slice","Deflect"],"picked":"Singing Bowl","floor":14}],"player_experience":230434,"relics_obtained":[{"floor":7,"key":"Nunchaku"},{"floor":9,"key":"Singing Bowl"},{"floor":11,"key":"Tingsha"},{"floor":14,"key":"Bag of Marbles"}],"event_choices":[{"cards_removed":["Strike_G"],"damage_healed":0,"gold_gain":0,"player_choice":"Card Removal","damage_taken":7,"max_hp_gain":0,"max_hp_loss":0,"event_name":"Golden Wing","floor":3,"gold_loss":0},{"damage_healed":0,"gold_gain":0,"player_choice":"Lose Max HP","damage_taken":0,"relics_obtained":["Golden Idol"],"max_hp_gain":0,"max_hp_loss":5,"event_name":"Golden Idol","floor":8,"gold_loss":0}],"is_beta":false,"boss_relics":[],"items_purged_floors":[12],"is_endless":false,"potions_floor_spawned":[2,5,10],"killed_by":"Slime Boss","ascension_level":5}}