{"host":"w01zow3jg16g8jdh","time":1611581030,"event":{"mods":["AchievementEnabler","BaseMod","DeckTracker","Keyboard Shortcuts","Minty Spire (QoL Compilation)","Permanent Neow","StSLib","SuperFastMode"],"gold_per_floor":[117,132,151,162,173,173,190,204,228,244,244,257,257,62,62,133,133,148,148,73,89,101,101,126,126,126,126,156,81,81,81],"floor_reached":30,"language":"KOR","playtime":673,"items_purged":["Strike_R"],"score":528,"play_id":"5815f15f-3e92-48ac-8127-37fd3d596f38","local_time":"20210125222350","is_ascension_mode":true,"campfire_choices":[{"data":"Wild Strike","floor":6.0,"key":"SMITH"},{"data":"Demon Form","floor":13.0,"key":"SMITH"},{"floor":15.0,"key":"REST"},{"floor":23,"key":"REST"},{"floor":25,"key":"REST"},{"floor":27,"key":"REST"}],"circlet_count":0,"master_deck":["AscendersBane","Defend_R","Defend_R","Defend_R","Defend_R","Bash","Warcry","Havoc","Battle Trance","Shrug It Off","Pommel Strike","Wild Strike+1","Demon Form+1","Pommel Strike","Shrug It Off","Apotheosis","Feel No Pain+1"],"relics":["Burning Blood","Boot","Lizard Tail","Fusion Hammer","Frozen Egg 2","Omamori","Toy Ornithopter"],"acts_visited":["Exordium","TheCity"],"potions_floor_usage":[21,21,28],"damage_taken":[{"damage":7.0,"enemies":"Cultist","floor":1.0,"turns":4.0},{"damage":4.0,"enemies":"Small Slimes","floor":2.0,"turns":4.0},{"damage":11.0,"enemies":"2 Louse","floor":3.0,"turns":3.0},{"damage":0.0,"enemies":"Blue Slaver","floor":4.0,"turns":7.0},{"damage":17.0,"enemies":"3 Louse","floor":5.0,"turns":5.0},{"damage":10.0,"enemies":"Gremlin Gang","floor":7.0,"turns":5.0},{"damage":22.0,"enemies":"Exordium Thugs","floor":8.0,"turns":5.0},{"damage":0.0,"enemies":"Large Slime","floor":10.0,"turns":2.0},{"damage":7.0,"enemies":"Looter","floor":12.0,"turns":4.0},{"damage":1.0,"enemies":"Hexaghost","floor":16.0,"turns":8.0},{"damage":28.0,"enemies":"3 Byrds","floor":18.0,"turns":5.0},{"damage":11,"enemies":"2 Thieves","floor":21,"turns":5},{"damage":27,"enemies":"Snecko","floor":22,"turns":8},{"damage":28,"enemies":"Gremlin Leader","floor":24,"turns":7},{"damage":47,"enemies":"Slavers","floor":28,"turns":8},{"damage":80,"enemies":"Gremlin Leader","floor":30,"turns":8}],"seed_played":"-4152978921865843793","potions_obtained":[{"floor":2.0,"key":"AttackPotion"},{"floor":5.0,"key":"SteroidPotion"},{"floor":8.0,"key":"SpeedPotion"},{"floor":12.0,"key":"BlessingOfTheForge"},{"floor":16.0,"key":"Explosive Potion"},{"floor":18.0,"key":"PowerPotion"},{"floor":24,"key":"HeartOfIron"}],"is_trial":false,"path_per_floor":["M","M","M","M","M","R","M","M","T","M","?","M","R","$","R","B",null,"M","?","?","M","M","R","E","R","T","R","E","$","E"],"character_chosen":"IRONCLAD","items_purchased":["Apotheosis"],"campfire_rested":4,"item_purchase_floors":[14],"current_hp_per_floor":[49,51,46,52,41,41,37,21,21,27,9,8,8,8,30,35,65,43,43,43,38,17,39,17,39,39,61,20,20,0,0],"gold":81,"neow_bonus":"TRANSFORM_TWO_CARDS","is_daily":false,"chose_seed":false,"campfire_upgraded":2,"win_rate":0.0,"timestamp":1611581030,"path_taken":["M","M","M","M","M","R","M","M","T","M","?","M","R","$","R","BOSS","M","?","?","M","M","R","E","R","T","R","E","$","E"],"items_purchased_type":["Card"],"build_version":"2020-12-22","purchased_purges":1,"victory":false,"max_hp_per_floor":[75,75,75,75,75,75,75,75,75,75,75,75,75,75,75,75,75,75,75,75,75,75,75,75,75,75,75,75,75,75,75],"card_choices":[{"not_picked":["Thunderclap","Perfected Strike"],"picked":"Battle Trance","floor":1.0},{"not_picked":["Body Slam","Bloodletting"],"picked":"Shrug It Off","floor":2.0},{"not_picked":["Entrench","Uppercut"],"picked":"Pommel Strike","floor":3.0},{"not_picked":["Entrench","Twin Strike","Rampage"],"picked":"SKIP","floor":4.0},{"not_picked":["Cleave","Iron Wave"],"picked":"Wild Strike","floor":5.0},{"not_picked":["Rupture","Disarm"],"picked":"Demon Form","floor":7.0},{"not_picked":["Perfected Strike","Headbutt"],"picked":"Pommel Strike","floor":8.0},{"not_picked":["Body Slam","Flex"],"picked":"Shrug It Off","floor":10.0},{"not_picked":["Twin Strike","Iron Wave","Headbutt"],"picked":"SKIP","floor":12.0},{"not_picked":["Headbutt","Flex","Thunderclap"],"picked":"SKIP","floor":18.0},{"not_picked":["Headbutt","Havoc+1","Thunderclap"],"picked":"SKIP","floor":21},{"not_picked":["Anger","Perfected Strike","Pommel Strike+1"],"picked":"SKIP","floor":22},{"not_picked":["Entrench","Berserk+1"],"picked":"Feel No Pain+1","floor":24},{"not_picked":["Bloodletting","Spot Weakness","Sever Soul"],"picked":"SKIP","floor":28}],"player_experience":316692,"relics_obtained":[{"floor":9.0,"key":"Boot"},{"floor":24,"key":"Frozen Egg 2"},{"floor":26,"key":"Omamori"},{"floor":28,"key":"Toy Ornithopter"}],"event_choices":[{"damage_healed":0.0,"max_hp_gain":0.0,"max_hp_loss":0.0,"gold_gain":0.0,"event_name":"Scrap Ooze","player_choice":"Success","floor":11.0,"gold_loss":0.0,"damage_taken":18.0,"relics_obtained":["Lizard Tail"]},{"cards_removed":["Strike_R"],"damage_healed":0.0,"max_hp_gain":0.0,"max_hp_loss":0.0,"gold_gain":0.0,"event_name":"Back to Basics","player_choice":"Elegance","floor":19.0,"gold_loss":0.0,"damage_taken":0.0},{"cards_removed":["Strike_R"],"damage_healed":0.0,"max_hp_gain":0.0,"max_hp_loss":0.0,"gold_gain":0.0,"event_name":"Beggar","player_choice":"Gave Gold","floor":20.0,"gold_loss":75.0,"damage_taken":0.0}],"is_beta":false,"boss_relics":[{"not_picked":["Tiny House","Cursed Key"],"picked":"Fusion Hammer"}],"items_purged_floors":[29],"is_endless":false,"potions_floor_spawned":[2,5,8,12,16,18,24],"killed_by":"Gremlin Leader","ascension_level":20}}