{"host":"80x1ozqd5wpd4nvo","time":1611606177,"event":{"mods":["2.2 Compatiblity","Aspiration","BaseMod","Better Altar","Better Match","Better Note","Better Sensory Stone","Better Skull","Better Third Choice","BetterRewards","Card Forge","Custom Start","DNKmod","Defuse TimeMaze Blight","Dota2Spire","Energized Spire","Friendly Minions","GifTheSpireLib","Hubris","Infinite Spire","Minty Spire (QoL Compilation)","Permanent Neow","Poor People Problems","Shop Mod","Spicy Shops","StS++","StSLib","The Blue Laboratory","The Marked","??????REMEMod"],"gold_per_floor":[1217,963,977,997,1072,1072,1086,1121,1174,1274,1291,1291,1291,213,213,309,359,369,382,396,396,416,449,498,498,523,523,549,567,632,632,632,735,735,777,877,893,893,893,893,923,923,923,979,377,377,394,438,438,468,468,468,26,57,87],"floor_reached":56,"language":"ENG","playtime":2044,"items_purged":["theMarked:Strike","theMarked:Strike","theMarked:Strike"],"score":1675,"play_id":"8101bed6-72f5-49ed-be62-113faff4be42","local_time":"20210125212257","is_ascension_mode":true,"campfire_choices":[{"data":"theMarked:BanishingWave","floor":6,"key":"SMITH"},{"data":"Study","floor":12,"key":"SMITH"},{"floor":15,"key":"REST"},{"data":"infinitespire:Execution","floor":15,"key":"SMITH"},{"data":"theMarked:ComboAttacks","floor":25,"key":"SMITH"},{"data":"theMarked:Defy","floor":27,"key":"SMITH"},{"floor":32,"key":"REST"},{"data":"theMarked:Improvise","floor":32,"key":"SMITH"},{"data":"theMarked:Indomitable","floor":40,"key":"SMITH"},{"data":"infinitespire:SevenWalls","floor":46,"key":"SMITH"},{"floor":49,"key":"RECALL"},{"data":"theMarked:SelfDefenseTraining","floor":52,"key":"SMITH"}],"circlet_count":0,"master_deck":["theMarked:Strike","theMarked:Strike+1","theMarked:Defend+1","theMarked:Defend","theMarked:Defend","theMarked:SoldierOfQuellstein","theMarked:SelfDefenseTraining+1","theMarked:BanishingWave+1","theMarked:BanishingStrike","theMarked:Frustration+1","Study+1","Backstab","Cold Snap","infinitespire:Execution+1","theMarked:Heritage","theMarked:Defy+1","theMarked:Improvise+1","theMarked:Indomitable+1","theMarked:ComboAttacks+1","theMarked:Determination+1","theMarked:Abjuration+1","theMarked:Panic+1","theMarked:MuscleMemory+1","infinitespire:SevenWalls+1","REME_BuildACard","theMarked:SwordAndMagic+1","theMarked:Aftermath"],"relics":["infinitespire:Golems Mask","Ring of the Snake","Bloody Idol","REME_ComplimentaryCards","infinitespire:EmpoweringShard","MerchantsRug","infinitespire:Magic Flask","energizedSpire:OgreHead","Bottled Flame","infinitespire:Chaos","Dota2Spire:AssaultCuirass","Singing Bowl","aspiration:TomeofQuesting","Tiny House","Dota2Spire:HandOfMidas","Dota2Spire:PhaseBoots","Red Mask","Akabeko","Bloody Idol","Blood Vial","theMarked:Eyepatch","Pen Nib","REME_HandOfSuture","hubris:CrystalStatue","theMarked:SecretDocuments","Sling","Dota2Spire:Satanic","hubris:SlimyHat"],"acts_visited":["Exordium","TheCity","TheBeyond","TheEnding"],"potions_floor_usage":[16,16,23,29,30,33,33,50,50],"damage_taken":[{"damage":0,"enemies":"infinitespire:Voidling","floor":1,"turns":2},{"damage":0,"enemies":"Jaw Worm","floor":3,"turns":2},{"damage":0,"enemies":"Cultist","floor":4,"turns":2},{"damage":0,"enemies":"Blue Slaver","floor":7,"turns":2},{"damage":0,"enemies":"Lagavulin","floor":8,"turns":2},{"damage":1,"enemies":"Exordium Wildlife","floor":11,"turns":3},{"damage":27,"enemies":"Hexaghost","floor":16,"turns":3},{"damage":0,"enemies":"Spheric Guardian","floor":18,"turns":1},{"damage":0,"enemies":"3 Byrds","floor":19,"turns":2},{"damage":1,"enemies":"Centurion and Healer","floor":20,"turns":2},{"damage":10,"enemies":"Chosen and Byrds","floor":22,"turns":3},{"damage":0,"enemies":"REME_1_Revenger","floor":23,"turns":2},{"damage":0,"enemies":"Snecko","floor":24,"turns":3},{"damage":0,"enemies":"Masked Bandits","floor":28,"turns":1},{"damage":0,"enemies":"Snake Plant","floor":29,"turns":3},{"damage":0,"enemies":"Book of Stabbing","floor":30,"turns":4},{"damage":11,"enemies":"Collector","floor":33,"turns":3},{"damage":0,"enemies":"3 Darklings","floor":35,"turns":2},{"damage":0,"enemies":"3 Shapes","floor":37,"turns":1},{"damage":0,"enemies":"Giant Head","floor":41,"turns":2},{"damage":6,"enemies":"Reptomancer","floor":44,"turns":3},{"damage":0,"enemies":"Sphere and 2 Shapes","floor":47,"turns":2},{"damage":0,"enemies":"Transient","floor":48,"turns":4},{"damage":0,"enemies":"Donu and Deca","floor":50,"turns":5},{"damage":7,"enemies":"Shield and Spear","floor":54,"turns":4},{"damage":6,"enemies":"The Heart","floor":55,"turns":5}],"seed_played":"298736478471093258","potions_obtained":[{"floor":4,"key":"blueLaboratory:BottledHope"},{"floor":8,"key":"blueLaboratory:PyrophylliteBrew"},{"floor":17,"key":"blueLaboratory:BottleOfRum"},{"floor":20,"key":"Swift Potion"},{"floor":23,"key":"Ancient Potion"},{"floor":24,"key":"Energy Potion"},{"floor":29,"key":"Fruit Juice"},{"floor":30,"key":"blueLaboratory:ArtificerPotion"},{"floor":35,"key":"blueLaboratory:PyrophylliteBrew"},{"floor":41,"key":"blueLaboratory:AbyssPotion"},{"floor":44,"key":"blueLaboratory:PhilterOfMotion"}],"is_trial":false,"path_per_floor":["M","$","M","M","?","R","M","E","T","?","M","R","?","$","R","B",null,"M","M","M","?","M","E","M","R","T","R","?","M","E","?","R","B",null,"M","?","M","?","?","R","E","AVR","T","E","$","R","M","M","R","B",null,"R","$","E","B",null],"character_chosen":"THE_DEFAULT","items_purchased":["PrismaticShard","theMarked:BanishingWave","theMarked:BanishingStrike","infinitespire:Chaos","Dota2Spire:AssaultCuirass","Singing Bowl","aspiration:TomeofQuesting","theMarked:Heritage","REME_BuildACard","theMarked:SecretDocuments","Sling","Dota2Spire:Satanic"],"campfire_rested":2,"item_purchase_floors":[2,2,2,14,14,14,14,14,45,45,53,53],"current_hp_per_floor":[100,100,100,100,89,89,89,89,89,89,88,88,63,63,93,71,105,107,109,111,111,106,111,113,113,113,113,115,115,122,29,65,66,122,124,124,124,124,124,124,124,124,124,126,126,126,126,128,128,128,128,128,128,128,128],"gold":87,"neow_bonus":"NOSTALGIA","is_daily":false,"chose_seed":false,"campfire_upgraded":9,"win_rate":0.0,"timestamp":1611606177,"path_taken":["M","$","M","?","?","R","M","E","T","?","?","R","?","$","R","BOSS","M","M","M","?","M","E","M","R","T","R","?","M","E","?","R","BOSS","M","?","?","?","?","R","E","AVR","T","E","$","R","?","?","R","BOSS","R","$","E","BOSS"],"items_purchased_type":["Relic","Card","Card","Relic","Relic","Relic","Relic","Card","Card","Relic","Relic","Relic"],"build_version":"2020-12-22","purchased_purges":3,"victory":true,"max_hp_per_floor":[100,100,100,100,100,100,100,100,100,100,100,100,100,100,100,100,105,107,109,111,111,111,111,113,113,113,113,115,115,122,122,122,122,122,124,124,124,124,124,124,124,124,124,126,126,126,126,128,128,128,128,128,128,128,128],"card_choices":[{"not_picked":["theMarked:Parkour","theMarked:TunnelVision"],"picked":"theMarked:SelfDefenseTraining","floor":1},{"not_picked":["Compile Driver","Underhanded Strike"],"picked":"theMarked:Frustration","floor":3},{"not_picked":["Eviscerate","StSpp:Sprint"],"picked":"Study","floor":4},{"not_picked":["StSpp:TheBiggerTheyAre","Compile Driver","Fire Breathing"],"picked":"SKIP","floor":7},{"not_picked":["Disarm","Dropkick"],"picked":"Backstab","floor":8},{"not_picked":["theMarked:Frustration","Perfected Strike"],"picked":"Cold Snap","floor":11},{"not_picked":["infinitespire:NeuralNetwork","infinitespire:Punishment"],"picked":"infinitespire:Execution","floor":13},{"not_picked":["theMarked:MagusForm","theMarked:DispelDoubt"],"picked":"theMarked:Defy","floor":16},{"not_picked":["theMarked:HeightenedSenses","theMarked:Maelstrom"],"picked":"theMarked:Improvise","floor":17},{"not_picked":["theMarked:Parkour","theMarked:TakeCover+1","theMarked:Electrify"],"picked":"Singing Bowl","floor":18},{"not_picked":["theMarked:LightningStrikesTwice+1","theMarked:ResourceFulStrike+1","theMarked:HeightenedSenses"],"picked":"Singing Bowl","floor":19},{"not_picked":["theMarked:RepellingDischarge","theMarked:HeightenedSenses","theMarked:ChannelForce"],"picked":"Singing Bowl","floor":20},{"not_picked":["theMarked:Seal","theMarked:WastefulAttack+1"],"picked":"theMarked:Indomitable","floor":22},{"not_picked":["theMarked:MagusForm","theMarked:Parkour"],"picked":"theMarked:ComboAttacks","floor":23},{"not_picked":["theMarked:WastefulAttack+1","theMarked:ChainLightning","theMarked:TwofoldDefense+1"],"picked":"Singing Bowl","floor":24},{"not_picked":["theMarked:Maelstrom","theMarked:Indomitable+1","theMarked:BanishingStrike"],"picked":"Singing Bowl","floor":28},{"not_picked":["theMarked:TwofoldDefense","theMarked:MysticalArsenal"],"picked":"theMarked:Determination+1","floor":29},{"not_picked":["theMarked:Aftermath","theMarked:Convert","theMarked:PowerFlow"],"picked":"Singing Bowl","floor":30},{"not_picked":["theMarked:UnarmedFury","theMarked:DispelDoubt"],"picked":"theMarked:Abjuration","floor":33},{"not_picked":["theMarked:ElectricStrings","theMarked:TwofoldDefense+1","theMarked:Improvise+1"],"picked":"Singing Bowl","floor":35},{"not_picked":["theMarked:KeepCalmAndFight+1","theMarked:ComboAttacks+1"],"picked":"theMarked:Panic+1","floor":37},{"not_picked":["theMarked:BanishingWave","theMarked:TwofoldDefense+1"],"picked":"theMarked:MuscleMemory+1","floor":41},{"not_picked":["theMarked:Parkour","theMarked:BanishingStrike","theMarked:ResourceFulStrike"],"picked":"Singing Bowl","floor":44},{"not_picked":["theMarked:Static","theMarked:TakeCover"],"picked":"theMarked:SwordAndMagic+1","floor":47},{"not_picked":["theMarked:Seal","theMarked:Electrocute+1","theMarked:WastefulAttack+1"],"picked":"Singing Bowl","floor":48},{"not_picked":["theMarked:MuscleMemory","theMarked:ParalyzingBlade+1"],"picked":"theMarked:Aftermath","floor":54}],"player_experience":254992,"relics_obtained":[{"floor":8,"key":"Whetstone"},{"floor":23,"key":"Dota2Spire:HandOfMidas"},{"floor":26,"key":"Dota2Spire:PhaseBoots"},{"floor":28,"key":"Red Mask"},{"floor":30,"key":"Akabeko"},{"floor":41,"key":"Pen Nib"},{"floor":43,"key":"REME_HandOfSuture"},{"floor":44,"key":"hubris:CrystalStatue"},{"floor":54,"key":"hubris:SlimyHat"}],"event_choices":[{"damage_healed":0,"gold_gain":75,"player_choice":"Gold","damage_taken":11,"max_hp_gain":0,"max_hp_loss":0,"event_name":"betterThird:BetterGoop","floor":5,"gold_loss":0},{"damage_healed":0,"gold_gain":100,"player_choice":"Pray","damage_taken":0,"max_hp_gain":0,"max_hp_loss":0,"event_name":"Golden Shrine","floor":10,"gold_loss":0},{"cards_removed":["theMarked:Strike"],"damage_healed":0,"gold_gain":0,"player_choice":"Give","damage_taken":0,"max_hp_gain":0,"max_hp_loss":0,"event_name":"betterNote:BetterNote","floor":21,"gold_loss":0,"cards_obtained":["Decay"]},{"damage_healed":0,"gold_gain":0,"player_choice":"Fought Bandits","damage_taken":0,"max_hp_gain":0,"max_hp_loss":0,"event_name":"Masked Bandits","floor":28,"gold_loss":0},{"damage_healed":0,"gold_gain":0,"player_choice":" Idol Vial ","damage_taken":93,"relics_obtained":["Bloody Idol","Blood Vial"],"max_hp_gain":122,"max_hp_loss":29,"event_name":"betterAltar:BetterAltar","floor":31,"potions_obtained":[],"relics_lost":[],"gold_loss":0},{"damage_healed":0,"gold_gain":100,"player_choice":"Pray","damage_taken":0,"max_hp_gain":0,"max_hp_loss":0,"event_name":"Golden Shrine","floor":36,"gold_loss":0},{"cards_removed":["theMarked:Defend"],"damage_healed":0,"gold_gain":0,"player_choice":"Offered Basic","damage_taken":0,"max_hp_gain":0,"max_hp_loss":0,"event_name":"Bonfire Elementals","floor":39,"gold_loss":0}],"is_beta":false,"boss_relics":[{"not_picked":["hubris:GrandSneckoEye","Runic Dome"],"picked":"Tiny House"},{"not_picked":["REME_DuelDisc","Runic Pyramid"],"picked":"theMarked:Eyepatch"}],"items_purged_floors":[2,14,14],"is_endless":false,"potions_floor_spawned":[4,8,20,23,24,29,30,35,41,44],"ascension_level":1}}