{"host":"yck2t2q3ro7hf56e","time":1611585814,"event":{"mods":["2.2 Compatiblity","AchievementEnabler","Act Like it!","Aspiration","BaseMod","Better Altar","Better Match","Better Note","Better Sensory Stone","Better Skull","Better Third Choice","Better Vampires","BetterRewards","Block Reminder","CCEM","Challenge The Spire","Colored Powertips","Conspire","Curses Come First","DNKmod","Energized Spire","Friendly Minions","GifTheSpireLib","Glutton Mod","Halation","Hubris","Infinite Spire","Marked Mod","Minty Spire (QoL Compilation)","Permanent Neow","Practice Mode","Quick Restart","Rare Cards Sparkle","RatMod","Relic Sorter","Relic Stats","Reliquary","Replay The Spire","Shade Mod","Shop Mod","Spicy Shops","Spikes Relics","StSLib","Stuff the Spire","Synergy Search","The Blue Laboratory","The Construct","Thieving Mod","Unceasing Turn Reminder","Unknown Chances","everything is the same but u backflip on backflip","??????REMEMod"],"gold_per_floor":[6019,4906,4926,4944,4844,4844,4878,4894,4894,4894,4907,4932,5032,5042,5042,5042,5042],"floor_reached":16,"language":"ENG","playtime":924,"items_purged":["Eruption"],"score":212,"play_id":"f5b4c6f0-842a-42af-9190-70fa30430d51","local_time":"20210125144334","is_ascension_mode":false,"campfire_choices":[{"floor":6,"key":"RECALL"},{"data":"Hyperbeam","floor":15,"key":"SMITH"}],"circlet_count":0,"master_deck":["Strike_P","Strike_P","Strike_P","Strike_P","Defend_P","Defend_P","Defend_P","Defend_P","Vigilance","Hyperbeam+1","FlyingSleeves","MarkedMod:GracefulMovements","MarkedMod:GracefulMovements","FearNoEvil","Ghostly","Demon Form","construct:Reinforce"],"relics":["PureWater","REME_ComplimentaryCards","PreservedInsect","PrismaticShard","Tiny Chest","Juzu Bracelet","StuffTheSpire:CocoNut","hubris:SlimyHat","DollysMirror","StoneCalendar","reliquary:JackalopeAntler","BrokenLever"],"acts_visited":["Exordium"],"potions_floor_usage":[],"damage_taken":[{"damage":0,"enemies":"Cultist","floor":1,"turns":2},{"damage":0,"enemies":"Jaw Worm","floor":3,"turns":2},{"damage":0,"enemies":"Small Slimes","floor":4,"turns":1},{"damage":0,"enemies":"3 Sentries","floor":7,"turns":2},{"damage":0,"enemies":"Exordium Wildlife","floor":8,"turns":2},{"damage":0,"enemies":"3 Louse","floor":11,"turns":1},{"damage":0,"enemies":"Lagavulin","floor":12,"turns":4},{"damage":0,"enemies":"Gremlin Gang","floor":14,"turns":1},{"damage":0,"enemies":"Fading Forest","floor":16,"turns":4}],"seed_played":"7777544948820333267","potions_obtained":[{"floor":1,"key":"LifebloodPotion"},{"floor":8,"key":"ColorlessPotion"},{"floor":11,"key":"Strength Potion"}],"is_trial":false,"path_per_floor":["M","$","M","M","?","R","E","M","T","T","M","E","?","M","R","B"],"character_chosen":"WATCHER","items_purchased":["MarkedMod:GracefulMovements","PrismaticShard","Tiny Chest","Juzu Bracelet","StuffTheSpire:CocoNut","hubris:SlimyHat","DollysMirror","FearNoEvil"],"campfire_rested":0,"item_purchase_floors":[2,2,2,2,2,2,2,2],"current_hp_per_floor":[100,107,107,107,107,107,107,107,107,107,107,107,107,107,107,107,107],"gold":5042,"neow_bonus":"RANDOM_COMMON_RELIC","is_daily":false,"chose_seed":false,"campfire_upgraded":1,"win_rate":0.0,"timestamp":1611585814,"path_taken":["M","$","M","M","?","R","E","M","T","?","M","E","?","M","R","BOSS"],"items_purchased_type":["Card","Relic","Relic","Relic","Relic","Relic","Relic","Card"],"build_version":"2020-12-22","purchased_purges":1,"victory":false,"max_hp_per_floor":[100,107,107,107,107,107,107,107,107,107,107,107,107,107,107,107,107],"relic_stats":{"counters":[9,19],"Tiny Chest":0,"StoneCalendar":[0],"PreservedInsect":60,"Juzu Bracelet":0,"obtain_stats":[{"reliquary:JackalopeAntler":10,"DollysMirror":2,"Tiny Chest":2,"StuffTheSpire:CocoNut":2,"StoneCalendar":7,"BrokenLever":12,"PreservedInsect":0,"Juzu Bracelet":2,"hubris:SlimyHat":2,"PureWater":0,"PrismaticShard":2,"REME_ComplimentaryCards":0},{"reliquary:JackalopeAntler":5,"DollysMirror":1,"Tiny Chest":1,"StuffTheSpire:CocoNut":1,"StoneCalendar":4,"BrokenLever":7,"PreservedInsect":0,"Juzu Bracelet":1,"hubris:SlimyHat":1,"PureWater":0,"PrismaticShard":1,"REME_ComplimentaryCards":0},{"reliquary:JackalopeAntler":9,"DollysMirror":2,"Tiny Chest":2,"StuffTheSpire:CocoNut":2,"StoneCalendar":7,"BrokenLever":14,"PreservedInsect":0,"Juzu Bracelet":2,"hubris:SlimyHat":2,"PureWater":0,"PrismaticShard":2,"REME_ComplimentaryCards":0}]},"card_choices":[{"not_picked":["FlurryOfBlows","ReachHeaven"],"picked":"FlyingSleeves","floor":1},{"not_picked":["Glutton:ShedFat","Heel Hook","Panic Button"],"picked":"SKIP","floor":3},{"not_picked":["True Grit","Cold Snap","Consume"],"picked":"SKIP","floor":4},{"not_picked":["construct:GuardCore","construct:Antimatter","CutThroughFate"],"picked":"SKIP","floor":7},{"not_picked":["StuffTheSpire:Synthwave","Time Bomb"],"picked":"Demon Form","floor":8},{"not_picked":["Reckless Charge","StuffTheSpire:ClusterCrunch","Glutton:BloodyKnuckle"],"picked":"SKIP","floor":11},{"not_picked":["Leg Sweep","Compile Driver","StuffTheSpire:RockThrow"],"picked":"SKIP","floor":12},{"not_picked":["Glutton:Rest","construct:HeavyBolt"],"picked":"construct:Reinforce","floor":14}],"player_experience":156257,"relics_obtained":[{"floor":7,"key":"StoneCalendar"},{"floor":10,"key":"reliquary:JackalopeAntler"},{"floor":12,"key":"BrokenLever"}],"event_choices":[{"damage_healed":0,"gold_gain":0,"player_choice":"Argue","damage_taken":0,"max_hp_gain":0,"max_hp_loss":0,"event_name":"conspire:LoneGhost","floor":5,"gold_loss":0},{"damage_healed":0,"gold_gain":100,"player_choice":"Pray","damage_taken":0,"max_hp_gain":0,"max_hp_loss":0,"event_name":"Golden Shrine","floor":13,"gold_loss":0}],"is_beta":false,"boss_relics":[],"items_purged_floors":[2],"is_endless":false,"potions_floor_spawned":[1,8,11,12],"killed_by":"Fading Forest","ascension_level":0}}