{"host":"962joygxjywy31p4","time":1611554994,"event":{"mods":["Act Like it!","BaseMod","Bestiary","Colored Map","Custom Start","Minty Spire (QoL Compilation)","Relic Stats","Replay The Spire","StSLib"],"gold_per_floor":[111,111,134,144,155,188,199,199,199],"floor_reached":8,"language":"ENG","playtime":235,"items_purged":[],"score":113,"play_id":"98506d5c-161e-4ed7-af76-060624293021","local_time":"20210125140954","is_ascension_mode":true,"campfire_choices":[],"circlet_count":0,"master_deck":["AscendersBane","Strike_B+1","Strike_B","Strike_B","Defend_B","Defend_B","Defend_B","Defend_B","Zap","Dualcast","Beam Cell+1","Ball Lightning","ReplayTheSpireMod:Repulse","Ball Lightning","Panic Button"],"relics":["Cracked Core","NeowsBlessing","Whetstone","Nunchaku"],"acts_visited":["Exordium"],"potions_floor_usage":[7],"damage_taken":[{"damage":0,"enemies":"2 Louse","floor":1,"turns":1},{"damage":0,"enemies":"Jaw Worm","floor":4,"turns":1},{"damage":0,"enemies":"Cultist","floor":5,"turns":1},{"damage":44,"enemies":"3 Sentries","floor":6,"turns":7},{"damage":9,"enemies":"Blue Slaver","floor":7,"turns":2},{"damage":15,"enemies":"Lagavulin","floor":8,"turns":2}],"seed_played":"-3787736488816353477","potions_obtained":[{"floor":1,"key":"Weak Potion"}],"is_trial":false,"path_per_floor":["M","?","T","M","M","E","M","E"],"character_chosen":"DEFECT","items_purchased":[],"campfire_rested":0,"item_purchase_floors":[],"current_hp_per_floor":[64,57,57,57,57,13,4,0,0],"gold":199,"neow_bonus":"THREE_ENEMY_KILL","is_daily":false,"chose_seed":false,"campfire_upgraded":0,"win_rate":0.0,"timestamp":1611554994,"path_taken":["M","?","?","M","M","E","M","E"],"items_purchased_type":[],"build_version":"2020-12-22","purchased_purges":0,"victory":false,"max_hp_per_floor":[71,71,71,71,71,71,71,71,71],"relic_stats":{"Nunchaku":[0],"counters":[6,14],"Whetstone":["Strike_B","Beam Cell"],"obtain_stats":[{"Nunchaku":6,"NeowsBlessing":0,"Whetstone":3,"Cracked Core":0},{"Nunchaku":4,"NeowsBlessing":0,"Whetstone":1,"Cracked Core":0},{"Nunchaku":10,"NeowsBlessing":0,"Whetstone":1,"Cracked Core":0}]},"card_choices":[{"not_picked":["Fusion","ReplaySolidLightProjector"],"picked":"Beam Cell","floor":1},{"not_picked":["Panic Button","Conserve Battery"],"picked":"Ball Lightning","floor":4},{"not_picked":["BasicCrystalCard","Storm"],"picked":"ReplayTheSpireMod:Repulse","floor":5},{"not_picked":["Fission","Heatsinks"],"picked":"Ball Lightning","floor":6},{"not_picked":["ReplayTheSpireMod:GoodbyeWorld","Steam Power"],"picked":"Panic Button","floor":7}],"player_experience":851886,"relics_obtained":[{"floor":3,"key":"Whetstone"},{"floor":6,"key":"Nunchaku"}],"event_choices":[{"cards_removed":["Strike_B"],"damage_healed":0,"gold_gain":0,"player_choice":"Card Removal","damage_taken":7,"max_hp_gain":0,"max_hp_loss":0,"event_name":"Golden Wing","floor":2,"gold_loss":0}],"is_beta":false,"boss_relics":[],"items_purged_floors":[],"is_endless":false,"potions_floor_spawned":[1],"killed_by":"Lagavulin","ascension_level":19}}