{"host":"fnk117zi8wf5078t","time":1611593107,"event":{"mods":["AchievementEnabler","BaseMod","Colored Map","Minty Spire (QoL Compilation)","Rare Cards Sparkle","SuperFastMode","everything is the same but u backflip on backflip"],"gold_per_floor":[119,70,70,345,361,392,392,411,437,460,535,272,272,6,6,101,151,165,80,20,30,30,30,41,58,58,68,68,68],"floor_reached":28,"language":"KOR","playtime":650,"items_purged":["Regret"],"score":360,"play_id":"4498d763-dbbc-4d36-9ed4-d3835d001a1e","local_time":"20210126014507","is_ascension_mode":true,"campfire_choices":[{"floor":7.0,"key":"REST"},{"floor":13.0,"key":"REST"},{"floor":15.0,"key":"REST"},{"floor":23,"key":"REST"}],"circlet_count":0,"master_deck":["AscendersBane","Strike_B","Strike_B","Strike_B","Defend_B","Defend_B","Defend_B+1","Defend_B","Zap","Dualcast","CurseOfTheBell","Steam","Beam Cell","Beam Cell","Machine Learning","Gash","FTL","Go for the Eyes","Steam Power","Hyperbeam","Genetic Algorithm","Pain","Go for the Eyes","Skim","Double Energy+1"],"relics":["Calling Bell","Dream Catcher","Sundial","WingedGreaves","Toy Ornithopter","Strawberry","Vajra","Blood Vial","Membership Card","Meat on the Bone","Tiny House","MealTicket","WarpedTongs","Frozen Egg 2"],"acts_visited":["Exordium","TheCity"],"potions_floor_usage":[24,27],"damage_taken":[{"damage":11.0,"enemies":"Jaw Worm","floor":1.0,"turns":4.0},{"damage":1.0,"enemies":"2 Louse","floor":5.0,"turns":3.0},{"damage":42.0,"enemies":"3 Sentries","floor":6.0,"turns":7.0},{"damage":2.0,"enemies":"Cultist","floor":8.0,"turns":3.0},{"damage":65.0,"enemies":"Slime Boss","floor":16.0,"turns":12.0},{"damage":35,"enemies":"3 Byrds","floor":18,"turns":5},{"damage":18,"enemies":"Spheric Guardian","floor":21,"turns":4},{"damage":29,"enemies":"Centurion and Healer","floor":24,"turns":5},{"damage":38,"enemies":"3 Cultists","floor":25,"turns":5},{"damage":37,"enemies":"Snecko","floor":27,"turns":7},{"damage":19,"enemies":"Snake Plant","floor":28,"turns":2}],"seed_played":"516018395379558021","potions_obtained":[{"floor":1.0,"key":"Explosive Potion"},{"floor":5.0,"key":"Ancient Potion"},{"floor":17,"key":"PotionOfCapacity"},{"floor":18,"key":"LiquidMemories"},{"floor":27,"key":"Swift Potion"}],"is_trial":false,"path_per_floor":["M","$","?","?","M","E","R","M","T","T","?","$","R","$","R","B",null,"M","?","?","M","?","R","M","M","T","M","M"],"character_chosen":"DEFECT","items_purchased":["Beam Cell","FTL","Blood Vial","Membership Card","Meat on the Bone"],"campfire_rested":4,"item_purchase_floors":[2,12,12,14,14],"current_hp_per_floor":[57,57,62,62,61,19,43,41,48,48,37,37,63,63,87,34,79,58,58,58,54,54,81,59,35,35,17,0,0],"gold":68,"neow_bonus":"BOSS_RELIC","is_daily":false,"chose_seed":false,"campfire_upgraded":0,"win_rate":0.0,"timestamp":1611593107,"path_taken":["M","$","?","?","M","E","R","?","T","?","?","$","R","$","R","BOSS","M","?","?","?","?","R","M","M","T","M","M"],"items_purchased_type":["Card","Card","Relic","Relic","Relic"],"build_version":"2020-12-22","purchased_purges":1,"victory":false,"max_hp_per_floor":[75,75,80,80,80,80,80,80,87,87,87,87,87,87,87,87,92,92,92,92,92,92,92,92,92,92,92,92,92],"card_choices":[{"not_picked":["Stack","Consume"],"picked":"Steam","floor":1.0},{"not_picked":["Streamline","Sweeping Beam"],"picked":"Beam Cell","floor":5.0},{"not_picked":["Compile Driver","Chaos"],"picked":"Machine Learning","floor":6.0},{"not_picked":["Compile Driver","BootSequence"],"picked":"Gash","floor":8.0},{"not_picked":["Conserve Battery","Aggregate"],"picked":"Go for the Eyes","floor":13.0},{"not_picked":["Coolheaded","Cold Snap"],"picked":"Steam Power","floor":15.0},{"not_picked":["Echo Form","Multi-Cast"],"picked":"Hyperbeam","floor":16.0},{"not_picked":["Leap","Sweeping Beam","Rebound"],"picked":"SKIP","floor":18},{"not_picked":["Stack","Heatsinks"],"picked":"Genetic Algorithm","floor":21},{"not_picked":["Steam","Cold Snap"],"picked":"Go for the Eyes","floor":24},{"not_picked":["Leap","Sweeping Beam"],"picked":"Skim","floor":25},{"not_picked":["Leap","Steam"],"picked":"Double Energy+1","floor":27}],"player_experience":423289,"relics_obtained":[{"floor":0.0,"key":"Dream Catcher"},{"floor":0.0,"key":"Sundial"},{"floor":0.0,"key":"WingedGreaves"},{"floor":6.0,"key":"Toy Ornithopter"},{"floor":9.0,"key":"Strawberry"},{"floor":10.0,"key":"Vajra"},{"floor":26,"key":"Frozen Egg 2"}],"event_choices":[{"damage_healed":0.0,"max_hp_gain":5.0,"max_hp_loss":0.0,"gold_gain":0.0,"event_name":"Big Fish","player_choice":"Donut","floor":3.0,"gold_loss":0.0,"damage_taken":0.0},{"damage_healed":0.0,"max_hp_gain":0.0,"max_hp_loss":0.0,"gold_gain":275.0,"event_name":"Golden Shrine","player_choice":"Desecrate","floor":4.0,"gold_loss":0.0,"damage_taken":0.0,"cards_obtained":["Regret"]},{"damage_healed":0.0,"max_hp_gain":0.0,"max_hp_loss":0.0,"gold_gain":75.0,"event_name":"World of Goop","player_choice":"Gather Gold","floor":11.0,"gold_loss":0.0,"damage_taken":11.0},{"damage_healed":0,"gold_gain":0,"player_choice":"Obtained Relic","damage_taken":0,"relics_obtained":["MealTicket"],"max_hp_gain":0,"max_hp_loss":0,"event_name":"Addict","floor":19,"gold_loss":85},{"cards_removed":["Strike_B"],"damage_healed":0,"gold_gain":0,"player_choice":"Single Remove","damage_taken":0,"max_hp_gain":0,"max_hp_loss":0,"event_name":"Designer","floor":20,"gold_loss":60},{"damage_healed":0,"gold_gain":0,"player_choice":"Rummage","damage_taken":0,"relics_obtained":["WarpedTongs"],"max_hp_gain":0,"max_hp_loss":0,"event_name":"Accursed Blacksmith","floor":22,"gold_loss":0,"cards_obtained":["Pain"]}],"is_beta":false,"boss_relics":[{"not_picked":["Ectoplasm","Pandora\u0027s Box"],"picked":"Tiny House"}],"items_purged_floors":[12],"is_endless":false,"potions_floor_spawned":[1,5,18,21,27],"killed_by":"Snake Plant","ascension_level":11}}