{"host":"hoz3ngw650fbea07","time":1611553064,"event":{"mods":["AchievementEnabler","Aspiration","BaseMod","CCEM","Colored Map","Conspire","Downfall","GifTheSpireLib","Hubris","Infinite Spire","Minty Spire (QoL Compilation)","Permanent Neow","StSLib","Waifu the Spire","everything is the same but u backflip on backflip","slay the spire mod where everything is the same but ironclad has a cowboy hat"],"gold_per_floor":[99,109,126,137,163,63,63,63,63,74,84,96,122,133,143,241,241,41,59,79,79,99,99,99,99,126,36,50,50,61,61,73,172,172,172,185,201,263,363,363,387,387,405,415,415,431,431,431,431],"floor_reached":47,"language":"ENG","playtime":2335,"items_purged":["Slimebound:Split","downfall:Malfunctioning","Slimebound:Tackle"],"score":678,"play_id":"70b14d1e-a430-4f26-9573-8fedf2757baa","local_time":"20210124223744","is_ascension_mode":true,"campfire_choices":[{"floor":1.0,"key":"RECALL"},{"data":"Slimebound:Darklings","floor":6,"key":"SMITH"},{"data":"Slimebound:LeadByExample","floor":9,"key":"SMITH"},{"data":"Slimebound:CorrosiveSpit","floor":18,"key":"SMITH"},{"data":"Slimebound:RallyTheTroops","floor":25,"key":"SMITH"},{"floor":29,"key":"REST"},{"data":"Slimebound:MinionMaster","floor":35,"key":"SMITH"},{"data":"Slimebound:Teamwork","floor":45,"key":"SMITH"}],"circlet_count":0,"master_deck":["Slimebound:Strike_Slimebound","Slimebound:Strike_Slimebound","Slimebound:Strike_Slimebound","Slimebound:Defend_Slimebound","Slimebound:Defend_Slimebound","Slimebound:Defend_Slimebound","Slimebound:CorrosiveSpit+1","Slimebound:Darklings+1","Slimebound:LeadByExample+1","Slimebound:SlimeSpikes","Slimebound:SamplingLick","Slimebound:SamplingLick","Slimebound:RallyTheTroops+1","Slimebound:Schlurp","Slimebound:MinionMaster+1","Slimebound:RejuvenatingLick","downfall:Haunted","downfall:Haunted","Decay","Slimebound:Teamwork+1","downfall:Malfunctioning","Normality","hubris:NaturalOne"],"relics":["Slimebound:AbsorbEndCombat","hubris:Spice","InkBottle","downfall:HeartBlessingRed","CCEMRelics:OrganicArmor","downfall:HeartBlessingGreen","downfall:HeartBlessingBlue","TungstenRod","Empty Cage","ClockworkSouvenir","Darkstone Periapt","hubris:Icosahedron","aspiration:HiddenCompartment"],"acts_visited":["Exordium","TheCity","TheBeyond"],"potions_floor_usage":[5,5,10,11,13,16,26,27,27,27,33],"damage_taken":[{"damage":3,"enemies":"Cultist","floor":2,"turns":4},{"damage":4,"enemies":"2 Louse","floor":3,"turns":2},{"damage":8,"enemies":"Jaw Worm","floor":4,"turns":3},{"damage":21,"enemies":"conspire:MimicChest","floor":5,"turns":3},{"damage":29,"enemies":"Lots of Slimes","floor":10,"turns":3},{"damage":0,"enemies":"Exordium Wildlife","floor":11,"turns":3},{"damage":9,"enemies":"2 Fungi Beasts","floor":12,"turns":3},{"damage":6,"enemies":"3 Sentries","floor":13,"turns":4},{"damage":0,"enemies":"3 Louse","floor":14,"turns":2},{"damage":0,"enemies":"Exordium Wildlife","floor":15,"turns":2},{"damage":1,"enemies":"SI_SHIV_ARCHETYPE","floor":16,"turns":5},{"damage":41,"enemies":"3 Byrds","floor":19,"turns":7},{"damage":5,"enemies":"Shell Parasite","floor":20,"turns":5},{"damage":0,"enemies":"3 Cultists","floor":22,"turns":4},{"damage":20,"enemies":"Slavers","floor":26,"turns":4},{"damage":14,"enemies":"downfall:FleeingMerchant","floor":27,"turns":4},{"damage":9,"enemies":"Snake Plant","floor":28,"turns":4},{"damage":0,"enemies":"Centurion and Healer","floor":30,"turns":3},{"damage":0,"enemies":"Snecko","floor":32,"turns":3},{"damage":0,"enemies":"IC_MUSHROOM_ARCHETYPE","floor":33,"turns":5},{"damage":16,"enemies":"3 Darklings","floor":36,"turns":4},{"damage":0,"enemies":"Orb Walker","floor":37,"turns":3},{"damage":0,"enemies":"downfall:FleeingMerchant","floor":38,"turns":3},{"damage":21,"enemies":"Maw","floor":43,"turns":6},{"damage":29,"enemies":"4 Shapes","floor":44,"turns":4},{"damage":28,"enemies":"Jaw Worm Horde","floor":46,"turns":6},{"damage":53,"enemies":"Nightmare","floor":47,"turns":6}],"seed_played":"3135211052511306055","potions_obtained":[{"floor":3,"key":"Fire Potion"},{"floor":4,"key":"DistilledChaos"},{"floor":5,"key":"Swift Potion"},{"floor":10,"key":"PowerPotion"},{"floor":11,"key":"champ:CounterPotion"},{"floor":15,"key":"ColorlessPotion"},{"floor":22,"key":"SteroidPotion"},{"floor":26,"key":"EntropicBrew"},{"floor":30,"key":"sneckomod:MuddlingPotion"},{"floor":33,"key":"bronze:BurnAndBuffPotion"},{"floor":43,"key":"CultistPotion"},{"floor":46,"key":"SpeedPotion"}],"is_trial":false,"path_per_floor":["R","M","M","M","?","R","T","T","R","M","M","M","E","M","M","B",null,"R","M","M","AVR","M","?","T","R","E","$","M","R","M","?","M","B",null,"R","M","M","$","?","?","T","?","M","M","R","M","NM"],"character_chosen":"SLIMEBOUND","items_purchased":["ClockworkSouvenir"],"campfire_rested":1,"item_purchase_floors":[38],"current_hp_per_floor":[73,72,70,66,49,49,49,49,49,20,24,17,21,23,25,28,73,83,48,45,45,53,53,53,53,37,44,39,61,67,67,69,75,75,75,61,63,67,102,102,102,102,91,70,70,44,0,0,0],"gold":431,"neow_bonus":"ONE_RARE_RELIC","is_daily":false,"chose_seed":false,"campfire_upgraded":6,"win_rate":0.0,"timestamp":1611553064,"path_taken":["R","M","?","M","?","R","T","?","R","M","M","M","E","?","M","BOSS","R","M","M","AVR","M","?","T","R","E","$","M","R","M","?","M","BOSS","R","M","M","$","?","?","T","?","M","M","R","?","NM"],"items_purchased_type":["Relic"],"build_version":"2020-12-22","purchased_purges":3,"victory":false,"max_hp_per_floor":[73,73,73,73,73,73,73,73,73,73,73,73,81,81,81,81,73,83,83,83,83,83,83,75,75,75,75,75,75,75,75,75,75,75,75,75,75,75,110,110,110,110,108,114,114,114,114,114,114],"card_choices":[{"not_picked":["Slimebound:FlameTackle","Slimebound:ItLooksTasty"],"picked":"Slimebound:PressTheAttack","floor":2},{"not_picked":["Slimebound:GoopSpray","Slimebound:SplitBruiser"],"picked":"Slimebound:Darklings","floor":3},{"not_picked":["Slimebound:SplitLeeching","Slimebound:Gluttony"],"picked":"Slimebound:LeadByExample","floor":4},{"not_picked":["Slimebound:AcidTongue","Slimebound:SplitBruiser"],"picked":"Slimebound:SlimeSpikes","floor":10},{"not_picked":["Slimebound:SlimeTap","Slimebound:SplitAcid"],"picked":"Slimebound:SamplingLick","floor":11},{"not_picked":["Slimebound:SlimeBrawl","Slimebound:SplitSpecialist"],"picked":"Slimebound:SamplingLick","floor":12},{"not_picked":["Slimebound:RollThrough","Slimebound:SamplingLick"],"picked":"Slimebound:RallyTheTroops","floor":13},{"not_picked":["Slimebound:LeechingTouch","Slimebound:ItLooksTasty","Slimebound:LivingWall"],"picked":"SKIP","floor":14},{"not_picked":["Slimebound:LeechEnergy","Slimebound:SplitAcid","Slimebound:GoopSpray"],"picked":"SKIP","floor":15},{"not_picked":["Slimebound:RallyTheTroops","hubris:SpiceAddiction"],"picked":"Slimebound:PrepareCrush","floor":16},{"not_picked":["Slimebound:TongueLash","Slimebound:ServeAndProtect"],"picked":"Slimebound:Schlurp","floor":19},{"not_picked":["Slimebound:ComboTackle","Slimebound:LivingWall","Slimebound:LeechEnergy"],"picked":"SKIP","floor":20},{"not_picked":["hubris:SpiceAddiction","Slimebound:TongueLash","Slimebound:Repurpose"],"picked":"SKIP","floor":22},{"not_picked":["Slimebound:SlimeSpikes+1","Slimebound:GoopSpray+1"],"picked":"Slimebound:MinionMaster","floor":26},{"not_picked":["Slimebound:LeechEnergy","Slimebound:LeadByExample"],"picked":"Slimebound:RejuvenatingLick","floor":27},{"not_picked":["Slimebound:RollThrough+1","Slimebound:Dissolve","Slimebound:OneTwoCombo"],"picked":"SKIP","floor":28},{"not_picked":["Slimebound:GoopSpray+1","hubris:SpiceAddiction","Slimebound:Recollect"],"picked":"SKIP","floor":30},{"not_picked":["Slimebound:SpikyOuterGoop","hubris:SpiceAddiction","Slimebound:SlimeTap"],"picked":"SKIP","floor":32},{"not_picked":["Slimebound:HauntingLick","Slimebound:Schlurp","Slimebound:HungryTackle+1"],"picked":"SKIP","floor":36},{"not_picked":["Slimebound:TongueLash","Slimebound:ItLooksTasty+1","Slimebound:ServeAndProtect+1"],"picked":"SKIP","floor":37},{"not_picked":["Slimebound:GoopSpray+1","Slimebound:Prepare+1","Slimebound:GoopTackle+1"],"picked":"SKIP","floor":38},{"not_picked":["Slimebound:ServeAndProtect","Slimebound:ComboTackle+1"],"picked":"hubris:SpiceAddiction","floor":43},{"not_picked":["Slimebound:ComboTackle+1","Slimebound:Dissolve+1","Slimebound:ItLooksTasty"],"picked":"SKIP","floor":44},{"not_picked":["Slimebound:SplitSpecialist","Slimebound:SplitBruiser+1","Slimebound:FormOfPuddle+1"],"picked":"SKIP","floor":46}],"player_experience":122701,"relics_obtained":[{"floor":5,"key":"InkBottle"},{"floor":7,"key":"CCEMRelics:OrganicArmor"},{"floor":13,"key":"hubris:Spice"},{"floor":24,"key":"hubris:Spice"},{"floor":41,"key":"aspiration:HiddenCompartment"}],"event_choices":[{"damage_healed":0,"gold_gain":0,"player_choice":"Ignored","damage_taken":0,"max_hp_gain":0,"max_hp_loss":0,"event_name":"Vampires","floor":31,"gold_loss":0},{"cards_removed":["Slimebound:Defend_Slimebound"],"damage_healed":0,"gold_gain":0,"player_choice":"Removed Skill","damage_taken":0,"max_hp_gain":0,"max_hp_loss":0,"event_name":"Falling","floor":42,"gold_loss":0}],"is_beta":false,"boss_relics":[{"not_picked":["bronze:MakeshiftBattery","hubris:Spice"],"picked":"hubris:Spice"},{"not_picked":["aspiration:PoetsPen_weak","Coffee Dripper"],"picked":"Empty Cage"}],"items_purged_floors":[21,27,38],"is_endless":false,"potions_floor_spawned":[3,4,5,10,11,15,22,26,30,33,43,46],"killed_by":"Nightmare","ascension_level":1}}