{"host":"70zhvo5nwrhp1mbg","time":1611614592,"event":{"mods":["BaseMod","Colored Map","Colored Powertips","Filter the Spire","Highlight Path","Minty Spire (QoL Compilation)","Rare Cards Sparkle","StSLib"],"gold_per_floor":[10,27,27,42,42,67,67,98,122,122,87,6,22,40,40,40,40],"floor_reached":16,"language":"ENG","playtime":912,"items_purged":[],"score":174,"play_id":"51c9492c-b5ac-4b92-9e67-6366e6eace59","local_time":"20210125174312","is_ascension_mode":true,"campfire_choices":[{"data":"Bash","floor":7,"key":"SMITH"},{"floor":10,"key":"REST"},{"data":"Combust","floor":15,"key":"SMITH"}],"circlet_count":0,"master_deck":["Strike_R","Strike_R","Strike_R","Strike_R","Strike_R","Defend_R","Defend_R","Defend_R","Defend_R","Bash+1","Armaments+1","Spot Weakness","Pommel Strike","Whirlwind","Cleave","Combust+1","Perfected Strike"],"relics":["Burning Blood","Omamori","Red Skull","Anchor","Calipers"],"acts_visited":["Exordium"],"potions_floor_usage":[8,16,16],"damage_taken":[{"damage":15,"enemies":"Jaw Worm","floor":1,"turns":7},{"damage":6,"enemies":"2 Louse","floor":2,"turns":4},{"damage":1,"enemies":"Cultist","floor":4,"turns":3},{"damage":32,"enemies":"3 Sentries","floor":6,"turns":8},{"damage":33,"enemies":"Gremlin Nob","floor":8,"turns":4},{"damage":4,"enemies":"3 Louse","floor":13,"turns":3},{"damage":15,"enemies":"Blue Slaver","floor":14,"turns":3},{"damage":56,"enemies":"The Guardian","floor":16,"turns":10}],"seed_played":"8758159851601869548","potions_obtained":[{"floor":6,"key":"BlessingOfTheForge"},{"floor":13,"key":"Explosive Potion"},{"floor":14,"key":"Explosive Potion"}],"is_trial":false,"path_per_floor":["M","M","?","M","$","E","R","E","T","R","?","?","M","M","R","B"],"character_chosen":"IRONCLAD","items_purchased":[],"campfire_rested":1,"item_purchase_floors":[],"current_hp_per_floor":[79,79,79,84,84,58,58,31,31,59,59,59,61,52,52,0,0],"gold":40,"neow_bonus":"TWENTY_PERCENT_HP_BONUS","is_daily":false,"chose_seed":false,"campfire_upgraded":2,"win_rate":0.0,"timestamp":1611614592,"path_taken":["M","M","?","M","?","E","R","E","T","R","?","?","M","M","R","BOSS"],"items_purchased_type":[],"build_version":"2020-12-22","purchased_purges":0,"victory":false,"max_hp_per_floor":[96,96,96,96,96,96,96,96,96,96,96,96,96,96,96,96,96],"card_choices":[{"not_picked":["Flex","True Grit"],"picked":"Armaments","floor":1},{"not_picked":["Entrench","Wild Strike"],"picked":"Spot Weakness","floor":2},{"not_picked":["Metallicize","Warcry"],"picked":"Pommel Strike","floor":4},{"not_picked":["Perfected Strike","Warcry"],"picked":"Whirlwind","floor":6},{"not_picked":["True Grit","Rupture"],"picked":"Cleave","floor":8},{"not_picked":["Intimidate","Inflame"],"picked":"Combust","floor":13},{"not_picked":["Cleave","Intimidate"],"picked":"Perfected Strike","floor":14}],"player_experience":485221,"relics_obtained":[{"floor":6,"key":"Omamori"},{"floor":8,"key":"Red Skull"},{"floor":9,"key":"Anchor"}],"event_choices":[{"damage_healed":0,"gold_gain":0,"player_choice":"Grow","damage_taken":0,"max_hp_gain":0,"max_hp_loss":0,"event_name":"Living Wall","floor":3,"gold_loss":0,"cards_upgraded":["Armaments"]},{"damage_healed":0,"gold_gain":0,"player_choice":"Left Gold","damage_taken":0,"max_hp_gain":0,"max_hp_loss":0,"event_name":"World of Goop","floor":11,"gold_loss":35},{"damage_healed":0,"gold_gain":0,"player_choice":"Paid Gold","damage_taken":0,"relics_obtained":["Calipers"],"max_hp_gain":0,"max_hp_loss":0,"event_name":"WeMeetAgain","floor":12,"gold_loss":81}],"is_beta":false,"boss_relics":[],"items_purged_floors":[],"is_endless":false,"potions_floor_spawned":[6,13,14],"killed_by":"The Guardian","ascension_level":7}}