{"host":"dl7h25vjpuplx29g","time":1611590636,"event":{"mods":["BaseMod","Colored Map","Minty Spire (QoL Compilation)","StSLib"],"gold_per_floor":[111,111,111,122,22,22,40,40,110,10,20,20,20,52,52,123,123,142,161,161,341,354,354,36,36,36],"floor_reached":25,"language":"JPN","playtime":2747,"items_purged":["Strike_B","Strike_B","Strike_B"],"score":368,"play_id":"de552e31-b719-4027-a6bc-e8d3b98f60ee","local_time":"20210126010356","is_ascension_mode":true,"campfire_choices":[{"data":"Streamline","floor":6,"key":"SMITH"},{"data":"Fusion","floor":8,"key":"SMITH"},{"floor":13,"key":"REST"},{"data":"Aggregate","floor":15,"key":"SMITH"},{"floor":23,"key":"REST"}],"circlet_count":0,"master_deck":["AscendersBane","Strike_B","Defend_B","Defend_B","Defend_B","Defend_B","Zap+1","Dualcast","Electrodynamics+1","Streamline+1","Rebound","Ball Lightning","Fusion+1","Leap","Meteor Strike","Aggregate+1","Hyperbeam","Leap+1","Hologram+1","Capacitor"],"relics":["Cracked Core","Pantograph","Tiny Chest","Nuclear Battery","Vajra"],"acts_visited":["Exordium","TheCity"],"potions_floor_usage":[16,22,22,25,25,25],"damage_taken":[{"damage":12,"enemies":"Jaw Worm","floor":1,"turns":2},{"damage":7,"enemies":"Small Slimes","floor":4,"turns":2},{"damage":1,"enemies":"2 Louse","floor":7,"turns":2},{"damage":4,"enemies":"Red Slaver","floor":11,"turns":3},{"damage":16,"enemies":"Gremlin Nob","floor":14,"turns":3},{"damage":29,"enemies":"Slime Boss","floor":16,"turns":8},{"damage":6,"enemies":"Spheric Guardian","floor":18,"turns":3},{"damage":21,"enemies":"Shell Parasite","floor":19,"turns":4},{"damage":0,"enemies":"Snake Plant","floor":22,"turns":1},{"damage":40,"enemies":"Book of Stabbing","floor":25,"turns":4}],"seed_played":"4864213048672346761","potions_obtained":[{"floor":4,"key":"LiquidMemories"},{"floor":7,"key":"ColorlessPotion"},{"floor":16,"key":"DuplicationPotion"}],"is_trial":false,"path_per_floor":["M","?","?","M","$","R","M","R","T","$","M","?","R","E","R","B",null,"M","M","T","?","M","R","$","E"],"character_chosen":"DEFECT","items_purchased":["Ball Lightning","EntropicBrew","GamblersBrew"],"campfire_rested":2,"item_purchase_floors":[5,24,24],"current_hp_per_floor":[34,13,36,29,29,29,28,28,28,28,24,24,45,29,29,25,60,54,33,33,14,14,35,35,0,0],"gold":36,"neow_bonus":"THREE_RARE_CARDS","is_daily":false,"chose_seed":false,"campfire_upgraded":3,"win_rate":0.0,"timestamp":1611590636,"path_taken":["M","?","?","M","?","R","M","R","T","$","?","?","R","E","R","BOSS","M","M","?","?","M","R","$","E"],"items_purchased_type":["Card","Potion","Potion"],"build_version":"2020-12-22","purchased_purges":3,"victory":false,"max_hp_per_floor":[71,71,71,71,71,71,71,71,71,71,71,71,71,71,71,71,71,71,71,71,71,71,71,71,71,71],"card_choices":[{"not_picked":["Reboot","Seek"],"picked":"Electrodynamics","floor":0},{"not_picked":["Go for the Eyes","Conserve Battery"],"picked":"Streamline","floor":1},{"not_picked":["Stack","Redo"],"picked":"Rebound","floor":4},{"not_picked":["Hologram","Auto Shields"],"picked":"Fusion","floor":7},{"not_picked":["Hologram","Sweeping Beam"],"picked":"Leap","floor":11},{"not_picked":["Chaos","Steam"],"picked":"Aggregate","floor":14},{"not_picked":["Rainbow","Amplify"],"picked":"Hyperbeam","floor":16},{"not_picked":["Blizzard","Redo"],"picked":"Leap+1","floor":18},{"not_picked":["Streamline","Chill"],"picked":"Hologram+1","floor":19},{"not_picked":["Rip and Tear","Rebound"],"picked":"Capacitor","floor":22}],"player_experience":1648634,"relics_obtained":[{"floor":9,"key":"Pantograph"},{"floor":14,"key":"Tiny Chest"},{"floor":20,"key":"Vajra"}],"event_choices":[{"damage_healed":0,"gold_gain":0,"player_choice":"Entered Light","damage_taken":21,"max_hp_gain":0,"max_hp_loss":0,"event_name":"Shining Light","floor":2,"gold_loss":0,"cards_upgraded":["Electrodynamics","Zap"]},{"damage_healed":23,"gold_gain":0,"player_choice":"Banana","damage_taken":0,"max_hp_gain":0,"max_hp_loss":0,"event_name":"Big Fish","floor":3,"gold_loss":0},{"damage_healed":0,"gold_gain":0,"player_choice":"1 cards matched","damage_taken":0,"max_hp_gain":0,"max_hp_loss":0,"event_name":"Match and Keep!","floor":12,"gold_loss":0,"cards_obtained":["Meteor Strike"]},{"damage_healed":0,"gold_gain":180,"player_choice":"GOLD GOLD ","damage_taken":19,"max_hp_gain":0,"max_hp_loss":0,"event_name":"Knowing Skull","floor":21,"potions_obtained":[],"gold_loss":0,"cards_obtained":[]}],"is_beta":false,"boss_relics":[{"not_picked":["Velvet Choker","Pandora\u0027s Box"],"picked":"Nuclear Battery"}],"items_purged_floors":[5,10,24],"is_endless":false,"potions_floor_spawned":[4,7,16],"killed_by":"Book of Stabbing","ascension_level":17}}