{"host":"srk2drlvga69hbot","time":1611576122,"event":{"mods":["BaseMod","Bestiary","Block Reminder","Colored Map","Colored Powertips","Dark Map","DeckTracker","Highlight Path","Minty Spire (QoL Compilation)","Quick Restart","Rare Cards Sparkle","Relic Stats","SuperFastMode","Unceasing Turn Reminder"],"gold_per_floor":[212,224,174,186,200,229,154,154,154],"floor_reached":8,"language":"ZHS","playtime":381,"items_purged":["Strike_B"],"score":61,"play_id":"e6ddebc7-23cc-464b-a5af-9163fdf94bc0","local_time":"20210125200202","is_ascension_mode":true,"campfire_choices":[],"circlet_count":0,"master_deck":["Strike_B","Strike_B","Defend_B","Defend_B","Defend_B","Defend_B","Zap","Dualcast","Static Discharge","Redo"],"relics":["Cracked Core","Du-Vu Doll"],"acts_visited":["Exordium"],"potions_floor_usage":[4,8],"damage_taken":[{"damage":2,"enemies":"Small Slimes","floor":1,"turns":2},{"damage":3,"enemies":"Jaw Worm","floor":2,"turns":4},{"damage":1,"enemies":"Cultist","floor":4,"turns":4},{"damage":23,"enemies":"Large Slime","floor":5,"turns":4},{"damage":34,"enemies":"Gremlin Nob","floor":6,"turns":5},{"damage":13,"enemies":"Lagavulin","floor":8,"turns":5}],"seed_played":"-5708874830180934431","potions_obtained":[{"floor":1,"key":"SkillPotion"},{"floor":4,"key":"Fruit Juice"}],"is_trial":false,"path_per_floor":["M","M","?","M","M","E","$","E"],"character_chosen":"DEFECT","items_purchased":[],"campfire_rested":0,"item_purchase_floors":[],"current_hp_per_floor":[73,70,70,74,51,17,17,4,4],"gold":154,"neow_bonus":"HUNDRED_GOLD","is_daily":false,"chose_seed":false,"campfire_upgraded":0,"win_rate":0.0,"timestamp":1611576122,"path_taken":["M","M","?","M","M","E","$","E"],"items_purchased_type":[],"build_version":"2020-12-22","purchased_purges":1,"victory":false,"max_hp_per_floor":[75,75,75,80,80,80,80,80,80],"relic_stats":{"counters":[6,24],"obtain_stats":[{"Du-Vu Doll":6,"Cracked Core":0},{"Du-Vu Doll":5,"Cracked Core":0},{"Du-Vu Doll":19,"Cracked Core":0}]},"card_choices":[{"not_picked":["Undo","Compile Driver"],"picked":"Static Discharge","floor":1},{"not_picked":["Conserve Battery","Go for the Eyes"],"picked":"Redo","floor":2},{"not_picked":["Go for the Eyes","Force Field","Doom and Gloom"],"picked":"SKIP","floor":4},{"not_picked":["Leap","Steam","Hello World"],"picked":"SKIP","floor":5},{"not_picked":["Streamline","Hologram","Buffer"],"picked":"SKIP","floor":6}],"player_experience":252390,"relics_obtained":[{"floor":6,"key":"Du-Vu Doll"}],"event_choices":[{"cards_removed":["Strike_B"],"damage_healed":0,"gold_gain":0,"player_choice":"Card Removal","damage_taken":0,"max_hp_gain":0,"max_hp_loss":0,"event_name":"The Cleric","floor":3,"gold_loss":50}],"is_beta":false,"boss_relics":[],"items_purged_floors":[7],"is_endless":false,"potions_floor_spawned":[1,4],"killed_by":"Lagavulin","ascension_level":1}}