{"host":"5v9rfzf5qju8k9wy","time":1611577998,"event":{"mods":["Act Like it!","BaseMod","Downfall","Hermit","Koishi","Lobotomy","Marisa£®ÏF”Í°°ƒß¿Ì…≥£©","Minty Spire (QoL Compilation)","StSLib","The Cursed"],"gold_per_floor":[110,123,198,198,212,212,227,239,264,311,329,354,372,252,252,252,252],"floor_reached":16,"language":"ZHS","playtime":1057,"items_purged":["Koishi:BasicStrike"],"score":94,"play_id":"29b6341f-cadb-40e2-8add-8f9130e0d064","local_time":"20210125203318","is_ascension_mode":false,"campfire_choices":[{"data":"Koishi:HauntingSlash","floor":6,"key":"SMITH"},{"data":"Koishi:EmbersOfLove","floor":15,"key":"SMITH"}],"circlet_count":0,"master_deck":["Koishi:BasicStrike","Koishi:BasicStrike","Koishi:BasicStrike","Koishi:BasicDefend","Koishi:BasicDefend","Koishi:BasicDefend","Koishi:BasicDefend","Koishi:Provoke","Koishi:HauntingSlash+1","VoidDream","Koishi:EmbersOfLove+1","Koishi:PhantomStrike","CherryBlossoms","Koishi:LastRemote","MHz","Koishi:SprinkleStarAndHeart","Koishi:GeneticsOfTheUnconscious","Koishi:IdleWhim","Scarecrow","Koishi:UnconsciousUprising","Koishi:SubconsciousSweep"],"relics":["Koishi:ImaginaryFriend","CogitoBucket","CultistMask","Bag of Preparation","Koishi:AHoleWhereASisterShouldBe","HellTrain"],"acts_visited":["Exordium"],"potions_floor_usage":[11,13],"damage_taken":[{"damage":1,"enemies":"Cultist","floor":1,"turns":4},{"damage":3,"enemies":"2 Louse","floor":2,"turns":3},{"damage":1,"enemies":"Small Slimes","floor":5,"turns":4},{"damage":3,"enemies":"Exordium Wildlife","floor":7,"turns":7},{"damage":12,"enemies":"Exordium Thugs","floor":8,"turns":6},{"damage":3,"enemies":"Blue Slaver","floor":11,"turns":6},{"damage":3,"enemies":"Looter","floor":13,"turns":4},{"damage":43,"enemies":"Slime Boss","floor":16,"turns":5}],"seed_played":"-1075739599915992179","potions_obtained":[{"floor":1,"key":"Fire Potion"},{"floor":7,"key":"champ:CounterPotion"},{"floor":8,"key":"DistilledChaos"},{"floor":11,"key":"Ancient Potion"}],"is_trial":false,"path_per_floor":["M","M","?","?","M","R","M","M","T","T","M","T","M","$","R","B"],"character_chosen":"KOISHI","items_purchased":["Koishi:SubconsciousSweep"],"campfire_rested":0,"item_purchase_floors":[14],"current_hp_per_floor":[60,57,46,46,46,46,49,39,39,39,42,42,41,41,41,0,0],"gold":252,"neow_bonus":"","is_daily":false,"chose_seed":false,"campfire_upgraded":2,"win_rate":0.0,"timestamp":1611577998,"path_taken":["M","?","?","?","?","R","M","M","T","?","M","?","M","$","R","BOSS"],"items_purchased_type":["Card"],"build_version":"2020-12-22","purchased_purges":1,"victory":false,"max_hp_per_floor":[60,60,60,60,60,60,60,60,60,60,60,60,60,60,60,60,60],"card_choices":[{"not_picked":["WallGazer","Scorched"],"picked":"VoidDream","floor":1},{"not_picked":["Koishi:Bloodlust","Koishi:SubterraneanRose"],"picked":"Koishi:EmbersOfLove","floor":1},{"not_picked":["Koishi:StingingMind","Koishi:BloodcurdlingScream"],"picked":"Koishi:PhantomStrike","floor":2},{"not_picked":["QueenBee","Variant"],"picked":"CherryBlossoms","floor":2},{"not_picked":["Koishi:TraumaticStroke","Koishi:SubterraneanRose"],"picked":"Koishi:LastRemote","floor":5},{"not_picked":["WallGazer","HeroicMonk"],"picked":"MHz","floor":7},{"not_picked":["Koishi:Bloodlust","Koishi:FleetingPhantom"],"picked":"Koishi:SprinkleStarAndHeart","floor":7},{"not_picked":["Koishi:StingingMind","Koishi:ParalyzingFear"],"picked":"Koishi:GeneticsOfTheUnconscious","floor":8},{"not_picked":["Koishi:Jaunt","Koishi:Untouchable"],"picked":"Koishi:IdleWhim","floor":11},{"not_picked":["ShyLook","Bloodbath"],"picked":"Scarecrow","floor":13},{"not_picked":["Koishi:TraumaticStroke","Koishi:Jaunt"],"picked":"Koishi:UnconsciousUprising","floor":13}],"player_experience":101069,"relics_obtained":[{"floor":9,"key":"Bag of Preparation"},{"floor":10,"key":"Koishi:AHoleWhereASisterShouldBe"}],"event_choices":[{"damage_healed":0,"gold_gain":75,"player_choice":"Gather Gold","damage_taken":11,"max_hp_gain":0,"max_hp_loss":0,"event_name":"World of Goop","floor":3,"gold_loss":0},{"damage_healed":0,"gold_gain":0,"player_choice":"Trade","damage_taken":0,"relics_obtained":["CultistMask"],"max_hp_gain":0,"max_hp_loss":0,"event_name":"FaceTrader","floor":4,"gold_loss":0}],"is_beta":false,"boss_relics":[],"items_purged_floors":[14],"is_endless":false,"potions_floor_spawned":[1,7,8,11],"killed_by":"Slime Boss","ascension_level":0}}