{"host":"qsusua7l529r8z9k","time":1611551397,"event":{"mods":["BaseMod","Minty Spire (QoL Compilation)","Reimu£®≤©¿ˆ¡È√Œ£©","StSLib","TestMod"],"gold_per_floor":[113,133,147,72,347,347,381,381,381,413,165,177,212,231,231,308,308,324,335,235,235,110,141,141,178,178,178,230,260,280,280,280,386,386,418,465,465,144,144,212,48,75,75,107,107,130,130,184,184,235,268],"floor_reached":52,"language":"ZHS","playtime":3353,"items_purged":["Regret","Strike_Lin:ReiMu","Strike_Lin:ReiMu","Strike_Lin:ReiMu"],"score":2122,"play_id":"e1d243b9-f009-44be-84d0-44553fa9a621","local_time":"20210125130957","daily_mods":["Heirloom"],"is_ascension_mode":true,"campfire_choices":[{"data":"NB:ReiMu","floor":6.0,"key":"SMITH"},{"data":"PrayRite:ReiMu","floor":8.0,"key":"SMITH"},{"floor":15.0,"key":"REST"},{"data":"YinYang:ReiMu","floor":24.0,"key":"SMITH"},{"data":"KamiRite:ReiMu","floor":27.0,"key":"SMITH"},{"data":"SubcavityFantasy:ReiMu","floor":32.0,"key":"SMITH"},{"data":"CeremonyResonance:ReiMu","floor":45,"key":"SMITH"},{"data":"RainPray2:ReiMu","floor":47,"key":"SMITH"},{"data":"EmergencyTakeOff:ReiMu","floor":49,"key":"SMITH"}],"circlet_count":0,"master_deck":["AscendersBane","Defend_Lin:ReiMu","Defend_Lin:ReiMu","Defend_Lin:ReiMu","Defend_Lin:ReiMu","NB:ReiMu+1","Stagnation:ReiMu","Enchanting:ReiMu","SpringWay:ReiMu","PrayRite:ReiMu+1","RainPray2:ReiMu+1","AirStrike:ReiMu","SubcavityFantasy:ReiMu+1","OctopathBindingBorder2:ReiMu","YinYang:ReiMu+1","EmergencyTakeOff:ReiMu+1","Revelation:ReiMu","CeremonyResonance:ReiMu+1","KamiRite:ReiMu+1","PassingAway:ReiMu+1","BlastKick2:ReiMu","Dreaming2:ReiMu+1","Madness","Madness","CleanRite:ReiMu+1"],"relics":["FlyPower:ReiMu","testmod-TestBox","testmod-TimeTraveler","testmod-InjuryResistance","Pear","TurtleShell:ReiMu","Omamori","testmod-Justice","testmod-CardMagician","Nloth\u0027s Gift","testmod-TheFather","testmod-Acrobat","BodyOfKamiR:ReiMu","Art of War","RedLine:ReiMu","testmod-OneHitWonder","Strange Spoon","CrazyTorch:ReiMu","Membership Card","Toxic Egg 2","Centennial Puzzle"],"acts_visited":["Exordium","TheCity","TheBeyond"],"potions_floor_usage":[50,51],"damage_taken":[{"damage":6.0,"enemies":"Jaw Worm","floor":1.0,"turns":6.0},{"damage":0.0,"enemies":"2 Louse","floor":2.0,"turns":3.0},{"damage":0.0,"enemies":"Cultist","floor":3.0,"turns":4.0},{"damage":17.0,"enemies":"Lagavulin","floor":7.0,"turns":9.0},{"damage":39.0,"enemies":"Gremlin Nob","floor":10.0,"turns":6.0},{"damage":0.0,"enemies":"Looter","floor":12.0,"turns":3.0},{"damage":0.0,"enemies":"Lagavulin","floor":13.0,"turns":4.0},{"damage":0.0,"enemies":"Exordium Thugs","floor":14.0,"turns":2.0},{"damage":8.0,"enemies":"The Guardian","floor":16.0,"turns":11.0},{"damage":0.0,"enemies":"3 Byrds","floor":18.0,"turns":4.0},{"damage":4.0,"enemies":"2 Thieves","floor":19.0,"turns":5.0},{"damage":8.0,"enemies":"Slavers","floor":23.0,"turns":7.0},{"damage":3.0,"enemies":"Book of Stabbing","floor":25.0,"turns":4.0},{"damage":5.0,"enemies":"Slavers","floor":28.0,"turns":5.0},{"damage":0.0,"enemies":"Snake Plant","floor":29.0,"turns":4.0},{"damage":0.0,"enemies":"Sentry and Sphere","floor":30.0,"turns":3.0},{"damage":1.0,"enemies":"Champ","floor":33.0,"turns":6.0},{"damage":8.0,"enemies":"3 Darklings","floor":35.0,"turns":3.0},{"damage":0,"enemies":"Giant Head","floor":40,"turns":5},{"damage":0,"enemies":"3 Shapes","floor":42,"turns":3},{"damage":0,"enemies":"3 Darklings","floor":44,"turns":3},{"damage":0,"enemies":"Sphere and 2 Shapes","floor":46,"turns":2},{"damage":0,"enemies":"Nemesis","floor":48,"turns":3},{"damage":5,"enemies":"Awakened One","floor":50,"turns":6},{"damage":24,"enemies":"Time Eater","floor":51,"turns":9}],"seed_played":"-4159721508611357427","potions_obtained":[{"floor":3.0,"key":"SteroidPotion"},{"floor":13.0,"key":"FearPotion"},{"floor":14.0,"key":"Swift Potion"},{"floor":19.0,"key":"SneckoOil"},{"floor":25.0,"key":"BottledKami:ReiMu"},{"floor":29.0,"key":"PowerPotion"},{"floor":35.0,"key":"MagicPotion:ReiMu"}],"is_trial":true,"path_per_floor":["M","M","M","?","?","R","E","R","T","E","$","M","E","M","R","B",null,"M","M","$","?","$","E","R","E","T","R","E","M","M","?","R","B",null,"M","T","?","$","?","E","$","M","T","M","R","M","R","E","R","B","B",null],"character_chosen":"REIMU","items_purchased":["Omamori","Strange Spoon","Membership Card"],"campfire_rested":1,"item_purchase_floors":[11,38,41],"current_hp_per_floor":[48,48,48,48,48,48,41,41,41,2,2,2,2,2,23,15,56,56,52,52,52,52,44,44,40,40,40,35,35,35,35,35,34,39,31,31,31,31,29,29,29,29,29,29,29,29,29,29,29,40,16],"gold":268,"neow_bonus":"","is_daily":false,"chose_seed":false,"campfire_upgraded":8,"win_rate":0.0,"timestamp":1611551397,"path_taken":["M","M","M","?","?","R","E","R","T","E","$","M","E","?","R","BOSS","M","M","$","?","?","E","R","E","T","R","E","M","M","?","R","BOSS","M","?","?","$","?","E","?","M","T","M","R","M","R","E","R","BOSS","BOSS"],"items_purchased_type":["Relic","Relic","Relic"],"build_version":"2020-12-22","purchased_purges":4,"victory":true,"max_hp_per_floor":[60,60,60,60,60,60,70,70,70,70,70,70,70,70,70,70,70,70,60,60,60,60,50,50,40,40,40,40,40,40,40,40,40,40,40,40,40,40,40,40,40,40,40,40,40,40,40,40,40,40,40],"card_choices":[{"not_picked":["WonderfulDomain:ReiMu","NineCharacters:ReiMu"],"picked":"Enchanting:ReiMu","floor":1.0},{"not_picked":["SpringWay:ReiMu","Meditation:ReiMu","WonderfulDomain:ReiMu"],"picked":"SKIP","floor":2.0},{"not_picked":["AlertArray:ReiMu","WonderfulDomain:ReiMu"],"picked":"SpringWay:ReiMu","floor":3.0},{"not_picked":["KamiSacrifice:ReiMu","ShadowOfCrow2:ReiMu"],"picked":"PrayRite:ReiMu","floor":7.0},{"not_picked":["OrbThrow:ReiMu","TakeOff:ReiMu"],"picked":"RainPray2:ReiMu","floor":10.0},{"not_picked":["EmergencyTakeOff:ReiMu","SpringWay:ReiMu"],"picked":"AirStrike:ReiMu","floor":12.0},{"not_picked":["Meditation:ReiMu","UniversalSpiritual:ReiMu"],"picked":"SubcavityFantasy:ReiMu","floor":13.0},{"not_picked":["WonderfulDomain:ReiMu","TightArray:ReiMu"],"picked":"OctopathBindingBorder2:ReiMu","floor":14.0},{"not_picked":["SubcavityFantasy:ReiMu","Determination:ReiMu"],"picked":"YinYang:ReiMu","floor":16.0},{"not_picked":["WonderfulDomain:ReiMu","BarrageOfMoneybags:ReiMu"],"picked":"EmergencyTakeOff:ReiMu","floor":18.0},{"not_picked":["OrbThrow:ReiMu","Enchanting:ReiMu"],"picked":"Revelation:ReiMu","floor":19.0},{"not_picked":["Enchanting:ReiMu","Dreaming2:ReiMu"],"picked":"CeremonyResonance:ReiMu","floor":23.0},{"not_picked":["UniversalSpiritual:ReiMu","EmergencyTakeOff:ReiMu"],"picked":"KamiRite:ReiMu","floor":25.0},{"not_picked":["LovePray:ReiMu","OctopathSalyBorderN:ReiMu"],"picked":"PassingAway:ReiMu","floor":28.0},{"not_picked":["BarrageOfMoneybags:ReiMu","ForcedLanding:ReiMu+1","SpringWay:ReiMu+1"],"picked":"SKIP","floor":29.0},{"not_picked":["SpringWay:ReiMu","SubAcupoint:ReiMu+1","Conquer:ReiMu"],"picked":"SKIP","floor":30.0},{"not_picked":["CeremonyResonance:ReiMu","Authority:ReiMu"],"picked":"BlastKick2:ReiMu","floor":33.0},{"not_picked":["PhosphorusFlame:ReiMu","SpreadBorder2:ReiMu"],"picked":"Dreaming2:ReiMu+1","floor":35.0},{"not_picked":["OctopathBindingBorder2:ReiMu","YinYangSange:ReiMu","TightArray:ReiMu+1"],"picked":"SKIP","floor":40},{"not_picked":["PrepareRite:ReiMu","Conquer:ReiMu","TightArray:ReiMu"],"picked":"SKIP","floor":42},{"not_picked":["FantasyBorder:ReiMu+1","UniversalSpiritual:ReiMu","KamiSacrifice:ReiMu+1"],"picked":"SKIP","floor":44},{"not_picked":["AirStrike:ReiMu","PayForSelf:ReiMu","Meditation:ReiMu+1"],"picked":"SKIP","floor":46},{"not_picked":["PrayRite:ReiMu+1","OctopathSalyBorderN:ReiMu"],"picked":"CleanRite:ReiMu+1","floor":48}],"player_experience":493733,"relics_obtained":[{"floor":7.0,"key":"Pear"},{"floor":9.0,"key":"testmod-Antiphasic"},{"floor":10.0,"key":"TurtleShell:ReiMu"},{"floor":13.0,"key":"testmod-Justice"},{"floor":23.0,"key":"testmod-TheFather"},{"floor":25.0,"key":"testmod-Acrobat"},{"floor":26.0,"key":"BodyOfKamiR:ReiMu"},{"floor":28.0,"key":"Art of War"},{"floor":36.0,"key":"testmod-OneHitWonder"},{"floor":40,"key":"CrazyTorch:ReiMu"},{"floor":43,"key":"Toxic Egg 2"},{"floor":48,"key":"Centennial Puzzle"}],"event_choices":[{"cards_removed":["Strike_Lin:ReiMu"],"damage_healed":0.0,"max_hp_gain":0.0,"max_hp_loss":0.0,"gold_gain":0.0,"event_name":"The Cleric","player_choice":"Card Removal","floor":4.0,"gold_loss":75.0,"damage_taken":0.0},{"damage_healed":0.0,"max_hp_gain":0.0,"max_hp_loss":0.0,"gold_gain":275.0,"event_name":"Golden Shrine","player_choice":"Desecrate","floor":5.0,"gold_loss":0.0,"damage_taken":0.0,"cards_obtained":["Regret"]},{"damage_healed":0.0,"max_hp_gain":0.0,"max_hp_loss":0.0,"gold_gain":0.0,"event_name":"N\u0027loth","player_choice":"Traded Relic","floor":21.0,"relics_lost":["testmod-Antiphasic"],"gold_loss":0.0,"damage_taken":0.0,"relics_obtained":["Nloth\u0027s Gift"]},{"damage_healed":0.0,"max_hp_gain":0.0,"max_hp_loss":0.0,"gold_gain":0.0,"event_name":"Accursed Blacksmith","player_choice":"Forge","floor":31.0,"gold_loss":0.0,"damage_taken":0.0,"cards_upgraded":["PassingAway:ReiMu"]},{"damage_healed":0,"gold_gain":0,"player_choice":"Memory 1","damage_taken":0,"max_hp_gain":0,"max_hp_loss":0,"event_name":"SensoryStone","floor":37,"gold_loss":0},{"damage_healed":0,"gold_gain":0,"player_choice":"Embrace Madness","damage_taken":7,"max_hp_gain":0,"max_hp_loss":0,"event_name":"Winding Halls","floor":39,"gold_loss":0,"cards_obtained":["Madness","Madness"]}],"is_beta":false,"boss_relics":[{"not_picked":["Runic Pyramid","Runic Dome"],"picked":"testmod-CardMagician"},{"not_picked":["Black Star","testmod-Recursion"],"picked":"RedLine:ReiMu"}],"items_purged_floors":[11,20,22,38],"is_endless":false,"potions_floor_spawned":[3,13,14,19,25,29,35,40,46,48],"ascension_level":20}}