{"host":"sc0o2qwpf9j16a4i","time":1611562832,"event":{"mods":["AchievementEnabler","BaseMod","BetterRewards","Block Reminder","Colored Map","Colored Powertips","Custom Start","Highlight Path","Minty Spire (QoL Compilation)","Relic Stats"],"gold_per_floor":[114,114,22,35,49,61,61,136,136,136,175,175,191,205,205,333,333,349,349,349,370,395,395,439,470,482,509,536,548,584,35,35,166,166,184,202,227,3,18,39,79,79,104,104,123,141,141,161,161,161],"floor_reached":51,"language":"ENG","playtime":1944,"items_purged":["Pain"],"score":882,"play_id":"51032b78-6613-425f-bf84-9f4b6b1fa792","local_time":"20210125102032","daily_mods":["Draft","Uncertain Future","Terminal"],"is_ascension_mode":false,"campfire_choices":[{"data":"Calculated Gamble","floor":10.0,"key":"SMITH"},{"data":"Prepared","floor":12.0,"key":"SMITH"},{"data":"Footwork","floor":15.0,"key":"SMITH"},{"data":"Catalyst","floor":23,"key":"SMITH"},{"floor":29,"key":"DIG"},{"floor":32,"key":"DIG"},{"floor":42,"key":"DIG"},{"floor":49,"key":"DIG"}],"circlet_count":0,"master_deck":["Poisoned Stab","Dagger Throw","Backflip","Flying Knee","Blade Dance","Blade Dance","Deflect+1","Dagger Spray","Sucker Punch","Leg Sweep","PiercingWail","Calculated Gamble+1","Finisher","Backstab","Escape Plan","Backstab","Finisher","Prepared+1","Tactician","Quick Slash","Crippling Poison","Finisher","Footwork+1","Corpse Explosion","Deflect","Writhe","Deflect+1","Catalyst+1","Malaise","Acrobatics","Noxious Fumes","PiercingWail+1","Blur","Panache","Panacea","Infinite Blades","Burst","Dodge and Roll","Escape Plan","Dodge and Roll+1","Night Terror","Well Laid Plans","Backflip","Calculated Gamble+1","Acrobatics","Underhanded Strike","Prepared+1","Backflip"],"relics":["Ring of the Snake","Golden Idol","Paper Crane","Tough Bandages","Sozu","Shovel","WarpedTongs","MawBank","Matryoshka","Tingsha","ClockworkSouvenir","War Paint","SlaversCollar","Pantograph","Gremlin Horn","Toy Ornithopter","Akabeko","MealTicket","Bottled Tornado","Lantern"],"acts_visited":["Exordium","TheCity","TheBeyond"],"potions_floor_usage":[17,28,50],"damage_taken":[{"damage":0.0,"enemies":"Cultist","floor":1.0,"turns":1.0},{"damage":0.0,"enemies":"2 Louse","floor":4.0,"turns":2.0},{"damage":0.0,"enemies":"Small Slimes","floor":5.0,"turns":1.0},{"damage":0.0,"enemies":"Red Slaver","floor":6.0,"turns":2.0},{"damage":0.0,"enemies":"3 Sentries","floor":11.0,"turns":3.0},{"damage":0.0,"enemies":"Looter","floor":13.0,"turns":1.0},{"damage":0.0,"enemies":"Gremlin Gang","floor":14.0,"turns":2.0},{"damage":0.0,"enemies":"Slime Boss","floor":16.0,"turns":1.0},{"damage":0,"enemies":"3 Byrds","floor":18,"turns":1},{"damage":0,"enemies":"Shell Parasite","floor":21,"turns":3},{"damage":4,"enemies":"Centurion and Healer","floor":22,"turns":5},{"damage":15,"enemies":"Gremlin Leader","floor":24,"turns":8},{"damage":2,"enemies":"Snake Plant","floor":25,"turns":4},{"damage":1,"enemies":"Shelled Parasite and Fungi","floor":27,"turns":3},{"damage":2,"enemies":"Sentry and Sphere","floor":28,"turns":5},{"damage":0,"enemies":"Snake Plant","floor":30,"turns":5},{"damage":2,"enemies":"Automaton","floor":33,"turns":10},{"damage":0,"enemies":"3 Darklings","floor":35,"turns":3},{"damage":0,"enemies":"Orb Walker","floor":36,"turns":2},{"damage":1,"enemies":"Sphere and 2 Shapes","floor":37,"turns":6},{"damage":0,"enemies":"4 Shapes","floor":39,"turns":3},{"damage":0,"enemies":"3 Darklings","floor":40,"turns":2},{"damage":15,"enemies":"Reptomancer","floor":41,"turns":5},{"damage":0,"enemies":"Jaw Worm Horde","floor":45,"turns":2},{"damage":0,"enemies":"Maw","floor":46,"turns":9},{"damage":0,"enemies":"4 Shapes","floor":48,"turns":4},{"damage":15,"enemies":"Donu and Deca","floor":50,"turns":8}],"seed_played":"725875435701958028","potions_obtained":[{"floor":11.0,"key":"EntropicBrew"},{"floor":14.0,"key":"Energy Potion"},{"floor":16.0,"key":"FairyPotion"}],"is_trial":true,"path_per_floor":["M","?","$","M","M","M","?","?","T","R","E","R","M","M","R","B",null,"M","?","?","M","M","R","E","M","T","M","M","R","M","$","R","B",null,"M","M","M","$","M","M","E","R","T","?","M","M","T","M","R","B",null],"character_chosen":"THE_SILENT","items_purchased":["Finisher","Prepared","ClockworkSouvenir","Panache","Panacea","Infinite Blades","Night Terror","Well Laid Plans"],"campfire_rested":0,"item_purchase_floors":[3,3,31,31,31,31,38,38],"current_hp_per_floor":[68,72,71,70,69,68,51,40,40,40,40,40,40,40,40,40,57,56,55,54,53,49,49,34,32,32,31,29,29,29,29,29,27,40,39,38,37,36,35,34,19,19,19,19,19,19,19,19,19,10],"gold":161,"neow_bonus":"","is_daily":false,"chose_seed":false,"campfire_upgraded":4,"win_rate":0.0,"timestamp":1611562832,"path_taken":["M","?","$","M","M","M","?","?","T","R","E","R","M","M","R","BOSS","M","?","?","M","M","R","E","M","T","M","M","R","?","$","R","BOSS","M","M","M","$","M","M","E","R","T","?","M","?","?","M","R","BOSS"],"items_purchased_type":["Card","Card","Relic","Card","Card","Card","Card","Card"],"build_version":"2020-12-22","purchased_purges":1,"victory":true,"max_hp_per_floor":[68,72,71,70,69,68,67,66,65,64,63,62,61,60,59,58,57,56,55,54,53,52,51,50,49,48,47,46,45,44,43,42,41,40,39,38,37,36,35,34,33,32,31,30,29,28,27,26,25,24],"relic_stats":{"Gremlin Horn":[3,3],"counters":[27,101],"Golden Idol":167,"Tingsha":[304],"War Paint":["Deflect","Deflect"],"MawBank":84,"WarpedTongs":[87],"Sozu":9,"Tough Bandages":[537],"Shovel":4,"Pantograph":6,"MealTicket":0,"obtain_stats":[{"Lantern":49,"Gremlin Horn":42,"Golden Idol":7,"Tingsha":29,"Paper Crane":9,"War Paint":32,"Bottled Tornado":47,"MawBank":24,"Akabeko":43,"WarpedTongs":20,"ClockworkSouvenir":31,"Sozu":17,"SlaversCollar":34,"Tough Bandages":11,"Shovel":19,"Matryoshka":26,"Pantograph":41,"MealTicket":47,"Toy Ornithopter":43,"Ring of the Snake":0},{"Lantern":26,"Gremlin Horn":23,"Golden Idol":4,"Tingsha":15,"Paper Crane":4,"War Paint":16,"Bottled Tornado":25,"MawBank":12,"Akabeko":23,"WarpedTongs":9,"ClockworkSouvenir":16,"Sozu":8,"SlaversCollar":17,"Tough Bandages":5,"Shovel":9,"Matryoshka":13,"Pantograph":23,"MealTicket":25,"Toy Ornithopter":23,"Ring of the Snake":0},{"Lantern":93,"Gremlin Horn":78,"Golden Idol":6,"Tingsha":42,"Paper Crane":6,"War Paint":47,"Bottled Tornado":89,"MawBank":30,"Akabeko":78,"WarpedTongs":14,"ClockworkSouvenir":47,"Sozu":13,"SlaversCollar":57,"Tough Bandages":9,"Shovel":14,"Matryoshka":34,"Pantograph":78,"MealTicket":89,"Toy Ornithopter":78,"Ring of the Snake":0}],"Toy Ornithopter":0,"Ring of the Snake":[54]},"card_choices":[{"not_picked":["Quick Slash","PiercingWail"],"picked":"Poisoned Stab","floor":0.0},{"not_picked":["Dodge and Roll","Sucker Punch"],"picked":"Dagger Throw","floor":0.0},{"not_picked":["PiercingWail","Blade Dance"],"picked":"Backflip","floor":0.0},{"not_picked":["Acrobatics","Prepared"],"picked":"Flying Knee","floor":0.0},{"not_picked":["Endless Agony","Outmaneuver"],"picked":"Blade Dance","floor":0.0},{"not_picked":["Acrobatics","Accuracy"],"picked":"Blade Dance","floor":0.0},{"not_picked":["Terror","Masterful Stab"],"picked":"Deflect","floor":0.0},{"not_picked":["Calculated Gamble","Deadly Poison"],"picked":"Dagger Spray","floor":0.0},{"not_picked":["Outmaneuver","Setup"],"picked":"Sucker Punch","floor":0.0},{"not_picked":["Underhanded Strike","Prepared"],"picked":"Leg Sweep","floor":0.0},{"not_picked":["Underhanded Strike","Backflip"],"picked":"PiercingWail","floor":0.0},{"not_picked":["Backflip","Catalyst"],"picked":"Calculated Gamble","floor":0.0},{"not_picked":["Dodge and Roll","Reflex"],"picked":"Finisher","floor":0.0},{"not_picked":["Cloak And Dagger","Acrobatics"],"picked":"Backstab","floor":0.0},{"not_picked":["Flechettes","Predator"],"picked":"Escape Plan","floor":0.0},{"not_picked":["Deflect","Flying Knee"],"picked":"Backstab","floor":1.0},{"not_picked":["PiercingWail","Caltrops"],"picked":"Tactician","floor":4.0},{"not_picked":["Catalyst","Distraction","Outmaneuver"],"picked":"SKIP","floor":5.0},{"not_picked":["Predator","Outmaneuver"],"picked":"Quick Slash","floor":6.0},{"not_picked":["Poisoned Stab","Phantasmal Killer"],"picked":"Crippling Poison","floor":11.0},{"not_picked":["Skewer","Backflip"],"picked":"Finisher","floor":13.0},{"not_picked":["Outmaneuver","Quick Slash"],"picked":"Footwork","floor":14.0},{"not_picked":["Wraith Form v2","Phantasmal Killer"],"picked":"Corpse Explosion","floor":16.0},{"not_picked":["Flying Knee+1","Poisoned Stab"],"picked":"Deflect","floor":18},{"not_picked":["Outmaneuver","Underhanded Strike"],"picked":"Deflect","floor":21},{"not_picked":["Poisoned Stab","Concentrate+1"],"picked":"Catalyst","floor":22},{"not_picked":["Deadly Poison+1","Prepared"],"picked":"Malaise","floor":24},{"not_picked":["Dagger Spray","Prepared"],"picked":"Acrobatics","floor":25},{"not_picked":["Cloak And Dagger+1","Masterful Stab"],"picked":"Noxious Fumes","floor":27},{"not_picked":["Bane","Masterful Stab"],"picked":"PiercingWail+1","floor":28},{"not_picked":["Deflect+1","Quick Slash"],"picked":"Blur","floor":30},{"not_picked":["Grand Finale","Malaise"],"picked":"Burst","floor":33},{"not_picked":["Infinite Blades","Dagger Spray+1"],"picked":"Dodge and Roll","floor":35},{"not_picked":["Flying Knee","Choke"],"picked":"Escape Plan","floor":36},{"not_picked":["Bouncing Flask+1","Masterful Stab+1"],"picked":"Dodge and Roll+1","floor":37},{"not_picked":["Outmaneuver","Finisher"],"picked":"Backflip","floor":39},{"not_picked":["Die Die Die","Flying Knee"],"picked":"Calculated Gamble+1","floor":40},{"not_picked":["Heel Hook+1","Slice"],"picked":"Acrobatics","floor":41},{"not_picked":["Slice+1","Dagger Spray+1"],"picked":"Prepared+1","floor":45},{"not_picked":["Sucker Punch+1","Poisoned Stab+1","Infinite Blades"],"picked":"SKIP","floor":46},{"not_picked":["Choke+1","Underhanded Strike"],"picked":"Backflip","floor":48}],"player_experience":925268,"relics_obtained":[{"floor":9.0,"key":"Paper Crane"},{"floor":11.0,"key":"Tough Bandages"},{"floor":24,"key":"MawBank"},{"floor":26,"key":"Matryoshka"},{"floor":29,"key":"Tingsha"},{"floor":32,"key":"War Paint"},{"floor":41,"key":"Pantograph"},{"floor":42,"key":"Gremlin Horn"},{"floor":43,"key":"Toy Ornithopter"},{"floor":43,"key":"Akabeko"},{"floor":47,"key":"MealTicket"},{"floor":47,"key":"Bottled Tornado"},{"floor":49,"key":"Lantern"}],"event_choices":[{"damage_healed":0.0,"max_hp_gain":5.0,"max_hp_loss":0.0,"gold_gain":0.0,"event_name":"Big Fish","player_choice":"Donut","floor":2.0,"gold_loss":0.0,"damage_taken":0.0},{"damage_healed":0.0,"max_hp_gain":0.0,"max_hp_loss":0.0,"gold_gain":0.0,"event_name":"Golden Idol","player_choice":"Take Damage","floor":7.0,"gold_loss":0.0,"damage_taken":17.0,"relics_obtained":["Golden Idol"]},{"damage_healed":0.0,"max_hp_gain":0.0,"max_hp_loss":0.0,"gold_gain":75.0,"event_name":"World of Goop","player_choice":"Gather Gold","floor":8.0,"gold_loss":0.0,"damage_taken":11.0},{"damage_healed":0,"gold_gain":0,"player_choice":"Opened","damage_taken":0,"relics_obtained":["Shovel"],"max_hp_gain":0,"max_hp_loss":0,"event_name":"The Mausoleum","floor":19,"gold_loss":0,"cards_obtained":["Writhe"]},{"damage_healed":0,"gold_gain":0,"player_choice":"Rummage","damage_taken":0,"relics_obtained":["WarpedTongs"],"max_hp_gain":0,"max_hp_loss":0,"event_name":"Accursed Blacksmith","floor":20,"gold_loss":0,"cards_obtained":["Pain"]},{"damage_healed":0,"gold_gain":0,"player_choice":"1 cards matched","damage_taken":0,"max_hp_gain":0,"max_hp_loss":0,"event_name":"Match and Keep!","floor":44,"gold_loss":0,"cards_obtained":["Underhanded Strike"]}],"is_beta":false,"boss_relics":[{"not_picked":["Tiny House","Calling Bell"],"picked":"Sozu"},{"not_picked":["Black Star","Velvet Choker"],"picked":"SlaversCollar"}],"items_purged_floors":[31],"is_endless":false,"potions_floor_spawned":[11,14,16,18,27,28,33,35,37,40,41,46],"ascension_level":0}}