{"host":"vumwfieg2b2mnrfl","time":1611616829,"event":{"mods":["AchievementEnabler","BaseMod","Minty Spire (QoL Compilation)","Rare Cards Sparkle","Relic Stats"],"gold_per_floor":[117,117,117,117,129,129,129,155,155,155,105,123,155,185,185,185,185],"floor_reached":16,"language":"ENG","playtime":368,"items_purged":["Power Through"],"score":201,"play_id":"6af16bb5-e003-49ed-8162-ea515a15790a","local_time":"20210125172029","is_ascension_mode":true,"campfire_choices":[{"floor":6.0,"key":"REST"},{"data":"Entrench","floor":10.0,"key":"SMITH"},{"floor":15,"key":"REST"}],"circlet_count":0,"master_deck":["AscendersBane","Strike_R","Strike_R+1","Strike_R","Strike_R+1","Defend_R","Defend_R","Defend_R","Defend_R","Bash","Entrench+1","Headbutt","Carnage","Armaments"],"relics":["Burning Blood","Anchor","Mango","Ornamental Fan","Smiling Mask","Oddly Smooth Stone"],"acts_visited":["Exordium"],"potions_floor_usage":[16],"damage_taken":[{"damage":12.0,"enemies":"Cultist","floor":1.0,"turns":5.0},{"damage":0.0,"enemies":"2 Louse","floor":5.0,"turns":3.0},{"damage":37.0,"enemies":"Lagavulin","floor":8.0,"turns":8.0},{"damage":4.0,"enemies":"Jaw Worm","floor":12.0,"turns":4.0},{"damage":32.0,"enemies":"Gremlin Nob","floor":13.0,"turns":4.0},{"damage":84,"enemies":"The Guardian","floor":16,"turns":12}],"seed_played":"-6804173072749758289","potions_obtained":[{"floor":1.0,"key":"FearPotion"},{"floor":8.0,"key":"EntropicBrew"}],"is_trial":false,"path_per_floor":["M","?","$","?","M","R","T","E","T","R","$","M","E","?","R","B"],"character_chosen":"IRONCLAD","items_purchased":[],"campfire_rested":2,"item_purchase_floors":[],"current_hp_per_floor":[62,39,39,39,45,67,81,50,50,50,50,52,26,26,52,0,0],"gold":185,"neow_bonus":"TRANSFORM_CARD","is_daily":false,"chose_seed":false,"campfire_upgraded":1,"win_rate":0.0,"timestamp":1611616829,"path_taken":["M","?","$","?","?","R","?","E","T","R","$","M","E","?","R","BOSS"],"items_purchased_type":[],"build_version":"2020-12-22","purchased_purges":1,"victory":false,"max_hp_per_floor":[75,75,75,75,75,75,89,89,89,89,89,89,89,89,89,89,89],"relic_stats":{"counters":[6,36],"Ornamental Fan":[4],"Smiling Mask":25,"obtain_stats":[{"Anchor":4,"Ornamental Fan":8,"Oddly Smooth Stone":13,"Mango":7,"Smiling Mask":9,"Burning Blood":0},{"Anchor":1,"Ornamental Fan":3,"Oddly Smooth Stone":5,"Mango":2,"Smiling Mask":3,"Burning Blood":0},{"Anchor":5,"Ornamental Fan":16,"Oddly Smooth Stone":24,"Mango":8,"Smiling Mask":16,"Burning Blood":0}],"Burning Blood":30},"card_choices":[{"not_picked":["Body Slam","Thunderclap"],"picked":"Entrench","floor":1.0},{"not_picked":["True Grit","Burning Pact"],"picked":"Headbutt","floor":5.0},{"not_picked":["Perfected Strike","Flex","Entrench"],"picked":"SKIP","floor":8.0},{"not_picked":["Perfected Strike","Flex","Entrench"],"picked":"SKIP","floor":8.0},{"not_picked":["Cleave","Infernal Blade"],"picked":"Carnage","floor":12.0},{"not_picked":["Flex","Pommel Strike"],"picked":"Armaments","floor":13.0}],"player_experience":461127,"relics_obtained":[{"floor":4.0,"key":"Anchor"},{"floor":7.0,"key":"Mango"},{"floor":8.0,"key":"Ornamental Fan"},{"floor":9.0,"key":"Smiling Mask"},{"floor":13.0,"key":"Oddly Smooth Stone"}],"event_choices":[{"damage_healed":0.0,"max_hp_gain":0.0,"max_hp_loss":0.0,"gold_gain":0.0,"event_name":"Shining Light","player_choice":"Entered Light","floor":2.0,"gold_loss":0.0,"damage_taken":23.0,"cards_upgraded":["Strike_R","Strike_R"]},{"damage_healed":0.0,"max_hp_gain":0.0,"max_hp_loss":0.0,"gold_gain":0.0,"event_name":"Wheel of Change","player_choice":"Relic","floor":4.0,"gold_loss":0.0,"damage_taken":0.0},{"damage_healed":0,"gold_gain":30,"player_choice":"Searched \u00271\u0027 times","damage_taken":0,"max_hp_gain":0,"max_hp_loss":0,"event_name":"Dead Adventurer","floor":14,"gold_loss":0}],"is_beta":false,"boss_relics":[],"items_purged_floors":[11],"is_endless":false,"potions_floor_spawned":[1,8,13],"killed_by":"The Guardian","ascension_level":18}}