{"host":"y087t2reloz9bi43","time":1611613142,"event":{"mods":["2.2 Compatiblity","AchievementEnabler","Aspiration","BaseMod","Beaked The Cultist","Bestiary","Better Note","Better Vampires","BetterRewards","ChefMod","Clockwork Mod","Colored Map","Colored Powertips","Conspire","Downfall","Ekko","Fireblade Mod","Friendly Minions","GifTheSpireLib","Gold Saver","Gremlin Mod","Halation","Hermit","Hubris","Infinite Spire","Jedi Mod","JesterMod","Jorbs\u0027s Wanderer Trilogy","Mad Scientist","Marisa????????","Mimic Mod","Minty Spire (QoL Compilation)","Permanent Neow","Potionbrewer","Rare Cards Sparkle","Relic Stats","Robot Space Explorer","Shade Mod","Shop Mod","StSLib","The Alterego","The Blackbeard","The Bug Knight","The Construct","The Cursed","The Disciple","The Elementalist","The Exalted","The Hierophant","The Jungle","The Marked","The Mystic","The Necromancer","The Runesmith","The Senshi","The Servant 0.9.4","TheBandit","TheFirefly","TheHero","TheVacant","Transform Curses","Uncapped","everything is the same but u backflip on backflip","thorton"],"gold_per_floor":[1690,1704,1719,1390,1405,1405,1405,1139,1139,1158,1158,1175,1206,1216,1227,1341,1341,1141,1141,1161,1161,1172,1172,1172,1186,1211,1111,1127,1127,1138,1138,1157,1253,1253,1253,1266,1280,1280,1292,1321,1352,1352,1029,1045,1045,1045,1045],"floor_reached":45,"language":"ENG","playtime":6083,"items_purged":["hexamod:Strike","hexamod:Strike","hexamod:Defend","hexamod:Sear","hexamod:Defend"],"score":494,"play_id":"75d5a359-9664-48ad-9582-0c1ec647fb47","local_time":"20210125221902","is_ascension_mode":false,"campfire_choices":[{"data":"hexamod:Float","floor":1,"key":"SMITH"},{"floor":9,"key":"RECALL"},{"data":"hexamod:PhantomCloak","floor":18,"key":"SMITH"},{"floor":27,"key":"REST"},{"floor":29,"key":"REST"},{"data":"infinitespire:NeuralNetwork","floor":35,"key":"SMITH"}],"circlet_count":0,"master_deck":["hexamod:Defend","hexamod:Defend","hexamod:Float+1","hexamod:StepThrough","hexamod:AdvancingGuard","hexamod:SkipABeat","hexamod:HauntingEcho","Apotheosis+1","hexamod:HauntingEcho","hexamod:CatchUp","hexamod:EmpoweredFlame","hexamod:PhantomCloak+1","hexamod:CatchUp","hexamod:GhostOfSpireFuture","hexamod:FastForward","hexamod:ApocalypticArmor","infinitespire:NeuralNetwork+1","hexamod:HauntingEcho","hexamod:HexaLevel","hexamod:StepThrough","hexamod:FastForward+1","hexamod:AdvancingGuard+1","hexamod:SkipABeat","hexamod:FastForward","Parasite"],"relics":["hexamod:SpiritBrand","halation:LettersToHer","potionbrewer:WarMedal","Orichalcum","Empty Cage","downfall:HeartBlessingGreen","downfall:HeartBlessingRed","Bag of Preparation","Smiling Mask","downfall:HeartBlessingBlue","Runesmith:AutoHammer","construct:WeddingRing","halation:PapillonHeart","Bromod:ArcaneConsequence","hubris:Zylophone","infinitespire:PuzzleCube","Pen Nib"],"acts_visited":["Exordium","TheCity","TheBeyond"],"potions_floor_usage":[15,16,22,37,39,40,45],"damage_taken":[{"damage":12,"enemies":"infinitespire:Voidling","floor":2,"turns":3},{"damage":0,"enemies":"Jaw Worm","floor":3,"turns":4},{"damage":0,"enemies":"downfall:FleeingMerchant","floor":4,"turns":4},{"damage":1,"enemies":"2 Louse","floor":5,"turns":3},{"damage":0,"enemies":"downfall:FleeingMerchant","floor":8,"turns":4},{"damage":0,"enemies":"Gremlin Gang","floor":10,"turns":3},{"damage":0,"enemies":"3 Louse","floor":12,"turns":3},{"damage":0,"enemies":"Gremlin Nob","floor":13,"turns":4},{"damage":0,"enemies":"Blue Slaver","floor":14,"turns":3},{"damage":0,"enemies":"Gremlin Gang","floor":15,"turns":4},{"damage":8,"enemies":"IC_STATUS_ARCHETYPE","floor":16,"turns":6},{"damage":7,"enemies":"Shell Parasite","floor":20,"turns":6},{"damage":0,"enemies":"Chosen and Byrds","floor":22,"turns":8},{"damage":15,"enemies":"Centurion and Healer","floor":25,"turns":7},{"damage":24,"enemies":"Gremlin Leader","floor":26,"turns":7},{"damage":7,"enemies":"Shelled Parasite and Fungi","floor":28,"turns":6},{"damage":14,"enemies":"Snake Plant","floor":30,"turns":4},{"damage":8,"enemies":"Snecko","floor":32,"turns":4},{"damage":5,"enemies":"SI_MIRROR_ARCHETYPE","floor":33,"turns":7},{"damage":0,"enemies":"Orb Walker","floor":36,"turns":3},{"damage":11,"enemies":"3 Darklings","floor":37,"turns":4},{"damage":45,"enemies":"Jaw Worm Horde","floor":39,"turns":4},{"damage":11,"enemies":"Nemesis","floor":40,"turns":5},{"damage":0,"enemies":"Maw","floor":41,"turns":6},{"damage":0,"enemies":"downfall:FleeingMerchant","floor":43,"turns":4},{"damage":6,"enemies":"Maw","floor":44,"turns":5},{"damage":14,"enemies":"Writhing Mass","floor":45,"turns":3}],"seed_played":"7539153172617156371","potions_obtained":[{"floor":3,"key":"Fire Potion"},{"floor":10,"key":"potionbrewer:FreezingPotion"},{"floor":11,"key":"hexamod:EctoCoolerPotion"},{"floor":11,"key":"Swift Potion"},{"floor":15,"key":"potionbrewer:MidasPotion"},{"floor":16,"key":"potionbrewer:EndurancePotion"},{"floor":28,"key":"ColorlessPotion"},{"floor":39,"key":"sneckomod:MuddlingPotion"},{"floor":44,"key":"potionbrewer:EndurancePotion"}],"is_trial":false,"path_per_floor":["R","M","M","$","M","?","T","$","R","M","?","M","E","M","M","B",null,"R","?","M","?","M","$","T","M","E","R","M","R","M","AVR","M","B",null,"R","M","M","?","M","E","MIM","AVR","$","M","M"],"character_chosen":"THE_SPIRIT","items_purchased":["hexamod:HauntingEcho","Apotheosis","hexamod:CatchUp","hexamod:EmpoweredFlame","hexamod:DoubleChargePotion","Bag of Preparation","Pen Nib","Slimebound:ThreeZeroPotion"],"campfire_rested":2,"item_purchase_floors":[4,4,8,8,23,23,43,43],"current_hp_per_floor":[70,62,62,62,61,61,61,61,61,61,61,61,61,61,61,53,70,70,70,63,63,63,48,48,33,9,43,36,60,46,46,38,33,80,80,80,69,69,24,13,13,13,13,7,0,0,0],"gold":1045,"neow_bonus":"RANDOM_COMMON_RELIC","is_daily":false,"chose_seed":false,"campfire_upgraded":3,"win_rate":0.0,"timestamp":1611613142,"path_taken":["R","M","M","$","?","?","T","$","R","M","?","?","E","M","M","BOSS","R","?","M","?","M","?","T","?","E","R","M","R","M","AVR","M","BOSS","R","M","M","?","M","E","MIM","AVR","?","M","M"],"items_purchased_type":["Card","Card","Card","Card","Potion","Relic","Relic","Potion"],"build_version":"2020-12-22","purchased_purges":5,"victory":false,"max_hp_per_floor":[70,70,70,70,70,70,70,70,70,70,70,70,70,70,70,70,70,70,70,70,70,70,70,70,70,70,80,80,80,80,80,80,80,80,80,80,80,76,76,76,76,76,76,76,76,76,76],"relic_stats":{"counters":[27,124],"Pen Nib":[1],"Bag of Preparation":[28],"Orichalcum":[12],"Smiling Mask":75,"obtain_stats":[{"potionbrewer:WarMedal":7,"halation:PapillonHeart":38,"construct:WeddingRing":34,"downfall:HeartBlessingRed":18,"downfall:HeartBlessingGreen":18,"Pen Nib":43,"Bag of Preparation":23,"Orichalcum":13,"Empty Cage":17,"Smiling Mask":26,"Bromod:ArcaneConsequence":40,"hubris:Zylophone":41,"downfall:HeartBlessingBlue":27,"Runesmith:AutoHammer":31,"halation:LettersToHer":0,"hexamod:SpiritBrand":0,"infinitespire:PuzzleCube":42},{"potionbrewer:WarMedal":4,"halation:PapillonHeart":21,"construct:WeddingRing":19,"downfall:HeartBlessingRed":11,"downfall:HeartBlessingGreen":11,"Pen Nib":25,"Bag of Preparation":13,"Orichalcum":8,"Empty Cage":11,"Smiling Mask":15,"Bromod:ArcaneConsequence":23,"hubris:Zylophone":24,"downfall:HeartBlessingBlue":15,"Runesmith:AutoHammer":17,"halation:LettersToHer":0,"hexamod:SpiritBrand":0,"infinitespire:PuzzleCube":24},{"potionbrewer:WarMedal":14,"halation:PapillonHeart":97,"construct:WeddingRing":90,"downfall:HeartBlessingRed":41,"downfall:HeartBlessingGreen":41,"Pen Nib":116,"Bag of Preparation":55,"Orichalcum":28,"Empty Cage":41,"Smiling Mask":69,"Bromod:ArcaneConsequence":106,"hubris:Zylophone":112,"downfall:HeartBlessingBlue":69,"Runesmith:AutoHammer":79,"halation:LettersToHer":0,"hexamod:SpiritBrand":0,"infinitespire:PuzzleCube":112}]},"card_choices":[{"not_picked":["hexamod:GhostflameBarrier","hexamod:PhantomCloak"],"picked":"hexamod:StepThrough","floor":2},{"not_picked":["hexamod:Firestarter","hexamod:HeatShield"],"picked":"hexamod:AdvancingGuard","floor":3},{"not_picked":["hexamod:GhostLash","hexamod:BurningTouch"],"picked":"hexamod:SkipABeat","floor":4},{"not_picked":["hexamod:GhostLash","hexamod:GhostflameBarrier"],"picked":"hexamod:HauntingEcho","floor":5},{"not_picked":["hexamod:BacktrackSmack","hexamod:RetreatToShadows","hexamod:PhantomFireball"],"picked":"SKIP","floor":8},{"not_picked":["hexamod:ShieldOfDarkness","hexamod:NightmareStrike","hexamod:InspiringFlames"],"picked":"SKIP","floor":10},{"not_picked":["hexamod:Hexaguard","hexamod:VolcanoVisage"],"picked":"hexamod:PhantomCloak","floor":12},{"not_picked":["hexamod:HeatMetal","hexamod:NightmareStrike"],"picked":"hexamod:CatchUp","floor":13},{"not_picked":["hexamod:SecondSeal","hexamod:ShieldOfDarkness"],"picked":"hexamod:GhostOfSpireFuture","floor":14},{"not_picked":["hexamod:SoulSteal","hexamod:BurningTouch","hexamod:NightmareGuise"],"picked":"SKIP","floor":15},{"not_picked":["hexamod:SwordOfDarkness+1","hexamod:Hexaguard","hexamod:HeatCrush"],"picked":"SKIP","floor":20},{"not_picked":["hexamod:InspiringFlames","hexamod:RainOfEmbers+1","hexamod:ExtraCrispy+1"],"picked":"SKIP","floor":22},{"not_picked":["hexamod:HauntingEcho","hexamod:SecondSeal"],"picked":"hexamod:FastForward","floor":25},{"not_picked":["hexamod:GhostOfSpireFuture","hexamod:RetreatToShadows","hexamod:FlamesFromBeyond+1"],"picked":"SKIP","floor":26},{"not_picked":["hexamod:GhostShield","hexamod:ThirdSeal","hexamod:NightmareGuise+1"],"picked":"SKIP","floor":28},{"not_picked":["hexamod:FlamesFromBeyond+1","hexamod:HauntingEcho"],"picked":"hexamod:ApocalypticArmor","floor":30},{"not_picked":["hexamod:RetreatToShadows","hexamod:PhantomFireball"],"picked":"hexamod:HauntingEcho","floor":32},{"not_picked":["hexamod:UnleashSpirits","hexamod:GhostOfSpirePresent"],"picked":"hexamod:HexaLevel","floor":33},{"not_picked":["hexamod:SwordOfDarkness","hexamod:SoulSteal"],"picked":"hexamod:StepThrough","floor":36},{"not_picked":["hexamod:HeatCrush","hexamod:ShieldOfDarkness+1","hexamod:ThermalTransfer"],"picked":"SKIP","floor":37},{"not_picked":["hexamod:RainOfEmbers","hexamod:PowerFromBeyond"],"picked":"hexamod:FastForward+1","floor":39},{"not_picked":["hexamod:SuperheatedStrike+1","hexamod:SwordOfDarkness"],"picked":"hexamod:AdvancingGuard+1","floor":40},{"not_picked":["hexamod:DynamicBlow+1","hexamod:PhantomCloak"],"picked":"hexamod:SkipABeat","floor":43},{"not_picked":["hexamod:ShieldOfDarkness","hexamod:Incineration"],"picked":"hexamod:FastForward","floor":44}],"player_experience":435007,"relics_obtained":[{"floor":7,"key":"halation:LettersToHer"},{"floor":7,"key":"potionbrewer:WarMedal"},{"floor":13,"key":"Orichalcum"},{"floor":24,"key":"halation:LettersToHer"},{"floor":26,"key":"Smiling Mask"},{"floor":40,"key":"Bromod:ArcaneConsequence"},{"floor":41,"key":"halation:LettersToHer"},{"floor":41,"key":"hubris:Zylophone"}],"event_choices":[{"damage_healed":0,"gold_gain":0,"player_choice":"Got Potions","damage_taken":0,"max_hp_gain":0,"max_hp_loss":0,"event_name":"Lab","floor":11,"gold_loss":0},{"damage_healed":0,"gold_gain":0,"player_choice":"Ignored","damage_taken":0,"max_hp_gain":0,"max_hp_loss":0,"event_name":"betterNote:BetterNote","floor":19,"gold_loss":0,"cards_obtained":["Bromod:QuickThinking"]}],"is_beta":false,"boss_relics":[{"not_picked":["conspire:SeveredTorchhead","conspire:SpecialSausage"],"picked":"Empty Cage"},{"not_picked":["aspiration:BeakedSkillbook","Sozu"],"picked":"construct:WeddingRing"}],"items_purged_floors":[4,8,31,42,43],"is_endless":false,"potions_floor_spawned":[3,10,12,15,16,28,30,32,33,39,44],"killed_by":"Writhing Mass","ascension_level":0}}