{"host":"delta","time":1611587694,"event":{"mods":["Act Like it!","Arknights The Spire","BaseMod","Lobotomy","Marisa£®ÏF”Í°°ƒß¿Ì…≥£©","Minty Spire (QoL Compilation)","StSLib"],"gold_per_floor":[118,133,152,163,176,208,208,283,283,296,88,88,99,129,129,129,129],"floor_reached":16,"language":"ZHS","playtime":909,"items_purged":[],"score":114,"play_id":"f504ea0c-56f0-4a90-9f7d-575e8ab7dac4","local_time":"20210125231454","is_ascension_mode":false,"campfire_choices":[{"floor":12,"key":"REST"},{"data":"BigCrunch","floor":15,"key":"SMITH"}],"circlet_count":0,"master_deck":["Strike_MRS","Strike_MRS","Strike_MRS","Strike_MRS","Defend_MRS+1","Defend_MRS","Defend_MRS+1","Defend_MRS","MasterSpark","UpSweep","Scorched","ShootingEcho","GreedKing","6A","UniverseFragment","OortCloud","Alriune","MysteriousBeam","SpiderBud","PunishingBird","OpenUniverse","FairyFestival","Orbital","Acceleration","Porccubus","DragonMeteor","VoidDream","BigCrunch+1"],"relics":["MiniHakkero","CogitoBucket","Pen Nib","Ginger","BehaviorAdjustment","Lantern","Bottled Lightning"],"acts_visited":["Exordium"],"potions_floor_usage":[],"damage_taken":[{"damage":3,"enemies":"2 Louse","floor":1,"turns":3},{"damage":6,"enemies":"Jaw Worm","floor":2,"turns":2},{"damage":0,"enemies":"Small Slimes","floor":3,"turns":3},{"damage":4,"enemies":"Blue Slaver","floor":4,"turns":3},{"damage":0,"enemies":"Red Slaver","floor":5,"turns":2},{"damage":18,"enemies":"3 Sentries","floor":6,"turns":4},{"damage":9,"enemies":"2 Fungi Beasts","floor":10,"turns":3},{"damage":3,"enemies":"Large Slime","floor":13,"turns":4},{"damage":15,"enemies":"Lagavulin","floor":14,"turns":5},{"damage":30,"enemies":"Slime Boss","floor":16,"turns":1}],"seed_played":"-100917163709431208","potions_obtained":[{"floor":1,"key":"ColorlessPotion"},{"floor":3,"key":"EssenceOfSteel"},{"floor":6,"key":"Swift Potion"}],"is_trial":false,"path_per_floor":["M","M","M","M","M","E","?","?","T","M","$","R","M","E","R","B"],"character_chosen":"MARISA","items_purchased":["Acceleration","Lantern"],"campfire_rested":1,"item_purchase_floors":[11,11],"current_hp_per_floor":[72,66,66,62,62,44,29,18,18,9,9,31,30,17,17,0,0],"gold":129,"neow_bonus":"","is_daily":false,"chose_seed":false,"campfire_upgraded":1,"win_rate":0.0,"timestamp":1611587694,"path_taken":["M","M","M","M","M","E","?","?","T","M","$","R","M","E","R","BOSS"],"items_purchased_type":["Card","Card"],"build_version":"2020-12-18","purchased_purges":0,"victory":false,"max_hp_per_floor":[75,75,75,75,75,75,75,75,75,75,75,75,75,75,75,75,75],"card_choices":[{"not_picked":["MHz","CherryBlossoms"],"picked":"Scorched","floor":1},{"not_picked":["GrandCross","GalacticHalo"],"picked":"ShootingEcho","floor":1},{"not_picked":["OldLady","OSAHOGD"],"picked":"GreedKing","floor":2},{"not_picked":["MilkyWay","PulseMagic"],"picked":"6A","floor":2},{"not_picked":["WallGazer","FairyFestival"],"picked":"UniverseFragment","floor":3},{"not_picked":["ShootingEcho","SporeBomb"],"picked":"OortCloud","floor":3},{"not_picked":["MeatLantern","RedShoes"],"picked":"Alriune","floor":4},{"not_picked":["UnstableBomb","6A"],"picked":"MysteriousBeam","floor":4},{"not_picked":["OSAHOGD","FairyFestival"],"picked":"SpiderBud","floor":5},{"not_picked":["WitchOfGreed","UnstableBomb","GrandCross"],"picked":"SKIP","floor":5},{"not_picked":["OldLady","BeautyBeast"],"picked":"PunishingBird","floor":6},{"not_picked":["ShootingEcho","6A"],"picked":"OpenUniverse","floor":6},{"not_picked":["CherryBlossoms","CrumblingArmor"],"picked":"FairyFestival","floor":10},{"not_picked":["6A","DC"],"picked":"Orbital","floor":10},{"not_picked":["Murderer","BeautyBeast"],"picked":"Porccubus","floor":13},{"not_picked":["MilkyWay","LuminesStrike"],"picked":"DragonMeteor","floor":13},{"not_picked":["ShyLook","OSAHOGD"],"picked":"VoidDream","floor":14},{"not_picked":["MachineGunSpark","NonDirectionalLaser"],"picked":"BigCrunch","floor":14}],"player_experience":339270,"relics_obtained":[{"floor":6,"key":"Pen Nib"},{"floor":9,"key":"Ginger"},{"floor":14,"key":"Bottled Lightning"}],"event_choices":[{"damage_healed":0,"gold_gain":0,"player_choice":"Entered Light","damage_taken":15,"max_hp_gain":0,"max_hp_loss":0,"event_name":"Shining Light","floor":7,"gold_loss":0,"cards_upgraded":["Defend_MRS","Defend_MRS"]},{"damage_healed":0,"gold_gain":75,"player_choice":"Gather Gold","damage_taken":11,"max_hp_gain":0,"max_hp_loss":0,"event_name":"World of Goop","floor":8,"gold_loss":0}],"is_beta":true,"boss_relics":[],"items_purged_floors":[],"is_endless":false,"potions_floor_spawned":[1,3,6,13],"killed_by":"Slime Boss","ascension_level":0}}