{"host":"1pwde2j81wdvsae3","time":1611586655,"event":{"mods":["BaseMod","Minty Spire (QoL Compilation)","Replay The Spire","Shop Mod","StSLib"],"gold_per_floor":[110,110,127,142,155,155,189,199,199,215,242,256,267,267,267,343,343,360,373,21,36,36,36],"floor_reached":22,"language":"ZHS","playtime":747,"items_purged":["Hallucinations"],"score":379,"play_id":"aca95676-46b6-4c37-9d57-ceed33dc8e40","local_time":"20210125225735","is_ascension_mode":true,"campfire_choices":[{"data":"Feed","floor":6.0,"key":"SMITH"},{"floor":15,"key":"REST"}],"circlet_count":0,"master_deck":["AscendersBane","Strike_R","Strike_R","Strike_R","Strike_R","Strike_R","Defend_R","Defend_R+1","Defend_R","Defend_R","Bash+1","Feed+1","Clash+1","ReplayTheSpireMod:Stacked","Wild Strike+1","Perfected Strike","Shrug It Off","Headbutt","Second Wind","Evolve","Uppercut","Armaments+1","Limit Break","CurseOfTheBell","Cleave","ReplayTheSpireMod:Strike From Hell","Exhume","Pommel Strike","Pommel Strike"],"relics":["Burning Blood","Vajra","Letter Opener","Gremlin Food","Calling Bell","War Paint","Mercury Hourglass","Magic Flower","Bag of Preparation"],"acts_visited":["Exordium","TheCity"],"potions_floor_usage":[16,16,21,21,21,22],"damage_taken":[{"damage":10.0,"enemies":"Small Slimes","floor":1.0,"turns":4.0},{"damage":1.0,"enemies":"Cultist","floor":3.0,"turns":3.0},{"damage":11.0,"enemies":"Jaw Worm","floor":4.0,"turns":6.0},{"damage":19.0,"enemies":"Large Slime","floor":5.0,"turns":7.0},{"damage":32.0,"enemies":"Gremlin Nob","floor":7.0,"turns":4.0},{"damage":15.0,"enemies":"Blue Slaver","floor":8.0,"turns":7.0},{"damage":0.0,"enemies":"2 Fungi Beasts","floor":10.0,"turns":2.0},{"damage":23.0,"enemies":"Lagavulin","floor":11.0,"turns":4.0},{"damage":0.0,"enemies":"Looter","floor":12.0,"turns":2.0},{"damage":13,"enemies":"Blue Slaver","floor":13,"turns":5},{"damage":6,"enemies":"Slime Boss","floor":16,"turns":7},{"damage":32,"enemies":"2 Thieves","floor":18,"turns":4},{"damage":27,"enemies":"Shell Parasite","floor":19,"turns":4},{"damage":29,"enemies":"Snecko","floor":21,"turns":6},{"damage":33,"enemies":"Chosen and Byrds","floor":22,"turns":6}],"seed_played":"875833995774075835","potions_obtained":[{"floor":1.0,"key":"AttackPotion"},{"floor":4.0,"key":"EntropicBrew"},{"floor":8.0,"key":"SneckoOil"},{"floor":12,"key":"Weak Potion"},{"floor":16,"key":"Fire Potion"},{"floor":19,"key":"EntropicBrew"}],"is_trial":false,"path_per_floor":["M","?","M","M","M","R","E","M","T","M","E","M","M","?","R","B",null,"M","M","$","M","M"],"character_chosen":"IRONCLAD","items_purchased":["Bag of Preparation","Exhume","Pommel Strike"],"campfire_rested":1,"item_purchase_floors":[20,20,20],"current_hp_per_floor":[67,67,75,74,64,64,38,33,33,39,26,32,25,25,53,53,85,62,50,50,30,0,0],"gold":36,"neow_bonus":"THREE_RARE_CARDS","is_daily":false,"chose_seed":false,"campfire_upgraded":1,"win_rate":0.0,"timestamp":1611586655,"path_taken":["M","?","M","M","M","R","E","M","T","M","E","?","M","?","R","BOSS","M","M","$","M","M"],"items_purchased_type":["Relic","Card","Card"],"build_version":"2020-12-22","purchased_purges":1,"victory":false,"max_hp_per_floor":[78,78,81,85,88,88,88,92,92,92,96,96,96,96,96,96,96,96,100,100,100,100,100],"card_choices":[{"not_picked":["Berserk","Demonic Infusion"],"picked":"Feed","floor":0.0},{"not_picked":["Sever Soul","ReplayTheSpireMod:Limb From Limb"],"picked":"Clash","floor":1.0},{"not_picked":["ReplayTheSpireMod:LeadingStrike","Thunderclap"],"picked":"ReplayTheSpireMod:Stacked","floor":3.0},{"not_picked":["Metallicize","Second Wind"],"picked":"Wild Strike","floor":4.0},{"not_picked":["Dark Embrace","Body Slam"],"picked":"Perfected Strike","floor":5.0},{"not_picked":["Abandon","Shockwave"],"picked":"Shrug It Off","floor":7.0},{"not_picked":["Heavy Blade","Infernal Blade"],"picked":"Headbutt","floor":8.0},{"not_picked":["Perfected Strike","Headbutt"],"picked":"Second Wind","floor":10.0},{"not_picked":["Flame Barrier","Disarm"],"picked":"Evolve","floor":11.0},{"not_picked":["Havoc","Sword Boomerang"],"picked":"Uppercut","floor":12},{"not_picked":["Heavy Blade","Flame Barrier"],"picked":"Armaments","floor":13},{"not_picked":["Brutality","Fiend Fire"],"picked":"Limit Break","floor":16},{"not_picked":["Body Slam+1","Havoc"],"picked":"Cleave","floor":18},{"not_picked":["Cleave","Perfected Strike"],"picked":"ReplayTheSpireMod:Strike From Hell","floor":19},{"not_picked":["ReplayTheSpireMod:Corrosion Curse","Infernal Blade"],"picked":"Pommel Strike","floor":21}],"player_experience":236533,"relics_obtained":[{"floor":7.0,"key":"Vajra"},{"floor":9.0,"key":"Letter Opener"},{"floor":11.0,"key":"Gremlin Food"},{"floor":17,"key":"War Paint"},{"floor":17,"key":"Mercury Hourglass"},{"floor":17,"key":"Magic Flower"}],"event_choices":[{"damage_healed":0.0,"max_hp_gain":0.0,"max_hp_loss":0.0,"gold_gain":0.0,"event_name":"Accursed Blacksmith","player_choice":"Forge","floor":2.0,"gold_loss":0.0,"damage_taken":0.0,"cards_upgraded":["Bash"]}],"is_beta":false,"boss_relics":[{"not_picked":["Runic Dome","Replay:Drink Me"],"picked":"Calling Bell"}],"items_purged_floors":[20],"is_endless":false,"potions_floor_spawned":[1,4,5,8,10,12,16,19],"killed_by":"Chosen and Byrds","ascension_level":15}}