{"host":"f5gffvlv6a66yqkd","time":1611574014,"event":{"mods":["2.2 Compatiblity","BaseMod","Colored Map","Custom Start","DeckTracker","Keyboard Shortcuts","Minty Spire (QoL Compilation)","Permanent Neow","Quick Restart","Relic Stats","StSLib","SuperFastMode"],"gold_per_floor":[110,110,124,124,143,143,177,63,63,63,82,82,95,95,95,170,170,180,180,95,95,110,110,135,145,224,224,224,224,424,58,58,131,131,142,196,214,226,241,241,241],"floor_reached":40,"language":"KOR","playtime":1160,"items_purged":["Strike_G","Defend_G"],"score":858,"play_id":"f030bba5-d363-423c-adb5-741eb6350c44","local_time":"20210125202654","is_ascension_mode":true,"campfire_choices":[{"data":"Corpse Explosion","floor":6.0,"key":"SMITH"},{"floor":10.0,"key":"REST"},{"data":"Footwork","floor":12.0,"key":"SMITH"},{"data":"Deadly Poison","floor":15.0,"key":"SMITH"},{"data":"Acrobatics","floor":23.0,"key":"SMITH"},{"data":"Reflex","floor":27.0,"key":"SMITH"},{"data":"Venomology","floor":29.0,"key":"SMITH"},{"data":"Neutralize","floor":32.0,"key":"SMITH"}],"circlet_count":0,"master_deck":["AscendersBane","Defend_G","Defend_G","Defend_G","Defend_G","Survivor","Neutralize+1","Corpse Explosion+1","Dagger Throw","Blur","Reflex+1","Footwork+1","Deadly Poison+1","Venomology+1","Acrobatics+1","PiercingWail","Prepared","Deflect+1","Eviscerate"],"relics":["Ring of the Serpent","Orichalcum","Torii","Meat on the Bone","Blood Vial","Nunchaku","Pantograph","White Beast Statue","SlaversCollar","Tough Bandages"],"acts_visited":["Exordium","TheCity","TheBeyond"],"potions_floor_usage":[37,38,38,39,39,40,40,40],"damage_taken":[{"damage":1.0,"enemies":"Cultist","floor":1.0,"turns":4.0},{"damage":0.0,"enemies":"2 Louse","floor":3.0,"turns":3.0},{"damage":0.0,"enemies":"Jaw Worm","floor":5.0,"turns":5.0},{"damage":15.0,"enemies":"3 Sentries","floor":7.0,"turns":3.0},{"damage":2.0,"enemies":"Exordium Thugs","floor":11.0,"turns":6.0},{"damage":1.0,"enemies":"2 Fungi Beasts","floor":13.0,"turns":2.0},{"damage":23.0,"enemies":"The Guardian","floor":16.0,"turns":9.0},{"damage":6.0,"enemies":"3 Byrds","floor":18.0,"turns":2.0},{"damage":21.0,"enemies":"2 Thieves","floor":22.0,"turns":3.0},{"damage":25.0,"enemies":"Gremlin Leader","floor":24.0,"turns":11.0},{"damage":19.0,"enemies":"Snake Plant","floor":25.0,"turns":5.0},{"damage":31.0,"enemies":"Automaton","floor":33.0,"turns":11.0},{"damage":0.0,"enemies":"3 Shapes","floor":35.0,"turns":4.0},{"damage":54.0,"enemies":"2 Orb Walkers","floor":36.0,"turns":4.0},{"damage":16,"enemies":"Orb Walker","floor":37,"turns":7},{"damage":0,"enemies":"Maw","floor":38,"turns":8},{"damage":1,"enemies":"4 Shapes","floor":39,"turns":5},{"damage":0,"enemies":"Reptomancer","floor":40,"turns":3}],"seed_played":"-7672234847568808998","potions_obtained":[{"floor":1.0,"key":"Poison Potion"},{"floor":7.0,"key":"SteroidPotion"},{"floor":11.0,"key":"Energy Potion"},{"floor":24.0,"key":"FearPotion"},{"floor":33.0,"key":"Poison Potion"},{"floor":35.0,"key":"SpeedPotion"},{"floor":36,"key":"Poison Potion"},{"floor":37,"key":"Poison Potion"},{"floor":38,"key":"BlessingOfTheForge"},{"floor":39,"key":"Weak Potion"}],"is_trial":false,"path_per_floor":["M","?","M","?","M","R","E","$","T","R","M","R","M","?","R","B",null,"M","?","?","?","M","R","E","M","T","R","?","R","?","$","R","B",null,"M","?","M","M","M","E"],"character_chosen":"THE_SILENT","items_purchased":["Reflex","White Beast Statue"],"campfire_rested":1,"item_purchase_floors":[8,31],"current_hp_per_floor":[58,40,40,33,33,33,18,18,18,37,35,35,34,34,34,23,55,49,49,49,49,42,42,31,26,26,26,26,26,26,26,26,34,58,60,20,18,32,45,47,47],"gold":241,"neow_bonus":"ONE_RANDOM_RARE_CARD","is_daily":false,"chose_seed":false,"campfire_upgraded":7,"win_rate":0.0,"timestamp":1611574014,"path_taken":["M","?","M","?","M","R","E","?","T","R","M","R","?","?","R","BOSS","M","?","?","?","M","R","E","?","T","R","?","R","?","$","R","BOSS","M","?","M","M","M","E"],"items_purchased_type":["Card","Relic"],"build_version":"2020-12-22","purchased_purges":2,"victory":false,"max_hp_per_floor":[66,66,66,66,66,66,66,66,66,66,66,66,66,66,66,66,66,66,66,66,66,66,66,66,66,66,66,66,66,66,66,66,66,66,66,66,66,66,66,66,66],"relic_stats":{"Blood Vial":20,"Nunchaku":[3],"Tough Bandages":[93],"Torii":39,"counters":[18,95],"Pantograph":25,"Orichalcum":[174],"obtain_stats":[{"Blood Vial":20,"SlaversCollar":34,"Nunchaku":24,"Tough Bandages":36,"Torii":7,"Pantograph":26,"Orichalcum":2,"Ring of the Serpent":17,"White Beast Statue":31,"Ring of the Snake":0,"Meat on the Bone":9},{"Blood Vial":8,"SlaversCollar":12,"Nunchaku":10,"Tough Bandages":14,"Torii":4,"Pantograph":11,"Orichalcum":1,"Ring of the Serpent":7,"White Beast Statue":11,"Ring of the Snake":0,"Meat on the Bone":4},{"Blood Vial":34,"SlaversCollar":64,"Nunchaku":48,"Tough Bandages":72,"Torii":15,"Pantograph":53,"Orichalcum":4,"Ring of the Serpent":32,"White Beast Statue":53,"Ring of the Snake":0,"Meat on the Bone":15}],"Meat on the Bone":108},"card_choices":[{"not_picked":["Expertise","All Out Attack","Dodge and Roll"],"picked":"SKIP","floor":1.0},{"not_picked":["Sucker Punch","Flechettes"],"picked":"Dagger Throw","floor":3.0},{"not_picked":["Quick Slash","Sucker Punch","Dagger Throw"],"picked":"SKIP","floor":5.0},{"not_picked":["Outmaneuver","Dodge and Roll"],"picked":"Blur","floor":7.0},{"not_picked":["Sucker Punch","Night Terror"],"picked":"Footwork","floor":11.0},{"not_picked":["Setup","Backflip"],"picked":"Deadly Poison","floor":13.0},{"not_picked":["Storm of Steel","A Thousand Cuts"],"picked":"Venomology","floor":16.0},{"not_picked":["Quick Slash","Blade Dance"],"picked":"Acrobatics","floor":18.0},{"not_picked":["Dash","Acrobatics","Eviscerate"],"picked":"SKIP","floor":22.0},{"not_picked":["Eviscerate","Slice","Cloak And Dagger"],"picked":"SKIP","floor":24.0},{"not_picked":["PiercingWail","Distraction","Infinite Blades"],"picked":"SKIP","floor":25.0},{"not_picked":["Distraction","Infinite Blades"],"picked":"PiercingWail","floor":25.0},{"not_picked":["Flying Knee","Blade Dance+1"],"picked":"Prepared","floor":35.0},{"not_picked":["Poisoned Stab+1","Acrobatics"],"picked":"Deflect+1","floor":36},{"not_picked":["Crippling Poison","Skewer","Dodge and Roll"],"picked":"SKIP","floor":37},{"not_picked":["Acrobatics","Prepared"],"picked":"Eviscerate","floor":38},{"not_picked":["Sucker Punch","Skewer","Malaise"],"picked":"SKIP","floor":39}],"player_experience":1619146,"relics_obtained":[{"floor":7.0,"key":"Torii"},{"floor":9.0,"key":"Meat on the Bone"},{"floor":24.0,"key":"Nunchaku"},{"floor":26.0,"key":"Pantograph"},{"floor":36,"key":"Tough Bandages"}],"event_choices":[{"damage_healed":0.0,"max_hp_gain":0.0,"max_hp_loss":0.0,"gold_gain":0.0,"event_name":"Scrap Ooze","player_choice":"Success","floor":2.0,"gold_loss":0.0,"damage_taken":18.0,"relics_obtained":["Orichalcum"]},{"cards_removed":["Strike_G"],"damage_healed":0.0,"max_hp_gain":0.0,"max_hp_loss":0.0,"gold_gain":0.0,"event_name":"Golden Wing","player_choice":"Card Removal","floor":4.0,"gold_loss":0.0,"damage_taken":7.0},{"cards_removed":["Strike_G"],"damage_healed":0.0,"max_hp_gain":0.0,"max_hp_loss":0.0,"gold_gain":0.0,"event_name":"Living Wall","player_choice":"Forget","floor":14.0,"gold_loss":0.0,"damage_taken":0.0},{"damage_healed":0.0,"max_hp_gain":0.0,"max_hp_loss":0.0,"gold_gain":0.0,"event_name":"Ghosts","player_choice":"Ignored","floor":19.0,"gold_loss":0.0,"damage_taken":0.0},{"damage_healed":0.0,"max_hp_gain":0.0,"max_hp_loss":0.0,"gold_gain":0.0,"event_name":"Addict","player_choice":"Obtained Relic","floor":20.0,"gold_loss":85.0,"damage_taken":0.0,"relics_obtained":["Blood Vial"]},{"cards_removed":["Strike_G"],"damage_healed":0.0,"max_hp_gain":0.0,"max_hp_loss":0.0,"gold_gain":0.0,"event_name":"Bonfire Elementals","player_choice":"Offered Basic","floor":21.0,"gold_loss":0.0,"damage_taken":0.0},{"cards_removed":["Strike_G"],"damage_healed":0.0,"max_hp_gain":0.0,"max_hp_loss":0.0,"gold_gain":0.0,"event_name":"Back to Basics","player_choice":"Elegance","floor":28.0,"gold_loss":0.0,"damage_taken":0.0},{"damage_healed":0.0,"max_hp_gain":0.0,"max_hp_loss":0.0,"gold_gain":250.0,"event_name":"The Joust","player_choice":"Bet on Owner","floor":30.0,"gold_loss":50.0,"damage_taken":0.0},{"damage_healed":0.0,"max_hp_gain":0.0,"max_hp_loss":0.0,"gold_gain":0.0,"event_name":"Mysterious Sphere","player_choice":"Fight","floor":36.0,"gold_loss":0.0,"damage_taken":0.0}],"is_beta":false,"boss_relics":[{"not_picked":["Cursed Key","Velvet Choker"],"picked":"Ring of the Serpent"},{"not_picked":["Astrolabe","Black Star"],"picked":"SlaversCollar"}],"items_purged_floors":[8,31],"is_endless":false,"potions_floor_spawned":[1,7,11,24,33,35,36,37,38,39],"killed_by":"Reptomancer","ascension_level":20}}