{"host":"f5gffvlv6a66yqkd","time":1611571029,"event":{"mods":["2.2 Compatiblity","BaseMod","Colored Map","Custom Start","DeckTracker","Keyboard Shortcuts","Minty Spire (QoL Compilation)","Permanent Neow","Quick Restart","Relic Stats","StSLib","SuperFastMode"],"gold_per_floor":[12,32,55,68,83,83,114,133,206,206,217,228,253,265,265,338,338,348,348,348,348,362,362,373,373,373,373,398,413,413,423,423,496,496,512,525,415,434,434,434,434,434,434,434,444,444,444],"floor_reached":46,"language":"KOR","playtime":2051,"items_purged":[],"score":958,"play_id":"280d1bb9-b27f-49eb-b292-46a95b33ae64","local_time":"20210125193709","is_ascension_mode":true,"campfire_choices":[{"data":"Crippling Poison","floor":6.0,"key":"SMITH"},{"floor":10.0,"key":"REST"},{"data":"Acrobatics","floor":15.0,"key":"SMITH"},{"floor":23.0,"key":"REST"},{"floor":25.0,"key":"REST"},{"data":"Concentrate","floor":27.0,"key":"SMITH"},{"floor":32.0,"key":"REST"},{"data":"After Image","floor":40,"key":"SMITH"},{"data":"Grand Finale","floor":42,"key":"SMITH"}],"circlet_count":0,"master_deck":["AscendersBane","Strike_G","Defend_G+1","Defend_G+1","Defend_G","Defend_G","Survivor+1","Neutralize","Acrobatics+1","Heel Hook","Dagger Throw","Dagger Spray","Crippling Poison+1","Infinite Blades","Grand Finale+1","Calculated Gamble","Prepared+1","Concentrate+1","Dagger Spray","Venomology","Neutralize","Calculated Gamble","Venomology","Calculated Gamble+1","Bullet Time","Deflect","Tactician+1","After Image+1","Backflip","Escape Plan+1","Backflip"],"relics":["Ring of the Snake","War Paint","Juzu Bracelet","Gremlin Horn","Oddly Smooth Stone","Runic Pyramid","Matryoshka","Turnip","SacredBark","Regal Pillow"],"acts_visited":["Exordium","TheCity","TheBeyond"],"potions_floor_usage":[],"damage_taken":[{"damage":0.0,"enemies":"Cultist","floor":1.0,"turns":4.0},{"damage":4.0,"enemies":"Small Slimes","floor":2.0,"turns":4.0},{"damage":0.0,"enemies":"Jaw Worm","floor":4.0,"turns":4.0},{"damage":0.0,"enemies":"Lots of Slimes","floor":5.0,"turns":3.0},{"damage":25.0,"enemies":"Lagavulin","floor":7.0,"turns":8.0},{"damage":5.0,"enemies":"Gremlin Gang","floor":8.0,"turns":3.0},{"damage":15.0,"enemies":"Blue Slaver","floor":11.0,"turns":4.0},{"damage":1.0,"enemies":"Lots of Slimes","floor":12.0,"turns":2.0},{"damage":9.0,"enemies":"Gremlin Nob","floor":13.0,"turns":4.0},{"damage":0.0,"enemies":"Exordium Wildlife","floor":14.0,"turns":2.0},{"damage":12.0,"enemies":"Slime Boss","floor":16.0,"turns":7.0},{"damage":22.0,"enemies":"Spheric Guardian","floor":18.0,"turns":7.0},{"damage":0.0,"enemies":"3 Byrds","floor":22.0,"turns":3.0},{"damage":23.0,"enemies":"Shelled Parasite and Fungi","floor":24.0,"turns":7.0},{"damage":0.0,"enemies":"Slavers","floor":28.0,"turns":1.0},{"damage":14.0,"enemies":"Snecko","floor":29.0,"turns":5.0},{"damage":16.0,"enemies":"Snake Plant","floor":31.0,"turns":5.0},{"damage":24.0,"enemies":"Collector","floor":33.0,"turns":12.0},{"damage":16.0,"enemies":"Orb Walker","floor":35.0,"turns":6.0},{"damage":11.0,"enemies":"3 Darklings","floor":36.0,"turns":6.0},{"damage":0.0,"enemies":"Maw","floor":38.0,"turns":11.0},{"damage":17,"enemies":"4 Shapes","floor":45,"turns":4},{"damage":120,"enemies":"Giant Head","floor":46,"turns":12}],"seed_played":"-3937877017233851151","potions_obtained":[{"floor":4.0,"key":"Block Potion"},{"floor":5.0,"key":"LiquidMemories"},{"floor":8.0,"key":"GhostInAJar"},{"floor":11.0,"key":"Fire Potion"},{"floor":13.0,"key":"Poison Potion"},{"floor":14.0,"key":"LiquidMemories"},{"floor":22.0,"key":"AttackPotion"},{"floor":29.0,"key":"Fruit Juice"}],"is_trial":false,"path_per_floor":["M","M","T","M","M","R","E","M","T","R","M","M","E","M","R","B",null,"M","?","?","?","M","R","M","R","T","R","E","M","?","M","R","B",null,"M","M","?","M","?","R","?","R","T","?","M","E"],"character_chosen":"THE_SILENT","items_purchased":[],"campfire_rested":4,"item_purchase_floors":[],"current_hp_per_floor":[59,55,55,55,55,55,30,25,25,44,29,28,19,19,19,7,51,29,29,11,11,11,32,9,30,30,30,30,21,21,5,27,3,58,70,59,59,59,59,59,59,59,59,59,42,20,20],"gold":444,"neow_bonus":"TRANSFORM_TWO_CARDS","is_daily":false,"chose_seed":false,"campfire_upgraded":5,"win_rate":0.0,"timestamp":1611571029,"path_taken":["M","M","?","M","M","R","E","M","T","R","M","M","E","M","R","BOSS","M","?","?","?","M","R","M","R","T","R","E","M","?","M","R","BOSS","M","M","?","M","?","R","?","R","T","?","M","E"],"items_purchased_type":[],"build_version":"2020-12-22","purchased_purges":0,"victory":false,"max_hp_per_floor":[66,66,66,66,66,66,66,66,66,66,66,66,66,66,66,66,66,66,66,71,71,71,71,71,71,71,71,71,76,76,76,76,76,76,76,76,76,76,76,76,76,76,76,72,72,72,72],"relic_stats":{"Regal Pillow":0,"Gremlin Horn":[22,22],"counters":[23,124],"Turnip":[12],"Juzu Bracelet":4,"War Paint":["Defend_G","Survivor"],"obtain_stats":[{"Regal Pillow":43,"Matryoshka":26,"Gremlin Horn":9,"SacredBark":34,"Oddly Smooth Stone":13,"Turnip":28,"Juzu Bracelet":7,"War Paint":3,"Ring of the Snake":0,"Runic Pyramid":17},{"Regal Pillow":21,"Matryoshka":14,"Gremlin Horn":6,"SacredBark":18,"Oddly Smooth Stone":9,"Turnip":15,"Juzu Bracelet":5,"War Paint":2,"Ring of the Snake":0,"Runic Pyramid":11},{"Regal Pillow":108,"Matryoshka":62,"Gremlin Horn":26,"SacredBark":85,"Oddly Smooth Stone":36,"Turnip":63,"Juzu Bracelet":23,"War Paint":8,"Ring of the Snake":0,"Runic Pyramid":45}],"Ring of the Snake":[46]},"card_choices":[{"not_picked":["Bane","Leg Sweep"],"picked":"Dagger Throw","floor":1.0},{"not_picked":["Calculated Gamble","Dagger Throw"],"picked":"Dagger Spray","floor":2.0},{"not_picked":["Sucker Punch","Deadly Poison"],"picked":"Crippling Poison","floor":4.0},{"not_picked":["Deadly Poison","Slice"],"picked":"Infinite Blades","floor":5.0},{"not_picked":["Outmaneuver","Acrobatics"],"picked":"Grand Finale","floor":7.0},{"not_picked":["Calculated Gamble","Bane","Outmaneuver"],"picked":"SKIP","floor":8.0},{"not_picked":["Bane","Outmaneuver"],"picked":"Calculated Gamble","floor":8.0},{"not_picked":["Dagger Throw","All Out Attack","Doppelganger"],"picked":"SKIP","floor":11.0},{"not_picked":["Accuracy","Masterful Stab"],"picked":"Prepared","floor":12.0},{"not_picked":["Underhanded Strike","Expertise","Sucker Punch"],"picked":"SKIP","floor":13.0},{"not_picked":["Crippling Poison","Bane","Malaise"],"picked":"SKIP","floor":14.0},{"not_picked":["Flechettes","Dodge and Roll"],"picked":"Concentrate","floor":18.0},{"not_picked":["Flying Knee","All Out Attack","Endless Agony"],"picked":"SKIP","floor":22.0},{"not_picked":["Cloak And Dagger","Slice+1"],"picked":"Calculated Gamble+1","floor":24.0},{"not_picked":["Dagger Throw","Noxious Fumes"],"picked":"Bullet Time","floor":28.0},{"not_picked":["Backflip","Flying Knee"],"picked":"Deflect","floor":29.0},{"not_picked":["Infinite Blades","Deflect"],"picked":"Tactician+1","floor":31.0},{"not_picked":["Adrenaline","A Thousand Cuts"],"picked":"After Image","floor":33.0},{"not_picked":["Outmaneuver","Cloak And Dagger"],"picked":"Backflip","floor":35.0},{"not_picked":["Skewer+1","Terror"],"picked":"Escape Plan+1","floor":36.0},{"not_picked":["Prepared+1","Deflect+1"],"picked":"Backflip","floor":38.0},{"not_picked":["Deflect+1","Heel Hook","Prepared"],"picked":"SKIP","floor":45}],"player_experience":1615649,"relics_obtained":[{"floor":3.0,"key":"War Paint"},{"floor":7.0,"key":"Juzu Bracelet"},{"floor":9.0,"key":"Gremlin Horn"},{"floor":13.0,"key":"Oddly Smooth Stone"},{"floor":26.0,"key":"Matryoshka"},{"floor":28.0,"key":"Turnip"},{"floor":43,"key":"Regal Pillow"}],"event_choices":[{"damage_healed":0.0,"max_hp_gain":0.0,"max_hp_loss":0.0,"gold_gain":0.0,"cards_transformed":["Strike_G","Strike_G"],"event_name":"Drug Dealer","player_choice":"Became Test Subject","floor":19.0,"gold_loss":0.0,"damage_taken":0.0,"cards_obtained":["Dagger Spray","Venomology"]},{"damage_healed":0.0,"max_hp_gain":5.0,"max_hp_loss":0.0,"gold_gain":0.0,"event_name":"Forgotten Altar","player_choice":"Shed Blood","floor":20.0,"gold_loss":0.0,"damage_taken":23.0},{"damage_healed":0.0,"max_hp_gain":0.0,"max_hp_loss":0.0,"gold_gain":0.0,"event_name":"Match and Keep!","player_choice":"3 cards matched","floor":21.0,"gold_loss":0.0,"damage_taken":0.0,"cards_obtained":["Neutralize","Calculated Gamble","Venomology"]},{"damage_healed":0.0,"max_hp_gain":0.0,"max_hp_loss":0.0,"gold_gain":0.0,"event_name":"Accursed Blacksmith","player_choice":"Forge","floor":30.0,"gold_loss":0.0,"damage_taken":0.0,"cards_upgraded":["Prepared"]},{"cards_removed":["Strike_G"],"damage_healed":0.0,"max_hp_gain":0.0,"max_hp_loss":0.0,"gold_gain":0.0,"event_name":"Designer","player_choice":"Upgrade and Remove","floor":37.0,"gold_loss":110.0,"damage_taken":0.0,"cards_upgraded":["Defend_G"]},{"damage_healed":0,"gold_gain":0,"player_choice":"Memory 1","damage_taken":0,"max_hp_gain":0,"max_hp_loss":0,"event_name":"SensoryStone","floor":39,"gold_loss":0},{"damage_healed":0,"gold_gain":0,"player_choice":"Got Potions","damage_taken":0,"max_hp_gain":0,"max_hp_loss":0,"event_name":"Lab","floor":41,"gold_loss":0},{"damage_healed":0,"gold_gain":0,"player_choice":"Max HP","damage_taken":0,"max_hp_gain":0,"max_hp_loss":4,"event_name":"Winding Halls","floor":44,"gold_loss":0}],"is_beta":false,"boss_relics":[{"not_picked":["Astrolabe","Philosopher\u0027s Stone"],"picked":"Runic Pyramid"},{"not_picked":["Ring of the Serpent","WristBlade"],"picked":"SacredBark"}],"items_purged_floors":[],"is_endless":false,"potions_floor_spawned":[4,5,8,11,13,14,22,24,29,33,36,38,45],"killed_by":"Giant Head","ascension_level":20}}