{"host":"j4g6ia6asvpyu2b0","time":1611537550,"event":{"mods":["BaseMod","Colored Map","Minty Spire (QoL Compilation)","Permanent Neow","Quick Restart","Relic Stats","StSLib","Unceasing Turn Reminder"],"gold_per_floor":[369,389,404,404,422,422,438,469,469,469,488,488,523,541,541,614,614,628,543,543,560,248,248,280,280,280,280,294,304,319,347,347,424,424,442,442,14,14,27,60,73,73,73],"floor_reached":42,"language":"ENG","playtime":1231,"items_purged":["Writhe"],"score":1059,"play_id":"a105bbb2-d6ae-49e1-8a23-2ba8c769a9a7","local_time":"20210124181910","is_ascension_mode":true,"campfire_choices":[{"data":"Inflame","floor":6.0,"key":"SMITH"},{"data":"Spot Weakness","floor":10.0,"key":"SMITH"},{"data":"Offering","floor":12.0,"key":"SMITH"},{"floor":15.0,"key":"REST"},{"data":"True Grit","floor":23.0,"key":"SMITH"},{"floor":25.0,"key":"REST"},{"data":"Limit Break","floor":27.0,"key":"SMITH"},{"data":"Double Tap","floor":32.0,"key":"SMITH"}],"circlet_count":0,"master_deck":["AscendersBane","Strike_R","Strike_R","Strike_R","Strike_R","Strike_R","Defend_R","Defend_R","Defend_R","Bash","True Grit+1","Warcry","Cleave","Pain","Inflame+1","Offering+1","Spot Weakness+1","Feel No Pain+1","Evolve+1","Sword Boomerang","Offering","Feel No Pain+1","Heavy Blade+1","Dark Embrace+1","Offering","Limit Break+1","Inflame+1","Sword Boomerang+1","Anger","Double Tap+1","Corruption+1","Heavy Blade","Inflame+1","Thunderclap","Disarm+1","Feel No Pain+1"],"relics":["Burning Blood","WarpedTongs","Kunai","Frozen Egg 2","Regal Pillow","Philosopher\u0027s Stone","TungstenRod","Bag of Marbles","Eternal Feather","Tiny Chest","Sozu","Charon\u0027s Ashes","Ancient Tea Set"],"acts_visited":["Exordium","TheCity","TheBeyond"],"potions_floor_usage":[42],"damage_taken":[{"damage":13.0,"enemies":"Cultist","floor":1.0,"turns":5.0},{"damage":2.0,"enemies":"2 Louse","floor":2.0,"turns":5.0},{"damage":4.0,"enemies":"Jaw Worm","floor":3.0,"turns":4.0},{"damage":4.0,"enemies":"Lots of Slimes","floor":5.0,"turns":2.0},{"damage":5.0,"enemies":"Looter","floor":7.0,"turns":4.0},{"damage":38.0,"enemies":"Gremlin Nob","floor":8.0,"turns":4.0},{"damage":8.0,"enemies":"3 Louse","floor":11.0,"turns":4.0},{"damage":9.0,"enemies":"Lagavulin","floor":13.0,"turns":5.0},{"damage":11.0,"enemies":"Lots of Slimes","floor":14.0,"turns":3.0},{"damage":55.0,"enemies":"The Guardian","floor":16.0,"turns":12.0},{"damage":15.0,"enemies":"2 Thieves","floor":18.0,"turns":2.0},{"damage":10.0,"enemies":"Chosen","floor":21.0,"turns":4.0},{"damage":31.0,"enemies":"Book of Stabbing","floor":24.0,"turns":4.0},{"damage":21.0,"enemies":"Shelled Parasite and Fungi","floor":28.0,"turns":2.0},{"damage":20.0,"enemies":"Snecko","floor":29.0,"turns":3.0},{"damage":5.0,"enemies":"Cultist and Chosen","floor":30.0,"turns":3.0},{"damage":11.0,"enemies":"Gremlin Leader","floor":31.0,"turns":2.0},{"damage":47.0,"enemies":"Automaton","floor":33.0,"turns":6.0},{"damage":10.0,"enemies":"Orb Walker","floor":35.0,"turns":1.0},{"damage":32.0,"enemies":"3 Shapes","floor":39.0,"turns":5.0},{"damage":19.0,"enemies":"Giant Head","floor":40.0,"turns":4.0},{"damage":5.0,"enemies":"Transient","floor":41.0,"turns":6.0},{"damage":49,"enemies":"Nemesis","floor":42,"turns":3}],"seed_played":"-245637209070235913","potions_obtained":[{"floor":5.0,"key":"Weak Potion"},{"floor":7.0,"key":"LiquidMemories"},{"floor":8.0,"key":"Block Potion"},{"floor":13.0,"key":"BlessingOfTheForge"},{"floor":14.0,"key":"SpeedPotion"},{"floor":18.0,"key":"SmokeBomb"},{"floor":28.0,"key":"BloodPotion"},{"floor":31.0,"key":"Regen Potion"}],"is_trial":false,"path_per_floor":["M","M","M","?","M","R","M","E","T","R","M","R","E","M","R","B",null,"M","?","T","M","$","R","E","R","T","R","M","M","M","E","R","B",null,"M","?","$","?","M","E","M","E"],"character_chosen":"IRONCLAD","items_purchased":["Dark Embrace+1","Offering","Charon\u0027s Ashes","Inflame+1"],"campfire_rested":2,"item_purchase_floors":[22,22,37,37],"current_hp_per_floor":[61,65,67,67,69,69,70,38,38,38,36,36,33,28,65,16,60,51,51,51,47,47,47,22,59,59,74,59,45,46,41,59,18,61,57,57,57,57,31,30,31,0,0],"gold":73,"neow_bonus":"TWO_FIFTY_GOLD","is_daily":false,"chose_seed":false,"campfire_upgraded":6,"win_rate":0.0,"timestamp":1611537550,"path_taken":["M","?","M","?","?","R","?","E","T","R","M","R","E","M","R","BOSS","M","?","?","M","$","R","E","R","T","R","M","M","?","E","R","BOSS","M","?","$","?","M","E","M","E"],"items_purchased_type":["Card","Card","Relic","Card"],"build_version":"2020-12-22","purchased_purges":1,"victory":false,"max_hp_per_floor":[75,75,75,75,75,75,75,75,75,75,75,75,75,75,75,75,75,75,75,75,75,75,75,75,75,75,75,75,75,75,75,75,75,75,75,75,75,75,75,75,75,75,75],"relic_stats":{"Sozu":0,"Regal Pillow":30,"counters":[23,93],"Eternal Feather":33,"Tiny Chest":0,"Charon\u0027s Ashes":[111],"Kunai":[15],"obtain_stats":[{"Regal Pillow":13,"Eternal Feather":26,"Charon\u0027s Ashes":37,"Frozen Egg 2":9,"Ancient Tea Set":40,"Burning Blood":0,"WarpedTongs":4,"Sozu":34,"Philosopher\u0027s Stone":17,"Tiny Chest":31,"Bag of Marbles":24,"Kunai":8,"TungstenRod":19},{"Regal Pillow":8,"Eternal Feather":13,"Charon\u0027s Ashes":19,"Frozen Egg 2":6,"Ancient Tea Set":21,"Burning Blood":0,"WarpedTongs":3,"Sozu":18,"Philosopher\u0027s Stone":10,"Tiny Chest":17,"Bag of Marbles":13,"Kunai":6,"TungstenRod":11},{"Regal Pillow":33,"Eternal Feather":58,"Charon\u0027s Ashes":75,"Frozen Egg 2":24,"Ancient Tea Set":84,"Burning Blood":0,"WarpedTongs":14,"Sozu":74,"Philosopher\u0027s Stone":48,"Tiny Chest":68,"Bag of Marbles":58,"Kunai":24,"TungstenRod":50}],"Burning Blood":132,"TungstenRod":70,"WarpedTongs":[76]},"card_choices":[{"not_picked":["Clash","Wild Strike"],"picked":"True Grit","floor":1.0},{"not_picked":["Second Wind","Dual Wield"],"picked":"Warcry","floor":2.0},{"not_picked":["Shrug It Off","Dark Embrace"],"picked":"Cleave","floor":3.0},{"not_picked":["Flex","Twin Strike"],"picked":"Inflame","floor":5.0},{"not_picked":["Hemokinesis","Headbutt"],"picked":"Offering","floor":7.0},{"not_picked":["Warcry","Clothesline"],"picked":"Spot Weakness","floor":8.0},{"not_picked":["Cleave","Heavy Blade"],"picked":"Feel No Pain+1","floor":11.0},{"not_picked":["Reckless Charge","Perfected Strike"],"picked":"Evolve+1","floor":13.0},{"not_picked":["Iron Wave","Cleave"],"picked":"Sword Boomerang","floor":14.0},{"not_picked":["Bludgeon","Juggernaut+1"],"picked":"Offering","floor":16.0},{"not_picked":["Blood for Blood","Anger"],"picked":"Feel No Pain+1","floor":18.0},{"not_picked":["Sentinel","Blood for Blood"],"picked":"Heavy Blade+1","floor":21.0},{"not_picked":["Perfected Strike","Combust+1"],"picked":"Limit Break","floor":24.0},{"not_picked":["Bloodletting","Havoc"],"picked":"Inflame+1","floor":28.0},{"not_picked":["Searing Blow","Pommel Strike"],"picked":"Sword Boomerang+1","floor":29.0},{"not_picked":["Pommel Strike","Shrug It Off"],"picked":"Anger","floor":30.0},{"not_picked":["True Grit","Ghostly Armor"],"picked":"Double Tap","floor":31.0},{"not_picked":["Berserk+1","Feed"],"picked":"Corruption+1","floor":33.0},{"not_picked":["Burning Pact+1","Dark Embrace+1"],"picked":"Heavy Blade","floor":35.0},{"not_picked":["Ghostly Armor","Pommel Strike"],"picked":"Thunderclap","floor":39.0},{"not_picked":["Armaments","Ghostly Armor"],"picked":"Disarm+1","floor":40.0},{"not_picked":["Cleave","Iron Wave"],"picked":"Feel No Pain+1","floor":41}],"player_experience":999053,"relics_obtained":[{"floor":8.0,"key":"Kunai"},{"floor":9.0,"key":"Frozen Egg 2"},{"floor":13.0,"key":"Regal Pillow"},{"floor":24.0,"key":"Bag of Marbles"},{"floor":26.0,"key":"Eternal Feather"},{"floor":31.0,"key":"Tiny Chest"},{"floor":40.0,"key":"Ancient Tea Set"}],"event_choices":[{"damage_healed":0.0,"max_hp_gain":0.0,"max_hp_loss":0.0,"gold_gain":0.0,"event_name":"Accursed Blacksmith","player_choice":"Rummage","floor":4.0,"gold_loss":0.0,"damage_taken":0.0,"relics_obtained":["WarpedTongs"],"cards_obtained":["Pain"]},{"damage_healed":0.0,"max_hp_gain":0.0,"max_hp_loss":0.0,"gold_gain":0.0,"event_name":"Addict","player_choice":"Obtained Relic","floor":19.0,"gold_loss":85.0,"damage_taken":0.0,"relics_obtained":["TungstenRod"]},{"damage_healed":0.0,"max_hp_gain":0.0,"max_hp_loss":0.0,"gold_gain":0.0,"event_name":"Tomb of Lord Red Mask","player_choice":"Ignored","floor":36.0,"gold_loss":0.0,"damage_taken":0.0},{"cards_removed":["Defend_R"],"damage_healed":0.0,"max_hp_gain":0.0,"max_hp_loss":0.0,"gold_gain":0.0,"event_name":"Falling","player_choice":"Removed Skill","floor":38.0,"gold_loss":0.0,"damage_taken":0.0}],"is_beta":false,"boss_relics":[{"not_picked":["Tiny House","Calling Bell"],"picked":"Philosopher\u0027s Stone"},{"not_picked":["Pandora\u0027s Box","Mark of Pain"],"picked":"Sozu"}],"items_purged_floors":[22],"is_endless":false,"potions_floor_spawned":[5,7,8,13,14,18,24,28,31],"killed_by":"Nemesis","ascension_level":19}}