{"host":"3xls0xm49ftugio7","time":1611602466,"event":{"mods":["2.2 Compatiblity","A Magickal Journey","AchievementEnabler","Act Like it!","BaseMod","Bestiary","Colored Powertips","Downfall","GifTheSpireLib","Minty Spire (QoL Compilation)","Quick Restart","StSLib","slay the spire mod where everything is the same but ironclad has a cowboy hat"],"gold_per_floor":[99,110,110,122,141,161,243,257,275,23,57,72,72,86,97,202,202,214,237,261,258,289,301,340,378,390,202,414,442,484,515,547,559,559,559],"floor_reached":33,"language":"ENG","playtime":2255,"items_purged":[],"score":339,"play_id":"e8982980-3b56-4560-85bb-06a6e24b655e","local_time":"20210125212106","is_ascension_mode":true,"campfire_choices":[{"data":"bronze:GetLatest","floor":1,"key":"SMITH"},{"data":"bronze:Assembly","floor":13,"key":"SMITH"},{"data":"bronze:Library","floor":18,"key":"SMITH"},{"floor":23,"key":"RECALL"},{"data":"bronze:Philosophize","floor":27,"key":"SMITH"}],"circlet_count":0,"master_deck":["bronze:Strike","bronze:Strike","bronze:Defend","bronze:Defend","bronze:Defend","bronze:Defend","bronze:Replicate+1","bronze:Goto+1","bronze:GetLatest+1","bronze:WildBeam","bronze:Terminator+1","bronze:Frontload","bronze:Philosophize+1","bronze:Shell","bronze:CutThrough","bronze:Assembly+1","bronze:Frontload","bronze:Optimize","bronze:Separator","bronze:Virus","bronze:Constructor","bronze:Library+1","CurseOfTheBell","bronze:OilSpill","bronze:DelayedSlice+1","bronze:CutThrough+1","bronze:BronzeOrb","bronze:Turbo+1","bronze:Backtrace+1","bronze:Frontload","bronze:ForceShield"],"relics":["bronze:BronzeCore","HornCleat","Frozen Eye","Anchor","Calling Bell","MawBank","StrikeDummy","Torii","Dream Catcher","MutagenicStrength","downfall:HeartBlessingRed","downfall:HeartBlessingBlue","Gremlin Horn"],"acts_visited":["Exordium","TheCity"],"potions_floor_usage":[16,16,25,33],"damage_taken":[{"damage":0,"enemies":"Small Slimes","floor":2,"turns":2},{"damage":0,"enemies":"Cultist","floor":4,"turns":3},{"damage":0,"enemies":"2 Louse","floor":5,"turns":4},{"damage":0,"enemies":"2 Fungi Beasts","floor":6,"turns":2},{"damage":1,"enemies":"Blue Slaver","floor":8,"turns":4},{"damage":2,"enemies":"Large Slime","floor":9,"turns":5},{"damage":0,"enemies":"downfall:FleeingMerchant","floor":10,"turns":4},{"damage":1,"enemies":"Lagavulin","floor":11,"turns":4},{"damage":0,"enemies":"Exordium Thugs","floor":12,"turns":5},{"damage":0,"enemies":"2 Fungi Beasts","floor":14,"turns":2},{"damage":0,"enemies":"Large Slime","floor":15,"turns":2},{"damage":30,"enemies":"SI_SHIV_ARCHETYPE","floor":16,"turns":4},{"damage":0,"enemies":"3 Byrds","floor":19,"turns":5},{"damage":0,"enemies":"Spheric Guardian","floor":20,"turns":3},{"damage":0,"enemies":"downfall:FleeingMerchant","floor":21,"turns":4},{"damage":0,"enemies":"3 Cultists","floor":22,"turns":4},{"damage":8,"enemies":"Slavers","floor":25,"turns":4},{"damage":0,"enemies":"Centurion and Healer","floor":29,"turns":6},{"damage":18,"enemies":"Book of Stabbing","floor":30,"turns":5},{"damage":0,"enemies":"Snecko","floor":31,"turns":3},{"damage":0,"enemies":"Sentry and Sphere","floor":32,"turns":3},{"damage":48,"enemies":"DF_ARCHETYPE_CLAW","floor":33,"turns":5}],"seed_played":"-5158527587136384081","potions_obtained":[{"floor":4,"key":"sneckomod:MuddlingPotion"},{"floor":5,"key":"LiquidMemories"},{"floor":8,"key":"BlessingOfTheForge"},{"floor":15,"key":"bronze:CleanCodePotion"},{"floor":16,"key":"Explosive Potion"},{"floor":19,"key":"AttackPotion"},{"floor":29,"key":"DuplicationPotion"},{"floor":30,"key":"Ancient Potion"}],"is_trial":false,"path_per_floor":["R","M","?","M","M","M","T","M","M","$","E","M","R","M","M","B",null,"R","M","M","$","M","R","T","E","?","R","?","M","E","M","M","B"],"character_chosen":"THE_AUTOMATON","items_purchased":["bronze:Optimize","Frozen Eye"],"campfire_rested":0,"item_purchase_floors":[10,10],"current_hp_per_floor":[63,63,63,63,63,63,63,62,60,60,59,59,59,59,59,29,63,63,63,63,63,63,63,63,55,55,65,65,65,47,47,47,0,0,0],"gold":559,"neow_bonus":"TRANSFORM_TWO_CARDS","is_daily":false,"chose_seed":false,"campfire_upgraded":4,"win_rate":0.0,"timestamp":1611602466,"path_taken":["R","M","?","M","M","?","T","M","M","$","E","M","R","M","M","BOSS","R","M","M","$","M","R","T","E","?","R","?","M","E","M","M","BOSS"],"items_purchased_type":["Card","Relic"],"build_version":"2020-12-22","purchased_purges":0,"victory":false,"max_hp_per_floor":[63,63,63,63,63,63,63,63,63,63,63,63,63,63,63,63,63,63,63,63,63,63,63,63,63,63,73,73,73,73,73,73,73,73,73],"card_choices":[{"not_picked":["bronze:DelayedGuard","bronze:BugBarrage"],"picked":"bronze:Terminator","floor":2},{"not_picked":["bronze:CutThrough","bronze:Repulsor"],"picked":"bronze:Frontload","floor":4},{"not_picked":["bronze:DelayedGuard","bronze:Invalidate"],"picked":"bronze:Philosophize","floor":5},{"not_picked":["bronze:Invalidate","bronze:ChildClass"],"picked":"bronze:Shell","floor":6},{"not_picked":["bronze:ForceShield","bronze:Turbo"],"picked":"bronze:CutThrough","floor":8},{"not_picked":["bronze:Shield","bronze:DarkDash"],"picked":"bronze:Assembly","floor":9},{"not_picked":["bronze:Safeguard","bronze:DelayedGuard"],"picked":"bronze:Frontload","floor":10},{"not_picked":["bronze:Philosophize","bronze:Constructor"],"picked":"bronze:Separator","floor":11},{"not_picked":["bronze:ChosenStrike","bronze:WhirlingStrike"],"picked":"bronze:Virus","floor":12},{"not_picked":["bronze:Overload","bronze:WhirlingStrike","bronze:Invalidate"],"picked":"SKIP","floor":14},{"not_picked":["bronze:Optimize","bronze:CutThrough"],"picked":"bronze:Constructor","floor":15},{"not_picked":["bronze:HardenedForm","bronze:Mutator"],"picked":"bronze:Library","floor":16},{"not_picked":["bronze:BitShift","bronze:BronzeArmor","bronze:Invalidate"],"picked":"SKIP","floor":19},{"not_picked":["bronze:Invalidate","bronze:BugBarrage"],"picked":"bronze:OilSpill","floor":20},{"not_picked":["bronze:BitShift","bronze:Separator"],"picked":"bronze:DelayedSlice+1","floor":21},{"not_picked":["bronze:Branch","bronze:Turbo"],"picked":"bronze:CutThrough+1","floor":22},{"not_picked":["bronze:FollowUp","bronze:BugBarrage"],"picked":"bronze:BronzeOrb","floor":25},{"not_picked":["bronze:WhirlingStrike+1","bronze:DarkDash"],"picked":"bronze:Turbo+1","floor":29},{"not_picked":["bronze:GetLatest+1","bronze:HyperBeam"],"picked":"bronze:Backtrace+1","floor":30},{"not_picked":["bronze:Turbo","bronze:WildBeam+1"],"picked":"bronze:Frontload","floor":31},{"not_picked":["bronze:Terminator","bronze:BuggyMess"],"picked":"bronze:ForceShield","floor":32}],"player_experience":991479,"relics_obtained":[{"floor":7,"key":"HornCleat"},{"floor":11,"key":"Anchor"},{"floor":17,"key":"MawBank"},{"floor":17,"key":"StrikeDummy"},{"floor":17,"key":"Torii"},{"floor":25,"key":"Dream Catcher"},{"floor":30,"key":"Gremlin Horn"}],"event_choices":[{"damage_healed":0,"gold_gain":0,"player_choice":"Inject Mutagens","damage_taken":0,"relics_obtained":["MutagenicStrength"],"max_hp_gain":0,"max_hp_loss":0,"event_name":"Drug Dealer","floor":26,"gold_loss":0}],"is_beta":false,"boss_relics":[{"not_picked":["Empty Cage","Fusion Hammer"],"picked":"Calling Bell"}],"items_purged_floors":[],"is_endless":false,"potions_floor_spawned":[4,5,8,9,15,16,19,22,29,30],"killed_by":"DF_ARCHETYPE_CLAW","ascension_level":3}}