{"host":"vahfsrte3c21740v","time":1611596209,"event":{"mods":["AchievementEnabler","BaseMod","Colored Map","Colored Powertips","Downfall","Highlight Path","Mimic Mod","Minty Spire (QoL Compilation)","Quick Restart","Rare Cards Sparkle","StSLib"],"gold_per_floor":[99,116,116,130,145,20,45,30,30,42,61,61,71,90,109,208,208,108,124,144,169,186,198,233,37,54,54,65,65,76,88,99,199,199,199,216,8,26,43,62,110,110,160,191,91,103,103,115,129,129],"floor_reached":51,"language":"ENG","playtime":4270,"items_purged":["Guardian:Strike_Guardian","Guardian:ShieldSpikes"],"score":708,"play_id":"2c4e8576-6cde-46e5-9256-9bd507532c0c","local_time":"20210125173649","is_ascension_mode":false,"campfire_choices":[{"data":"Guardian:TwinSlam","floor":1.0,"key":"SMITH"},{"data":"Guardian:WalkerClaw","floor":9,"key":"SMITH"},{"floor":12,"key":"RECALL"},{"data":"Guardian:BodySlam","floor":18,"key":"SMITH"},{"data":"Apotheosis","floor":27,"key":"SMITH"},{"floor":29,"key":"REST"},{"floor":35,"key":"REST"},{"floor":45,"key":"REST"}],"circlet_count":0,"master_deck":["Guardian:Strike_Guardian","Guardian:Strike_Guardian","Guardian:Strike_Guardian","Guardian:Defend_Guardian","Guardian:Defend_Guardian","Guardian:Defend_Guardian","Guardian:Defend_Guardian","Guardian:CurlUp","Guardian:TwinSlam+1","Guardian:ShieldCharger+1","Guardian:WalkerClaw+1","Guardian:BronzeOrb","Guardian:BodySlam+1","Guardian:PolyBeam","Guardian:PiercingHide","Guardian:ChargeCore","Guardian:ChargeCore","Guardian:StasisField","Guardian:TemporalShield+1","Guardian:Suspension+1","Guardian:SphericShield","Apotheosis+1","Guardian:SpikerProtocol+1","Guardian:BaubleBeam","Guardian:ConstructionForm+1","Guardian:TemporalShield+1","Guardian:ArmoredProtocol+1","Guardian:PiercingHide","Guardian:GuardianWhirl","Guardian:BronzeArmor","Guardian:TimeBomb+1","Guardian:AncientConstruct+1"],"relics":["Guardian:ModeShifter","Akabeko","Potion Belt","Runic Pyramid","downfall:HeartBlessingRed","Red Mask","Frozen Egg 2","Fusion Hammer","Ice Cream","Kunai","downfall:HeartBlessingBlue"],"acts_visited":["Exordium","TheCity","TheBeyond"],"potions_floor_usage":[23,33,50,50,50],"damage_taken":[{"damage":1.0,"enemies":"2 Louse","floor":2.0,"turns":2.0},{"damage":6.0,"enemies":"Cultist","floor":4.0,"turns":4.0},{"damage":0.0,"enemies":"Small Slimes","floor":5.0,"turns":2.0},{"damage":0,"enemies":"downfall:FleeingMerchant","floor":6,"turns":4},{"damage":10,"enemies":"downfall:FleeingMerchant","floor":8,"turns":4},{"damage":11,"enemies":"Exordium Wildlife","floor":10,"turns":3},{"damage":0,"enemies":"2 Fungi Beasts","floor":11,"turns":2},{"damage":4,"enemies":"Exordium Thugs","floor":13,"turns":3},{"damage":0,"enemies":"Large Slime","floor":14,"turns":2},{"damage":8,"enemies":"Red Slaver","floor":15,"turns":2},{"damage":27,"enemies":"SI_SHIV_ARCHETYPE","floor":16,"turns":9},{"damage":0,"enemies":"Chosen","floor":19,"turns":3},{"damage":17,"enemies":"Snake Plant","floor":20,"turns":3},{"damage":6,"enemies":"Masked Bandits","floor":21,"turns":5},{"damage":3,"enemies":"Snecko","floor":22,"turns":4},{"damage":12,"enemies":"3 Cultists","floor":23,"turns":7},{"damage":0,"enemies":"Shelled Parasite and Fungi","floor":24,"turns":4},{"damage":0,"enemies":"downfall:FleeingMerchant","floor":25,"turns":4},{"damage":3,"enemies":"Shelled Parasite and Fungi","floor":26,"turns":5},{"damage":0,"enemies":"Snake Plant","floor":28,"turns":3},{"damage":0,"enemies":"Snecko","floor":30,"turns":5},{"damage":0,"enemies":"Centurion and Healer","floor":31,"turns":8},{"damage":0,"enemies":"Snake Plant","floor":32,"turns":2},{"damage":16,"enemies":"DF_ARCHETYPE_CLAW","floor":33,"turns":8},{"damage":0,"enemies":"3 Shapes","floor":36,"turns":5},{"damage":0,"enemies":"downfall:FleeingMerchant","floor":37,"turns":4},{"damage":1,"enemies":"3 Darklings","floor":38,"turns":6},{"damage":0,"enemies":"Maw","floor":39,"turns":9},{"damage":0,"enemies":"Spire Growth","floor":40,"turns":4},{"damage":13,"enemies":"2 Orb Walkers","floor":43,"turns":4},{"damage":3,"enemies":"Reptomancer","floor":44,"turns":6},{"damage":0,"enemies":"Sphere and 2 Shapes","floor":46,"turns":4},{"damage":0,"enemies":"Maw","floor":48,"turns":7},{"damage":2,"enemies":"Jaw Worm Horde","floor":49,"turns":3},{"damage":0,"enemies":"IC_BLOCK_ARCHETYPE","floor":50,"turns":11}],"seed_played":"7177834553181970355","potions_obtained":[{"floor":5.0,"key":"sneckomod:MuddlingPotion"},{"floor":10,"key":"SkillPotion"},{"floor":13,"key":"Guardian:DefensiveModePotion"},{"floor":14,"key":"LiquidBronze"},{"floor":15,"key":"Swift Potion"},{"floor":20,"key":"AttackPotion"},{"floor":21,"key":"Guardian:StasisDiscoveryPotion"},{"floor":23,"key":"SteroidPotion"},{"floor":26,"key":"Energy Potion"},{"floor":30,"key":"PowerPotion"},{"floor":38,"key":"Fire Potion"}],"is_trial":false,"path_per_floor":["R","M","?","M","M","$","T","$","R","M","M","R","M","M","M","B",null,"R","M","M","?","M","M","MIM","$","M","R","M","R","M","M","M","B",null,"R","M","$","M","M","M","T","?","?","E","R","M","?","M","M","B",null],"character_chosen":"GUARDIAN","items_purchased":["Guardian:BronzeOrb","Apotheosis","Guardian:ArmoredProtocol+1","Guardian:PiercingHide"],"campfire_rested":3,"item_purchase_floors":[6,25,37,37],"current_hp_per_floor":[80,79,79,73,73,73,73,63,63,52,52,52,48,48,40,13,80,80,80,63,57,54,42,42,42,39,39,39,63,63,63,63,47,80,80,80,80,79,79,79,79,79,66,63,90,90,90,90,88,88],"gold":129,"neow_bonus":"RANDOM_COMMON_RELIC","is_daily":false,"chose_seed":false,"campfire_upgraded":4,"win_rate":0.0,"timestamp":1611596209,"path_taken":["R","M","?","M","M","$","T","$","R","?","M","R","M","M","M","BOSS","R","M","M","?","M","M","MIM","$","M","R","M","R","M","M","M","BOSS","R","M","$","M","M","M","T","?","?","E","R","M","?","M","M","BOSS"],"items_purchased_type":["Card","Card","Card","Card"],"build_version":"2020-12-22","purchased_purges":2,"victory":true,"max_hp_per_floor":[80,80,80,80,80,80,80,80,80,80,80,80,80,80,80,80,80,80,80,80,80,80,80,80,80,80,80,80,80,80,80,80,80,80,80,80,80,80,80,80,80,80,80,80,90,90,90,90,90,90],"card_choices":[{"not_picked":["Guardian:Reroute","Guardian:MultiBeam"],"picked":"Guardian:ShieldCharger","floor":2.0},{"not_picked":["Guardian:Gem_Yellow","Guardian:RollAttack"],"picked":"Guardian:WalkerClaw","floor":4.0},{"not_picked":["Guardian:Repulse","Guardian:PrimingBeam"],"picked":"Guardian:ShieldSpikes","floor":5.0},{"not_picked":["Guardian:TemporalStrike","Guardian:Gem_Crimson"],"picked":"Guardian:Gem_Orange","floor":6},{"not_picked":["Guardian:ShieldCharger","Guardian:Gem_Lightblue"],"picked":"Guardian:BodySlam","floor":8},{"not_picked":["Guardian:PrismaticBarrier","Guardian:MultiBeam"],"picked":"Guardian:PolyBeam","floor":10},{"not_picked":["Guardian:GuardianWhirl","Guardian:DecasProtection"],"picked":"Guardian:PiercingHide","floor":11},{"not_picked":["Guardian:Suspension","Guardian:ShieldCharger"],"picked":"Guardian:ChargeCore","floor":13},{"not_picked":["Guardian:Incinerate","Guardian:Recover"],"picked":"Guardian:Gem_Red","floor":14},{"not_picked":["Guardian:CrystalBeam","Guardian:RollAttack"],"picked":"Guardian:ChargeCore","floor":15},{"not_picked":["Guardian:TimeSifter","Guardian:GatlingBeam"],"picked":"Guardian:RevengeProtocol","floor":16},{"not_picked":["Guardian:CrystalBeam","Guardian:Planning+1","Guardian:Incinerate+1"],"picked":"SKIP","floor":19},{"not_picked":["Guardian:Gem_Lightblue","Guardian:ShieldCharger"],"picked":"Guardian:StasisField","floor":20},{"not_picked":["Guardian:VentSteam+1","Guardian:PrismaticBarrier"],"picked":"Guardian:TemporalShield+1","floor":21},{"not_picked":["Guardian:FloatingOrbs+1","Guardian:BronzeArmor"],"picked":"Guardian:Gem_Cyan","floor":22},{"not_picked":["Guardian:Incinerate","Guardian:TemporalStrike"],"picked":"Guardian:Suspension+1","floor":23},{"not_picked":["Guardian:Gem_White","Guardian:RollAttack"],"picked":"Guardian:SphericShield","floor":24},{"not_picked":["Guardian:TimeBomb","Guardian:PrismaticBeam+1"],"picked":"Guardian:Gem_Cyan","floor":25},{"not_picked":["Guardian:ChargeCore","Guardian:Gem_Cyan"],"picked":"Guardian:SpikerProtocol+1","floor":26},{"not_picked":["Guardian:Gem_Lightblue","Guardian:Suspension","Guardian:RefractedBeam"],"picked":"SKIP","floor":28},{"not_picked":["Guardian:TemporalStrike","Guardian:Gem_Red"],"picked":"Guardian:BaubleBeam","floor":30},{"not_picked":["Guardian:Recover+1","Guardian:ShieldCharger+1","Guardian:PrimingBeam"],"picked":"SKIP","floor":31},{"not_picked":["Guardian:WalkerClaw","Guardian:ChargeCore+1","Guardian:Repulse+1"],"picked":"SKIP","floor":32},{"not_picked":["Guardian:RevengeProtocol+1","Guardian:ExploitGems"],"picked":"Guardian:ConstructionForm+1","floor":33},{"not_picked":["Guardian:WalkerClaw","Guardian:Reroute"],"picked":"Guardian:Gem_Purple","floor":36},{"not_picked":["Guardian:ChargeCore+1","Guardian:Planning"],"picked":"Guardian:TemporalShield+1","floor":37},{"not_picked":["Guardian:Planning+1","Guardian:CrystalBeam"],"picked":"Guardian:GuardianWhirl","floor":38},{"not_picked":["Guardian:WalkerClaw+1","Guardian:CrystalBeam","Guardian:PrimingBeam"],"picked":"SKIP","floor":39},{"not_picked":["Guardian:TimeSifter+1","Guardian:CrystalBeam+1","Guardian:DecasProtection"],"picked":"SKIP","floor":40},{"not_picked":["Guardian:Preprogram+1","Guardian:GuardianWhirl+1"],"picked":"Guardian:Gem_Fragmented","floor":43},{"not_picked":["Guardian:DecasProtection+1","Guardian:Recover+1"],"picked":"Guardian:BronzeArmor","floor":44},{"not_picked":["Guardian:RollAttack","Guardian:CrystalBeam+1"],"picked":"Guardian:TimeBomb+1","floor":46},{"not_picked":["Guardian:Recover","Guardian:VentSteam+1","Guardian:ShieldCharger"],"picked":"SKIP","floor":48},{"not_picked":["Guardian:WalkerClaw+1","Guardian:Gem_Blue","Guardian:PrimingBeam+1"],"picked":"SKIP","floor":49}],"player_experience":113129,"relics_obtained":[{"floor":7,"key":"Potion Belt"},{"floor":21,"key":"Red Mask"},{"floor":24,"key":"Frozen Egg 2"},{"floor":43,"key":"Ice Cream"},{"floor":44,"key":"Kunai"}],"event_choices":[{"damage_healed":0,"gold_gain":0,"player_choice":"Fought Bandits","damage_taken":0,"max_hp_gain":0,"max_hp_loss":0,"event_name":"Masked Bandits","floor":21,"gold_loss":0},{"damage_healed":0,"gold_gain":0,"player_choice":"Fight","damage_taken":0,"max_hp_gain":0,"max_hp_loss":0,"event_name":"Mysterious Sphere","floor":43,"gold_loss":0}],"is_beta":false,"boss_relics":[{"not_picked":["Philosopher\u0027s Stone","Black Star"],"picked":"Runic Pyramid"},{"not_picked":["SacredBark","Velvet Choker"],"picked":"Fusion Hammer"}],"items_purged_floors":[6,37],"is_endless":false,"potions_floor_spawned":[5,10,13,14,15,20,21,23,26,28,30,38,39,44,49],"ascension_level":0}}