{"host":"52lujqhsyicpcskq","time":1611582117,"event":{"mods":["BaseMod","Colored Map","Minty Spire (QoL Compilation)","Permanent Neow","StSLib","SuperFastMode","everything is the same but u backflip on backflip"],"gold_per_floor":[20,37,50,63,77,77,108,28,28,55,55,71,85,85,85,214,214,228,33,33,0,0,0],"floor_reached":22,"language":"KOR","playtime":854,"items_purged":[],"score":284,"play_id":"c12a22d3-dd29-48d6-8a5b-8ad3fd822699","local_time":"20210125224157","is_ascension_mode":true,"campfire_choices":[{"data":"Wild Strike","floor":6.0,"key":"SMITH"},{"data":"Evolve","floor":11.0,"key":"SMITH"},{"floor":15.0,"key":"REST"}],"circlet_count":0,"master_deck":["Strike_R","Strike_R","Strike_R","Strike_R","Strike_R","Defend_R","Defend_R","Defend_R","Defend_R","Bash","Wild Strike+1","Disarm","Impervious","Clothesline","Carnage","Evolve+1","Ghostly Armor","Whirlwind","Barricade","Bludgeon","Fire Breathing+1","Master of Strategy","Pommel Strike"],"relics":["Burning Blood","Dead Branch","Magic Flower","StoneCalendar","Mummified Hand","Golden Idol","SacredBark","MutagenicStrength"],"acts_visited":["Exordium","TheCity"],"potions_floor_usage":[],"damage_taken":[{"damage":7.0,"enemies":"2 Louse","floor":1.0,"turns":4.0},{"damage":2.0,"enemies":"Jaw Worm","floor":2.0,"turns":3.0},{"damage":0.0,"enemies":"Small Slimes","floor":3.0,"turns":3.0},{"damage":11.0,"enemies":"2 Fungi Beasts","floor":4.0,"turns":4.0},{"damage":6.0,"enemies":"Exordium Wildlife","floor":5.0,"turns":4.0},{"damage":44.0,"enemies":"Gremlin Nob","floor":7.0,"turns":5.0},{"damage":15.0,"enemies":"Lagavulin","floor":10.0,"turns":7.0},{"damage":7.0,"enemies":"Exordium Thugs","floor":12.0,"turns":4.0},{"damage":6.0,"enemies":"Looter","floor":13.0,"turns":4.0},{"damage":1.0,"enemies":"Slime Boss","floor":16.0,"turns":7.0},{"damage":1.0,"enemies":"Spheric Guardian","floor":18.0,"turns":3.0},{"damage":29.0,"enemies":"2 Thieves","floor":21.0,"turns":4.0},{"damage":56,"enemies":"Snake Plant","floor":22,"turns":5}],"seed_played":"1907143098264552453","potions_obtained":[{"floor":3.0,"key":"LiquidMemories"},{"floor":10.0,"key":"SneckoOil"},{"floor":13.0,"key":"AttackPotion"},{"floor":16.0,"key":"LiquidMemories"}],"is_trial":false,"path_per_floor":["M","M","M","M","M","R","E","$","T","E","R","M","M","?","R","B",null,"M","$","?","M","M"],"character_chosen":"IRONCLAD","items_purchased":["Evolve","Master of Strategy"],"campfire_rested":1,"item_purchase_floors":[8,19],"current_hp_per_floor":[71,75,80,75,75,75,37,37,37,31,31,33,36,36,58,66,72,74,74,74,54,0,0],"gold":0,"neow_bonus":"ONE_RARE_RELIC","is_daily":false,"chose_seed":false,"campfire_upgraded":2,"win_rate":0.0,"timestamp":1611582117,"path_taken":["M","M","M","M","M","R","E","$","T","E","R","M","M","?","R","BOSS","M","$","?","M","M"],"items_purchased_type":["Card","Card"],"build_version":"2020-12-22","purchased_purges":0,"victory":false,"max_hp_per_floor":[80,80,80,80,80,80,80,80,80,80,80,80,80,74,74,74,74,74,74,74,74,74,74],"card_choices":[{"not_picked":["Armaments","Sword Boomerang"],"picked":"Wild Strike","floor":1.0},{"not_picked":["Entrench","Anger","Burning Pact"],"picked":"SKIP","floor":2.0},{"not_picked":["Thunderclap","Carnage"],"picked":"Disarm","floor":3.0},{"not_picked":["Rupture","Armaments"],"picked":"Impervious","floor":4.0},{"not_picked":["Perfected Strike","Anger"],"picked":"Clothesline","floor":5.0},{"not_picked":["Anger","Metallicize"],"picked":"Carnage","floor":7.0},{"not_picked":["Iron Wave","Anger"],"picked":"Ghostly Armor","floor":10.0},{"not_picked":["Flex","Headbutt"],"picked":"Whirlwind","floor":12.0},{"not_picked":["Perfected Strike","Headbutt"],"picked":"Barricade","floor":13.0},{"not_picked":["Brutality","Barricade"],"picked":"Bludgeon","floor":16.0},{"not_picked":["Armaments","Twin Strike"],"picked":"Fire Breathing+1","floor":18.0},{"not_picked":["Anger","Heavy Blade"],"picked":"Pommel Strike","floor":21}],"player_experience":744893,"relics_obtained":[{"floor":7.0,"key":"Magic Flower"},{"floor":9.0,"key":"StoneCalendar"},{"floor":10.0,"key":"Mummified Hand"}],"event_choices":[{"damage_healed":0.0,"max_hp_gain":0.0,"max_hp_loss":6.0,"gold_gain":0.0,"event_name":"Golden Idol","player_choice":"Lose Max HP","floor":14.0,"gold_loss":0.0,"damage_taken":0.0,"relics_obtained":["Golden Idol"]},{"damage_healed":0.0,"max_hp_gain":0.0,"max_hp_loss":0.0,"gold_gain":0.0,"event_name":"Drug Dealer","player_choice":"Inject Mutagens","floor":20.0,"gold_loss":0.0,"damage_taken":0.0,"relics_obtained":["MutagenicStrength"]}],"is_beta":false,"boss_relics":[{"not_picked":["Tiny House","Sozu"],"picked":"SacredBark"}],"items_purged_floors":[],"is_endless":false,"potions_floor_spawned":[3,10,13,16],"killed_by":"Snake Plant","ascension_level":9}}