{"host":"eeb412nj2w7f9cz8","time":1611557026,"event":{"mods":["Act Like it!","Arknights The Spire","BaseMod","Minty Spire (QoL Compilation)","StSLib"],"gold_per_floor":[117,131,146,96,107,142,159,159,159,169,179,232,232,78,78,78,78],"floor_reached":16,"language":"ZHS","playtime":1451,"items_purged":["ats:Strike S"],"score":104,"play_id":"411a6924-7422-47b8-9983-a62ffd5c4587","local_time":"20210125144346","is_ascension_mode":false,"campfire_choices":[{"floor":8,"key":"REST"},{"floor":15,"key":"REST"}],"circlet_count":0,"master_deck":["ats:Strike C","ats:Strike G","ats:Strike V","ats:Armor Crushing Shot","ats:Defend","ats:Defend","ats:Defend","ats:Emotion Absorption","ats:Very Hot Blade","ats:Consecutive Shot Auto","ats:Hammer On","ats:Healing Drone","ats:Closed Bolt Burst Fire","ats:Revitalization","ats:Automatic Cover","ats:Phantom"],"relics":["ats:Sanity","ats:Originium","Bronze Scales","ats:Rhine Circuitry"],"acts_visited":["Exordium"],"potions_floor_usage":[11],"damage_taken":[{"damage":6.0,"enemies":"Jaw Worm","floor":1.0,"turns":4.0},{"damage":0.0,"enemies":"2 Louse","floor":2.0,"turns":3.0},{"damage":0.0,"enemies":"Small Slimes","floor":3.0,"turns":2.0},{"damage":28.0,"enemies":"Exordium Thugs","floor":5.0,"turns":4.0},{"damage":39.0,"enemies":"3 Sentries","floor":6.0,"turns":9.0},{"damage":10,"enemies":"Looter","floor":7,"turns":3},{"damage":6,"enemies":"Large Slime","floor":10,"turns":4},{"damage":14,"enemies":"Gremlin Gang","floor":11,"turns":3},{"damage":63,"enemies":"The Guardian","floor":16,"turns":11}],"seed_played":"-7700751229953850175","potions_obtained":[{"floor":1.0,"key":"LiquidBronze"},{"floor":2.0,"key":"PowerPotion"},{"floor":7,"key":"ats:Emergency Sanity Potion"},{"floor":10,"key":"BlessingOfTheForge"},{"floor":11,"key":"SmokeBomb"}],"is_trial":false,"path_per_floor":["M","M","M","?","M","E","M","R","T","M","M","?","?","$","R","B"],"character_chosen":"DOCTOR_CLASS","items_purchased":["ats:Phantom"],"campfire_rested":2,"item_purchase_floors":[14],"current_hp_per_floor":[73,73,73,73,45,6,2,25,25,19,20,20,20,20,43,10,10],"gold":78,"neow_bonus":"TEN_PERCENT_HP_BONUS","is_daily":false,"chose_seed":false,"campfire_upgraded":0,"win_rate":0.0,"timestamp":1611557026,"path_taken":["M","M","M","?","M","E","M","R","T","M","M","?","?","$","R","BOSS"],"items_purchased_type":["Card"],"build_version":"2020-12-22","purchased_purges":1,"victory":false,"max_hp_per_floor":[79,79,79,79,79,79,79,79,79,79,79,79,79,79,79,79,79],"card_choices":[{"not_picked":["ats:Demon Strength","ats:Curse Doll"],"picked":"ats:Very Hot Blade","floor":1.0},{"not_picked":["ats:Shell Defense","ats:Literary Storm"],"picked":"ats:Consecutive Shot Auto","floor":2.0},{"not_picked":["ats:Cat Scratch","ats:Guard Mode","ats:Curse Doll"],"picked":"SKIP","floor":3.0},{"not_picked":["ats:Sunburst","ats:Curse Doll"],"picked":"ats:Hammer On","floor":5.0},{"not_picked":["ats:Steam Pump","ats:Echo Reverb"],"picked":"ats:Healing Drone","floor":6.0},{"not_picked":["ats:Burning Ground","ats:Blood Oath"],"picked":"ats:Closed Bolt Burst Fire","floor":7},{"not_picked":["ats:Shell Defense","ats:Ignite"],"picked":"ats:Revitalization","floor":10},{"not_picked":["ats:Healing Drone","ats:Very Hot Blade"],"picked":"ats:Automatic Cover","floor":11}],"player_experience":85887,"relics_obtained":[{"floor":6.0,"key":"ats:Originium"},{"floor":6.0,"key":"Bronze Scales"},{"floor":9,"key":"ats:Rhine Circuitry"}],"event_choices":[{"cards_removed":["ats:Defend"],"damage_healed":0.0,"max_hp_gain":0.0,"max_hp_loss":0.0,"gold_gain":0.0,"event_name":"The Cleric","player_choice":"Card Removal","floor":4.0,"gold_loss":50.0,"damage_taken":0.0},{"damage_healed":0,"gold_gain":53,"player_choice":"Gained Gold","damage_taken":0,"max_hp_gain":0,"max_hp_loss":0,"event_name":"Golden Wing","floor":12,"gold_loss":0},{"damage_healed":0,"gold_gain":0,"player_choice":"Ignored","damage_taken":0,"max_hp_gain":0,"max_hp_loss":0,"event_name":"Shining Light","floor":13,"gold_loss":0}],"is_beta":false,"boss_relics":[],"items_purged_floors":[14],"is_endless":false,"potions_floor_spawned":[1,2,7,10,11],"killed_by":"The Guardian","ascension_level":0}}