{"host":"39i3emxub3h8uyq3","time":1611536042,"event":{"mods":["AchievementEnabler","BaseMod","Clockwork Mod","Colored Map","Downfall","Glutton Mod","Gold Saver","Minty Spire (QoL Compilation)","StSLib","TheHeartMod"],"gold_per_floor":[254,254,148,168,181,210,210,220,247,247,347,367,385,395,395,498,498,510,510,710,692,692,692,692],"floor_reached":22,"language":"ENG","playtime":1494,"items_purged":[],"score":188,"play_id":"848424de-573c-4adc-b0be-b95623d3be6c","local_time":"20210124195402","is_ascension_mode":false,"campfire_choices":[{"floor":7,"key":"REST"},{"floor":10,"key":"REST"},{"floor":15,"key":"REST"}],"circlet_count":0,"master_deck":["hexamod:Strike","hexamod:Strike","hexamod:Strike","hexamod:Strike","hexamod:Defend","hexamod:Defend","hexamod:Defend","hexamod:Defend","hexamod:Sear","hexamod:Float","hexamod:TimeOfNeed","hexamod:SpectersWail","hexamod:SoulSteal","hexamod:PhantomFireball","hexamod:FastForward","hexamod:Firestarter","hexamod:HauntingEcho","hexamod:HeatMetal","downfall:Malfunctioning","Shame","hexamod:ParanormalForm","Doubt","hexamod:NightmareGuise","hexamod:AdvancingGuard","hexamod:Incineration","hexamod:HexaLevel","hexamod:SoulSteal+1","hexamod:PhantomFireball","hexamod:SecondSeal"],"relics":["hexamod:UnbrokenSoul","hexamod:MatchstickCase","Anchor","downfall:ExtraCursedKey"],"acts_visited":["Exordium","TheCity"],"potions_floor_usage":[16,16],"damage_taken":[{"damage":0,"enemies":"Cultist","floor":1,"turns":3},{"damage":3,"enemies":"Jaw Worm","floor":4,"turns":3},{"damage":6,"enemies":"2 Louse","floor":5,"turns":2},{"damage":39,"enemies":"3 Sentries","floor":6,"turns":8},{"damage":1,"enemies":"Looter","floor":8,"turns":3},{"damage":0,"enemies":"Exordium Thugs","floor":12,"turns":4},{"damage":14,"enemies":"Exordium Wildlife","floor":13,"turns":4},{"damage":0,"enemies":"2 Fungi Beasts","floor":14,"turns":4},{"damage":36,"enemies":"Hexaghost","floor":16,"turns":9},{"damage":12,"enemies":"Chosen","floor":18,"turns":6},{"damage":33,"enemies":"2 Thieves","floor":21,"turns":5},{"damage":36,"enemies":"3 Cultists","floor":22,"turns":3}],"seed_played":"5202828105531066148","potions_obtained":[{"floor":4,"key":"FearPotion"},{"floor":5,"key":"hexamod:DoubleChargePotion"},{"floor":14,"key":"SteroidPotion"},{"floor":18,"key":"hexamod:InfernoChargePotion"}],"is_trial":false,"path_per_floor":["M","?","$","M","M","E","R","M","T","R","?","M","M","M","R","B",null,"M","?","?","M","M"],"character_chosen":"THE_SPIRIT","items_purchased":["hexamod:SoulSteal","hexamod:PhantomFireball"],"campfire_rested":3,"item_purchase_floors":[3,3],"current_hp_per_floor":[70,63,63,60,54,15,36,35,35,56,61,61,47,47,69,33,75,63,63,63,30,0,0,0],"gold":692,"neow_bonus":"ONE_RANDOM_RARE_CARD","is_daily":false,"chose_seed":false,"campfire_upgraded":0,"win_rate":0.0,"timestamp":1611536042,"path_taken":["M","?","$","?","M","E","R","M","T","R","?","M","M","M","R","BOSS","M","?","?","M","?"],"items_purchased_type":["Card","Card"],"build_version":"2020-12-22","purchased_purges":0,"victory":false,"max_hp_per_floor":[70,70,70,70,70,70,70,70,70,70,75,75,75,75,75,75,75,75,75,75,75,75,75,75],"card_choices":[{"not_picked":["hexamod:GhostShield","hexamod:ShieldOfDarkness"],"picked":"hexamod:SpectersWail","floor":1},{"not_picked":["hexamod:ShieldOfDarkness","hexamod:Rewind"],"picked":"hexamod:FastForward","floor":4},{"not_picked":["hexamod:PhantomFireball","hexamod:PhantomCloak"],"picked":"hexamod:Firestarter","floor":5},{"not_picked":["hexamod:FastForward","hexamod:Again"],"picked":"hexamod:HauntingEcho","floor":6},{"not_picked":["hexamod:HeatCrush","hexamod:SpectersWail"],"picked":"hexamod:HeatMetal","floor":8},{"not_picked":["hexamod:FourthSeal","hexamod:SpectersWail"],"picked":"hexamod:NightmareGuise","floor":12},{"not_picked":["hexamod:Rewind","hexamod:PhantomFireball"],"picked":"hexamod:AdvancingGuard","floor":13},{"not_picked":["hexamod:RetreatToShadows","hexamod:BurningTouch"],"picked":"hexamod:Incineration","floor":14},{"not_picked":["hexamod:ForkedFlame","hexamod:TimeOfNeed"],"picked":"hexamod:HexaLevel","floor":16},{"not_picked":["hexamod:InspiringFlames","hexamod:BacktrackSmack"],"picked":"hexamod:SoulSteal+1","floor":18},{"not_picked":["hexamod:Hexaguard","hexamod:FastForward+1"],"picked":"hexamod:SecondSeal","floor":21}],"player_experience":48210,"relics_obtained":[{"floor":6,"key":"hexamod:MatchstickCase"},{"floor":9,"key":"Anchor"}],"event_choices":[{"damage_healed":0,"gold_gain":0,"player_choice":"Damaged","damage_taken":7,"max_hp_gain":0,"max_hp_loss":0,"event_name":"Wheel of Change","floor":2,"gold_loss":0},{"damage_healed":0,"gold_gain":0,"player_choice":"Read","damage_taken":0,"max_hp_gain":0,"max_hp_loss":0,"event_name":"The Library","floor":19,"gold_loss":0,"cards_obtained":["hexamod:PhantomFireball"]},{"damage_healed":0,"gold_gain":200,"player_choice":"Gold","damage_taken":0,"max_hp_gain":0,"max_hp_loss":0,"event_name":"Wheel of Change","floor":20,"gold_loss":0}],"is_beta":false,"boss_relics":[{"not_picked":["Sozu","Runic Dome"],"picked":"hexamod:UnbrokenSoul"}],"items_purged_floors":[],"is_endless":false,"potions_floor_spawned":[4,5,14,18],"killed_by":"3 Cultists","ascension_level":0}}