{"host":"xp5rvh2jwe2ejyfm","time":1611581345,"event":{"mods":["BaseMod","Downfall","Duelist Mod","GifTheSpireLib","Gremlin Mod","Hermit","Hubris","Minty Spire (QoL Compilation)","Robot Space Explorer","StSLib","The Blackbeard","The Clintock","The Construct","The Cursed","The Disciple","The Forsaken","The Hierophant","The Necromancer","The Runesmith","The Servant 0.9.4"],"gold_per_floor":[116,129,142,160,174,207,207,31,56,83,83,103,116,116,116,220,220,240,240,52,64,75,102,113,113,113,144,161,176,192,192,192,192,192],"floor_reached":33,"language":"ENG","playtime":1567,"items_purged":[],"score":303,"play_id":"1632be20-b2d6-4fdd-a5b7-95248b0780ef","local_time":"20210125082905","is_ascension_mode":false,"campfire_choices":[{"floor":7,"key":"REST"},{"floor":11,"key":"RECALL"},{"data":"RobotSpaceExplorer:ScrapMissile","floor":15,"key":"SMITH"},{"data":"RobotSpaceExplorer:StarLightning","floor":25,"key":"SMITH"},{"floor":32,"key":"REST"}],"circlet_count":0,"master_deck":["RobotSpaceExplorer:Strike","RobotSpaceExplorer:Strike","RobotSpaceExplorer:Strike","RobotSpaceExplorer:Strike","RobotSpaceExplorer:Defend","RobotSpaceExplorer:Defend","RobotSpaceExplorer:Defend","RobotSpaceExplorer:Defend","RobotSpaceExplorer:Scan","RobotSpaceExplorer:MiniLasers","Violence","RobotSpaceExplorer:ScrapMissile","RobotSpaceExplorer:ScrapMissile+1","RobotSpaceExplorer:Counterblock","RobotSpaceExplorer:StarLightning+1","RobotSpaceExplorer:Fix","RobotSpaceExplorer:ScrapShield","RobotSpaceExplorer:ShovelStrike","RobotSpaceExplorer:Pulsar","RobotSpaceExplorer:StunGrenade","RobotSpaceExplorer:Reload","RobotSpaceExplorer:Autoloader","RobotSpaceExplorer:FreezeRay","Bandage Up","RobotSpaceExplorer:ShockKick","RobotSpaceExplorer:Probe","RobotSpaceExplorer:IronShell+1","RobotSpaceExplorer:Pulsar","RobotSpaceExplorer:Ammunition","RobotSpaceExplorer:Reload","RobotSpaceExplorer:Scanner","RobotSpaceExplorer:Pulsar","RobotSpaceExplorer:SwiftStep+1","RobotSpaceExplorer:MiniDrones"],"relics":["RobotSpaceExplorer:RoboCore","theForsaken:ScaryMask","OrangePellets","Slimebound:StickyStick","Kunai","expansioncontent:StudyCardRelic","Chemical X","Mango","Potion Belt"],"acts_visited":["Exordium","TheCity"],"potions_floor_usage":[4,23,28,29,33],"damage_taken":[{"damage":0,"enemies":"Small Slimes","floor":1,"turns":3},{"damage":0,"enemies":"Cultist","floor":2,"turns":3},{"damage":0,"enemies":"2 Louse","floor":3,"turns":1},{"damage":0,"enemies":"2 Fungi Beasts","floor":4,"turns":2},{"damage":2,"enemies":"Blue Slaver","floor":5,"turns":3},{"damage":27,"enemies":"3 Sentries","floor":6,"turns":8},{"damage":21,"enemies":"Lagavulin","floor":10,"turns":6},{"damage":0,"enemies":"Lots of Slimes","floor":12,"turns":3},{"damage":6,"enemies":"Large Slime","floor":13,"turns":5},{"damage":26,"enemies":"Hexaghost","floor":16,"turns":14},{"damage":12,"enemies":"Shell Parasite","floor":18,"turns":5},{"damage":0,"enemies":"2 Thieves","floor":21,"turns":3},{"damage":10,"enemies":"Chosen and Byrds","floor":22,"turns":5},{"damage":34,"enemies":"Book of Stabbing","floor":23,"turns":7},{"damage":0,"enemies":"3 Cultists","floor":24,"turns":3},{"damage":46,"enemies":"Gremlin Leader","floor":27,"turns":7},{"damage":5,"enemies":"Snake Plant","floor":28,"turns":3},{"damage":30,"enemies":"Sentry and Sphere","floor":29,"turns":5},{"damage":0,"enemies":"Centurion and Healer","floor":30,"turns":4},{"damage":50,"enemies":"Collector","floor":33,"turns":5}],"seed_played":"-8449954856213591041","potions_obtained":[{"floor":1,"key":"Fire Potion"},{"floor":3,"key":"construct:ShiftPotion"},{"floor":12,"key":"RobotSpaceExplorer:RecyclePotion"},{"floor":16,"key":"Swift Potion"},{"floor":21,"key":"RobotSpaceExplorer:LiquidFusion"},{"floor":22,"key":"ColorlessPotion"},{"floor":27,"key":"champ:CounterPotion"},{"floor":28,"key":"construct:ShiftPotion"}],"is_trial":false,"path_per_floor":["M","M","M","M","M","E","R","$","T","E","R","M","M","?","R","B",null,"M","?","$","M","M","E","M","R","T","E","M","M","M","?","R","B"],"character_chosen":"RobotSpaceExplorer","items_purchased":["OrangePellets","RobotSpaceExplorer:ShovelStrike","Chemical X","RobotSpaceExplorer:Probe"],"campfire_rested":2,"item_purchase_floors":[8,8,20,20],"current_hp_per_floor":[68,68,68,68,66,43,63,63,63,46,46,46,44,44,44,22,68,60,60,60,64,58,46,50,50,50,12,11,10,10,10,34,0,0],"gold":192,"neow_bonus":"RANDOM_COLORLESS_2","is_daily":false,"chose_seed":false,"campfire_upgraded":2,"win_rate":0.0,"timestamp":1611581345,"path_taken":["M","M","M","M","M","E","R","$","T","E","R","M","M","?","R","BOSS","M","?","$","?","M","E","M","R","T","E","?","M","M","?","R","BOSS"],"items_purchased_type":["Relic","Card","Relic","Card"],"build_version":"2020-12-22","purchased_purges":0,"victory":false,"max_hp_per_floor":[68,68,68,68,68,68,68,68,68,68,68,68,68,68,68,68,68,68,68,68,68,68,82,82,82,82,82,82,82,82,82,82,82,82],"card_choices":[{"not_picked":["The Bomb","Secret Technique"],"picked":"Violence","floor":0},{"not_picked":["RobotSpaceExplorer:Electropulse","RobotSpaceExplorer:ScrapShield"],"picked":"RobotSpaceExplorer:ScrapMissile","floor":1},{"not_picked":["RobotSpaceExplorer:ShockKick","RobotSpaceExplorer:Probe"],"picked":"RobotSpaceExplorer:ScrapMissile","floor":2},{"not_picked":["RobotSpaceExplorer:DualCore","RobotSpaceExplorer:ExhaustFan"],"picked":"RobotSpaceExplorer:Counterblock","floor":3},{"not_picked":["RobotSpaceExplorer:MiniDrones","RobotSpaceExplorer:SurgingStrike"],"picked":"RobotSpaceExplorer:StarLightning","floor":4},{"not_picked":["RobotSpaceExplorer:Probe","RobotSpaceExplorer:SlimeMissile"],"picked":"RobotSpaceExplorer:Fix","floor":5},{"not_picked":["RobotSpaceExplorer:ShovelStrike","RobotSpaceExplorer:ImprovisedAttack"],"picked":"RobotSpaceExplorer:ScrapShield","floor":6},{"not_picked":["RobotSpaceExplorer:ShockKick","RobotSpaceExplorer:ScrapToss"],"picked":"RobotSpaceExplorer:Pulsar","floor":10},{"not_picked":["RobotSpaceExplorer:DualCore","RobotSpaceExplorer:ShovelStrike"],"picked":"RobotSpaceExplorer:StunGrenade","floor":12},{"not_picked":["RobotSpaceExplorer:HighVoltage","RobotSpaceExplorer:SwiftStep"],"picked":"RobotSpaceExplorer:Reload","floor":13},{"not_picked":["RobotSpaceExplorer:Arsenal","RobotSpaceExplorer:TrailblazerForm"],"picked":"RobotSpaceExplorer:Autoloader","floor":16},{"not_picked":["RobotSpaceExplorer:GlueShot","RobotSpaceExplorer:Counterblock"],"picked":"RobotSpaceExplorer:FreezeRay","floor":18},{"not_picked":["RobotSpaceExplorer:FrostMissile","RobotSpaceExplorer:ImprovisedAttack"],"picked":"RobotSpaceExplorer:IronShell+1","floor":21},{"not_picked":["RobotSpaceExplorer:ExhaustFan","RobotSpaceExplorer:RigExplosive"],"picked":"RobotSpaceExplorer:Pulsar","floor":22},{"not_picked":["RobotSpaceExplorer:SurgingStrike","RobotSpaceExplorer:ExhaustFan+1"],"picked":"RobotSpaceExplorer:Ammunition","floor":23},{"not_picked":["RobotSpaceExplorer:FreezingShield+1","RobotSpaceExplorer:SurgingShield"],"picked":"RobotSpaceExplorer:Reload","floor":24},{"not_picked":["RobotSpaceExplorer:SurgingShield","RobotSpaceExplorer:RigExplosive+1"],"picked":"RobotSpaceExplorer:Scanner","floor":27},{"not_picked":["RobotSpaceExplorer:Counterblock","RobotSpaceExplorer:Electropulse"],"picked":"RobotSpaceExplorer:Pulsar","floor":28},{"not_picked":["RobotSpaceExplorer:ScrapMissile","RobotSpaceExplorer:Pulsar"],"picked":"RobotSpaceExplorer:SwiftStep+1","floor":29},{"not_picked":["RobotSpaceExplorer:ToxicBomb","RobotSpaceExplorer:FranticSearch"],"picked":"RobotSpaceExplorer:MiniDrones","floor":30}],"player_experience":324110,"relics_obtained":[{"floor":6,"key":"theForsaken:ScaryMask"},{"floor":9,"key":"Slimebound:StickyStick"},{"floor":10,"key":"Kunai"},{"floor":23,"key":"Mango"},{"floor":27,"key":"Potion Belt"}],"event_choices":[{"damage_healed":0,"gold_gain":0,"player_choice":"Ignored","damage_taken":0,"max_hp_gain":0,"max_hp_loss":0,"event_name":"Golden Wing","floor":14,"gold_loss":0},{"damage_healed":0,"gold_gain":0,"player_choice":"2 cards matched","damage_taken":0,"max_hp_gain":0,"max_hp_loss":0,"event_name":"Match and Keep!","floor":19,"gold_loss":0,"cards_obtained":["Bandage Up","RobotSpaceExplorer:ShockKick"]},{"damage_healed":0,"gold_gain":0,"player_choice":"Ignored","damage_taken":0,"max_hp_gain":0,"max_hp_loss":0,"event_name":"Vampires","floor":31,"gold_loss":0}],"is_beta":false,"boss_relics":[{"not_picked":["bronze:MakeshiftBattery","Busted Crown"],"picked":"expansioncontent:StudyCardRelic"}],"items_purged_floors":[],"is_endless":false,"potions_floor_spawned":[1,3,12,16,21,22,27,28],"killed_by":"Collector","ascension_level":0}}