{"host":"2smcgt1ki1qcud40","time":1611590198,"event":{"mods":["BaseMod","Minty Spire (QoL Compilation)"],"gold_per_floor":[115,132,146,160,176,210,210,210,210,210,227,259,259,290,290,365,365,384,483,483,165,182,209,229,229,229,103,130,87,106,106,106,178,178,198,198,216,235,235,235,267,267,267,279,279,314,327,346,346,346],"floor_reached":51,"language":"ENG","playtime":3800,"items_purged":["Poisoned Stab","Finisher"],"score":1304,"play_id":"69aab298-c51c-4e3e-90aa-e1dba4037823","local_time":"20210125165638","is_ascension_mode":true,"campfire_choices":[{"data":"Footwork","floor":8.0,"key":"SMITH"},{"data":"Noxious Fumes","floor":10.0,"key":"SMITH"},{"data":"Blade Dance","floor":13,"key":"SMITH"},{"data":"Dagger Spray","floor":15,"key":"SMITH"},{"floor":25,"key":"REST"},{"floor":32,"key":"REST"},{"data":"Catalyst","floor":40,"key":"SMITH"},{"data":"Catalyst","floor":42,"key":"SMITH"},{"floor":45,"key":"REST"},{"floor":49,"key":"REST"}],"circlet_count":0,"master_deck":["AscendersBane","Survivor","Neutralize","Noxious Fumes+1","Blade Dance+1","Dagger Spray+1","Bane","Finisher","Footwork+1","Dash","Dagger Spray","Envenom","Sucker Punch","Footwork","Bullet Time","Leg Sweep","Flying Knee","Phantasmal Killer","Dodge and Roll","Backstab+1","Catalyst+1","PiercingWail","Catalyst+1","Cloak And Dagger","PiercingWail","Corpse Explosion","Footwork+1","Escape Plan","Bouncing Flask+1","Leg Sweep+1","Backflip+1"],"relics":["Ring of the Snake","Thread and Needle","StrikeDummy","Regal Pillow","Anchor","Bottled Lightning","Pandora\u0027s Box","Membership Card","Singing Bowl","Blood Vial","InkBottle","Lantern","Paper Crane","Snecko Eye","Meat on the Bone","Toxic Egg 2"],"acts_visited":["TheCity","TheBeyond"],"potions_floor_usage":[14,28,41,41,47,48,48],"damage_taken":[{"damage":0.0,"enemies":"Small Slimes","floor":1.0,"turns":4.0},{"damage":0.0,"enemies":"Jaw Worm","floor":2.0,"turns":6.0},{"damage":0.0,"enemies":"Cultist","floor":3.0,"turns":5.0},{"damage":2.0,"enemies":"Exordium Wildlife","floor":4.0,"turns":4.0},{"damage":0.0,"enemies":"Gremlin Gang","floor":5.0,"turns":5.0},{"damage":2.0,"enemies":"Gremlin Nob","floor":6.0,"turns":3.0},{"damage":0.0,"enemies":"Blue Slaver","floor":11.0,"turns":4.0},{"damage":14,"enemies":"Lagavulin","floor":12,"turns":8},{"damage":0,"enemies":"3 Sentries","floor":14,"turns":5},{"damage":21,"enemies":"The Guardian","floor":16,"turns":9},{"damage":0,"enemies":"Shell Parasite","floor":18,"turns":3},{"damage":9,"enemies":"2 Thieves","floor":22,"turns":4},{"damage":31,"enemies":"Slavers","floor":23,"turns":4},{"damage":0,"enemies":"Chosen and Byrds","floor":24,"turns":4},{"damage":30,"enemies":"Gremlin Leader","floor":28,"turns":8},{"damage":14,"enemies":"Cultist and Chosen","floor":30,"turns":8},{"damage":6,"enemies":"Champ","floor":33,"turns":11},{"damage":7,"enemies":"3 Darklings","floor":35,"turns":5},{"damage":0,"enemies":"3 Shapes","floor":37,"turns":4},{"damage":0,"enemies":"Jaw Worm Horde","floor":38,"turns":2},{"damage":36,"enemies":"Reptomancer","floor":41,"turns":7},{"damage":29,"enemies":"Writhing Mass","floor":44,"turns":5},{"damage":21,"enemies":"Nemesis","floor":46,"turns":7},{"damage":32,"enemies":"Transient","floor":47,"turns":5},{"damage":0,"enemies":"Spire Growth","floor":48,"turns":1},{"damage":41,"enemies":"Time Eater","floor":50,"turns":5}],"seed_played":"-370181980554478171","potions_obtained":[{"floor":1.0,"key":"Dexterity Potion"},{"floor":2.0,"key":"Swift Potion"},{"floor":5.0,"key":"BlessingOfTheForge"},{"floor":11.0,"key":"Fire Potion"},{"floor":24,"key":"DuplicationPotion"},{"floor":28,"key":"Explosive Potion"},{"floor":33,"key":"SkillPotion"},{"floor":37,"key":"Dexterity Potion"},{"floor":44,"key":"SteroidPotion"},{"floor":46,"key":"Explosive Potion"},{"floor":47,"key":"FearPotion"},{"floor":48,"key":"Fire Potion"}],"is_trial":false,"path_per_floor":["M","M","M","M","M","E","?","R","T","R","M","E","R","E","R","B",null,"M","?","?","$","M","E","M","R","T","$","E","$","M","?","R","B",null,"M","?","M","M","?","R","E","R","T","M","R","E","M","M","R","B",null],"character_chosen":"THE_SILENT","items_purchased":["Membership Card","Singing Bowl","Lantern","Catalyst","Cloak And Dagger"],"campfire_rested":4,"item_purchase_floors":[21,21,27,29,29],"current_hp_per_floor":[59,59,59,57,57,55,48,48,48,48,48,34,34,34,34,13,48,48,48,48,48,39,10,12,45,45,45,17,17,7,7,41,37,57,54,66,66,68,68,68,32,32,32,19,55,36,18,32,68,41],"gold":346,"neow_bonus":"ONE_RARE_RELIC","is_daily":false,"chose_seed":false,"campfire_upgraded":6,"win_rate":0.0,"timestamp":1611590198,"path_taken":["M","M","M","M","M","E","?","R","T","R","M","E","R","E","R","BOSS","M","?","?","$","M","E","M","R","T","$","E","?","M","?","R","BOSS","M","?","?","M","?","R","E","R","T","M","R","E","?","M","R","BOSS"],"items_purchased_type":["Relic","Relic","Relic","Card","Card"],"build_version":"2020-12-22","purchased_purges":2,"victory":true,"max_hp_per_floor":[60,60,60,60,60,60,60,60,60,60,60,60,60,60,60,60,60,60,60,60,60,60,62,62,62,62,62,62,62,64,64,64,64,64,66,66,66,68,68,68,68,68,68,70,70,70,70,70,70,70],"card_choices":[{"not_picked":["Flechettes","PiercingWail"],"picked":"Noxious Fumes","floor":1.0},{"not_picked":["Cloak And Dagger","Underhanded Strike"],"picked":"Blade Dance","floor":2.0},{"not_picked":["Prepared","Riddle With Holes"],"picked":"Dagger Spray","floor":3.0},{"not_picked":["Dagger Throw","Leg Sweep"],"picked":"Bane","floor":4.0},{"not_picked":["Backflip","Quick Slash"],"picked":"Finisher","floor":5.0},{"not_picked":["Flying Knee","Slice"],"picked":"Footwork","floor":6.0},{"not_picked":["Calculated Gamble","Caltrops"],"picked":"Dash","floor":11.0},{"not_picked":["Heel Hook","Caltrops"],"picked":"Poisoned Stab","floor":12},{"not_picked":["Expertise","Outmaneuver"],"picked":"Dagger Spray","floor":14},{"not_picked":["Die Die Die","Adrenaline"],"picked":"Envenom","floor":16},{"not_picked":["Underhanded Strike","Skewer","Backflip"],"picked":"SKIP","floor":18},{"not_picked":["Tactician","Bane"],"picked":"Backstab+1","floor":22},{"not_picked":["Blade Dance","Heel Hook","Finisher"],"picked":"Singing Bowl","floor":23},{"not_picked":["Poisoned Stab+1","Heel Hook"],"picked":"Catalyst","floor":24},{"not_picked":["Unload","Bane"],"picked":"PiercingWail","floor":28},{"not_picked":["Reflex","Poisoned Stab","Setup+1"],"picked":"Singing Bowl","floor":30},{"not_picked":["Unload","Tools of the Trade"],"picked":"Corpse Explosion","floor":33},{"not_picked":["Poisoned Stab","Deflect","Distraction"],"picked":"Singing Bowl","floor":35},{"not_picked":["Blade Dance","Prepared"],"picked":"Footwork+1","floor":37},{"not_picked":["Sucker Punch","Reflex","Footwork"],"picked":"Singing Bowl","floor":38},{"not_picked":["Infinite Blades","Blade Dance+1"],"picked":"Escape Plan","floor":41},{"not_picked":["Deadly Poison","Acrobatics","Quick Slash"],"picked":"Singing Bowl","floor":44},{"not_picked":["Cloak And Dagger+1","Outmaneuver+1"],"picked":"Bouncing Flask+1","floor":46},{"not_picked":["Blur+1","Backflip+1"],"picked":"Leg Sweep+1","floor":47},{"not_picked":["Endless Agony","Acrobatics+1"],"picked":"Backflip+1","floor":48}],"player_experience":666052,"relics_obtained":[{"floor":6.0,"key":"StrikeDummy"},{"floor":9.0,"key":"Regal Pillow"},{"floor":12,"key":"Anchor"},{"floor":14,"key":"Bottled Lightning"},{"floor":23,"key":"Blood Vial"},{"floor":26,"key":"InkBottle"},{"floor":28,"key":"Paper Crane"},{"floor":41,"key":"Meat on the Bone"},{"floor":46,"key":"Toxic Egg 2"}],"event_choices":[{"cards_removed":["Strike_G"],"damage_healed":0.0,"max_hp_gain":0.0,"max_hp_loss":0.0,"gold_gain":0.0,"event_name":"Golden Wing","player_choice":"Card Removal","floor":7.0,"gold_loss":0.0,"damage_taken":7.0},{"damage_healed":0,"gold_gain":99,"player_choice":"Stole From Cult","damage_taken":0,"max_hp_gain":0,"max_hp_loss":0,"event_name":"Nest","floor":19,"gold_loss":0},{"damage_healed":0,"gold_gain":0,"player_choice":"Ignored","damage_taken":0,"max_hp_gain":0,"max_hp_loss":0,"event_name":"Ghosts","floor":20,"gold_loss":0},{"damage_healed":0,"gold_gain":0,"player_choice":"Read","damage_taken":0,"max_hp_gain":0,"max_hp_loss":0,"event_name":"The Library","floor":31,"gold_loss":0,"cards_obtained":["PiercingWail"]},{"cards_removed":["Calculated Gamble"],"damage_healed":12,"gold_gain":0,"player_choice":"Offered Uncommon","damage_taken":0,"max_hp_gain":0,"max_hp_loss":0,"event_name":"Bonfire Elementals","floor":36,"gold_loss":0},{"damage_healed":0,"gold_gain":0,"player_choice":"Ignored","damage_taken":0,"max_hp_gain":0,"max_hp_loss":0,"event_name":"SecretPortal","floor":39,"gold_loss":0}],"is_beta":false,"boss_relics":[{"not_picked":["Busted Crown","Ectoplasm"],"picked":"Pandora\u0027s Box"},{"not_picked":["WristBlade","Coffee Dripper"],"picked":"Snecko Eye"}],"items_purged_floors":[21,27],"is_endless":false,"potions_floor_spawned":[1,2,5,11,24,28,33,37,44,46,47,48],"ascension_level":14}}