{"host":"6eo4thp7fob519hm","time":1611598558,"event":{"mods":["BaseMod","Block Reminder","Colored Map","Colored Powertips","DeckTracker","Googly Eyes","Highlight Path","Minty Spire (QoL Compilation)","Quick Restart"],"gold_per_floor":[119,294,394,410,423,454,473,473,497,510,510,510],"floor_reached":11,"language":"ENG","playtime":356,"items_purged":[],"score":75,"play_id":"09327c0a-1811-456d-8cf2-2b88b0a3890a","local_time":"20210125234558","is_ascension_mode":false,"campfire_choices":[{"data":"Mind Blast","floor":8,"key":"SMITH"}],"circlet_count":0,"master_deck":["Strike_R","Strike_R","Strike_R","Strike_R","Strike_R","Defend_R","Defend_R+1","Defend_R+1","Defend_R","Bash","Mind Blast+1","Metallicize","Doubt","Flex","Inflame","Combust","Shrug It Off"],"relics":["Burning Blood","Omamori","War Paint"],"acts_visited":["Exordium"],"potions_floor_usage":[6,11],"damage_taken":[{"damage":1,"enemies":"Cultist","floor":1,"turns":3},{"damage":11,"enemies":"Jaw Worm","floor":4,"turns":6},{"damage":5,"enemies":"Small Slimes","floor":5,"turns":4},{"damage":70,"enemies":"Gremlin Nob","floor":6,"turns":6},{"damage":9,"enemies":"Looter","floor":7,"turns":4},{"damage":8,"enemies":"Gremlin Gang","floor":10,"turns":4},{"damage":15,"enemies":"Lagavulin","floor":11,"turns":2}],"seed_played":"4284139093498740782","potions_obtained":[{"floor":1,"key":"PowerPotion"},{"floor":6,"key":"SpeedPotion"},{"floor":10,"key":"Strength Potion"}],"is_trial":false,"path_per_floor":["M","?","?","M","M","E","M","R","T","M","E"],"character_chosen":"IRONCLAD","items_purchased":[],"campfire_rested":0,"item_purchase_floors":[],"current_hp_per_floor":[80,80,80,75,76,12,9,9,9,7,0,0],"gold":510,"neow_bonus":"RANDOM_COLORLESS","is_daily":false,"chose_seed":false,"campfire_upgraded":1,"win_rate":0.0,"timestamp":1611598558,"path_taken":["M","?","?","?","M","E","M","R","T","M","E"],"items_purchased_type":[],"build_version":"2020-12-22","purchased_purges":0,"victory":false,"max_hp_per_floor":[80,80,80,80,80,80,80,80,80,80,80,80],"card_choices":[{"not_picked":["Deep Breath","PanicButton"],"picked":"Mind Blast","floor":0},{"not_picked":["Headbutt","Clash"],"picked":"Metallicize","floor":1},{"not_picked":["Warcry","Headbutt"],"picked":"Flex","floor":4},{"not_picked":["Fire Breathing","Hemokinesis"],"picked":"Inflame","floor":5},{"not_picked":["Bloodletting","Warcry"],"picked":"Combust","floor":6},{"not_picked":["Perfected Strike","Clash","Sever Soul"],"picked":"SKIP","floor":7},{"not_picked":["Iron Wave","Headbutt"],"picked":"Shrug It Off","floor":10}],"player_experience":590555,"relics_obtained":[{"floor":6,"key":"Omamori"},{"floor":9,"key":"War Paint"}],"event_choices":[{"damage_healed":0,"gold_gain":175,"player_choice":"AGREE","damage_taken":0,"max_hp_gain":0,"max_hp_loss":0,"event_name":"Liars Game","floor":2,"gold_loss":0,"cards_obtained":["Doubt"]},{"damage_healed":0,"gold_gain":100,"player_choice":"Gold","damage_taken":0,"max_hp_gain":0,"max_hp_loss":0,"event_name":"Wheel of Change","floor":3,"gold_loss":0}],"is_beta":false,"boss_relics":[],"items_purged_floors":[],"is_endless":false,"potions_floor_spawned":[1,6,10],"killed_by":"Lagavulin","ascension_level":0}}