{"host":"aj7el8l5kufbk20z","time":1611558778,"event":{"mods":["AchievementEnabler","BaseMod","Colored Map","Colored Powertips","Curses Come First","Highlight Path","Minty Spire (QoL Compilation)","Permanent Neow","Poor People Problems","Quick Restart","Rare Cards Sparkle","Relic Stats","StSLib","SuperFastMode","Waifu the Spire"],"gold_per_floor":[119,119,119,44,119,119,269,294,294,330,75,93,124,144,144,238,238,256,131,131,56,56,56,90,90,142,142,181,181,181,31,31,125,125,150,163,125,145,145,184,205,248,248,248,248,248],"floor_reached":45,"language":"ZHS","playtime":2155,"items_purged":["Regret","Doubt","Injury","Strike_R"],"score":1143,"play_id":"932f7636-53c1-4714-8257-482a29d7ac8e","local_time":"20210125151258","is_ascension_mode":true,"campfire_choices":[{"data":"Entrench","floor":6.0,"key":"SMITH"},{"data":"Barricade","floor":15.0,"key":"SMITH"},{"data":"Metallicize","floor":23.0,"key":"SMITH"},{"data":"Body Slam","floor":25.0,"key":"SMITH"},{"data":"Flame Barrier","floor":27.0,"key":"SMITH"},{"data":"Rampage","floor":29.0,"key":"SMITH"},{"data":"Ghostly Armor","floor":32.0,"key":"SMITH"},{"data":"Metallicize","floor":44,"key":"SMITH"}],"circlet_count":0,"master_deck":["AscendersBane","Strike_R","Strike_R","Strike_R","Defend_R","Defend_R","Defend_R","Defend_R","Bash","Entrench+1","Body Slam+1","Rampage+1","Flame Barrier+1","Barricade+1","Metallicize+1","Cleave","Impervious","True Grit","Ghostly Armor+1","Headbutt+1","Shrug It Off","Berserk","Metallicize+1","Ghostly Armor","Flame Barrier","Entrench","Warcry","Entrench"],"relics":["Burning Blood","Prayer Wheel","Vajra","Golden Idol","Gremlin Horn","Centennial Puzzle","Odd Mushroom","Coffee Dripper","Bag of Marbles","Boot","Nunchaku","SlaversCollar","Blue Candle","Smiling Mask","Frozen Egg 2"],"acts_visited":["Exordium","TheCity","TheBeyond"],"potions_floor_usage":[],"damage_taken":[{"damage":7.0,"enemies":"Jaw Worm","floor":1.0,"turns":6.0},{"damage":0.0,"enemies":"Small Slimes","floor":8.0,"turns":4.0},{"damage":25.0,"enemies":"3 Sentries","floor":10.0,"turns":8.0},{"damage":0.0,"enemies":"2 Louse","floor":12.0,"turns":2.0},{"damage":33.0,"enemies":"The Mushroom Lair","floor":13.0,"turns":6.0},{"damage":12.0,"enemies":"Looter","floor":14.0,"turns":4.0},{"damage":0.0,"enemies":"Slime Boss","floor":16.0,"turns":12.0},{"damage":12.0,"enemies":"Chosen","floor":18.0,"turns":3.0},{"damage":226.0,"enemies":"Book of Stabbing","floor":24.0,"turns":13.0},{"damage":0.0,"enemies":"Gremlin Leader","floor":28.0,"turns":5.0},{"damage":0.0,"enemies":"Champ","floor":33.0,"turns":10.0},{"damage":11.0,"enemies":"Orb Walker","floor":35.0,"turns":4.0},{"damage":0,"enemies":"3 Shapes","floor":36,"turns":7},{"damage":10,"enemies":"Sphere and 2 Shapes","floor":38,"turns":9},{"damage":20,"enemies":"Reptomancer","floor":40,"turns":8},{"damage":10,"enemies":"Jaw Worm Horde","floor":41,"turns":5},{"damage":6,"enemies":"Nemesis","floor":42,"turns":7},{"damage":66,"enemies":"Reptomancer","floor":45,"turns":2}],"seed_played":"3933127279510308078","potions_obtained":[{"floor":8.0,"key":"DistilledChaos"},{"floor":14.0,"key":"Fire Potion"},{"floor":24.0,"key":"BlessingOfTheForge"}],"is_trial":false,"path_per_floor":["M","?","?","$","?","R","?","M","T","E","$","M","?","M","R","B",null,"M","$","?","?","$","R","E","R","T","R","E","R","?","$","R","B",null,"M","M","$","M","$","E","M","E","T","R","E"],"character_chosen":"IRONCLAD","items_purchased":["Barricade","Flame Barrier"],"campfire_rested":0,"item_purchase_floors":[11,37],"current_hp_per_floor":[49,49,49,49,38,38,38,44,44,25,25,31,66,60,60,66,73,67,67,67,67,67,67,75,75,75,75,75,75,75,75,75,75,75,70,75,75,71,71,57,53,53,53,53,0,0],"gold":248,"neow_bonus":"ONE_RARE_RELIC","is_daily":false,"chose_seed":false,"campfire_upgraded":8,"win_rate":0.0,"timestamp":1611558778,"path_taken":["M","?","?","$","?","R","?","M","T","E","$","?","?","M","R","BOSS","M","$","?","?","$","R","E","R","T","R","E","R","?","?","R","BOSS","M","M","$","M","$","E","M","E","T","R","E"],"items_purchased_type":["Card","Card"],"build_version":"2020-12-22","purchased_purges":4,"victory":false,"max_hp_per_floor":[75,75,75,75,75,75,75,75,75,75,75,75,75,75,75,75,75,75,75,75,75,75,75,75,75,75,75,75,75,75,75,75,75,75,75,75,75,75,75,75,75,75,75,75,75,75],"relic_stats":{"Centennial Puzzle":[30],"Nunchaku":[7],"Gremlin Horn":[21,21],"counters":[18,115],"Golden Idol":116,"Blue Candle":[0],"Prayer Wheel":9,"Boot":[24],"Smiling Mask":0,"obtain_stats":[{"Gremlin Horn":9,"Golden Idol":3,"Blue Candle":40,"Vajra":2,"Odd Mushroom":13,"Frozen Egg 2":43,"Boot":26,"Smiling Mask":42,"Burning Blood":0,"SlaversCollar":34,"Centennial Puzzle":10,"Nunchaku":28,"Prayer Wheel":0,"Coffee Dripper":17,"Bag of Marbles":24},{"Gremlin Horn":2,"Golden Idol":1,"Blue Candle":15,"Vajra":1,"Odd Mushroom":5,"Frozen Egg 2":17,"Boot":9,"Smiling Mask":17,"Burning Blood":0,"SlaversCollar":11,"Centennial Puzzle":3,"Nunchaku":10,"Prayer Wheel":0,"Coffee Dripper":7,"Bag of Marbles":9},{"Gremlin Horn":10,"Golden Idol":6,"Blue Candle":101,"Vajra":6,"Odd Mushroom":26,"Frozen Egg 2":113,"Boot":58,"Smiling Mask":113,"Burning Blood":0,"SlaversCollar":73,"Centennial Puzzle":18,"Nunchaku":63,"Prayer Wheel":0,"Coffee Dripper":42,"Bag of Marbles":58}],"Burning Blood":83},"card_choices":[{"not_picked":["Twin Strike","Body Slam"],"picked":"Entrench","floor":1.0},{"not_picked":["Intimidate","Heavy Blade"],"picked":"Body Slam","floor":1.0},{"not_picked":["Shockwave","Wild Strike"],"picked":"Rampage","floor":8.0},{"not_picked":["Wild Strike","Perfected Strike","Rupture"],"picked":"SKIP","floor":8.0},{"not_picked":["Iron Wave","Warcry"],"picked":"Flame Barrier","floor":10.0},{"not_picked":["Pommel Strike","Armaments"],"picked":"Metallicize","floor":12.0},{"not_picked":["Bloodletting","Clothesline"],"picked":"Cleave","floor":12.0},{"not_picked":["Warcry","Cleave","Anger"],"picked":"SKIP","floor":14.0},{"not_picked":["Intimidate","Offering","Thunderclap"],"picked":"SKIP","floor":14.0},{"not_picked":["Corruption","Fiend Fire"],"picked":"Impervious","floor":16.0},{"not_picked":["Wild Strike+1","Sword Boomerang"],"picked":"True Grit","floor":18.0},{"not_picked":["Headbutt","Iron Wave","Twin Strike"],"picked":"SKIP","floor":18.0},{"not_picked":["Sever Soul","Heavy Blade"],"picked":"Ghostly Armor","floor":24.0},{"not_picked":["Iron Wave+1","Fiend Fire"],"picked":"Headbutt+1","floor":28.0},{"not_picked":["Barricade","Demon Form"],"picked":"Berserk","floor":33.0},{"not_picked":["Clothesline","Thunderclap"],"picked":"Metallicize","floor":35.0},{"not_picked":["Clothesline","Clash","Infernal Blade+1"],"picked":"SKIP","floor":35.0},{"not_picked":["Sword Boomerang","Thunderclap+1"],"picked":"Ghostly Armor","floor":36},{"not_picked":["Thunderclap","Iron Wave+1","Carnage"],"picked":"SKIP","floor":36},{"not_picked":["Iron Wave","Bludgeon","Uppercut+1"],"picked":"SKIP","floor":38},{"not_picked":["Sever Soul","Dark Embrace","Clash"],"picked":"SKIP","floor":38},{"not_picked":["Infernal Blade+1","Clothesline+1"],"picked":"Entrench","floor":40},{"not_picked":["Combust+1","Blood for Blood"],"picked":"Warcry","floor":41},{"not_picked":["Clothesline","Fire Breathing","Armaments"],"picked":"SKIP","floor":41},{"not_picked":["Barricade","Sever Soul+1"],"picked":"Entrench","floor":42}],"player_experience":382271,"relics_obtained":[{"floor":9.0,"key":"Gremlin Horn"},{"floor":10.0,"key":"Centennial Puzzle"},{"floor":13.0,"key":"Odd Mushroom"},{"floor":24.0,"key":"Bag of Marbles"},{"floor":26.0,"key":"Boot"},{"floor":28.0,"key":"Nunchaku"},{"floor":40,"key":"Blue Candle"},{"floor":42,"key":"Smiling Mask"},{"floor":43,"key":"Frozen Egg 2"}],"event_choices":[{"damage_healed":0.0,"max_hp_gain":0.0,"max_hp_loss":0.0,"gold_gain":0.0,"event_name":"Big Fish","player_choice":"Box","floor":2.0,"gold_loss":0.0,"damage_taken":0.0,"relics_obtained":["Vajra"],"cards_obtained":["Regret"]},{"damage_healed":0.0,"max_hp_gain":0.0,"max_hp_loss":0.0,"gold_gain":0.0,"event_name":"Golden Idol","player_choice":"Take Wound","floor":3.0,"gold_loss":0.0,"damage_taken":0.0,"relics_obtained":["Golden Idol"],"cards_obtained":["Injury"]},{"damage_healed":0.0,"max_hp_gain":0.0,"max_hp_loss":0.0,"gold_gain":75.0,"event_name":"World of Goop","player_choice":"Gather Gold","floor":5.0,"gold_loss":0.0,"damage_taken":11.0},{"damage_healed":0.0,"max_hp_gain":0.0,"max_hp_loss":0.0,"gold_gain":150.0,"event_name":"Liars Game","player_choice":"AGREE","floor":7.0,"gold_loss":0.0,"damage_taken":0.0,"cards_obtained":["Doubt"]},{"damage_healed":0.0,"max_hp_gain":0.0,"max_hp_loss":0.0,"gold_gain":0.0,"event_name":"Mushrooms","player_choice":"Fought Mushrooms","floor":13.0,"gold_loss":0.0,"damage_taken":0.0},{"damage_healed":0.0,"max_hp_gain":0.0,"max_hp_loss":0.0,"gold_gain":0.0,"event_name":"Ghosts","player_choice":"Ignored","floor":20.0,"gold_loss":0.0,"damage_taken":0.0},{"cards_removed":["Strike_R"],"damage_healed":0.0,"max_hp_gain":0.0,"max_hp_loss":0.0,"gold_gain":0.0,"event_name":"Beggar","player_choice":"Gave Gold","floor":21.0,"gold_loss":75.0,"damage_taken":0.0},{"damage_healed":0.0,"max_hp_gain":0.0,"max_hp_loss":0.0,"gold_gain":0.0,"event_name":"The Library","player_choice":"Read","floor":30.0,"gold_loss":0.0,"damage_taken":0.0,"cards_obtained":["Shrug It Off"]}],"is_beta":false,"boss_relics":[{"not_picked":["Ectoplasm","SacredBark"],"picked":"Coffee Dripper"},{"not_picked":["Black Blood","Cursed Key"],"picked":"SlaversCollar"}],"items_purged_floors":[4,11,19,31],"is_endless":false,"potions_floor_spawned":[8,14,24,33,38,41,42],"killed_by":"Reptomancer","ascension_level":15}}