{"host":"zk71suw73lg2r165","time":1611607425,"event":{"mods":["BaseMod","Colored Map","Minty Spire (QoL Compilation)","Permanent Neow","Relic Stats","StSLib"],"gold_per_floor":[113,127,127,138,148,148,173,23,23,43,43,378,378,6,6,85,85,99,118,78,97,116,148,148,174,199,199,211,211,242,254,254,254,254],"floor_reached":33,"language":"ENG","playtime":1377,"items_purged":["Strike_G"],"score":634,"play_id":"9a7d49d4-5634-4f45-b991-cf4f5a844288","local_time":"20210125154345","is_ascension_mode":true,"campfire_choices":[{"data":"Crippling Poison","floor":6.0,"key":"SMITH"},{"floor":11.0,"key":"REST"},{"data":"Tools of the Trade","floor":13.0,"key":"SMITH"},{"floor":15.0,"key":"REST"},{"floor":24.0,"key":"REST"},{"floor":27.0,"key":"REST"},{"floor":29.0,"key":"RECALL"},{"floor":32.0,"key":"REST"}],"circlet_count":0,"master_deck":["AscendersBane","Strike_G","Strike_G","Strike_G+1","Defend_G","Defend_G","Defend_G","Defend_G","Defend_G","Survivor","Neutralize+1","Crippling Poison+1","Deadly Poison","Dash","Noxious Fumes","Dagger Spray","Tools of the Trade+1","Footwork","Blade Dance","Eviscerate","Backflip","Corpse Explosion","Backflip+1","Prepared","Malaise","PiercingWail","Poisoned Stab","Footwork","Deflect"],"relics":["SlaversCollar","Oddly Smooth Stone","Kunai","Old Coin","Toy Ornithopter","Potion Belt","Fusion Hammer","Nunchaku","Darkstone Periapt","Whetstone","Bottled Flame"],"acts_visited":["Exordium","TheCity"],"potions_floor_usage":[33,33],"damage_taken":[{"damage":4.0,"enemies":"Jaw Worm","floor":1.0,"turns":7.0},{"damage":12.0,"enemies":"Cultist","floor":2.0,"turns":6.0},{"damage":5.0,"enemies":"2 Louse","floor":4.0,"turns":2.0},{"damage":13.0,"enemies":"Lots of Slimes","floor":5.0,"turns":4.0},{"damage":7.0,"enemies":"3 Sentries","floor":7.0,"turns":5.0},{"damage":5.0,"enemies":"Gremlin Gang","floor":10.0,"turns":5.0},{"damage":20.0,"enemies":"Gremlin Nob","floor":12.0,"turns":4.0},{"damage":30.0,"enemies":"Slime Boss","floor":16.0,"turns":9.0},{"damage":7.0,"enemies":"Spheric Guardian","floor":18.0,"turns":5.0},{"damage":8.0,"enemies":"Shell Parasite","floor":19.0,"turns":6.0},{"damage":29.0,"enemies":"Shelled Parasite and Fungi","floor":21.0,"turns":7.0},{"damage":12.0,"enemies":"Snake Plant","floor":22.0,"turns":6.0},{"damage":25.0,"enemies":"Book of Stabbing","floor":23.0,"turns":5.0},{"damage":11.0,"enemies":"Slavers","floor":25.0,"turns":4.0},{"damage":0.0,"enemies":"3 Cultists","floor":28.0,"turns":3.0},{"damage":13.0,"enemies":"Book of Stabbing","floor":30.0,"turns":6.0},{"damage":8.0,"enemies":"Centurion and Healer","floor":31.0,"turns":6.0},{"damage":89,"enemies":"Collector","floor":33,"turns":9}],"seed_played":"3795675849900562238","potions_obtained":[{"floor":2.0,"key":"Poison Potion"},{"floor":5.0,"key":"EssenceOfSteel"},{"floor":18.0,"key":"Swift Potion"},{"floor":20.0,"key":"EntropicBrew"},{"floor":20.0,"key":"SteroidPotion"},{"floor":20.0,"key":"AttackPotion"},{"floor":21.0,"key":"Strength Potion"},{"floor":25.0,"key":"Poison Potion"}],"is_trial":false,"path_per_floor":["M","M","?","M","M","R","E","$","T","M","R","E","R","$","R","B",null,"M","M","?","M","M","E","R","E","T","R","M","R","E","M","R","B"],"character_chosen":"THE_SILENT","items_purchased":["Footwork","Toy Ornithopter","Potion Belt","Backflip"],"campfire_rested":5,"item_purchase_floors":[8,14,14,14],"current_hp_per_floor":[55,43,43,38,25,25,18,18,18,13,32,12,12,12,31,6,51,44,41,41,17,5,14,33,27,27,46,46,46,33,25,44,0,0],"gold":254,"neow_bonus":"BOSS_RELIC","is_daily":false,"chose_seed":false,"campfire_upgraded":2,"win_rate":0.0,"timestamp":1611607425,"path_taken":["M","M","?","M","M","R","E","$","T","M","R","E","R","$","R","BOSS","M","?","?","M","?","E","R","E","T","R","?","R","E","M","R","BOSS"],"items_purchased_type":["Card","Relic","Relic","Card"],"build_version":"2020-12-22","purchased_purges":1,"victory":false,"max_hp_per_floor":[66,66,66,66,66,66,66,66,66,66,66,66,66,66,66,66,66,66,66,66,66,66,66,66,66,66,66,66,66,66,66,66,66,66],"relic_stats":{"Darkstone Periapt":0,"Nunchaku":[5],"counters":[18,99],"Kunai":[22],"Whetstone":["Strike_G","Neutralize"],"obtain_stats":[{"Potion Belt":14,"Darkstone Periapt":25,"SlaversCollar":0,"Nunchaku":23,"Bottled Flame":30,"Oddly Smooth Stone":7,"Fusion Hammer":17,"Kunai":9,"Whetstone":26,"Toy Ornithopter":14,"Ring of the Snake":0,"Old Coin":12},{"Potion Belt":7,"Darkstone Periapt":14,"SlaversCollar":0,"Nunchaku":13,"Bottled Flame":16,"Oddly Smooth Stone":5,"Fusion Hammer":8,"Kunai":5,"Whetstone":14,"Toy Ornithopter":7,"Ring of the Snake":0,"Old Coin":7},{"Potion Belt":33,"Darkstone Periapt":75,"SlaversCollar":0,"Nunchaku":71,"Bottled Flame":84,"Oddly Smooth Stone":24,"Fusion Hammer":42,"Kunai":24,"Whetstone":75,"Toy Ornithopter":33,"Ring of the Snake":0,"Old Coin":33}],"Toy Ornithopter":55},"card_choices":[{"not_picked":["Prepared","Blade Dance"],"picked":"Crippling Poison","floor":1.0},{"not_picked":["All Out Attack","Backstab"],"picked":"Deadly Poison","floor":2.0},{"not_picked":["Heel Hook","Expertise"],"picked":"Noxious Fumes","floor":4.0},{"not_picked":["Acrobatics","Sucker Punch"],"picked":"Dagger Spray","floor":5.0},{"not_picked":["Poisoned Stab","Deflect"],"picked":"Tools of the Trade","floor":7.0},{"not_picked":["Sucker Punch","Noxious Fumes"],"picked":"Blade Dance","floor":10.0},{"not_picked":["Backflip","Skewer"],"picked":"Eviscerate","floor":12.0},{"not_picked":["Tools of the Trade","Adrenaline"],"picked":"Corpse Explosion","floor":16.0},{"not_picked":["Backstab","Quick Slash"],"picked":"Backflip+1","floor":18.0},{"not_picked":["Quick Slash","Skewer"],"picked":"Prepared","floor":19.0},{"not_picked":["Deadly Poison","Setup","Backstab"],"picked":"SKIP","floor":21.0},{"not_picked":["Bane","Riddle With Holes","Deadly Poison"],"picked":"SKIP","floor":22.0},{"not_picked":["Corpse Explosion","Skewer"],"picked":"Malaise","floor":23.0},{"not_picked":["Distraction","Bane"],"picked":"PiercingWail","floor":25.0},{"not_picked":["Distraction","Slice"],"picked":"Poisoned Stab","floor":28.0},{"not_picked":["Quick Slash","Cloak And Dagger"],"picked":"Footwork","floor":30.0},{"not_picked":["Sucker Punch+1","Dodge and Roll"],"picked":"Deflect","floor":31.0}],"player_experience":1372857,"relics_obtained":[{"floor":7.0,"key":"Oddly Smooth Stone"},{"floor":9.0,"key":"Kunai"},{"floor":12.0,"key":"Old Coin"},{"floor":23.0,"key":"Nunchaku"},{"floor":25.0,"key":"Darkstone Periapt"},{"floor":26.0,"key":"Whetstone"},{"floor":30.0,"key":"Bottled Flame"}],"event_choices":[{"damage_healed":0.0,"max_hp_gain":0.0,"max_hp_loss":0.0,"gold_gain":0.0,"cards_transformed":["Strike_G"],"event_name":"Transmorgrifier","player_choice":"Transformed","floor":3.0,"gold_loss":0.0,"damage_taken":0.0,"cards_obtained":["Dash"]},{"damage_healed":0.0,"max_hp_gain":0.0,"max_hp_loss":0.0,"gold_gain":0.0,"event_name":"The Woman in Blue","player_choice":"Bought 3 Potions","floor":20.0,"gold_loss":0.0,"damage_taken":0.0}],"is_beta":false,"boss_relics":[{"not_picked":["Runic Dome","Black Star"],"picked":"Fusion Hammer"}],"items_purged_floors":[8],"is_endless":false,"potions_floor_spawned":[2,5,7,10,18,21,25],"killed_by":"Collector","ascension_level":20}}