{"host":"88sw61cmk1203zgj","time":1611556356,"event":{"mods":["BaseMod","Minty Spire (QoL Compilation)"],"gold_per_floor":[119,130,230,244,2,2,37,37,60,79,79,104,121,150,150,229,229,242,262,262,281,291,318,332,332,359,369,386,386,75,108,108,184,184,199,199,199,61,61,61,88,88,114,126,160,175,192,205,205,205,205],"floor_reached":50,"language":"ENG","playtime":2440,"items_purged":["Strike_R","Strike_R"],"score":972,"play_id":"900f5846-80b3-40a2-9878-a9f48d01967d","local_time":"20210125013236","is_ascension_mode":true,"campfire_choices":[{"floor":6.0,"key":"REST"},{"floor":8.0,"key":"REST"},{"floor":11.0,"key":"RECALL"},{"floor":15.0,"key":"REST"},{"floor":29,"key":"REST"},{"floor":32,"key":"REST"},{"floor":40,"key":"REST"},{"floor":42,"key":"REST"},{"floor":49,"key":"REST"}],"circlet_count":0,"master_deck":["AscendersBane","Strike_R+1","Defend_R+1","Defend_R+1","Defend_R+1","Bash+1","Combust+1","Pommel Strike+1","Shrug It Off+1","Headbutt+1","Spot Weakness+1","Shockwave+1","Twin Strike+1","Fiend Fire+1","CurseOfTheBell","Heavy Blade+1","Impervious+1","Uppercut+1","Power Through+1","Combust+1","Spot Weakness+1","Feed+1","Sentinel+1","Carnage+1","Impervious+1","Rupture+1","Secret Technique+1","Bloodletting+1","Flame Barrier+1"],"relics":["Fusion Hammer","Sling","Red Skull","Pantograph","Centennial Puzzle","Calling Bell","Regal Pillow","Meat on the Bone","Turnip","Thread and Needle","CultistMask","Anchor","TungstenRod","Akabeko","Astrolabe","Mark of the Bloom","The Courier","Nunchaku","Letter Opener"],"acts_visited":["Exordium","TheCity","TheBeyond"],"potions_floor_usage":[23,47,50],"damage_taken":[{"damage":4.0,"enemies":"2 Louse","floor":1.0,"turns":3.0},{"damage":3.0,"enemies":"Cultist","floor":2.0,"turns":3.0},{"damage":2.0,"enemies":"Jaw Worm","floor":4.0,"turns":2.0},{"damage":12.0,"enemies":"Gremlin Nob","floor":7.0,"turns":3.0},{"damage":10.0,"enemies":"Gremlin Gang","floor":10.0,"turns":5.0},{"damage":13.0,"enemies":"Lagavulin","floor":12.0,"turns":4.0},{"damage":1.0,"enemies":"Lots of Slimes","floor":13.0,"turns":2.0},{"damage":6.0,"enemies":"Gremlin Nob","floor":14.0,"turns":3.0},{"damage":47.0,"enemies":"Slime Boss","floor":16.0,"turns":9.0},{"damage":10.0,"enemies":"3 Byrds","floor":18.0,"turns":4.0},{"damage":0.0,"enemies":"Chosen","floor":19.0,"turns":4.0},{"damage":11.0,"enemies":"Snecko","floor":21.0,"turns":4.0},{"damage":32,"enemies":"Snake Plant","floor":22,"turns":3},{"damage":17,"enemies":"Slavers","floor":23,"turns":5},{"damage":16,"enemies":"3 Cultists","floor":24,"turns":5},{"damage":10,"enemies":"Cultist and Chosen","floor":27,"turns":5},{"damage":0,"enemies":"Snake Plant","floor":28,"turns":4},{"damage":12,"enemies":"Book of Stabbing","floor":31,"turns":5},{"damage":71,"enemies":"Automaton","floor":33,"turns":9},{"damage":4,"enemies":"3 Darklings","floor":35,"turns":5},{"damage":13,"enemies":"Nemesis","floor":41,"turns":7},{"damage":0,"enemies":"3 Shapes","floor":44,"turns":4},{"damage":42,"enemies":"Giant Head","floor":45,"turns":9},{"damage":0,"enemies":"3 Darklings","floor":46,"turns":5},{"damage":0,"enemies":"Sphere and 2 Shapes","floor":47,"turns":6},{"damage":0,"enemies":"Transient","floor":48,"turns":5},{"damage":17,"enemies":"Awakened One","floor":50,"turns":2}],"seed_played":"-2216728078443760279","potions_obtained":[{"floor":4.0,"key":"DistilledChaos"},{"floor":10.0,"key":"Explosive Potion"},{"floor":13.0,"key":"DuplicationPotion"},{"floor":14.0,"key":"BloodPotion"},{"floor":21.0,"key":"Explosive Potion"},{"floor":28,"key":"ElixirPotion"},{"floor":31,"key":"HeartOfIron"},{"floor":47,"key":"BloodPotion"}],"is_trial":false,"path_per_floor":["M","M","?","M","$","R","E","R","T","M","R","E","M","E","R","B",null,"M","M","?","M","M","E","M","?","T","M","M","R","$","E","R","B",null,"M","?","?","$","?","R","E","R","T","M","E","M","M","M","R","B"],"character_chosen":"IRONCLAD","items_purchased":["Sling","Headbutt","TungstenRod","Bloodletting"],"campfire_rested":8,"item_purchase_floors":[5,5,30,38],"current_hp_per_floor":[68,65,65,63,63,80,68,80,80,70,70,57,56,50,74,33,68,58,58,43,61,41,36,32,32,32,34,46,85,85,73,85,26,70,69,69,69,69,69,69,56,56,56,56,14,14,14,14,14,0,0],"gold":205,"neow_bonus":"BOSS_RELIC","is_daily":false,"chose_seed":false,"campfire_upgraded":0,"win_rate":0.0,"timestamp":1611556356,"path_taken":["M","M","?","M","?","R","E","R","T","?","R","E","M","E","R","BOSS","M","M","?","M","M","E","M","?","T","?","?","R","$","E","R","BOSS","M","?","?","?","?","R","E","R","T","M","E","?","M","M","R","BOSS"],"items_purchased_type":["Relic","Card","Relic","Card"],"build_version":"2020-12-22","purchased_purges":2,"victory":false,"max_hp_per_floor":[80,80,80,80,80,80,80,80,80,80,80,80,80,80,80,80,80,80,80,85,85,85,85,85,85,85,85,85,85,85,85,85,85,85,88,88,88,88,88,88,88,88,88,92,92,92,92,92,92,92,92],"card_choices":[{"not_picked":["Clothesline","Headbutt"],"picked":"Combust","floor":1.0},{"not_picked":["Heavy Blade","Thunderclap"],"picked":"Pommel Strike","floor":2.0},{"not_picked":["Disarm","Dual Wield"],"picked":"Shrug It Off","floor":4.0},{"not_picked":["Whirlwind","Clash"],"picked":"Spot Weakness","floor":7.0},{"not_picked":["Wild Strike","Body Slam"],"picked":"Shockwave","floor":10.0},{"not_picked":["Pommel Strike","Infernal Blade"],"picked":"Twin Strike","floor":12.0},{"not_picked":["Clash","Reckless Charge","Havoc"],"picked":"SKIP","floor":13.0},{"not_picked":["Second Wind","Headbutt","Bloodletting"],"picked":"SKIP","floor":14.0},{"not_picked":["Exhume","Juggernaut"],"picked":"Fiend Fire","floor":16.0},{"not_picked":["Armaments","Twin Strike"],"picked":"Heavy Blade","floor":18.0},{"not_picked":["Headbutt","Dual Wield","Clothesline"],"picked":"SKIP","floor":19.0},{"not_picked":["Sword Boomerang","Headbutt+1"],"picked":"Impervious","floor":21.0},{"not_picked":["Twin Strike","Armaments","Uppercut"],"picked":"SKIP","floor":22},{"not_picked":["Armaments","Perfected Strike"],"picked":"Uppercut+1","floor":23},{"not_picked":["True Grit","Iron Wave","Anger"],"picked":"SKIP","floor":24},{"not_picked":["Body Slam","Fire Breathing"],"picked":"Power Through","floor":27},{"not_picked":["Heavy Blade","Dropkick"],"picked":"Combust+1","floor":28},{"not_picked":["Limit Break","Inflame"],"picked":"Spot Weakness","floor":31},{"not_picked":["Impervious","Demon Form"],"picked":"Feed","floor":33},{"not_picked":["Body Slam","Havoc"],"picked":"Rupture+1","floor":35},{"not_picked":["Dramatic Entrance","Jack Of All Trades"],"picked":"Secret Technique","floor":37},{"not_picked":["Spot Weakness","Twin Strike"],"picked":"Flame Barrier+1","floor":41},{"not_picked":["Searing Blow","Flex+1","Headbutt"],"picked":"SKIP","floor":44},{"not_picked":["Wild Strike+1","Combust+1","Flex"],"picked":"SKIP","floor":45},{"not_picked":["Armaments+1","Shrug It Off","Double Tap"],"picked":"SKIP","floor":46},{"not_picked":["Flex","Heavy Blade","Twin Strike+1"],"picked":"SKIP","floor":47},{"not_picked":["Sword Boomerang","Reaper","Iron Wave+1"],"picked":"SKIP","floor":48}],"player_experience":1511879,"relics_obtained":[{"floor":7.0,"key":"Red Skull"},{"floor":12.0,"key":"Pantograph"},{"floor":14.0,"key":"Centennial Puzzle"},{"floor":17.0,"key":"Regal Pillow"},{"floor":17.0,"key":"Meat on the Bone"},{"floor":17.0,"key":"Turnip"},{"floor":23,"key":"Thread and Needle"},{"floor":26,"key":"Anchor"},{"floor":31,"key":"Akabeko"},{"floor":41,"key":"The Courier"},{"floor":43,"key":"Nunchaku"},{"floor":45,"key":"Letter Opener"}],"event_choices":[{"damage_healed":0.0,"max_hp_gain":0.0,"max_hp_loss":0.0,"gold_gain":100.0,"event_name":"Golden Shrine","player_choice":"Pray","floor":3.0,"gold_loss":0.0,"damage_taken":0.0},{"damage_healed":0.0,"max_hp_gain":5.0,"max_hp_loss":0.0,"gold_gain":0.0,"event_name":"Forgotten Altar","player_choice":"Shed Blood","floor":20.0,"gold_loss":0.0,"damage_taken":20.0},{"damage_healed":0,"gold_gain":0,"player_choice":"Trade","damage_taken":0,"relics_obtained":["CultistMask"],"max_hp_gain":0,"max_hp_loss":0,"event_name":"FaceTrader","floor":25,"gold_loss":0},{"damage_healed":0,"gold_gain":0,"player_choice":"Ignored","damage_taken":0,"max_hp_gain":0,"max_hp_loss":0,"event_name":"Mysterious Sphere","floor":36,"gold_loss":0},{"damage_healed":0,"gold_gain":0,"player_choice":"Memory 1","damage_taken":0,"max_hp_gain":0,"max_hp_loss":0,"event_name":"SensoryStone","floor":37,"gold_loss":0},{"damage_healed":0,"gold_gain":0,"player_choice":"Upgrade","damage_taken":0,"relics_obtained":["Mark of the Bloom"],"max_hp_gain":0,"max_hp_loss":0,"event_name":"MindBloom","floor":39,"gold_loss":0,"cards_upgraded":["Strike_R","Defend_R","Defend_R","Defend_R","Bash","Combust","Pommel Strike","Shrug It Off","Headbutt","Spot Weakness","Shockwave","Twin Strike","Fiend Fire","Heavy Blade","Impervious","Power Through","Spot Weakness","Feed","Secret Technique","Bloodletting"]}],"is_beta":false,"boss_relics":[{"not_picked":["Busted Crown","Velvet Choker"],"picked":"Calling Bell"},{"not_picked":["Runic Dome","Coffee Dripper"],"picked":"Astrolabe"}],"items_purged_floors":[5,38],"is_endless":false,"potions_floor_spawned":[4,10,13,14,21,28,31,33,35,46,47],"killed_by":"Awakened One","ascension_level":13}}