{"host":"pv86o47qu885j2ye","time":1611593733,"event":{"mods":["ATMod(阿瑾Mod)","Arknights The Spire","Ascension Reborn","Aspiration","Bard","BaseMod","Beaked The Cultist","Become a monster 百变怪","BetterRewards","Challenge The Spire","Colored Map","Conspire","KinomotoSakuraMod(木之本樱)","KomeijiMod","LagranYue(拉格朗・月)","Marisa（F雨　魔理沙）","Mimic Mod","Minty Spire (QoL Compilation)","Nova Terra(诺娃・泰拉)","Prisma Mod","Remilia_Scarlet Moed（蕾米莉亚・斯卡雷特）3.3.5","Remilia（蕾米莉亚）","StSLib","Td1madao Mod","The Administrix","The Alterego","The Animator","The Bladedancer","The Bug Knight","The IronCluck","The Mystic","The Runesmith","The Saiyan","The Senshi","The Servant 0.9.4","WarShipGirlsR/战舰少女R mod","Youmu（魂魄妖梦）"],"gold_per_floor":[96,96,109,34,34,61,75,91,124,124,157,183,183,194,194,298,298,313,313,326,326,326,326,344,360,360,330,330,330,330],"floor_reached":29,"language":"ZHS","playtime":2224,"items_purged":["Pain"],"score":283,"play_id":"b08cd486-a1b0-4bd2-acf5-8e4f9a4fcfab","local_time":"20210126005533","is_ascension_mode":true,"campfire_choices":[{"data":"Saiyan:Flurry","floor":10,"key":"SMITH"},{"floor":13,"key":"REST"},{"floor":15,"key":"REST"},{"data":"Saiyan:AugmentedBlast","floor":23,"key":"SMITH"},{"floor":28,"key":"REST"}],"circlet_count":0,"master_deck":["Saiyan:SAIYA_Defend","Saiyan:SAIYA_Defend","Saiyan:SAIYA_Defend","Saiyan:SAIYA_Defend","Saiyan:EnergyBlast","Saiyan:KaioKen","Saiyan:RuthlessBlow","Saiyan:MeteorDash","Saiyan:DoubleMasenko","Saiyan:Flurry+1","Saiyan:PowerPole","Saiyan:Makankosappo","Saiyan:Taunt","Saiyan:AugmentedBlast+1","Saiyan:MeteorDash","Saiyan:Expend","Saiyan:Momentum","Saiyan:Quickening","Bite","Bite","Bite","Bite","Bite","Saiyan:Kienzan+1","Gluttony_TH","Saiyan:PowerUp+1","Saiyan:ConcussiveBlow","Saiyan:Pacing+1","Saiyan:Planning+1"],"relics":["SaiyanSoul","SaiyanHeart","AT_ATBox","LagranYue:RandomDrawCardRelic","WarpedTongs","aspiration:SeaSaltIceCream","aspiration:Nostalgia","KSMOD_SealedBook","Vajra","HoshigumaDish","AT_Kusabimaru","conspire:RoyalGoblet","Toxic Egg 2","Pocketwatch"],"acts_visited":["Exordium","TheCity"],"potions_floor_usage":[6,18,18,20,25],"damage_taken":[{"damage":2,"enemies":"conspire:RoseBush","floor":1,"turns":3},{"damage":4,"enemies":"Jaw Worm","floor":3,"turns":3},{"damage":15,"enemies":"Lagavulin","floor":6,"turns":6},{"damage":0,"enemies":"Small Slimes","floor":7,"turns":2},{"damage":0,"enemies":"2 Fungi Beasts","floor":8,"turns":2},{"damage":0,"enemies":"Looter","floor":9,"turns":6},{"damage":19,"enemies":"conspire:MimicChest","floor":11,"turns":5},{"damage":22,"enemies":"HollowMod:MossKnight","floor":12,"turns":5},{"damage":12,"enemies":"Looter","floor":14,"turns":2},{"damage":48,"enemies":"Slime Boss","floor":16,"turns":4},{"damage":33,"enemies":"3 Byrds","floor":18,"turns":4},{"damage":7,"enemies":"conspire:FuzzyDice","floor":20,"turns":5},{"damage":34,"enemies":"Centurion and Healer","floor":24,"turns":5},{"damage":48,"enemies":"Shelled Parasite and Fungi","floor":25,"turns":7},{"damage":54,"enemies":"Book of Stabbing","floor":29,"turns":6}],"seed_played":"4113979237470141353","potions_obtained":[{"floor":3,"key":"Strength Potion"},{"floor":11,"key":"GamblersBrew"},{"floor":12,"key":"Explosive Potion"},{"floor":16,"key":"Swift Potion"},{"floor":18,"key":"DistilledChaos"},{"floor":24,"key":"SpeedPotion"}],"is_trial":false,"path_per_floor":["M","?","M","$","T","E","M","M","MIM","R","?","E","R","M","R","B",null,"M","?","M","?","?","R","M","M","T","?","R","E"],"character_chosen":"SAIYAJIN","items_purchased":[],"campfire_rested":3,"item_purchase_floors":[],"current_hp_per_floor":[66,66,63,63,63,49,51,53,55,55,38,17,40,28,51,4,80,47,47,54,69,69,69,48,16,16,16,38,0,0],"gold":330,"neow_bonus":"TEN_PERCENT_HP_BONUS","is_daily":false,"chose_seed":false,"campfire_upgraded":2,"win_rate":0.0,"timestamp":1611593733,"path_taken":["M","?","M","?","?","E","M","M","MIM","R","?","E","R","M","R","BOSS","M","?","M","?","?","R","M","M","T","?","R","E"],"items_purchased_type":[],"build_version":"2020-12-22","purchased_purges":1,"victory":false,"max_hp_per_floor":[68,68,69,69,69,70,72,74,76,76,78,79,79,79,79,80,80,80,56,57,72,72,72,73,76,76,76,76,76,76],"card_choices":[{"not_picked":["Saiyan:Planning","Saiyan:ReverberatingForce"],"picked":"Saiyan:MeteorDash","floor":1},{"not_picked":["Saiyan:RemoveWeights","Saiyan:Endure"],"picked":"Saiyan:DoubleMasenko","floor":3},{"not_picked":["Saiyan:RemoveWeights","Saiyan:UltraInstinct"],"picked":"Saiyan:Flurry","floor":6},{"not_picked":["Saiyan:Quickening","Saiyan:Planning"],"picked":"Saiyan:PowerPole","floor":7},{"not_picked":["Saiyan:MeteorDash","Saiyan:Flurry"],"picked":"Saiyan:Makankosappo","floor":8},{"not_picked":["Saiyan:LastResort","Saiyan:SenzuBean"],"picked":"Saiyan:Taunt","floor":9},{"not_picked":["Saiyan:Quickening","Saiyan:Flurry"],"picked":"Saiyan:AugmentedBlast","floor":11},{"not_picked":["Saiyan:Twize","Saiyan:KameHameHa"],"picked":"Saiyan:MeteorDash","floor":12},{"not_picked":["Saiyan:KameHameHa","Saiyan:BigBangAttack"],"picked":"Saiyan:Expend","floor":14},{"not_picked":["Saiyan:HyperTimeChamber","Saiyan:GhostAttack"],"picked":"Saiyan:Momentum","floor":16},{"not_picked":["Saiyan:MeteorDash","Saiyan:DragonFist+1"],"picked":"Saiyan:Quickening","floor":18},{"not_picked":["Saiyan:Honing","Saiyan:MeteorDash+1"],"picked":"Saiyan:Kienzan+1","floor":20},{"not_picked":["Saiyan:Endure+1","Saiyan:Makankosappo"],"picked":"Saiyan:PowerUp+1","floor":24},{"not_picked":["Saiyan:BigBangAttack","Saiyan:HyperTimeChamber"],"picked":"Saiyan:ConcussiveBlow","floor":25},{"not_picked":[],"picked":"Saiyan:Pacing","floor":27},{"not_picked":[],"picked":"Saiyan:Planning","floor":27}],"player_experience":33597,"relics_obtained":[{"floor":6,"key":"aspiration:SeaSaltIceCream"},{"floor":9,"key":"Vajra"},{"floor":11,"key":"HoshigumaDish"},{"floor":12,"key":"AT_Kusabimaru"},{"floor":26,"key":"Pocketwatch"}],"event_choices":[{"damage_healed":0,"gold_gain":0,"player_choice":"Rummage","damage_taken":0,"relics_obtained":["WarpedTongs"],"max_hp_gain":0,"max_hp_loss":0,"event_name":"Accursed Blacksmith","floor":2,"gold_loss":0,"cards_obtained":["Pain"]},{"damage_healed":0,"gold_gain":0,"player_choice":"Became a vampire","damage_taken":0,"max_hp_gain":0,"max_hp_loss":24,"event_name":"Vampires","floor":19,"gold_loss":0,"cards_obtained":["Bite","Bite","Bite","Bite","Bite"]},{"damage_healed":0,"gold_gain":0,"player_choice":"Opened","damage_taken":0,"relics_obtained":["Toxic Egg 2"],"max_hp_gain":0,"max_hp_loss":0,"event_name":"The Mausoleum","floor":22,"gold_loss":0}],"is_beta":false,"boss_relics":[{"not_picked":["beaked:MawFillet","conspire:SeveredTorchhead"],"picked":"conspire:RoyalGoblet"}],"items_purged_floors":[4],"is_endless":false,"potions_floor_spawned":[3,11,12,16,18,24],"killed_by":"Book of Stabbing","ascension_level":0}}