{"host":"4ag909k4xupnj24b","time":1611565850,"event":{"mods":["BaseMod","Minty Spire (QoL Compilation)","StSLib"],"gold_per_floor":[110,110,127,127,127,158,158,182,182,222,222,0,24,24,24,117,117,141,180,180,26,47,47,65,104,155,155,169,185,185,206,206,302,302,326,342,564,615,635,678,1011,1011,1037,997,478,492,518,528,528,528,528,528,41,72,72,72],"floor_reached":55,"language":"ENG","playtime":2669,"items_purged":["Writhe","Gash+1"],"score":1521,"play_id":"066e93aa-12de-4b9a-a6e8-f6ab62c11b33","local_time":"20210125011050","is_ascension_mode":true,"campfire_choices":[{"floor":7,"key":"REST"},{"floor":11,"key":"REST"},{"data":"Defragment","floor":15,"key":"SMITH"},{"floor":23,"key":"REST"},{"floor":27,"key":"REST"},{"data":"Buffer","floor":30,"key":"SMITH"},{"data":"Buffer","floor":32,"key":"SMITH"},{"floor":42,"key":"RECALL"},{"data":"Defragment","floor":49,"key":"SMITH"},{"data":"Defragment","floor":52,"key":"SMITH"}],"circlet_count":0,"master_deck":["AscendersBane","Dualcast","Doom and Gloom+1","Defragment+1","Cold Snap+1","Electrodynamics","Defragment+1","BootSequence+1","Darkness+1","Buffer+1","Genetic Algorithm+1","Creative AI","Defragment+1","Biased Cognition","Buffer+1","Glacier+1","Redo+1","Conserve Battery+1","Chill+1","Fusion+1","Coolheaded+1","Recycle+1","Loop+1","Seek+1","Fission+1","Melter"],"relics":["Velvet Choker","Toxic Egg 2","Ornamental Fan","DataDisk","PreservedInsect","Bottled Flame","DollysMirror","Pandora\u0027s Box","Red Mask","Potion Belt","Runic Capacitor","TungstenRod","Akabeko","Astrolabe","Matryoshka","Bag of Marbles","Nunchaku","Frozen Eye","Anchor","Whetstone","Turnip","Symbiotic Virus"],"acts_visited":["Exordium","TheCity","TheBeyond","TheEnding"],"potions_floor_usage":[16,33,36,50,55,55],"damage_taken":[{"damage":10,"enemies":"2 Louse","floor":1,"turns":2},{"damage":10,"enemies":"Small Slimes","floor":3,"turns":4},{"damage":25,"enemies":"Lagavulin","floor":6,"turns":5},{"damage":1,"enemies":"Cultist","floor":8,"turns":3},{"damage":6,"enemies":"Gremlin Nob","floor":10,"turns":3},{"damage":5,"enemies":"Red Slaver","floor":13,"turns":3},{"damage":21,"enemies":"The Guardian","floor":16,"turns":10},{"damage":11,"enemies":"3 Byrds","floor":18,"turns":6},{"damage":28,"enemies":"Masked Bandits","floor":19,"turns":3},{"damage":0,"enemies":"Shell Parasite","floor":22,"turns":5},{"damage":0,"enemies":"Cultist and Chosen","floor":24,"turns":4},{"damage":0,"enemies":"Slavers","floor":25,"turns":3},{"damage":0,"enemies":"Centurion and Healer","floor":28,"turns":4},{"damage":0,"enemies":"Snake Plant","floor":29,"turns":5},{"damage":0,"enemies":"Shelled Parasite and Fungi","floor":31,"turns":7},{"damage":0,"enemies":"Champ","floor":33,"turns":9},{"damage":0,"enemies":"Orb Walker","floor":35,"turns":7},{"damage":8,"enemies":"3 Darklings","floor":36,"turns":7},{"damage":0,"enemies":"Transient","floor":39,"turns":5},{"damage":0,"enemies":"Giant Head","floor":40,"turns":9},{"damage":0,"enemies":"4 Shapes","floor":46,"turns":5},{"damage":0,"enemies":"Nemesis","floor":47,"turns":9},{"damage":2,"enemies":"Writhing Mass","floor":48,"turns":5},{"damage":30,"enemies":"Time Eater","floor":50,"turns":8},{"damage":8,"enemies":"Shield and Spear","floor":54,"turns":9},{"damage":75,"enemies":"The Heart","floor":55,"turns":3}],"seed_played":"8060676106430924294","potions_obtained":[{"floor":6,"key":"Weak Potion"},{"floor":10,"key":"ColorlessPotion"},{"floor":16,"key":"PotionOfCapacity"},{"floor":22,"key":"SteroidPotion"},{"floor":28,"key":"Regen Potion"},{"floor":29,"key":"PowerPotion"},{"floor":35,"key":"FearPotion"},{"floor":39,"key":"SmokeBomb"},{"floor":44,"key":"AttackPotion"}],"is_trial":false,"path_per_floor":["M","?","M","?","?","E","R","M","T","E","R","$","M","$","R","B",null,"M","?","?","$","M","R","M","E","T","R","M","M","R","M","R","B",null,"M","M","?","T","M","E","?","R","T","?","$","M","E","M","R","B",null,"R","$","E","B"],"character_chosen":"DEFECT","items_purchased":["DollysMirror","BootSequence+1","Runic Capacitor","Seek+1","Frozen Eye","Anchor","Melter","Turnip"],"campfire_rested":4,"item_purchase_floors":[12,12,21,45,45,45,53,53],"current_hp_per_floor":[54,49,39,39,39,14,33,32,32,26,45,45,40,40,40,19,53,42,14,14,14,14,33,33,33,33,52,52,52,52,52,52,52,61,61,53,53,53,53,53,53,53,53,53,53,53,53,51,51,21,53,53,53,45,0,0],"gold":72,"neow_bonus":"BOSS_RELIC","is_daily":false,"chose_seed":false,"campfire_upgraded":5,"win_rate":0.0,"timestamp":1611565850,"path_taken":["M","?","M","?","?","E","R","?","T","E","R","?","M","$","R","BOSS","M","?","?","$","M","R","M","E","T","R","M","M","R","M","R","BOSS","M","M","?","?","?","E","?","R","T","?","$","?","E","M","R","BOSS","R","$","E","BOSS"],"items_purchased_type":["Relic","Card","Relic","Card","Relic","Relic","Card","Relic"],"build_version":"2020-12-22","purchased_purges":2,"victory":false,"max_hp_per_floor":[71,71,71,64,64,64,64,64,64,64,64,64,64,64,64,64,64,64,64,64,64,64,64,64,64,64,64,64,64,64,64,64,64,64,64,64,64,64,64,64,64,64,64,64,64,64,64,64,64,64,64,64,64,64,64,64],"card_choices":[{"not_picked":["Recycle","Steam Power"],"picked":"Compile Driver","floor":1},{"not_picked":["Recycle+1","Streamline"],"picked":"Doom and Gloom","floor":3},{"not_picked":["Hologram+1","White Noise+1"],"picked":"Defragment","floor":6},{"not_picked":["Stack+1","Static Discharge"],"picked":"Cold Snap","floor":8},{"not_picked":["Defragment","Ball Lightning"],"picked":"Electrodynamics","floor":10},{"not_picked":["Sunder","Sweeping Beam"],"picked":"Darkness+1","floor":13},{"not_picked":["Hyperbeam","Meteor Strike"],"picked":"Buffer","floor":16},{"not_picked":["Ball Lightning","Cold Snap"],"picked":"Conserve Battery+1","floor":18},{"not_picked":["Stack+1","Streamline"],"picked":"Chill+1","floor":19},{"not_picked":["Hologram+1","Streamline"],"picked":"Fusion+1","floor":22},{"not_picked":["Barrage","Go for the Eyes","Storm"],"picked":"SKIP","floor":24},{"not_picked":["Ball Lightning","Compile Driver"],"picked":"Steam+1","floor":25},{"not_picked":["Multi-Cast+1","Cold Snap"],"picked":"Coolheaded+1","floor":28},{"not_picked":["Steam+1","Streamline","Chill+1"],"picked":"SKIP","floor":29},{"not_picked":["Beam Cell","BootSequence+1","Ball Lightning+1"],"picked":"SKIP","floor":31},{"not_picked":["Stack+1","Sweeping Beam+1","Gash"],"picked":"SKIP","floor":35},{"not_picked":["Stack+1","Barrage","Sweeping Beam"],"picked":"SKIP","floor":36},{"not_picked":["Reinforced Body+1","Sweeping Beam","Turbo+1"],"picked":"SKIP","floor":39},{"not_picked":["Fusion+1","Streamline+1","Gash"],"picked":"SKIP","floor":40},{"not_picked":["Fusion+1","Streamline+1","Gash"],"picked":"SKIP","floor":40},{"not_picked":["Blizzard","Go for the Eyes+1"],"picked":"Fission+1","floor":46},{"not_picked":["Fusion+1","Cold Snap","Ball Lightning+1"],"picked":"SKIP","floor":47},{"not_picked":["Streamline","Rebound+1","Static Discharge"],"picked":"SKIP","floor":48},{"not_picked":["Conserve Battery+1","Leap+1","Stack+1"],"picked":"SKIP","floor":54}],"player_experience":871418,"relics_obtained":[{"floor":6,"key":"DataDisk"},{"floor":9,"key":"PreservedInsect"},{"floor":10,"key":"Bottled Flame"},{"floor":19,"key":"Red Mask"},{"floor":25,"key":"TungstenRod"},{"floor":26,"key":"Akabeko"},{"floor":40,"key":"Matryoshka"},{"floor":43,"key":"Bag of Marbles"},{"floor":43,"key":"Nunchaku"},{"floor":47,"key":"Whetstone"},{"floor":54,"key":"Symbiotic Virus"}],"event_choices":[{"damage_healed":0,"gold_gain":0,"player_choice":"Success","damage_taken":5,"relics_obtained":["Toxic Egg 2"],"max_hp_gain":0,"max_hp_loss":0,"event_name":"Scrap Ooze","floor":2,"gold_loss":0},{"damage_healed":0,"gold_gain":0,"player_choice":"Lose Max HP","damage_taken":0,"relics_obtained":["Golden Idol"],"max_hp_gain":0,"max_hp_loss":7,"event_name":"Golden Idol","floor":4,"gold_loss":0},{"cards_removed":["Compile Driver"],"damage_healed":0,"gold_gain":0,"player_choice":"Gave Card","damage_taken":0,"relics_obtained":["Ornamental Fan"],"max_hp_gain":0,"max_hp_loss":0,"event_name":"WeMeetAgain","floor":5,"gold_loss":0},{"damage_healed":0,"gold_gain":0,"player_choice":"Fought Bandits","damage_taken":0,"max_hp_gain":0,"max_hp_loss":0,"event_name":"Masked Bandits","floor":19,"gold_loss":0},{"damage_healed":0,"gold_gain":0,"player_choice":"Opened","damage_taken":0,"relics_obtained":["Potion Belt"],"max_hp_gain":0,"max_hp_loss":0,"event_name":"The Mausoleum","floor":20,"gold_loss":0,"cards_obtained":["Writhe"]},{"damage_healed":0,"gold_gain":222,"player_choice":"Wore Mask","damage_taken":0,"max_hp_gain":0,"max_hp_loss":0,"event_name":"Tomb of Lord Red Mask","floor":37,"gold_loss":0},{"damage_healed":0,"gold_gain":333,"player_choice":"Gave Idol","damage_taken":0,"max_hp_gain":0,"max_hp_loss":0,"event_name":"The Moai Head","floor":41,"relics_lost":["Golden Idol"],"gold_loss":0},{"damage_healed":0,"gold_gain":0,"player_choice":"Bought 3 Potions","damage_taken":0,"max_hp_gain":0,"max_hp_loss":0,"event_name":"The Woman in Blue","floor":44,"gold_loss":0}],"is_beta":false,"boss_relics":[{"not_picked":["SlaversCollar","Fusion Hammer"],"picked":"Pandora\u0027s Box"},{"not_picked":["Philosopher\u0027s Stone","Empty Cage"],"picked":"Astrolabe"}],"items_purged_floors":[45,53],"is_endless":false,"potions_floor_spawned":[6,10,13,16,22,28,29,31,35,39],"killed_by":"The Heart","ascension_level":15}}