{"host":"19tvufa8xx4wr4o1","time":1611536937,"event":{"mods":["AchievementEnabler","BaseMod","Better Sensory Stone","Better Third Choice","Highlight Path","Minty Spire (QoL Compilation)","Relic Stats","StSLib"],"gold_per_floor":[112,112,9,9,20,20,53,53,53,83,83,83,97,125,125,196,196,207,218,235,235,112,112,142,162,217,231,231,231,6,6,6,80,80,99,99,99,116,6,35,48,48,48,0,12,12,12],"floor_reached":46,"language":"ENG","playtime":1699,"items_purged":["Strike_G"],"score":872,"play_id":"ead1cfb9-fbfd-4596-8cce-39b88471060f","local_time":"20210124190857","is_ascension_mode":true,"campfire_choices":[{"floor":6.0,"key":"REST"},{"data":"Poisoned Stab","floor":8.0,"key":"SMITH"},{"floor":12.0,"key":"REST"},{"floor":15.0,"key":"DIG"},{"floor":23.0,"key":"REST"},{"data":"Footwork","floor":32.0,"key":"SMITH"},{"floor":42,"key":"DIG"}],"circlet_count":0,"master_deck":["AscendersBane","Defend_G","Defend_G","Defend_G","Defend_G","Survivor","Neutralize+1","Poisoned Stab+1","Dagger Spray","Choke","Dodge and Roll","Blade Dance","Riddle With Holes","Malaise","Choke+1","Storm of Steel+1","PiercingWail+1","Leg Sweep","Accuracy+1","Blur","Cloak And Dagger","Cloak And Dagger+1","Footwork+1","Blade Dance+1","Backstab","A Thousand Cuts","Noxious Fumes","Accuracy+1","Well Laid Plans+1"],"relics":["SacredBark","Bronze Scales","Bag of Marbles","Mummified Hand","Dream Catcher","WarpedTongs","Shovel","Du-Vu Doll","Astrolabe","Omamori","Strawberry","Potion Belt","Fusion Hammer","Meat on the Bone","Snake Skull","White Beast Statue","Kunai"],"acts_visited":["Exordium","TheCity","TheBeyond"],"potions_floor_usage":[41,45,46],"damage_taken":[{"damage":0.0,"enemies":"2 Louse","floor":1.0,"turns":4.0},{"damage":5.0,"enemies":"Cultist","floor":5.0,"turns":4.0},{"damage":9.0,"enemies":"Lagavulin","floor":7.0,"turns":5.0},{"damage":10.0,"enemies":"3 Sentries","floor":10.0,"turns":4.0},{"damage":0.0,"enemies":"Jaw Worm","floor":13.0,"turns":1.0},{"damage":27.0,"enemies":"Lagavulin","floor":14.0,"turns":6.0},{"damage":7.0,"enemies":"Hexaghost","floor":16.0,"turns":8.0},{"damage":1.0,"enemies":"Spheric Guardian","floor":18.0,"turns":2.0},{"damage":14.0,"enemies":"Shell Parasite","floor":19.0,"turns":5.0},{"damage":0.0,"enemies":"Snake Plant","floor":20.0,"turns":3.0},{"damage":20.0,"enemies":"Slavers","floor":24.0,"turns":5.0},{"damage":7.0,"enemies":"Chosen and Byrds","floor":25.0,"turns":5.0},{"damage":2.0,"enemies":"Centurion and Healer","floor":27.0,"turns":6.0},{"damage":41.0,"enemies":"Collector","floor":33.0,"turns":12.0},{"damage":1.0,"enemies":"3 Shapes","floor":35.0,"turns":6.0},{"damage":19.0,"enemies":"3 Darklings","floor":38.0,"turns":4.0},{"damage":4.0,"enemies":"Nemesis","floor":40.0,"turns":5.0},{"damage":1,"enemies":"Jaw Worm Horde","floor":41,"turns":3},{"damage":31,"enemies":"Transient","floor":45,"turns":5},{"damage":40,"enemies":"Giant Head","floor":46,"turns":7}],"seed_played":"8641265955118266398","potions_obtained":[{"floor":7.0,"key":"LiquidMemories"},{"floor":14.0,"key":"EssenceOfSteel"},{"floor":18.0,"key":"Energy Potion"},{"floor":19.0,"key":"EntropicBrew"},{"floor":38.0,"key":"Explosive Potion"},{"floor":45,"key":"GamblersBrew"}],"is_trial":false,"path_per_floor":["M","?","$","?","M","R","E","R","T","E","?","R","M","E","R","B",null,"M","M","M","?","$","R","E","M","T","M","?","?","$","$","R","B",null,"M","?","?","M","?","E","M","R","T","$","M","E"],"character_chosen":"THE_SILENT","items_purchased":["Fire Potion","Strength Potion","Cloak And Dagger","Potion Belt","LiquidMemories","Dexterity Potion"],"campfire_rested":3,"item_purchase_floors":[3,3,22,30,30,44],"current_hp_per_floor":[59,41,41,41,36,55,46,46,46,36,36,55,55,28,28,21,55,54,40,40,40,40,59,39,32,39,37,52,52,52,52,52,11,58,57,57,57,38,38,46,45,45,45,45,26,0,0],"gold":12,"neow_bonus":"BOSS_RELIC","is_daily":false,"chose_seed":false,"campfire_upgraded":2,"win_rate":0.0,"timestamp":1611536937,"path_taken":["M","?","$","?","M","R","E","R","T","E","?","R","?","E","R","BOSS","M","M","?","?","$","R","E","?","T","M","?","?","?","$","R","BOSS","M","?","?","?","?","E","?","R","T","$","M","E"],"items_purchased_type":["Potion","Potion","Card","Relic","Potion","Potion"],"build_version":"2020-12-22","purchased_purges":1,"victory":false,"max_hp_per_floor":[66,66,66,66,66,66,66,66,66,66,66,66,66,66,66,66,66,66,66,66,66,66,66,66,66,73,73,73,73,73,73,73,73,73,73,73,73,73,73,73,73,73,73,73,73,73,73],"relic_stats":{"Dream Catcher":2,"Shovel":2,"counters":[20,100],"Mummified Hand":[31],"Bronze Scales":[242],"Astrolabe":["Choke","Storm of Steel","PiercingWail"],"Snake Skull":[10],"Kunai":[5],"obtain_stats":[{"Potion Belt":30,"SacredBark":0,"Astrolabe":17,"Snake Skull":40,"Omamori":24,"White Beast Statue":42,"WarpedTongs":11,"Du-Vu Doll":15,"Dream Catcher":10,"Shovel":14,"Mummified Hand":9,"Bronze Scales":2,"Strawberry":26,"Fusion Hammer":34,"Bag of Marbles":7,"Kunai":43,"Ring of the Snake":0,"Meat on the Bone":37},{"Potion Belt":13,"SacredBark":0,"Astrolabe":7,"Snake Skull":17,"Omamori":11,"White Beast Statue":18,"WarpedTongs":4,"Du-Vu Doll":6,"Dream Catcher":4,"Shovel":6,"Mummified Hand":3,"Bronze Scales":1,"Strawberry":12,"Fusion Hammer":14,"Bag of Marbles":3,"Kunai":18,"Ring of the Snake":0,"Meat on the Bone":15},{"Potion Belt":58,"SacredBark":0,"Astrolabe":32,"Snake Skull":85,"Omamori":47,"White Beast Statue":88,"WarpedTongs":17,"Du-Vu Doll":24,"Dream Catcher":17,"Shovel":24,"Mummified Hand":13,"Bronze Scales":4,"Strawberry":52,"Fusion Hammer":70,"Bag of Marbles":13,"Kunai":88,"Ring of the Snake":0,"Meat on the Bone":76}],"WarpedTongs":[83],"Meat on the Bone":24},"card_choices":[{"not_picked":["PiercingWail","Dagger Spray"],"picked":"Poisoned Stab","floor":1.0},{"not_picked":["Poisoned Stab","Underhanded Strike"],"picked":"Dagger Spray","floor":5.0},{"not_picked":["Reflex","Escape Plan"],"picked":"Choke","floor":7.0},{"not_picked":["Finisher","Calculated Gamble"],"picked":"Unload","floor":10.0},{"not_picked":["Flechettes","Poisoned Stab"],"picked":"Dodge and Roll","floor":12.0},{"not_picked":["Cloak And Dagger","Sucker Punch"],"picked":"Blade Dance","floor":13.0},{"not_picked":["Acrobatics","Slice"],"picked":"Riddle With Holes","floor":14.0},{"not_picked":["Storm of Steel","Bullet Time"],"picked":"Malaise","floor":16.0},{"not_picked":["Eviscerate+1","Blur"],"picked":"Leg Sweep","floor":18.0},{"not_picked":["Outmaneuver","Predator"],"picked":"Accuracy+1","floor":19.0},{"not_picked":["Poisoned Stab","Slice+1"],"picked":"Blur","floor":20.0},{"not_picked":["Deadly Poison","Deflect+1"],"picked":"Cloak And Dagger","floor":23.0},{"not_picked":["Slice","Endless Agony","Eviscerate"],"picked":"SKIP","floor":24.0},{"not_picked":["Grand Finale","Accuracy"],"picked":"Footwork","floor":25.0},{"not_picked":["Underhanded Strike+1","Outmaneuver"],"picked":"Blade Dance+1","floor":27.0},{"not_picked":["Tools of the Trade","Envenom"],"picked":"A Thousand Cuts","floor":33.0},{"not_picked":["Finisher","Slice+1","Underhanded Strike"],"picked":"SKIP","floor":35.0},{"not_picked":["Catalyst","Infinite Blades+1"],"picked":"Noxious Fumes","floor":38.0},{"not_picked":["Bane","Skewer+1","Endless Agony+1"],"picked":"SKIP","floor":40.0},{"not_picked":["Distraction","Prepared+1"],"picked":"Accuracy+1","floor":41},{"not_picked":["Backflip","Deflect"],"picked":"Well Laid Plans+1","floor":45}],"player_experience":599629,"relics_obtained":[{"floor":7.0,"key":"Bag of Marbles"},{"floor":9.0,"key":"Mummified Hand"},{"floor":10.0,"key":"Dream Catcher"},{"floor":14.0,"key":"Shovel"},{"floor":15.0,"key":"Du-Vu Doll"},{"floor":24.0,"key":"Omamori"},{"floor":26.0,"key":"Strawberry"},{"floor":40.0,"key":"Snake Skull"},{"floor":42,"key":"White Beast Statue"},{"floor":43,"key":"Kunai"}],"event_choices":[{"damage_healed":0.0,"max_hp_gain":0.0,"max_hp_loss":0.0,"gold_gain":0.0,"event_name":"betterThird:BetterScrap","player_choice":"Relic ","floor":2.0,"gold_loss":0.0,"damage_taken":18.0,"cards_obtained":["Collect"]},{"damage_healed":0.0,"max_hp_gain":0.0,"max_hp_loss":0.0,"gold_gain":0.0,"event_name":"Living Wall","player_choice":"Grow","floor":4.0,"gold_loss":0.0,"damage_taken":0.0,"cards_upgraded":["Neutralize"]},{"damage_healed":0.0,"max_hp_gain":0.0,"max_hp_loss":0.0,"gold_gain":0.0,"event_name":"Accursed Blacksmith","player_choice":"Rummage","floor":11.0,"gold_loss":0.0,"damage_taken":0.0,"relics_obtained":["WarpedTongs"],"cards_obtained":["Pain"]},{"cards_removed":["Pain"],"damage_healed":0.0,"max_hp_gain":0.0,"max_hp_loss":0.0,"gold_gain":0.0,"event_name":"Fountain of Cleansing","player_choice":"Removed Curses","floor":21.0,"gold_loss":0.0,"damage_taken":0.0},{"damage_healed":15.0,"max_hp_gain":0.0,"max_hp_loss":0.0,"gold_gain":0.0,"event_name":"The Library","player_choice":"Heal","floor":28.0,"gold_loss":0.0,"damage_taken":0.0},{"damage_healed":0.0,"max_hp_gain":0.0,"max_hp_loss":0.0,"gold_gain":0.0,"cards_transformed":["Strike_G","Defend_G"],"event_name":"Drug Dealer","player_choice":"Became Test Subject","floor":29.0,"gold_loss":0.0,"damage_taken":0.0,"cards_obtained":["Flechettes","Backstab"]},{"damage_healed":0.0,"max_hp_gain":0.0,"max_hp_loss":0.0,"gold_gain":0.0,"event_name":"Mysterious Sphere","player_choice":"Ignored","floor":36.0,"gold_loss":0.0,"damage_taken":0.0},{"cards_removed":["Unload"],"damage_healed":0.0,"max_hp_gain":0.0,"max_hp_loss":0.0,"gold_gain":0.0,"event_name":"WeMeetAgain","player_choice":"Gave Card","floor":37.0,"gold_loss":0.0,"damage_taken":0.0,"relics_obtained":["Meat on the Bone"]},{"cards_removed":["Flechettes"],"damage_healed":0.0,"max_hp_gain":0.0,"max_hp_loss":0.0,"gold_gain":0.0,"event_name":"Designer","player_choice":"Upgrade and Remove","floor":39.0,"gold_loss":110.0,"damage_taken":0.0,"cards_upgraded":["Cloak And Dagger"]}],"is_beta":false,"boss_relics":[{"not_picked":["Sozu","Pandora\u0027s Box"],"picked":"Astrolabe"},{"not_picked":["Calling Bell","Empty Cage"],"picked":"Fusion Hammer"}],"items_purged_floors":[22],"is_endless":false,"potions_floor_spawned":[7,14,18,19,38,45],"killed_by":"Giant Head","ascension_level":15}}