{"host":"4cz9gr89nglr7k8k","time":1611609565,"event":{"mods":["BaseMod","Minty Spire (QoL Compilation)","Relic Stats","Slay-I"],"gold_per_floor":[118,118,38,48,61,61,91,91,91,91,110,25,25,37,37,116,116,129,129,148,168,179,179,189,189,189,189,207,44,44,72,72,72,72],"floor_reached":33,"language":"DEU","playtime":901,"items_purged":["Strike_R"],"score":534,"play_id":"e2160424-c2ab-4fc0-a7fc-96922299f135","local_time":"20210125221925","is_ascension_mode":true,"campfire_choices":[{"data":"Whirlwind","floor":6,"key":"SMITH"},{"data":"Metallicize","floor":8,"key":"SMITH"},{"floor":15,"key":"REST"},{"floor":23,"key":"REST"},{"floor":25,"key":"REST"},{"data":"Inflame","floor":30,"key":"SMITH"},{"floor":32,"key":"REST"}],"circlet_count":0,"master_deck":["AscendersBane","Strike_R","Strike_R","Defend_R","Defend_R","Defend_R","Bash","Armaments","Twin Strike","Whirlwind+1","Anger","Clash","Metallicize+1","Offering","Power Through","Metallicize","Rampage","Immolate+1","Intimidate","Wild Strike","Anger+1","Reckless Charge","Headbutt","Seeing Red","Inflame+1","Iron Wave"],"relics":["Burning Blood","White Beast Statue","Nunchaku","Oddly Smooth Stone","Busted Crown","Ornamental Fan","HornCleat"],"acts_visited":["Exordium","TheCity"],"potions_floor_usage":[7,16,31,33,33],"damage_taken":[{"damage":19,"enemies":"Jaw Worm","floor":1,"turns":4},{"damage":0,"enemies":"2 Louse","floor":4,"turns":2},{"damage":6,"enemies":"Cultist","floor":5,"turns":4},{"damage":8,"enemies":"Gremlin Nob","floor":7,"turns":3},{"damage":10,"enemies":"Red Slaver","floor":11,"turns":2},{"damage":0,"enemies":"Lots of Slimes","floor":14,"turns":2},{"damage":50,"enemies":"Slime Boss","floor":16,"turns":11},{"damage":0,"enemies":"3 Byrds","floor":18,"turns":3},{"damage":17,"enemies":"Chosen","floor":20,"turns":5},{"damage":6,"enemies":"Snecko","floor":21,"turns":4},{"damage":36,"enemies":"Snake Plant","floor":22,"turns":3},{"damage":6,"enemies":"3 Cultists","floor":24,"turns":4},{"damage":23,"enemies":"Shelled Parasite and Fungi","floor":28,"turns":3},{"damage":23,"enemies":"Book of Stabbing","floor":31,"turns":3},{"damage":97,"enemies":"Champ","floor":33,"turns":11}],"seed_played":"62615564104173325","potions_obtained":[{"floor":1,"key":"Energy Potion"},{"floor":4,"key":"Strength Potion"},{"floor":5,"key":"Explosive Potion"},{"floor":7,"key":"SteroidPotion"},{"floor":11,"key":"Regen Potion"},{"floor":16,"key":"ColorlessPotion"},{"floor":20,"key":"PowerPotion"},{"floor":31,"key":"SteroidPotion"}],"is_trial":false,"path_per_floor":["M","?","$","M","M","R","E","R","T","?","M","$","$","M","R","B",null,"M","?","M","M","M","R","M","R","T","?","M","$","R","E","R","B"],"character_chosen":"IRONCLAD","items_purchased":["Whirlwind","Metallicize","Inflame"],"campfire_rested":4,"item_purchase_floors":[3,12,29],"current_hp_per_floor":[55,44,44,50,50,50,48,48,48,48,44,44,44,50,68,24,57,63,63,52,52,22,42,42,62,62,78,61,61,61,44,67,0,0],"gold":72,"neow_bonus":"TRANSFORM_TWO_CARDS","is_daily":false,"chose_seed":false,"campfire_upgraded":3,"win_rate":0.0,"timestamp":1611609565,"path_taken":["M","?","$","M","M","R","E","R","T","?","M","?","$","?","R","BOSS","M","?","?","M","?","R","M","R","T","?","?","$","R","E","R","BOSS"],"items_purchased_type":["Card","Card","Card"],"build_version":"2020-12-22","purchased_purges":1,"victory":false,"max_hp_per_floor":[68,68,68,68,68,68,68,68,68,68,68,68,68,68,68,68,68,68,68,68,68,68,68,68,68,68,78,78,78,78,78,78,78,78],"relic_stats":{"Nunchaku":[10],"Busted Crown":14,"counters":[15,64],"Ornamental Fan":[32],"obtain_stats":[{"Nunchaku":7,"Busted Crown":17,"HornCleat":31,"Ornamental Fan":26,"Oddly Smooth Stone":9,"Burning Blood":0,"White Beast Statue":2},{"Nunchaku":4,"Busted Crown":7,"HornCleat":14,"Ornamental Fan":12,"Oddly Smooth Stone":4,"Burning Blood":0,"White Beast Statue":1},{"Nunchaku":13,"Busted Crown":28,"HornCleat":53,"Ornamental Fan":47,"Oddly Smooth Stone":13,"Burning Blood":0,"White Beast Statue":4}],"Burning Blood":84},"card_choices":[{"not_picked":["Power Through","Evolve"],"picked":"Twin Strike","floor":1},{"not_picked":["Fire Breathing","Wild Strike"],"picked":"Anger","floor":4},{"not_picked":["Warcry","Shockwave"],"picked":"Clash","floor":5},{"not_picked":["Blood for Blood","Hemokinesis"],"picked":"Metallicize","floor":7},{"not_picked":["Pommel Strike","Shockwave"],"picked":"Power Through","floor":11},{"not_picked":["Clash","Sword Boomerang"],"picked":"Rampage","floor":14},{"not_picked":["Corruption","Exhume"],"picked":"Immolate","floor":16},{"not_picked":[],"picked":"Intimidate","floor":18},{"not_picked":[],"picked":"Wild Strike","floor":20},{"not_picked":[],"picked":"Anger+1","floor":21},{"not_picked":[],"picked":"Reckless Charge","floor":22},{"not_picked":[],"picked":"Headbutt","floor":24},{"not_picked":[],"picked":"Seeing Red","floor":28},{"not_picked":[],"picked":"Iron Wave","floor":31}],"player_experience":1522310,"relics_obtained":[{"floor":7,"key":"Nunchaku"},{"floor":9,"key":"Oddly Smooth Stone"},{"floor":26,"key":"Ornamental Fan"},{"floor":31,"key":"HornCleat"}],"event_choices":[{"damage_healed":0,"gold_gain":0,"player_choice":"Success","damage_taken":11,"relics_obtained":["White Beast Statue"],"max_hp_gain":0,"max_hp_loss":0,"event_name":"Scrap Ooze","floor":2,"gold_loss":0},{"damage_healed":0,"gold_gain":0,"cards_transformed":["Strike_R"],"player_choice":"Change","damage_taken":0,"max_hp_gain":0,"max_hp_loss":0,"event_name":"Living Wall","floor":10,"gold_loss":0,"cards_obtained":["Offering"]},{"damage_healed":0,"gold_gain":0,"player_choice":"Forge","damage_taken":0,"max_hp_gain":0,"max_hp_loss":0,"event_name":"Accursed Blacksmith","floor":19,"gold_loss":0,"cards_upgraded":["Immolate"]},{"cards_removed":["Brutality"],"damage_healed":6,"gold_gain":0,"player_choice":"Offered Rare","damage_taken":0,"max_hp_gain":10,"max_hp_loss":0,"event_name":"Bonfire Elementals","floor":27,"gold_loss":0}],"is_beta":false,"boss_relics":[{"not_picked":["Black Blood","Calling Bell"],"picked":"Busted Crown"}],"items_purged_floors":[29],"is_endless":false,"potions_floor_spawned":[1,4,5,7,11,14,16,18,20,21,22,24,28,31],"killed_by":"Champ","ascension_level":20}}