{"host":"00f1p9ihhzi7hxfk","time":1611573618,"event":{"mods":["AchievementEnabler","BaseMod","Colored Map","Colored Powertips","Minty Spire (QoL Compilation)","Rare Cards Sparkle","Relic Stats"],"gold_per_floor":[215,227,244,244,263,263,263],"floor_reached":6,"language":"DEU","playtime":426,"items_purged":[],"score":38,"play_id":"901dfacb-2d36-4f20-a762-33a06ecf3726","local_time":"20210125122018","is_ascension_mode":false,"campfire_choices":[],"circlet_count":0,"master_deck":["Strike_B","Strike_B","Strike_B","Strike_B","Defend_B","Defend_B","Defend_B","Defend_B","Zap","Dualcast","Capacitor","Genetic Algorithm","Storm","Stack"],"relics":["Cracked Core","Golden Idol"],"acts_visited":["Exordium"],"potions_floor_usage":[],"damage_taken":[{"damage":5,"enemies":"Jaw Worm","floor":1,"turns":4},{"damage":8,"enemies":"2 Louse","floor":2,"turns":3},{"damage":0,"enemies":"Small Slimes","floor":3,"turns":4},{"damage":18,"enemies":"2 Fungi Beasts","floor":5,"turns":5},{"damage":49,"enemies":"Lagavulin","floor":6,"turns":7}],"seed_played":"7571434429780096378","potions_obtained":[{"floor":3,"key":"Explosive Potion"},{"floor":5,"key":"SteroidPotion"}],"is_trial":false,"path_per_floor":["M","M","M","?","M","E"],"character_chosen":"DEFECT","items_purchased":[],"campfire_rested":0,"item_purchase_floors":[],"current_hp_per_floor":[70,62,62,62,44,0,0],"gold":263,"neow_bonus":"HUNDRED_GOLD","is_daily":false,"chose_seed":false,"campfire_upgraded":0,"win_rate":0.0,"timestamp":1611573618,"path_taken":["M","M","M","?","M","E"],"items_purchased_type":[],"build_version":"2020-12-22","purchased_purges":0,"victory":false,"max_hp_per_floor":[75,75,75,69,69,69,69],"relic_stats":{"counters":[5,23],"Golden Idol":4,"obtain_stats":[{"Golden Idol":4,"Cracked Core":0},{"Golden Idol":3,"Cracked Core":0},{"Golden Idol":11,"Cracked Core":0}]},"card_choices":[{"not_picked":["Redo","Sweeping Beam"],"picked":"Capacitor","floor":1},{"not_picked":["Steam","Conserve Battery"],"picked":"Genetic Algorithm","floor":2},{"not_picked":["Auto Shields","Redo"],"picked":"Storm","floor":3},{"not_picked":["Rebound","Compile Driver"],"picked":"Stack","floor":5}],"player_experience":81904,"relics_obtained":[],"event_choices":[{"damage_healed":0,"gold_gain":0,"player_choice":"Lose Max HP","damage_taken":0,"relics_obtained":["Golden Idol"],"max_hp_gain":0,"max_hp_loss":6,"event_name":"Golden Idol","floor":4,"gold_loss":0}],"is_beta":false,"boss_relics":[],"items_purged_floors":[],"is_endless":false,"potions_floor_spawned":[3,5],"killed_by":"Lagavulin","ascension_level":0}}