{"host":"Oniwa","time":1611563633,"event":{"mods":["BaseMod","Colored Map","Colored Powertips","Minty Spire (QoL Compilation)","Relic Stats","Slay the Relics Exporter","SpireBot","StSLib","ojb\u0027s Better Paths Mod","ojb\u0027s Info Mod"],"gold_per_floor":[129,157,188,200,212,252,278,306,367,399,429,6,6,22,22,99,99,110,110,123,135,135,135,151,151,151,171,185,185,199,224,224,224,224],"floor_reached":33,"language":"JPN","playtime":2186,"items_purged":["Strike_G"],"score":550,"play_id":"9d3057eb-b1e7-4864-b06b-572d665676ae","local_time":"20210125173353","is_ascension_mode":true,"campfire_choices":[{"data":"Calculated Gamble","floor":13,"key":"SMITH"},{"floor":15,"key":"REST"},{"floor":23,"key":"REST"},{"data":"Footwork","floor":25,"key":"SMITH"},{"floor":29,"key":"REST"},{"floor":32,"key":"REST"}],"circlet_count":0,"master_deck":["AscendersBane","Strike_G","Strike_G","Defend_G","Defend_G","Defend_G","Defend_G","Defend_G","Survivor","Neutralize","CurseOfTheBell","Backstab+1","Blade Dance","Slice+1","Neutralize+1","Glass Knife+1","Sucker Punch+1","Cloak And Dagger","All Out Attack+1","Calculated Gamble+1","Footwork+1","Masterful Stab+1","Adrenaline","Well Laid Plans","Necronomicurse","Tools of the Trade","Underhanded Strike+1","Prepared","Finisher+1","After Image"],"relics":["Calling Bell","MawBank","Molten Egg 2","Tingsha","Sundial","Bag of Marbles","OrangePellets","HoveringKite","Necronomicon","Letter Opener","Ornamental Fan"],"acts_visited":["Exordium","TheCity"],"potions_floor_usage":[6,16,16,16,20,28,30,31],"damage_taken":[{"damage":7,"enemies":"2 Louse","floor":1,"turns":6},{"damage":0,"enemies":"Small Slimes","floor":2,"turns":2},{"damage":1,"enemies":"Cultist","floor":3,"turns":3},{"damage":24,"enemies":"3 Sentries","floor":6,"turns":13},{"damage":1,"enemies":"Red Slaver","floor":7,"turns":2},{"damage":10,"enemies":"Gremlin Gang","floor":8,"turns":5},{"damage":5,"enemies":"2 Fungi Beasts","floor":10,"turns":3},{"damage":1,"enemies":"Lots of Slimes","floor":11,"turns":2},{"damage":0,"enemies":"Looter","floor":14,"turns":1},{"damage":18,"enemies":"Slime Boss","floor":16,"turns":7},{"damage":4,"enemies":"Spheric Guardian","floor":18,"turns":3},{"damage":0,"enemies":"2 Thieves","floor":20,"turns":1},{"damage":17,"enemies":"Snecko","floor":21,"turns":6},{"damage":0,"enemies":"3 Cultists","floor":24,"turns":3},{"damage":8,"enemies":"Snake Plant","floor":27,"turns":4},{"damage":7,"enemies":"Cultist and Chosen","floor":28,"turns":5},{"damage":13,"enemies":"Centurion and Healer","floor":30,"turns":4},{"damage":14,"enemies":"Slavers","floor":31,"turns":4},{"damage":59,"enemies":"Champ","floor":33,"turns":14}],"seed_played":"-6240111476005788391","potions_obtained":[{"floor":1,"key":"Swift Potion"},{"floor":3,"key":"Weak Potion"},{"floor":10,"key":"Block Potion"},{"floor":16,"key":"DistilledChaos"},{"floor":27,"key":"Weak Potion"},{"floor":30,"key":"LiquidMemories"}],"is_trial":false,"path_per_floor":["M","M","M","?","?","E","M","M","T","M","M","$","R","M","R","B",null,"M","?","M","M","?","R","M","R","T","M","M","R","M","E","R","B"],"character_chosen":"THE_SILENT","items_purchased":["OrangePellets","Footwork","EntropicBrew"],"campfire_rested":4,"item_purchase_floors":[12,12,12],"current_hp_per_floor":[52,52,51,44,44,20,19,9,9,4,3,3,3,3,22,4,51,47,47,47,30,9,28,28,28,28,20,13,32,31,17,36,0,0],"gold":224,"neow_bonus":"BOSS_RELIC","is_daily":false,"chose_seed":false,"campfire_upgraded":2,"win_rate":0.0,"timestamp":1611563633,"path_taken":["M","M","M","?","?","E","?","M","T","M","M","?","R","?","R","BOSS","M","?","?","M","?","R","M","R","T","M","M","R","M","E","R","BOSS"],"items_purchased_type":["Relic","Card","Potion"],"build_version":"2020-12-18","purchased_purges":1,"victory":false,"max_hp_per_floor":[66,66,66,66,66,66,66,66,66,66,66,66,66,66,66,66,66,66,66,66,66,66,66,66,66,66,66,66,66,66,66,66,66,66],"relic_stats":{"OrangePellets":[6],"counters":[19,88],"Sundial":[4],"Ornamental Fan":[32],"HoveringKite":[25],"Tingsha":[130],"Necronomicon":[6],"Letter Opener":[11],"MawBank":144,"obtain_stats":[{"Calling Bell":0,"OrangePellets":12,"Sundial":6,"Ornamental Fan":31,"HoveringKite":17,"Molten Egg 2":0,"Tingsha":0,"Bag of Marbles":9,"Necronomicon":22,"Letter Opener":26,"MawBank":0,"Ring of the Snake":0},{"Calling Bell":0,"OrangePellets":8,"Sundial":4,"Ornamental Fan":18,"HoveringKite":10,"Molten Egg 2":0,"Tingsha":0,"Bag of Marbles":6,"Necronomicon":13,"Letter Opener":14,"MawBank":0,"Ring of the Snake":0},{"Calling Bell":0,"OrangePellets":36,"Sundial":24,"Ornamental Fan":74,"HoveringKite":44,"Molten Egg 2":0,"Tingsha":0,"Bag of Marbles":31,"Necronomicon":54,"Letter Opener":57,"MawBank":0,"Ring of the Snake":0}]},"card_choices":[{"not_picked":["Sucker Punch+1","Cloak And Dagger"],"picked":"Backstab+1","floor":1},{"not_picked":["Cloak And Dagger","Backflip"],"picked":"Blade Dance","floor":2},{"not_picked":["Crippling Poison","Outmaneuver"],"picked":"Slice+1","floor":3},{"not_picked":["Acrobatics","Sucker Punch+1"],"picked":"Glass Knife+1","floor":6},{"not_picked":["Dagger Throw+1","PiercingWail"],"picked":"Sucker Punch+1","floor":7},{"not_picked":["Finisher+1","Blade Dance"],"picked":"Cloak And Dagger","floor":8},{"not_picked":["Slice+1","Doppelganger"],"picked":"All Out Attack+1","floor":10},{"not_picked":["Dagger Throw+1","Distraction"],"picked":"Calculated Gamble","floor":11},{"not_picked":["Dagger Throw+1","Deadly Poison"],"picked":"Masterful Stab+1","floor":14},{"not_picked":["A Thousand Cuts","Die Die Die+1"],"picked":"Adrenaline","floor":16},{"not_picked":["Deadly Poison","Cloak And Dagger","Crippling Poison"],"picked":"SKIP","floor":18},{"not_picked":["Deadly Poison","Cloak And Dagger","Crippling Poison"],"picked":"SKIP","floor":18},{"not_picked":["Quick Slash+1","Calculated Gamble"],"picked":"Well Laid Plans","floor":20},{"not_picked":["Outmaneuver","Cloak And Dagger","Poisoned Stab+1"],"picked":"SKIP","floor":21},{"not_picked":["Dagger Throw+1","Expertise"],"picked":"Tools of the Trade","floor":24},{"not_picked":["Distraction","Eviscerate+1"],"picked":"Underhanded Strike+1","floor":27},{"not_picked":["Deflect","Dodge and Roll"],"picked":"Prepared","floor":28},{"not_picked":["Slice+1","Flying Knee+1"],"picked":"Finisher+1","floor":30},{"not_picked":["A Thousand Cuts","PiercingWail"],"picked":"After Image","floor":31}],"player_experience":2581659,"relics_obtained":[{"floor":0,"key":"MawBank"},{"floor":0,"key":"Molten Egg 2"},{"floor":0,"key":"Tingsha"},{"floor":6,"key":"Sundial"},{"floor":9,"key":"Bag of Marbles"},{"floor":22,"key":"Necronomicon"},{"floor":26,"key":"Letter Opener"},{"floor":31,"key":"Ornamental Fan"}],"event_choices":[{"cards_removed":["Strike_G"],"damage_healed":0,"gold_gain":0,"player_choice":"Card Removal","damage_taken":7,"max_hp_gain":0,"max_hp_loss":0,"event_name":"Golden Wing","floor":4,"gold_loss":0},{"damage_healed":0,"gold_gain":0,"player_choice":"1 cards matched","damage_taken":0,"max_hp_gain":0,"max_hp_loss":0,"event_name":"Match and Keep!","floor":5,"gold_loss":0,"cards_obtained":["Neutralize"]},{"damage_healed":0,"gold_gain":0,"player_choice":"1 cards matched","damage_taken":0,"max_hp_gain":0,"max_hp_loss":0,"event_name":"Match and Keep!","floor":5,"gold_loss":0,"cards_obtained":["Neutralize"]},{"damage_healed":0,"gold_gain":0,"player_choice":"1 cards matched","damage_taken":0,"max_hp_gain":0,"max_hp_loss":0,"event_name":"Match and Keep!","floor":5,"gold_loss":0,"cards_obtained":["Neutralize"]},{"damage_healed":0,"gold_gain":0,"player_choice":"1 cards matched","damage_taken":0,"max_hp_gain":0,"max_hp_loss":0,"event_name":"Match and Keep!","floor":5,"gold_loss":0,"cards_obtained":["Neutralize"]},{"cards_removed":["Strike_G"],"damage_healed":0,"gold_gain":0,"player_choice":"Offered Basic","damage_taken":0,"max_hp_gain":0,"max_hp_loss":0,"event_name":"Bonfire Elementals","floor":19,"gold_loss":0},{"damage_healed":0,"gold_gain":0,"player_choice":"Obtained Book","damage_taken":21,"max_hp_gain":0,"max_hp_loss":0,"event_name":"Cursed Tome","floor":22,"gold_loss":0}],"is_beta":true,"boss_relics":[{"not_picked":["WristBlade","Coffee Dripper"],"picked":"HoveringKite"}],"items_purged_floors":[12],"is_endless":false,"potions_floor_spawned":[1,3,10,11,14,16,18,27,30],"killed_by":"Champ","ascension_level":20}}