{"host":"h5acbxt0wmjo1kpm","time":1611565820,"event":{"mods":["2.2 Compatiblity","Act Like it!","AlwaysNeverKeys","Aspiration","Bard","Bartender","BaseMod","Better Third Choice","Colored Map","Elementarium","Gensokyo","GifTheSpireLib","Hallownest","Marisa????????","Menagerie","Minty Spire (QoL Compilation)","Permanent Neow","Potionbrewer","Quick Restart","Relic Filter","Reliquary","Replay The Spire","Robot Space Explorer","RumiaBox-????????","Shade Mod","Spicy Shops","StSLib","Strawberry Spire","The Blackbeard","The Dragon Tamer","The Gatherer","The Hayseed","The Problem Sleuth","The Servant 0.9.4","Wandering Minibosses","Wide Potions"],"gold_per_floor":[109,109,109,319,342,342,368,380,380,380,394,394,45,45,45,118,118,133,82,191,191,191,217,43,61,142,171,14,48,48,66,66,113,113,126,126,126,126,72,105,115,144,144,162,162,162,189,865,865,865,865,865,26,66,66],"floor_reached":56,"language":"ENG","playtime":4106,"items_purged":["Masterful Stab"],"score":2226,"play_id":"8f4de45d-62da-4e3a-acdb-69bfeb979073","local_time":"20210125011020","is_ascension_mode":true,"campfire_choices":[{"data":"blackbeard:TacticalRetreat","floor":6.0,"key":"SMITH"},{"data":"True Grit","floor":10.0,"key":"SMITH"},{"data":"blackbeard:Cutlass","floor":12.0,"key":"SMITH"},{"data":"Pummel","floor":15.0,"key":"SMITH"},{"data":"blackbeard:BoostMorale","floor":32,"key":"SMITH"},{"floor":46,"key":"RECALL"},{"data":"Inflame","floor":49,"key":"SMITH"},{"data":"blackbeard:BeatUp","floor":52,"key":"SMITH"}],"circlet_count":0,"master_deck":["AscendersBane","blackbeard:IntimidatingStrike+1","blackbeard:Cutlass+1","blackbeard:TacticalRetreat+1","Hallownest:skillSlugHide+1","Hallownest:skillSlugHide","Hallownest:skillSlugHide","Hallownest:skillSlugHide","Pummel+1","True Grit+1","blackbeard:ChaoticDefense","blackbeard:ChaoticDefense","Unload","Riddle With Holes","blackbeard:BoostMorale+1","CurseOfTheBell","blackbeard:Spear+1","Cleave","blackbeard:Provisioning+1","Shrug It Off+1","Shockwave+1","blackbeard:WiseDefense+1","blackbeard:Toast+1","Inflame+1","blackbeard:WiseDefense+1","Riddle With Holes","Double Tap+1","strawberrySpire:ZonePlayer+1","strawberrySpire:Overwork+1","Double Tap+1","blackbeard:BeatUp+1","Inflame","strawberrySpire:Spite","blackbeard:InfiniteBarrage+1","blackbeard:Toast+1","ReplayTheSpireMod:The Works+1","Poison Darts+1","blackbeard:Provisioning+1","Midas Touch+1","ReplayTheSpireMod:Private Reserves+1","strawberrySpire:DraftPunk+1","Dual Wield+1"],"relics":["aspiration:IroncladSkillbook","Hallownest:DreamNailRelic","reliquary:SilkGlove","Du-Vu Doll","Nunchaku","reliquary:Buckler","blackbeard:HipFlask","Calling Bell","Oddly Smooth Stone","Toxic Egg 2","FossilizedHelix","MoreBug","Baka2","Pantograph","blackbeard:WhitePearl","Toy Ornithopter","Bag of Marbles","Honey Jar","Omamori","Akabeko","TungstenRod","CeramicFish","Strange Spoon","GodSword1","reliquary:Stiletto"],"acts_visited":["Hallownest:Greenpath","Hallownest:CityofTears","Gensokyo:Gensokyoest","TheEnding"],"potions_floor_usage":[33,40,42,42,44,44,48,50,50,50,50,50,55,55,55,55],"damage_taken":[{"damage":11.0,"enemies":"2_ Uuma","floor":1.0,"turns":7.0},{"damage":4.0,"enemies":"Hallownest:2_Baldur","floor":4.0,"turns":4.0},{"damage":9.0,"enemies":"Hallownest:eliteMossKnight","floor":7.0,"turns":9.0},{"damage":2.0,"enemies":"Hallownest:2_MossCreeps","floor":8.0,"turns":5.0},{"damage":12.0,"enemies":"Hallownest:monsterFoolEater","floor":11.0,"turns":4.0},{"damage":15.0,"enemies":"Hallownest:BossBrokenVessel","floor":16.0,"turns":9.0},{"damage":0.0,"enemies":"Hallownest:Guard_and_Sentry","floor":18.0,"turns":4.0},{"damage":44.0,"enemies":"Hallownest:2_Mistakes","floor":20.0,"turns":10.0},{"damage":76.0,"enemies":"Hallownest:eliteSoulWarrior","floor":23.0,"turns":9.0},{"damage":6.0,"enemies":"Hallownest:Warrior_and_Youth","floor":25.0,"turns":4.0},{"damage":0.0,"enemies":"Hallownest:Nosk","floor":27.0,"turns":6.0},{"damage":3,"enemies":"Hallownest:eliteWatcherKnight","floor":29,"turns":11},{"damage":0,"enemies":"Hallownest:2_Flukemon","floor":31,"turns":2},{"damage":0,"enemies":"Hallownest:BossGrimm","floor":33,"turns":4},{"damage":0,"enemies":"Gensokyo:3_Bats","floor":35,"turns":2},{"damage":7,"enemies":"Gensokyo:Doremy","floor":40,"turns":6},{"damage":0,"enemies":"Gensokyo:3_Boulders","floor":41,"turns":4},{"damage":12,"enemies":"Gensokyo:Kasen","floor":42,"turns":5},{"damage":0,"enemies":"Gensokyo:Marisa","floor":44,"turns":3},{"damage":0,"enemies":"Gensokyo:SeedOfUnknown","floor":48,"turns":5},{"damage":77,"enemies":"Gensokyo:Scarlet_Devils","floor":50,"turns":8},{"damage":36,"enemies":"Shield and Spear","floor":54,"turns":3},{"damage":51,"enemies":"The Heart","floor":55,"turns":6}],"seed_played":"2190622881793577233","potions_obtained":[{"floor":4.0,"key":"PowerPotion"},{"floor":16.0,"key":"SkillPotion"},{"floor":20.0,"key":"Fruit Juice"},{"floor":23.0,"key":"Dexterity Potion"},{"floor":25.0,"key":"Swift Potion"},{"floor":27.0,"key":"Fire Potion"},{"floor":35,"key":"BlessingOfTheForge"},{"floor":44,"key":"EssenceOfSteel"},{"floor":48,"key":"potionbrewer:NoxiousPotion"},{"floor":54,"key":"DuplicationPotion"}],"is_trial":false,"path_per_floor":["M","?","?","M","T","R","E","M","T","R","M","R","$","?","R","B",null,"M","$","M","?","?","E","$","M","T","E","$","E","?","M","R","B",null,"M","?","?","$","COS","E","M","E","T","E","$","R","?","M","R","B",null,"R","$","E","B",null],"character_chosen":"BLACKBEARD_CLASS","items_purchased":["blackbeard:ChaoticDefense","reliquary:Buckler","blackbeard:HipFlask","Cleave","blackbeard:WiseDefense+1","blackbeard:Toast+1","Inflame","Toy Ornithopter","potionbrewer:BoundlessPotion","Strange Spoon","GodSword1","Midas Touch+1","ReplayTheSpireMod:Private Reserves+1","strawberrySpire:DraftPunk+1"],"campfire_rested":0,"item_purchase_floors":[13,13,13,19,24,24,24,28,53,53,53,53,53,53],"current_hp_per_floor":[57,57,57,57,57,57,52,54,54,54,46,46,46,46,46,35,62,66,66,36,36,36,42,42,40,40,44,44,44,44,50,50,79,79,79,79,79,79,79,79,79,79,79,79,79,79,79,79,79,31,67,67,67,67,44],"gold":66,"neow_bonus":"BOSS_RELIC","is_daily":false,"chose_seed":false,"campfire_upgraded":7,"win_rate":0.0,"timestamp":1611565820,"path_taken":["M","?","?","?","?","R","E","?","T","R","M","R","$","?","R","BOSS","M","?","?","?","?","E","?","?","T","E","$","E","?","M","R","BOSS","M","?","?","?","COS","E","M","E","T","E","$","R","?","?","R","BOSS","R","$","E","BOSS"],"items_purchased_type":["Card","Relic","Relic","Card","Card","Card","Card","Relic","Potion","Relic","Relic","Card","Card","Card"],"build_version":"2020-12-22","purchased_purges":1,"victory":true,"max_hp_per_floor":[71,71,71,71,71,71,71,71,71,71,71,71,71,71,71,71,71,71,71,71,71,71,79,79,79,79,79,79,79,79,79,79,79,79,79,79,79,79,79,79,79,79,79,79,79,79,79,79,79,79,79,79,79,79,79],"card_choices":[{"not_picked":["blackbeard:Bandana","True Grit","strawberrySpire:Incursion"],"picked":"blackbeard:TacticalRetreat","floor":1.0},{"not_picked":["Heavy Blade","blackbeard:Spear","Clash"],"picked":"Pummel","floor":4.0},{"not_picked":["blackbeard:TacticalRetreat","blackbeard:RearmingStrike","blackbeard:DelayedPain"],"picked":"Sword Boomerang","floor":7.0},{"not_picked":["blackbeard:SwordDance","Flex","blackbeard:DeadlyArsenal"],"picked":"True Grit","floor":8.0},{"not_picked":["Sever Soul","Replay:Undeath\u0027s Touch","Body Slam","blackbeard:BlindAttacks"],"picked":"SKIP","floor":11.0},{"not_picked":["blackbeard:GoldenRain","blackbeard:PirateStrength","Feed"],"picked":"blackbeard:BoostMorale","floor":16.0},{"not_picked":["blackbeard:Recklessness+1","Reckless Charge","ReplayTheSpireMod:Strike From Hell"],"picked":"blackbeard:Spear+1","floor":18.0},{"not_picked":["strawberrySpire:Incursion","Iron Wave","blackbeard:Sword+1"],"picked":"blackbeard:Provisioning+1","floor":20.0},{"not_picked":["blackbeard:BuriedTreasure+1","blackbeard:GhostInTheRum+1","Iron Wave"],"picked":"Shrug It Off+1","floor":21.0},{"not_picked":["Seeing Red+1","blackbeard:Spear+1","Heavy Blade"],"picked":"Shockwave+1","floor":21.0},{"not_picked":["blackbeard:AgileStrike+1","Replay:Undeath\u0027s Touch+1","Clash"],"picked":"blackbeard:FieryDefense+1","floor":23.0},{"not_picked":["Spot Weakness+1","blackbeard:Spear+1","Feel No Pain"],"picked":"blackbeard:WiseDefense+1","floor":25.0},{"not_picked":["ReplayTheSpireMod:Strike From Hell","Shockwave+1","blackbeard:Anchor+1"],"picked":"Double Tap+1","floor":27.0},{"not_picked":["True Grit+1","blackbeard:BuriedTreasure+1","Cleave"],"picked":"strawberrySpire:ZonePlayer+1","floor":29},{"not_picked":["Havoc+1","Spot Weakness+1","blackbeard:Fencing+1"],"picked":"strawberrySpire:Overwork+1","floor":31},{"not_picked":["Berserk","Hemogenesis","Bludgeon"],"picked":"Double Tap+1","floor":33},{"not_picked":["Flex+1","blackbeard:Toast+1","blackbeard:DeadlyArsenal+1","Warcry+1"],"picked":"blackbeard:BeatUp","floor":35},{"not_picked":["Perfected Strike","blackbeard:Toast+1","blackbeard:Fencing+1","blackbeard:Scrap+1"],"picked":"Inflame","floor":40},{"not_picked":["Run Through","strawberrySpire:Endurance+1","Havoc+1","blackbeard:Spear+1"],"picked":"strawberrySpire:Spite","floor":41},{"not_picked":["blackbeard:Anchor+1","blackbeard:TheDrunkenSailor","blackbeard:Salvager","Rage+1"],"picked":"blackbeard:InfiniteBarrage+1","floor":42},{"not_picked":["blackbeard:DangerousBlow+1","Heavy Blade","Anger","strawberrySpire:DebrisPile+1"],"picked":"blackbeard:Toast+1","floor":44},{"not_picked":["True Grit+1","Pommel Strike","blackbeard:Sword+1","blackbeard:Revenge"],"picked":"blackbeard:Provisioning+1","floor":48},{"not_picked":["Double Tap+1","strawberrySpire:DebrisPile+1","strawberrySpire:FireDrill","Second Wind+1"],"picked":"Dual Wield+1","floor":54}],"player_experience":2230794,"relics_obtained":[{"floor":1.0,"key":"Baka"},{"floor":5.0,"key":"reliquary:SilkGlove"},{"floor":7.0,"key":"Du-Vu Doll"},{"floor":9.0,"key":"Nunchaku"},{"floor":17.0,"key":"Oddly Smooth Stone"},{"floor":17.0,"key":"Toxic Egg 2"},{"floor":17.0,"key":"FossilizedHelix"},{"floor":23.0,"key":"MoreBug"},{"floor":25.0,"key":"Baka2"},{"floor":26.0,"key":"Pantograph"},{"floor":27.0,"key":"blackbeard:WhitePearl"},{"floor":29,"key":"Bag of Marbles"},{"floor":40,"key":"Omamori"},{"floor":42,"key":"TungstenRod"},{"floor":44,"key":"CeramicFish"},{"floor":54,"key":"reliquary:Stiletto"}],"event_choices":[],"is_beta":false,"boss_relics":[{"not_picked":["potionbrewer:BhaskarasWheel","Sozu"],"picked":"Calling Bell"},{"not_picked":["SlaversCollar","aspiration:PoetsPen"],"picked":"Honey Jar"}],"items_purged_floors":[53],"is_endless":false,"potions_floor_spawned":[4,7,16,20,23,25,27,31,35,44,48,54],"ascension_level":15}}