{"host":"1qxljlv0g0hslid3","time":1611579853,"event":{"mods":["2.2 Compatiblity","AchievementEnabler","Act Like it!","Astrologer","BaseMod","Beaked The Cultist","BetterRewards","Clawfect","Conspire","Custom Start","Dio Mod","Elementarium","Energized Spire","Gensokyo","GungeonMod","Hallownest","Hermit","Hero for Fun","Hubris","Infinite Spire","Jorbs\u0027s Wanderer Trilogy","LagranYue(???·?)","Lobotomy","LobotomyExtend","Magitek Elite","Marisa????????","Minty Spire (QoL Compilation)","Prisma Mod","Random Character Button","Remilia??????","Replay The Spire","Shade Mod","Shop Mod","StSLib","The Administrix","The Alterego","The Animator","The Bladedancer","The Bug Knight","The Cursed","The Death Knight","The Elementalist","The Hierophant","The Jungle","The Mystic","The Necromancer","The Runesmith","The Saiyan","The Senshi","The Servant 0.9.4","TheSwordswoman","Wandering Minibosses","everything is the same but u backflip on backflip","slay the spire mod where everything is the same but ironclad has a cowboy hat"],"gold_per_floor":[110,127,127,140,0,0,15,15,15,28,28,38,73,73,73,174,174,191,191,441,451,466,466,498,321,344,356,368,380,380],"floor_reached":29,"language":"ENG","playtime":2362,"items_purged":[],"score":318,"play_id":"5a405733-dae5-4231-84bd-7808132336f3","local_time":"20210125070413","is_ascension_mode":false,"campfire_choices":[{"data":"Shade:AnimateDead","floor":6,"key":"SMITH"},{"data":"Shade:SkeletonArmy","floor":23,"key":"SMITH"},{"floor":27,"key":"RECALL"}],"circlet_count":0,"master_deck":["Shade:Strike_Shade","Shade:Strike_Shade","Shade:Strike_Shade","Shade:Strike_Shade","Shade:Defend_Shade","Shade:Defend_Shade","Shade:Defend_Shade","Shade:Defend_Shade","Shade:AnimateDead+1","Shade:CarefulCut","Shade:SpectralStrikes+1","Shade:OpenGraves+1","Shade:Premonition","Shade:CoffinDance+1","Shade:CoffinDance","Shade:UnbarTheGrave+1","Shade:Coordination","Shade:SkeletonArmy+1","Shade:GraveStillness","Shade:DangerousRitual","Shade:GraveStillness+1","Shade:SkeletonArmy+1","Gensokyo:TarnishedGold"],"relics":["Shade:YorickSkull","LagranYue:RandomDrawCardRelic","Omamori","LetterFromLob","Counterbalance","Blue Doll","MagicBullet_r","Moonlight_r","Gaze_r","energizedSpire:DeadBattery","Toolbox","Replay:Rubber Ducky","DollysMirror","MawBank"],"acts_visited":["Gensokyo:Gensokyo","Gensokyo:Gensokyoer"],"potions_floor_usage":[22],"damage_taken":[{"damage":2,"enemies":"Gensokyo:2_Kodama","floor":1,"turns":3},{"damage":6,"enemies":"Gensokyo:Gryphon","floor":2,"turns":6},{"damage":0,"enemies":"Gensokyo:Python","floor":4,"turns":4},{"damage":0,"enemies":"Gensokyo:LivingMonolith","floor":7,"turns":3},{"damage":0,"enemies":"Gensokyo:5_Fairies","floor":10,"turns":6},{"damage":3,"enemies":"Gensokyo:VengefulSpirit","floor":12,"turns":5},{"damage":0,"enemies":"Gensokyo:Aya","floor":13,"turns":5},{"damage":22,"enemies":"Gensokyo:3_Kodama","floor":14,"turns":5},{"damage":0,"enemies":"Gensokyo:Yukari","floor":16,"turns":10},{"damage":4,"enemies":"Gensokyo:AngelMirror","floor":18,"turns":3},{"damage":0,"enemies":"Gensokyo:Chomper","floor":21,"turns":4},{"damage":35,"enemies":"Gensokyo:3_Gloops","floor":22,"turns":5},{"damage":6,"enemies":"Gensokyo:Koishi","floor":24,"turns":6},{"damage":31,"enemies":"Gensokyo:Tenshi","floor":29,"turns":2}],"seed_played":"-5902170352757254351","potions_obtained":[{"floor":1,"key":"FearPotion"},{"floor":2,"key":"Energy Potion"},{"floor":10,"key":"Venom Potion"}],"is_trial":false,"path_per_floor":["M","M","?","M","?","R","M","COS","T","M","$","M","E","M","R","B",null,"M","AVR","?","M","M","R","E","COS","T","R","$","E"],"character_chosen":"SHADE","items_purchased":[],"campfire_rested":0,"item_purchase_floors":[],"current_hp_per_floor":[63,57,57,57,57,57,57,57,57,57,57,54,54,18,37,37,65,61,61,61,61,26,26,20,20,20,20,20,0,0],"gold":380,"neow_bonus":"RANDOM_COMMON_RELIC","is_daily":false,"chose_seed":false,"campfire_upgraded":2,"win_rate":0.0,"timestamp":1611579853,"path_taken":["M","M","?","M","?","R","M","COS","T","M","$","M","E","M","R","BOSS","M","AVR","?","M","M","R","E","COS","T","R","?","E"],"items_purchased_type":[],"build_version":"2020-12-22","purchased_purges":0,"victory":false,"max_hp_per_floor":[65,65,65,65,65,65,65,65,65,65,65,65,65,65,65,65,65,65,65,65,65,65,65,65,65,65,65,65,65,65],"card_choices":[{"not_picked":["Shade:RavenousHorde","Shade:Bite_Shade"],"picked":"Shade:SpectralStrikes","floor":1},{"not_picked":["Shade:Carnophage","Shade:ExtraLimbs"],"picked":"Shade:OpenGraves","floor":2},{"not_picked":["Shade:Brains","Shade:FingerOfDeath"],"picked":"Shade:Premonition","floor":4},{"not_picked":["Shade:Haruspicy","Shade:Doomsay"],"picked":"Shade:CoffinDance","floor":7},{"not_picked":["Shade:OneIsEnough","Shade:FuneraryArmor"],"picked":"Shade:CoffinDance","floor":10},{"not_picked":["Shade:FingerOfDeath","Shade:AncientSpear","Shade:Awaken"],"picked":"SKIP","floor":12},{"not_picked":["Shade:ClawBack","Shade:BoneShards"],"picked":"Shade:UnbarTheGrave","floor":13},{"not_picked":["Shade:OneIsEnough","Shade:Consume"],"picked":"Shade:Coordination","floor":16},{"not_picked":["Shade:CoffinDance","Shade:Carnophage"],"picked":"Shade:SkeletonArmy","floor":18},{"not_picked":["Shade:AncientSpear+1","Shade:PoundOfFlesh"],"picked":"Shade:GraveStillness","floor":21},{"not_picked":["Shade:CoffinDance+1","Shade:FleshToFlesh"],"picked":"Shade:DangerousRitual","floor":22},{"not_picked":["Shade:OminousRitual","Shade:SpectralStrikes"],"picked":"Shade:GraveStillness+1","floor":24}],"player_experience":614429,"relics_obtained":[{"floor":1,"key":"LetterFromLob"},{"floor":9,"key":"Blue Doll"},{"floor":13,"key":"Bag of Marbles"},{"floor":24,"key":"Replay:Rubber Ducky"},{"floor":26,"key":"MawBank"}],"event_choices":[],"is_beta":false,"boss_relics":[{"not_picked":["energizedSpire:EnergizedDie","Pandora\u0027s Box"],"picked":"energizedSpire:DeadBattery"}],"items_purged_floors":[],"is_endless":false,"potions_floor_spawned":[1,2,10,12,14,18,24],"killed_by":"Gensokyo:Tenshi","ascension_level":0}}