{"host":"1mdoazogr9tl4b3g","time":1611541551,"event":{"mods":["Act Like it!","Aspiration","Bard","BaseMod","Beaked The Cultist","BetterRewards","Block Reminder","Conspire","Glutton Mod","Hermit","Hubris","Infinite Spire","Marisa????????","Mimic Mod","Minty Spire (QoL Compilation)","Rare Cards Sparkle","Relic Sorter","Replay The Spire","Shop Mod","StSLib","The Animator","The Blackbeard","The Bladedancer","The Bug Knight","The Construct","The Cursed","The Disciple","The Hierophant","The Mystic","The Necromancer","The Runesmith","The Servant 0.9.4","The Spell Scribe","Uncapped","Wandering Minibosses"],"gold_per_floor":[112,129,129,173,173,199,199,107,145,173,185,199,199,199],"floor_reached":13,"language":"ENG","playtime":1132,"items_purged":[],"score":118,"play_id":"7aeb7d0e-deee-4e56-bfd8-f2723fd75069","local_time":"20210124202551","is_ascension_mode":false,"campfire_choices":[{"data":"hermit:GoldenBullet","floor":7,"key":"SMITH"}],"circlet_count":0,"master_deck":["hermit:Strike_Hermit","hermit:Strike_Hermit","hermit:Strike_Hermit","hermit:Defend_Hermit","hermit:Defend_Hermit","hermit:Defend_Hermit","hermit:Defend_Hermit","hermit:Snapshot","hermit:Covet","hermit:GhostlyPresence","hermit:GoldenBullet+1","Finesse","hermit:Dive","hermit:PistolWhip"],"relics":["hermit:Momento","Gremlin Food","hubris:SlimyHat","aspiration:ChemicalBlood","hermit:RyeStalk","construct:FoamFinger"],"acts_visited":["Exordium"],"potions_floor_usage":[6,10],"damage_taken":[{"damage":1,"enemies":"Cultist","floor":1,"turns":3},{"damage":2,"enemies":"Jaw Worm","floor":2,"turns":4},{"damage":38,"enemies":"conspire:MimicChest","floor":4,"turns":8},{"damage":0,"enemies":"HollowMod:MossKnight","floor":6,"turns":12},{"damage":0,"enemies":"conspire:RoseBush","floor":9,"turns":8},{"damage":7,"enemies":"Replay:BlueRogue","floor":10,"turns":7},{"damage":2,"enemies":"conspire:RoseBush","floor":11,"turns":3},{"damage":0,"enemies":"Looter","floor":12,"turns":7},{"damage":28,"enemies":"Gremlin Nob","floor":13,"turns":3}],"seed_played":"-5066653810203789882","potions_obtained":[{"floor":1,"key":"LifebloodPotion"},{"floor":6,"key":"Toxic Potion"},{"floor":10,"key":"Fire Potion"},{"floor":11,"key":"Elixir"},{"floor":12,"key":"Explosive Potion"}],"is_trial":false,"path_per_floor":["M","M","?","?","?","E","R","$","MIM","E","M","M","E"],"character_chosen":"HERMIT","items_purchased":["Finesse"],"campfire_rested":0,"item_purchase_floors":[8],"current_hp_per_floor":[74,72,72,34,34,34,34,34,34,27,25,25,0,0],"gold":199,"neow_bonus":"","is_daily":false,"chose_seed":false,"campfire_upgraded":1,"win_rate":0.0,"timestamp":1611541551,"path_taken":["M","?","?","?","?","E","R","?","MIM","E","M","M","E"],"items_purchased_type":["Card"],"build_version":"2020-12-22","purchased_purges":0,"victory":false,"max_hp_per_floor":[75,75,75,75,75,75,75,75,75,75,75,75,75,75],"card_choices":[{"not_picked":["hermit:Deadeye","hermit:HighCaliber"],"picked":"hermit:GhostlyPresence","floor":1},{"not_picked":["hermit:Manifest","hermit:NoHoldsBarred","hermit:CalledShot"],"picked":"SKIP","floor":2},{"not_picked":["hermit:Roughhouse","hermit:Headshot"],"picked":"hermit:GoldenBullet","floor":6},{"not_picked":["hermit:FullyLoaded","hermit:Midnight"],"picked":"hermit:Dive","floor":9},{"not_picked":["hermit:Purgatory","hermit:LoneWolf"],"picked":"hermit:PistolWhip","floor":10},{"not_picked":["hermit:Misfire","hermit:Ricochet","hermit:Desperado"],"picked":"SKIP","floor":11},{"not_picked":["hermit:Quickdraw","hermit:Glare","hermit:FlashPowder"],"picked":"SKIP","floor":12}],"player_experience":387787,"relics_obtained":[{"floor":4,"key":"hubris:SlimyHat"},{"floor":6,"key":"aspiration:ChemicalBlood"},{"floor":9,"key":"hermit:RyeStalk"},{"floor":10,"key":"construct:FoamFinger"}],"event_choices":[{"damage_healed":0,"gold_gain":0,"player_choice":"Leave","damage_taken":0,"max_hp_gain":0,"max_hp_loss":0,"event_name":"conspire:Investor","floor":5,"gold_loss":0}],"is_beta":false,"boss_relics":[],"items_purged_floors":[],"is_endless":false,"potions_floor_spawned":[1,6,10,11,12],"killed_by":"Gremlin Nob","ascension_level":0}}