{"host":"rpg32ugylimeqbxt","time":1611542286,"event":{"mods":["AchievementEnabler","BaseMod","BetterRewards","Colored Powertips","Highlight Path","Minty Spire (QoL Compilation)","Replay The Spire","Shop Mod","StSLib"],"gold_per_floor":[116,150,163,163,163,189,207,207,207,207,207,223,37,53,73,84,84,189,189,189,189],"floor_reached":20,"language":"ENG","playtime":880,"items_purged":[],"score":199,"play_id":"f414c3d3-99bd-451f-88c9-21c7246f3fa4","local_time":"20210124183806","is_ascension_mode":false,"campfire_choices":[{"data":"Deadly Poison","floor":10,"key":"SMITH"},{"data":"Corpse Explosion","floor":17,"key":"SMITH"}],"circlet_count":0,"master_deck":["Strike_G","Strike_G","Strike_G","Strike_G","Strike_G","Defend_G","Defend_G","Defend_G","Defend_G","Defend_G","Survivor","Neutralize","Backflip","Deadly Poison+1","Poisoned Stab","Footwork","Corpse Explosion+1","Prepared","Draining Mist","Cloak And Dagger","Poison Darts"],"relics":["NeowsBlessing","Sizzling Blood","Iron Hammer","Centennial Puzzle","Replay:Grab Bag","Philosopher\u0027s Stone","Sozu","WristBlade"],"acts_visited":["Exordium","TheCity"],"potions_floor_usage":[14,18],"damage_taken":[{"damage":0,"enemies":"Cultist","floor":1,"turns":1},{"damage":0,"enemies":"2 Louse","floor":3,"turns":1},{"damage":0,"enemies":"3 Sentries","floor":6,"turns":2},{"damage":0,"enemies":"Small Slimes","floor":7,"turns":3},{"damage":4,"enemies":"Looter","floor":12,"turns":3},{"damage":0,"enemies":"Exordium Wildlife","floor":14,"turns":1},{"damage":1,"enemies":"Blue Slaver","floor":15,"turns":4},{"damage":4,"enemies":"2 Fungi Beasts","floor":16,"turns":2},{"damage":33,"enemies":"Hexaghost","floor":18,"turns":10},{"damage":0,"enemies":"2 Thieves","floor":20,"turns":1}],"seed_played":"-4243225963060820899","potions_obtained":[{"floor":2,"key":"SteroidPotion"},{"floor":2,"key":"Regen Potion"},{"floor":2,"key":"GhostInAJar"},{"floor":3,"key":"AttackPotion"},{"floor":15,"key":"Fire Potion"}],"is_trial":false,"path_per_floor":["M","?","M","?","?","E","M","PTL","PTL","R","T","M","$","M","M","M","R","B",null,"M"],"character_chosen":"THE_SILENT","items_purchased":["Footwork","Corpse Explosion"],"campfire_rested":0,"item_purchase_floors":[13,13],"current_hp_per_floor":[70,70,70,75,79,79,79,79,79,79,79,79,79,79,79,79,79,50,79,79,79],"gold":189,"neow_bonus":"THREE_ENEMY_KILL","is_daily":false,"chose_seed":false,"campfire_upgraded":2,"win_rate":0.0,"timestamp":1611542286,"path_taken":["M","?","M","?","?","E","?","PTL","PTL","R","T","M","$","M","M","M","R","BOSS","M"],"items_purchased_type":["Card","Card"],"build_version":"2020-12-22","purchased_purges":0,"victory":false,"max_hp_per_floor":[70,70,70,75,79,79,79,79,79,79,79,79,79,79,79,79,79,79,79,79,79],"card_choices":[{"not_picked":["Outmaneuver","Quick Slash"],"picked":"Backflip","floor":1},{"not_picked":["Cloak And Dagger","Acrobatics"],"picked":"Deadly Poison","floor":2},{"not_picked":["Setup","Deflect","Quick Slash"],"picked":"SKIP","floor":3},{"not_picked":["Backflip","Sucker Punch"],"picked":"Poisoned Stab","floor":6},{"not_picked":["Accuracy","Well Laid Plans","Outmaneuver"],"picked":"SKIP","floor":7},{"not_picked":["Heel Hook","Concentrate","Blade Dance"],"picked":"SKIP","floor":12},{"not_picked":["Corpse Explosion","ReplayTheSpireMod:Scrap Shanks"],"picked":"Prepared","floor":14},{"not_picked":["Skewer","Infinite Blades"],"picked":"Draining Mist","floor":15},{"not_picked":["Sucker Punch","Dagger Spray"],"picked":"Cloak And Dagger","floor":16},{"not_picked":["Phantasmal Killer","Atom Bomb"],"picked":"Poison Darts","floor":18}],"player_experience":452530,"relics_obtained":[{"floor":6,"key":"Iron Hammer"},{"floor":11,"key":"Centennial Puzzle"}],"event_choices":[{"damage_healed":0,"gold_gain":0,"player_choice":"Donut","damage_taken":0,"max_hp_gain":5,"max_hp_loss":0,"event_name":"Big Fish","floor":4,"gold_loss":0}],"is_beta":false,"boss_relics":[{"not_picked":["Snecko Eye","Fusion Hammer"],"picked":"Replay:Grab Bag"},{"not_picked":["Cursed Key","Replay:Wanted Poster"],"picked":"Philosopher\u0027s Stone"},{"not_picked":["Busted Crown","Painkiller Herb"],"picked":"Sozu"},{"not_picked":["Snecko Scales","HoveringKite"],"picked":"WristBlade"}],"items_purged_floors":[],"is_endless":false,"potions_floor_spawned":[3,7,15],"killed_by":"2 Thieves","ascension_level":0}}