{"host":"r4aerl4ckfvw1dw3","time":1611596418,"event":{"mods":["BaseMod","BetterRewards","Minty Spire (QoL Compilation)","Quick Restart","StSLib"],"gold_per_floor":[112,132,132,13,28,63,363,363,363,11,36,36,36,56,56,158,158,171,171,195,212,212,212,239,239,239,239,255,170,196,206,206,303,303,323,323,340,152,168,168,196,66,90,124,138,138,0,51,51,51,51,51,1,35,35,35],"floor_reached":55,"language":"ENG","playtime":4587,"items_purged":["Regret"],"score":809,"play_id":"77552c0a-84f7-4c5b-b6df-59e25f30db6d","local_time":"20210125094018","is_ascension_mode":true,"campfire_choices":[{"floor":8,"key":"RECALL"},{"floor":13,"key":"REST"},{"data":"Inflame","floor":15,"key":"SMITH"},{"data":"Flame Barrier","floor":23,"key":"SMITH"},{"floor":25,"key":"REST"},{"data":"Rage","floor":27,"key":"SMITH"},{"data":"Shrug It Off","floor":32,"key":"SMITH"},{"data":"Seeing Red","floor":40,"key":"SMITH"},{"data":"Metallicize","floor":46,"key":"SMITH"},{"floor":49,"key":"REST"},{"data":"Iron Wave","floor":52,"key":"SMITH"}],"circlet_count":0,"master_deck":["Strike_R","Strike_R+1","Strike_R","Strike_R","Strike_R","Defend_R+1","Defend_R","Defend_R","Defend_R","Bash","Rampage","Iron Wave+1","Inflame+1","Flex","Rage+1","Thunderclap","Flame Barrier+1","Heavy Blade+1","Iron Wave+1","Iron Wave+1","Reaper+1","Cleave+1","Spot Weakness","Necronomicurse","Heavy Blade+1","Anger+1","Shrug It Off+1","Reaper+1","Cleave+1","Clothesline+1","Seeing Red+1","Blood for Blood+1","Shrug It Off+1","Body Slam+1","Metallicize+1","Seeing Red+1","Combust+1","Ghostly Armor"],"relics":["Burning Blood","NeowsBlessing","Blue Candle","Old Coin","Molten Egg 2","Red Skull","Pantograph","Black Star","MutagenicStrength","Necronomicon","Toy Ornithopter","Tiny Chest","Kunai","Strawberry","Omamori","Cursed Key","Nunchaku","Mummified Hand","Happy Flower","Juzu Bracelet","Ancient Tea Set","Dream Catcher","Red Mask","FossilizedHelix","Self Forming Clay","Bottled Tornado"],"acts_visited":["Exordium","TheCity","TheBeyond","TheEnding"],"potions_floor_usage":[6,11,16,24,24,33,33,50,54,55,55,55],"damage_taken":[{"damage":0,"enemies":"Jaw Worm","floor":1,"turns":1},{"damage":0,"enemies":"2 Louse","floor":2,"turns":1},{"damage":0,"enemies":"Cultist","floor":5,"turns":1},{"damage":14,"enemies":"Lagavulin","floor":6,"turns":5},{"damage":21,"enemies":"Gremlin Nob","floor":11,"turns":4},{"damage":0,"enemies":"2 Fungi Beasts","floor":14,"turns":4},{"damage":46,"enemies":"Hexaghost","floor":16,"turns":8},{"damage":4,"enemies":"Chosen","floor":18,"turns":4},{"damage":23,"enemies":"Shell Parasite","floor":21,"turns":7},{"damage":32,"enemies":"Gremlin Leader","floor":24,"turns":4},{"damage":3,"enemies":"Chosen and Byrds","floor":28,"turns":3},{"damage":11,"enemies":"Cultist and Chosen","floor":31,"turns":3},{"damage":83,"enemies":"Champ","floor":33,"turns":9},{"damage":21,"enemies":"3 Darklings","floor":35,"turns":5},{"damage":0,"enemies":"Orb Walker","floor":37,"turns":2},{"damage":25,"enemies":"Sphere and 2 Shapes","floor":39,"turns":3},{"damage":65,"enemies":"Giant Head","floor":41,"turns":9},{"damage":21,"enemies":"Nemesis","floor":44,"turns":7},{"damage":16,"enemies":"3 Darklings","floor":45,"turns":4},{"damage":16,"enemies":"2 Orb Walkers","floor":48,"turns":5},{"damage":108,"enemies":"Awakened One","floor":50,"turns":16},{"damage":35,"enemies":"Shield and Spear","floor":54,"turns":6},{"damage":116,"enemies":"The Heart","floor":55,"turns":8}],"seed_played":"-5029136227482349210","potions_obtained":[{"floor":1,"key":"Energy Potion"},{"floor":2,"key":"ColorlessPotion"},{"floor":5,"key":"Explosive Potion"},{"floor":16,"key":"Fire Potion"},{"floor":21,"key":"Regen Potion"},{"floor":24,"key":"ColorlessPotion"},{"floor":31,"key":"Regen Potion"},{"floor":37,"key":"Swift Potion"},{"floor":45,"key":"FearPotion"},{"floor":54,"key":"Fire Potion"}],"is_trial":false,"path_per_floor":["M","M","?","$","M","E","?","R","T","$","E","$","R","M","R","B",null,"M","?","T","M","?","R","E","R","T","R","M","?","T","M","R","B",null,"M","T","M","$","M","R","E","$","T","E","M","R","?","?","R","B",null,"R","$","E","B"],"character_chosen":"IRONCLAD","items_purchased":["Inflame","Flex","Red Skull","Flame Barrier","Heavy Blade+1","Seeing Red","Regen Potion","Blood for Blood+1","Body Slam+1","Metallicize","BloodPotion"],"campfire_rested":3,"item_purchase_floors":[4,4,10,10,10,38,38,38,42,42,53],"current_hp_per_floor":[80,80,64,64,70,62,62,62,62,62,47,47,71,77,77,40,80,80,80,80,69,53,53,63,80,80,80,80,87,87,82,82,38,87,87,87,87,87,87,87,60,60,60,70,87,87,87,77,87,27,87,87,87,68,0,0],"gold":35,"neow_bonus":"THREE_ENEMY_KILL","is_daily":false,"chose_seed":false,"campfire_upgraded":7,"win_rate":0.0,"timestamp":1611596418,"path_taken":["M","M","?","$","M","E","?","R","T","$","E","?","R","?","R","BOSS","M","?","?","M","?","R","E","R","T","R","M","?","?","?","R","BOSS","M","?","M","$","M","R","E","?","T","E","M","R","?","?","R","BOSS","R","$","E","BOSS"],"items_purchased_type":["Card","Card","Relic","Card","Card","Card","Potion","Card","Card","Card","Potion"],"build_version":"2020-12-22","purchased_purges":1,"victory":false,"max_hp_per_floor":[80,80,80,80,80,80,80,80,80,80,80,80,80,80,80,80,80,80,80,80,80,80,80,80,80,80,80,80,87,87,87,87,87,87,87,87,87,87,87,87,87,87,87,87,87,87,87,87,87,87,87,87,87,87,87,87],"card_choices":[{"not_picked":["Pommel Strike","Perfected Strike"],"picked":"Rampage","floor":1},{"not_picked":["Blood for Blood","Wild Strike"],"picked":"Iron Wave","floor":2},{"not_picked":["Pommel Strike","Thunderclap"],"picked":"Rage","floor":5},{"not_picked":["Fire Breathing","Blood for Blood"],"picked":"Thunderclap","floor":6},{"not_picked":["Havoc","Rage"],"picked":"Iron Wave+1","floor":11},{"not_picked":["Havoc","Ghostly Armor"],"picked":"Iron Wave+1","floor":14},{"not_picked":["Barricade","Feed+1"],"picked":"Reaper+1","floor":16},{"not_picked":["Headbutt+1","Clash+1"],"picked":"Cleave+1","floor":18},{"not_picked":["Clash+1","Rampage+1"],"picked":"Spot Weakness","floor":21},{"not_picked":["Havoc+1","Sword Boomerang+1"],"picked":"Heavy Blade+1","floor":24},{"not_picked":["Flame Barrier","Dual Wield"],"picked":"Anger+1","floor":28},{"not_picked":["Wild Strike+1","Dual Wield+1"],"picked":"Shrug It Off","floor":31},{"not_picked":["Corruption","Double Tap"],"picked":"Reaper+1","floor":33},{"not_picked":["Clash+1","Burning Pact+1"],"picked":"Cleave+1","floor":35},{"not_picked":["Clash+1","Evolve"],"picked":"Clothesline+1","floor":37},{"not_picked":["Perfected Strike+1","Heavy Blade+1","Wild Strike+1"],"picked":"SKIP","floor":39},{"not_picked":["Ghostly Armor","Clash+1"],"picked":"Shrug It Off+1","floor":41},{"not_picked":["Perfected Strike+1","Ghostly Armor"],"picked":"Seeing Red+1","floor":44},{"not_picked":["Wild Strike+1","Berserk","Heavy Blade+1"],"picked":"SKIP","floor":45},{"not_picked":["Wild Strike+1","Sword Boomerang+1"],"picked":"Combust+1","floor":48},{"not_picked":["Hemokinesis+1","Disarm"],"picked":"Ghostly Armor","floor":49},{"not_picked":["Uppercut+1","Twin Strike+1","Warcry+1"],"picked":"SKIP","floor":54}],"player_experience":395968,"relics_obtained":[{"floor":6,"key":"Blue Candle"},{"floor":9,"key":"Molten Egg 2"},{"floor":11,"key":"Pantograph"},{"floor":22,"key":"Necronomicon"},{"floor":24,"key":"Toy Ornithopter"},{"floor":24,"key":"Tiny Chest"},{"floor":26,"key":"Kunai"},{"floor":30,"key":"Omamori"},{"floor":36,"key":"Nunchaku"},{"floor":41,"key":"Mummified Hand"},{"floor":41,"key":"Happy Flower"},{"floor":43,"key":"Juzu Bracelet"},{"floor":44,"key":"Ancient Tea Set"},{"floor":44,"key":"Dream Catcher"},{"floor":48,"key":"FossilizedHelix"},{"floor":54,"key":"Self Forming Clay"},{"floor":54,"key":"Bottled Tornado"}],"event_choices":[{"damage_healed":0,"gold_gain":0,"player_choice":"Entered Light","damage_taken":16,"max_hp_gain":0,"max_hp_loss":0,"event_name":"Shining Light","floor":3,"gold_loss":0,"cards_upgraded":["Defend_R","Strike_R"]},{"damage_healed":0,"gold_gain":0,"player_choice":"Box","damage_taken":0,"relics_obtained":["Old Coin"],"max_hp_gain":0,"max_hp_loss":0,"event_name":"Big Fish","floor":7,"gold_loss":0,"cards_obtained":["Regret"]},{"damage_healed":0,"gold_gain":0,"player_choice":"Inject Mutagens","damage_taken":0,"relics_obtained":["MutagenicStrength"],"max_hp_gain":0,"max_hp_loss":0,"event_name":"Drug Dealer","floor":19,"gold_loss":0},{"damage_healed":0,"gold_gain":0,"player_choice":"Obtained Book","damage_taken":16,"max_hp_gain":0,"max_hp_loss":0,"event_name":"Cursed Tome","floor":22,"gold_loss":0},{"damage_healed":0,"gold_gain":0,"player_choice":"Obtained Relic","damage_taken":0,"relics_obtained":["Strawberry"],"max_hp_gain":0,"max_hp_loss":0,"event_name":"Addict","floor":29,"gold_loss":85},{"damage_healed":0,"gold_gain":0,"player_choice":"Paid","damage_taken":0,"relics_obtained":["Red Mask"],"max_hp_gain":0,"max_hp_loss":0,"event_name":"Tomb of Lord Red Mask","floor":47,"gold_loss":138},{"damage_healed":0,"gold_gain":0,"player_choice":"Fight","damage_taken":0,"max_hp_gain":0,"max_hp_loss":0,"event_name":"Mysterious Sphere","floor":48,"gold_loss":0}],"is_beta":false,"boss_relics":[{"not_picked":["Snecko Eye","Runic Pyramid"],"picked":"Black Star"},{"not_picked":["Sozu","Runic Cube"],"picked":"Cursed Key"}],"items_purged_floors":[10],"is_endless":false,"potions_floor_spawned":[1,2,5,16,21,24,31,37,45,54],"killed_by":"The Heart","ascension_level":1}}