{"host":"v3mpq6flurzldi5g","time":1611613412,"event":{"mods":["AchievementEnabler","BaseMod","Colored Powertips","Highlight Path","Minty Spire (QoL Compilation)","StSLib"],"gold_per_floor":[116,136,155,155,155,187,187,30,100,100,112,123,133,193,193,193,193],"floor_reached":16,"language":"ENG","playtime":578,"items_purged":[],"score":173,"play_id":"000ce236-0309-46f3-837d-7224bcb08f72","local_time":"20210125172332","is_ascension_mode":true,"campfire_choices":[{"floor":7,"key":"REST"},{"floor":10,"key":"REST"},{"data":"Armaments","floor":15,"key":"SMITH"}],"circlet_count":0,"master_deck":["AscendersBane","Strike_R","Strike_R","Strike_R+1","Strike_R","Strike_R","Defend_R","Defend_R","Defend_R","Defend_R","Bash","Offering","Clothesline+1","Perfected Strike","Ghostly Armor","Perfected Strike","Armaments+1"],"relics":["Burning Blood","PreservedInsect","Whetstone","Self Forming Clay"],"acts_visited":["Exordium"],"potions_floor_usage":[13],"damage_taken":[{"damage":8,"enemies":"2 Louse","floor":1,"turns":3},{"damage":10,"enemies":"Jaw Worm","floor":2,"turns":7},{"damage":7,"enemies":"Small Slimes","floor":3,"turns":3},{"damage":31,"enemies":"Gremlin Nob","floor":6,"turns":4},{"damage":6,"enemies":"Exordium Thugs","floor":11,"turns":4},{"damage":12,"enemies":"Blue Slaver","floor":12,"turns":4},{"damage":10,"enemies":"Gremlin Gang","floor":13,"turns":7},{"damage":68,"enemies":"The Guardian","floor":16,"turns":12}],"seed_played":"2289446646672801800","potions_obtained":[{"floor":6,"key":"ColorlessPotion"},{"floor":11,"key":"Ancient Potion"}],"is_trial":false,"path_per_floor":["M","M","M","$","?","E","R","$","T","R","M","M","M","?","R","B"],"character_chosen":"IRONCLAD","items_purchased":["Whetstone"],"campfire_rested":2,"item_purchase_floors":[8],"current_hp_per_floor":[66,62,61,61,61,36,58,58,58,75,75,69,65,65,65,0,0],"gold":193,"neow_bonus":"ONE_RANDOM_RARE_CARD","is_daily":false,"chose_seed":false,"campfire_upgraded":1,"win_rate":0.0,"timestamp":1611613412,"path_taken":["M","M","M","$","?","E","R","$","T","R","M","M","M","?","R","BOSS"],"items_purchased_type":["Relic"],"build_version":"2020-12-22","purchased_purges":0,"victory":false,"max_hp_per_floor":[75,75,75,75,75,75,75,75,75,75,75,75,75,75,75,75,75],"card_choices":[{"not_picked":["Headbutt","Havoc","Body Slam"],"picked":"SKIP","floor":1},{"not_picked":["Carnage","Dual Wield"],"picked":"Clothesline","floor":2},{"not_picked":["Fire Breathing","Body Slam"],"picked":"Perfected Strike","floor":3},{"not_picked":["Flex","Demon Form"],"picked":"Ghostly Armor","floor":6},{"not_picked":["Heavy Blade","Combust"],"picked":"Perfected Strike","floor":11},{"not_picked":["Clash","Havoc"],"picked":"Armaments","floor":12},{"not_picked":["Pummel","Feel No Pain","Burning Pact"],"picked":"SKIP","floor":13}],"player_experience":1063351,"relics_obtained":[{"floor":6,"key":"PreservedInsect"},{"floor":9,"key":"Self Forming Clay"}],"event_choices":[{"damage_healed":0,"gold_gain":0,"player_choice":"Ignored","damage_taken":0,"max_hp_gain":0,"max_hp_loss":0,"event_name":"Liars Game","floor":5,"gold_loss":0},{"damage_healed":0,"gold_gain":60,"player_choice":"Gained Gold","damage_taken":0,"max_hp_gain":0,"max_hp_loss":0,"event_name":"Golden Wing","floor":14,"gold_loss":0}],"is_beta":false,"boss_relics":[],"items_purged_floors":[],"is_endless":false,"potions_floor_spawned":[6,11,12],"killed_by":"The Guardian","ascension_level":14}}