{"host":"c6u7e77myxvw4d0m","time":1611604989,"event":{"mods":["AchievementEnabler","BaseMod","Bestiary","Colored Map","Colored Powertips","Minty Spire (QoL Compilation)","Rare Cards Sparkle","Relic Stats","everything is the same but u backflip on backflip"],"gold_per_floor":[117,132,132,132,152,185,185,218,218,238,255,21,46,46,46,144,144,161,179,34,48,147,174,190,190,262,277,52,81,81,0,0,98,98,118,137,153,168,188,188,188],"floor_reached":40,"language":"ENG","playtime":7065,"items_purged":["Strike_R","Strike_R"],"score":864,"play_id":"23e57789-e190-483a-a537-864d1e75085d","local_time":"20210125220309","is_ascension_mode":true,"campfire_choices":[{"floor":7,"key":"REST"},{"floor":15,"key":"REST"},{"floor":25,"key":"REST"},{"floor":32,"key":"REST"}],"circlet_count":0,"master_deck":["AscendersBane","Defend_R","Defend_R","Defend_R","Defend_R","Bash+1","Clothesline","Impervious","Offering","Wild Strike+1","Carnage+1","Flame Barrier+1","Rupture","Armaments+1","Double Tap+1","Barricade","Entrench+1","Disarm+1","Uppercut+1","True Grit+1","Flame Barrier+1","Disarm+1","Battle Trance+1","Armaments+1","Inflame+1","Body Slam","True Grit+1","Exhume+1","Berserk","Seeing Red+1","Ghostly+1","Ghostly+1","Ghostly+1","Ghostly+1","Ghostly+1","Juggernaut","Pummel+1","True Grit+1","Second Wind+1"],"relics":["Fusion Hammer","MealTicket","Toxic Egg 2","Bronze Scales","Membership Card","Self Forming Clay","Dream Catcher","Astrolabe","Whetstone","Dead Branch","Bottled Tornado","Blue Candle","Snecko Eye"],"acts_visited":["Exordium","TheCity","TheBeyond"],"potions_floor_usage":[6,8,13,29],"damage_taken":[{"damage":7,"enemies":"Jaw Worm","floor":1,"turns":2},{"damage":4,"enemies":"Small Slimes","floor":2,"turns":3},{"damage":6,"enemies":"Cultist","floor":5,"turns":2},{"damage":18,"enemies":"Gremlin Nob","floor":6,"turns":3},{"damage":26,"enemies":"3 Sentries","floor":8,"turns":9},{"damage":13,"enemies":"Exordium Wildlife","floor":10,"turns":2},{"damage":6,"enemies":"Red Slaver","floor":11,"turns":2},{"damage":11,"enemies":"Gremlin Nob","floor":13,"turns":3},{"damage":17,"enemies":"The Guardian","floor":16,"turns":9},{"damage":19,"enemies":"3 Byrds","floor":18,"turns":3},{"damage":0,"enemies":"Spheric Guardian","floor":19,"turns":6},{"damage":18,"enemies":"3 Cultists","floor":21,"turns":8},{"damage":31,"enemies":"Gremlin Leader","floor":23,"turns":5},{"damage":5,"enemies":"Snake Plant","floor":24,"turns":4},{"damage":4,"enemies":"Shelled Parasite and Fungi","floor":27,"turns":7},{"damage":22,"enemies":"Slavers","floor":29,"turns":6},{"damage":7,"enemies":"Automaton","floor":33,"turns":11},{"damage":6,"enemies":"3 Darklings","floor":35,"turns":5},{"damage":12,"enemies":"3 Shapes","floor":36,"turns":5},{"damage":3,"enemies":"Transient","floor":37,"turns":5},{"damage":2,"enemies":"Maw","floor":38,"turns":6},{"damage":2,"enemies":"3 Darklings","floor":39,"turns":5},{"damage":27,"enemies":"Reptomancer","floor":40,"turns":2}],"seed_played":"3054376919623917713","potions_obtained":[{"floor":1,"key":"ColorlessPotion"},{"floor":6,"key":"LiquidMemories"},{"floor":8,"key":"LiquidBronze"},{"floor":11,"key":"PowerPotion"},{"floor":16,"key":"AttackPotion"},{"floor":29,"key":"AttackPotion"}],"is_trial":false,"path_per_floor":["M","M","?","?","M","E","R","E","T","M","M","$","E","?","R","B",null,"M","M","$","M","?","E","M","R","T","M","$","E","?","?","R","B",null,"M","M","M","M","M","E"],"character_chosen":"IRONCLAD","items_purchased":["Armaments+1","Membership Card","Flame Barrier+1","Whetstone","Disarm+1","True Grit+1","Exhume+1","Berserk"],"campfire_rested":4,"item_purchase_floors":[12,12,20,20,20,28,28,28],"current_hp_per_floor":[65,61,61,61,55,37,61,35,35,22,16,31,20,20,44,27,67,48,48,63,45,45,14,9,33,33,29,44,22,22,22,34,27,37,31,19,16,14,12,0,0],"gold":188,"neow_bonus":"BOSS_RELIC","is_daily":false,"chose_seed":false,"campfire_upgraded":0,"win_rate":0.0,"timestamp":1611604989,"path_taken":["M","M","?","?","?","E","R","E","T","M","M","$","E","?","R","BOSS","M","M","$","M","?","E","M","R","T","M","$","E","?","?","R","BOSS","M","M","M","M","M","E"],"items_purchased_type":["Card","Relic","Card","Relic","Card","Card","Card","Card"],"build_version":"2020-12-22","purchased_purges":2,"victory":false,"max_hp_per_floor":[80,80,80,80,80,80,80,80,80,80,80,80,80,80,80,80,80,80,80,80,80,80,80,80,80,80,80,80,80,40,40,40,40,40,40,40,40,40,40,40,40],"relic_stats":{"Dream Catcher":3,"counters":[23,113],"Self Forming Clay":[90],"Bronze Scales":[385],"Astrolabe":["Entrench","Disarm","Uppercut"],"Dead Branch":[168],"Blue Candle":[3],"Snecko Eye":[49,61,43,49],"MealTicket":45,"Whetstone":["Carnage","Wild Strike"],"obtain_stats":[{"Self Forming Clay":13,"Astrolabe":17,"Dead Branch":23,"Blue Candle":29,"Whetstone":20,"Bottled Tornado":26,"Burning Blood":0,"Dream Catcher":14,"Bronze Scales":9,"Snecko Eye":34,"MealTicket":6,"Fusion Hammer":0,"Membership Card":12,"Toxic Egg 2":8},{"Self Forming Clay":8,"Astrolabe":9,"Dead Branch":13,"Blue Candle":16,"Whetstone":11,"Bottled Tornado":14,"Burning Blood":0,"Dream Catcher":8,"Bronze Scales":5,"Snecko Eye":17,"MealTicket":4,"Fusion Hammer":0,"Membership Card":7,"Toxic Egg 2":5},{"Self Forming Clay":26,"Astrolabe":35,"Dead Branch":57,"Blue Candle":74,"Whetstone":44,"Bottled Tornado":61,"Burning Blood":0,"Dream Catcher":26,"Bronze Scales":19,"Snecko Eye":85,"MealTicket":10,"Fusion Hammer":0,"Membership Card":23,"Toxic Egg 2":19}]},"card_choices":[{"not_picked":["Carnage","Thunderclap"],"picked":"Clothesline","floor":1},{"not_picked":["Havoc","Sword Boomerang"],"picked":"Impervious","floor":2},{"not_picked":["Thunderclap","Clothesline"],"picked":"Wild Strike","floor":5},{"not_picked":["Wild Strike","Thunderclap"],"picked":"Armaments","floor":6},{"not_picked":["Hemokinesis","Clothesline"],"picked":"Carnage","floor":8},{"not_picked":["Flex+1","Rupture"],"picked":"Flame Barrier+1","floor":10},{"not_picked":["Dropkick","Warcry+1"],"picked":"Rupture","floor":11},{"not_picked":["Whirlwind","Pommel Strike"],"picked":"Double Tap+1","floor":13},{"not_picked":["Feed","Reaper"],"picked":"Barricade","floor":16},{"not_picked":["Heavy Blade+1","Combust","Iron Wave"],"picked":"SKIP","floor":18},{"not_picked":["Hemokinesis","Juggernaut"],"picked":"True Grit+1","floor":19},{"not_picked":["Warcry+1","Reckless Charge"],"picked":"Battle Trance+1","floor":21},{"not_picked":["Heavy Blade+1","Anger+1"],"picked":"Armaments+1","floor":23},{"not_picked":["Battle Trance+1","Perfected Strike","Dark Embrace+1"],"picked":"SKIP","floor":24},{"not_picked":["Shrug It Off+1","Rupture"],"picked":"Inflame+1","floor":25},{"not_picked":["Armaments+1","Whirlwind"],"picked":"Body Slam","floor":27},{"not_picked":["Sever Soul","Perfected Strike"],"picked":"Seeing Red+1","floor":29},{"not_picked":["Reaper","Fiend Fire"],"picked":"Juggernaut","floor":33},{"not_picked":["Clothesline","Headbutt+1"],"picked":"Pummel+1","floor":35},{"not_picked":["Wild Strike+1","Thunderclap","Heavy Blade+1"],"picked":"SKIP","floor":36},{"not_picked":["Burning Pact+1","Spot Weakness+1"],"picked":"True Grit+1","floor":37},{"not_picked":["Thunderclap+1","Flame Barrier+1"],"picked":"Second Wind+1","floor":38},{"not_picked":["Disarm+1","Power Through+1","Pummel+1"],"picked":"SKIP","floor":39}],"player_experience":488675,"relics_obtained":[{"floor":6,"key":"MealTicket"},{"floor":8,"key":"Toxic Egg 2"},{"floor":9,"key":"Bronze Scales"},{"floor":13,"key":"Self Forming Clay"},{"floor":23,"key":"Dead Branch"},{"floor":26,"key":"Bottled Tornado"},{"floor":29,"key":"Blue Candle"}],"event_choices":[{"damage_healed":0,"gold_gain":0,"player_choice":"Grow","damage_taken":0,"max_hp_gain":0,"max_hp_loss":0,"event_name":"Living Wall","floor":3,"gold_loss":0,"cards_upgraded":["Bash"]},{"damage_healed":0,"gold_gain":0,"player_choice":"1 cards matched","damage_taken":0,"max_hp_gain":0,"max_hp_loss":0,"event_name":"Match and Keep!","floor":4,"gold_loss":0,"cards_obtained":["Offering"]},{"cards_removed":["Armaments"],"damage_healed":0,"gold_gain":0,"player_choice":"Gave Card","damage_taken":0,"relics_obtained":["Dream Catcher"],"max_hp_gain":0,"max_hp_loss":0,"event_name":"WeMeetAgain","floor":14,"gold_loss":0},{"damage_healed":0,"gold_gain":99,"player_choice":"Stole From Cult","damage_taken":0,"max_hp_gain":0,"max_hp_loss":0,"event_name":"Nest","floor":22,"gold_loss":0},{"damage_healed":0,"gold_gain":0,"player_choice":"Became a Ghost","damage_taken":0,"max_hp_gain":0,"max_hp_loss":40,"event_name":"Ghosts","floor":30,"gold_loss":0,"cards_obtained":["Ghostly","Ghostly","Ghostly","Ghostly","Ghostly"]},{"damage_healed":0,"gold_gain":0,"player_choice":"Paid Fearfully","damage_taken":0,"max_hp_gain":0,"max_hp_loss":0,"event_name":"Masked Bandits","floor":31,"gold_loss":81}],"is_beta":false,"boss_relics":[{"not_picked":["Sozu","SlaversCollar"],"picked":"Astrolabe"},{"not_picked":["SacredBark","Mark of Pain"],"picked":"Snecko Eye"}],"items_purged_floors":[12,28],"is_endless":false,"potions_floor_spawned":[1,6,8,11,16,23,27,29,37,38],"killed_by":"Reptomancer","ascension_level":11}}