{"host":"szzymzkf8nw8othj","time":1611560315,"event":{"mods":["AchievementEnabler","BaseMod","Downfall","Minty Spire (QoL Compilation)","Replay The Spire","StSLib","The Animator"],"gold_per_floor":[99,99,99,99,109,94,117,117,17,33,133,33,61,79,95,191,241,141,156,169,79,79,89,165,165,369,382,382,81,81,95,106,203,203,203,280,327,96,114,114,114,64,92,92,125,125,142,154,171,171,171,171],"floor_reached":50,"language":"ENG","playtime":5119,"items_purged":["champ:Strike"],"score":598,"play_id":"22ad23f9-08f3-4a09-87f4-936ca40ff5cd","local_time":"20210125023835","is_ascension_mode":false,"campfire_choices":[{"floor":1.0,"key":"RECALL"},{"data":"champ:SwordSigil","floor":9.0,"key":"SMITH"},{"floor":12.0,"key":"REST"},{"data":"champ:MurderStrike","floor":18.0,"key":"SMITH"},{"data":"champ:ArenaPreparation","floor":28,"key":"SMITH"},{"data":"champ:ArenaPreparation","floor":30,"key":"SMITH"},{"data":"champ:EnragedBash","floor":35,"key":"SMITH"},{"data":"champ:FanOfKnives","floor":44,"key":"SMITH"},{"floor":46,"key":"REST"}],"circlet_count":0,"master_deck":["champ:Strike","champ:Strike","champ:Defend","champ:Defend","champ:Execute","champ:Taunt","champ:SwordSigil+1","champ:BringItOn","champ:EnragedBash+1","champ:ArenaPreparation+1","champ:MurderStrike+1","champ:FanOfKnives+1","champ:Duel+1","champ:MurderStrike+1","champ:PreciseThrust","champ:RageSigil+1","champ:RisingSlash+1","champ:ArenaPreparation+1","champ:CheapShot+1","champ:SetATrap+1"],"relics":["champ:ChampionCrown","downfall:HeartsMalice","downfall:HeartBlessingRed","Potion Belt","downfall:HeartBlessingBlue","Singing Bowl","Tiny House","downfall:HeartBlessingGreen","Gremlin Horn","Garlic","Astrolabe","Strawberry","Boot","Guide Book","champ:GladiatorsBookOfMartialProwess","Akabeko","Bottled Flame"],"acts_visited":["Exordium","TheCity","TheBeyond"],"potions_floor_usage":[31,33,33,33,39,39,39,43,45,45,45,45,48,50,50,50],"damage_taken":[{"damage":0.0,"enemies":"Cultist","floor":2.0,"turns":1.0},{"damage":0.0,"enemies":"Jaw Worm","floor":3.0,"turns":1.0},{"damage":0.0,"enemies":"2 Louse","floor":4.0,"turns":1.0},{"damage":9.0,"enemies":"Red Slaver","floor":5.0,"turns":3.0},{"damage":35.0,"enemies":"downfall:FleeingMerchant","floor":6.0,"turns":4.0},{"damage":18.0,"enemies":"Exordium Wildlife","floor":10.0,"turns":2.0},{"damage":112.0,"enemies":"downfall:LadyInBlue","floor":11.0,"turns":9.0},{"damage":26.0,"enemies":"Gremlin Nob","floor":13.0,"turns":4.0},{"damage":41.0,"enemies":"Lots of Slimes","floor":14.0,"turns":3.0},{"damage":30.0,"enemies":"2 Fungi Beasts","floor":15.0,"turns":3.0},{"damage":94.0,"enemies":"WA_ARCHETYPE_RETAIN","floor":16.0,"turns":8.0},{"damage":35.0,"enemies":"3 Byrds","floor":19.0,"turns":3.0},{"damage":5.0,"enemies":"Spheric Guardian","floor":20.0,"turns":3.0},{"damage":70.0,"enemies":"downfall:FleeingMerchant","floor":21.0,"turns":4.0},{"damage":60.0,"enemies":"Snake Plant","floor":23.0,"turns":3.0},{"damage":15.0,"enemies":"downfall:FleeingMerchant","floor":26.0,"turns":4.0},{"damage":55,"enemies":"3 Cultists","floor":27,"turns":4},{"damage":31,"enemies":"Centurion and Healer","floor":31,"turns":3},{"damage":10,"enemies":"Snecko","floor":32,"turns":3},{"damage":112,"enemies":"SI_MIRROR_ARCHETYPE","floor":33,"turns":5},{"damage":20,"enemies":"3 Darklings","floor":39,"turns":2},{"damage":32,"enemies":"Reptomancer","floor":43,"turns":4},{"damage":70,"enemies":"R_Hoarder","floor":45,"turns":5},{"damage":25,"enemies":"3 Shapes","floor":47,"turns":2},{"damage":34,"enemies":"Sphere and 2 Shapes","floor":48,"turns":3},{"damage":80,"enemies":"Maw","floor":49,"turns":5},{"damage":293,"enemies":"IC_BLOCK_ARCHETYPE","floor":50,"turns":13}],"seed_played":"-3161973506701068490","potions_obtained":[{"floor":10.0,"key":"Explosive Potion"},{"floor":11.0,"key":"Guardian:BlockOnCardUsePotion"},{"floor":11.0,"key":"FairyPotion"},{"floor":11.0,"key":"Weak Potion"},{"floor":11.0,"key":"Regen Potion"},{"floor":13.0,"key":"ColorlessPotion"},{"floor":14.0,"key":"Toxic Potion"},{"floor":16.0,"key":"Energy Potion"},{"floor":17.0,"key":"ColorlessPotion"},{"floor":20.0,"key":"LiquidMemories"},{"floor":23.0,"key":"hexamod:SoulburnPotion"},{"floor":33,"key":"Adrenaline Potion"},{"floor":36,"key":"EntropicBrew"},{"floor":36,"key":"LiquidMemories"},{"floor":39,"key":"Fire Potion"},{"floor":43,"key":"Fire Potion"},{"floor":47,"key":"EssenceOfSteel"}],"is_trial":false,"path_per_floor":["R","M","M","M","M","$","T","?","R","M","?","R","E","M","M","B",null,"R","M","M","$","?","M","T","?","$","M","R","$","R","M","M","B",null,"R","?","T","$","M","?","T","$","E","R","E","R","M","M","M","B"],"character_chosen":"THE_CHAMP","items_purchased":["PowerPotion","LifebloodPotion","Garlic","Strength Potion","Guide Book","Regen Potion","PowerPotion"],"campfire_rested":2,"item_purchase_floors":[26,26,29,29,38,38,42],"current_hp_per_floor":[90,90,90,90,86,81,81,81,81,78,41,81,79,75,75,26,109,109,111,111,111,111,108,108,108,108,110,110,110,110,116,113,104,121,121,82,82,82,93,93,93,93,93,93,95,135,137,135,137,0,0,0],"gold":171,"neow_bonus":"THREE_ENEMY_KILL","is_daily":false,"chose_seed":false,"campfire_upgraded":6,"win_rate":0.0,"timestamp":1611560315,"path_taken":["R","M","M","M","?","$","T","?","R","M","?","R","E","?","M","BOSS","R","M","M","$","?","?","T","?","$","M","R","?","R","M","M","BOSS","R","?","?","$","?","?","T","$","E","R","E","R","M","M","M","BOSS"],"items_purchased_type":["Potion","Potion","Relic","Potion","Relic","Potion","Potion"],"build_version":"2020-12-22","purchased_purges":1,"victory":false,"max_hp_per_floor":[90,90,90,90,90,90,90,90,90,90,90,100,102,104,104,104,109,109,111,111,111,111,113,113,113,113,115,115,115,115,117,119,121,121,121,130,130,130,132,132,132,132,134,134,136,136,138,140,142,142,142,142],"card_choices":[{"not_picked":["champ:ShieldSigil","champ:Haymaker"],"picked":"champ:SwordSigil","floor":2.0},{"not_picked":["champ:FlashCut","champ:Shatter"],"picked":"champ:BringItOn","floor":3.0},{"not_picked":["champ:CrownThrow","champ:BladeFlurry"],"picked":"champ:EnragedBash","floor":4.0},{"not_picked":["champ:Haymaker","champ:TornadoPunch"],"picked":"champ:ArenaPreparation","floor":5.0},{"not_picked":["champ:PreciseThrust","champ:PerfectedStrike"],"picked":"champ:MurderStrike","floor":6.0},{"not_picked":["champ:DefensiveShout","champ:PreciseThrust","champ:BringItOn"],"picked":"SKIP","floor":10.0},{"not_picked":["champ:GladiatorStyle","champ:Encircle"],"picked":"champ:FanOfKnives","floor":11.0},{"not_picked":["champ:CrownThrow","champ:GutPunch","champ:HeartStrike"],"picked":"Singing Bowl","floor":13.0},{"not_picked":["champ:BladeFlurry","champ:PreemptiveStrike","champ:AdrenalArmor"],"picked":"Singing Bowl","floor":14.0},{"not_picked":["champ:GladiatorStyle","champ:GutPunch"],"picked":"champ:Duel","floor":15.0},{"not_picked":["champ:HoldFirm","champ:EnchantSword"],"picked":"champ:MurderStrike","floor":16.0},{"not_picked":["champ:Haymaker","champ:PerfectedStrike"],"picked":"champ:PreciseThrust","floor":17.0},{"not_picked":["champ:SkillfulDodge+1","champ:CrownThrow","champ:SwordSigil+1"],"picked":"Singing Bowl","floor":19.0},{"not_picked":["champ:BerserkersShout+1","champ:BladeFlurry"],"picked":"champ:RageSigil+1","floor":20.0},{"not_picked":["champ:Parry","champ:CrownThrow"],"picked":"champ:RisingSlash","floor":21.0},{"not_picked":["champ:Lariat","champ:FalseCounter","champ:PreciseThrust"],"picked":"Singing Bowl","floor":23.0},{"not_picked":["champ:AdrenalArmor","champ:BladeFlurry","champ:Shatter"],"picked":"Singing Bowl","floor":27},{"not_picked":["champ:TornadoPunch","champ:BerserkersShout","champ:RageSigil"],"picked":"Singing Bowl","floor":31},{"not_picked":["champ:GladiatorStyle","champ:BerserkerStyle+1","champ:Shatter"],"picked":"Singing Bowl","floor":32},{"not_picked":["champ:EnchantSword","champ:IgnorePain","champ:Devastate"],"picked":"Singing Bowl","floor":33},{"not_picked":["champ:ShieldSigil","champ:BladeFlurry+1","champ:AdrenalArmor+1"],"picked":"Singing Bowl","floor":36},{"not_picked":["champ:Shatter","champ:StanceDance+1","champ:DefensiveShout+1"],"picked":"Singing Bowl","floor":39},{"not_picked":["champ:TornadoPunch+1","champ:IronFortress","champ:GutPunch+1"],"picked":"Singing Bowl","floor":43},{"not_picked":["champ:BladeFlurry+1","champ:Encircle+1","champ:CrookedStrike"],"picked":"Singing Bowl","floor":45},{"not_picked":["champ:GutPunch+1","champ:GladiatorStyle","champ:ArenaPreparation"],"picked":"Singing Bowl","floor":47},{"not_picked":["champ:LastStand","champ:FanOfKnives","champ:Backstep+1"],"picked":"Singing Bowl","floor":48},{"not_picked":["champ:ShieldSigil","champ:HeartStrike","champ:Circumvent+1"],"picked":"Singing Bowl","floor":49}],"player_experience":796145,"relics_obtained":[{"floor":11.0,"key":"Potion Belt"},{"floor":13.0,"key":"Singing Bowl"},{"floor":24.0,"key":"Gremlin Horn"},{"floor":36,"key":"Strawberry"},{"floor":37,"key":"Boot"},{"floor":41,"key":"champ:GladiatorsBookOfMartialProwess"},{"floor":43,"key":"Akabeko"},{"floor":45,"key":"Bottled Flame"}],"event_choices":[{"cards_removed":["champ:LastStand"],"damage_healed":0,"gold_gain":0,"player_choice":"Removed Power","damage_taken":0,"max_hp_gain":0,"max_hp_loss":0,"event_name":"Falling","floor":40,"gold_loss":0}],"is_beta":false,"boss_relics":[{"not_picked":["Velvet Choker","Coffee Dripper"],"picked":"Tiny House"},{"not_picked":["Runic Dome","Replay:Wanted Poster"],"picked":"Astrolabe"}],"items_purged_floors":[21],"is_endless":false,"potions_floor_spawned":[10,11,13,14,16,20,23,33,39,43,47],"killed_by":"IC_BLOCK_ARCHETYPE","ascension_level":0}}