{"host":"s9dep4x43c14s74h","time":1611590364,"event":{"mods":["BaseMod","Downfall","Gremlin Mod","Hermit","HololiveMod","Jorbs\u0027s Wanderer Trilogy","Lobotomy","Marisa????????","Minty Spire (QoL Compilation)","StSLib","The Animator","The Bug Knight","The Construct","The Cursed","The Necromancer","The Runesmith","The Servant 0.9.4"],"gold_per_floor":[99,117,133,133,46,66,66,66,81,95,122,22,42,42,52,150,150,50,60,60,80,180,196,196,196,27,58,58,58,58,58],"floor_reached":29,"language":"RUS","playtime":2650,"items_purged":[],"score":270,"play_id":"2a8379a9-2dd4-42f8-94ee-ffa934a23ef9","local_time":"20210125185924","is_ascension_mode":false,"campfire_choices":[{"data":"champ:Taunt","floor":1.0,"key":"SMITH"},{"data":"champ:VampiricStrike","floor":8.0,"key":"SMITH"},{"data":"champ:DancingMaster","floor":12.0,"key":"SMITH"},{"data":"champ:TripleStrike","floor":18.0,"key":"SMITH"}],"circlet_count":0,"master_deck":["champ:Defend+1","champ:Defend+1","champ:Defend+1","champ:Defend+1","champ:Execute","champ:Taunt+1","champ:Encircle+1","champ:BringItOn+1","champ:VampiricStrike+1","champ:LastStand","champ:Encircle+1","champ:DancingMaster+1","champ:RapidStrikes","downfall:Malfunctioning","champ:TripleStrike+1","champ:BerserkersShout","Slimebound:Tackle+1","Slimebound:Tackle+1","Slimebound:Tackle+1","champ:EnragedBash"],"relics":["champ:ChampionCrown","War Paint","downfall:HeartBlessingBlue","Coffee Dripper","downfall:HeartBlessingGreen","Ornamental Fan","MealTicket","Shuriken"],"acts_visited":["Exordium","TheCity"],"potions_floor_usage":[],"damage_taken":[{"damage":11.0,"enemies":"Cultist","floor":2.0,"turns":6.0},{"damage":10.0,"enemies":"2 Louse","floor":3.0,"turns":3.0},{"damage":15.0,"enemies":"downfall:FleeingMerchant","floor":5.0,"turns":4.0},{"damage":11.0,"enemies":"Jaw Worm","floor":6.0,"turns":3.0},{"damage":0.0,"enemies":"3 Louse","floor":9.0,"turns":4.0},{"damage":22.0,"enemies":"Large Slime","floor":10.0,"turns":7.0},{"damage":49.0,"enemies":"Gremlin Nob","floor":11.0,"turns":5.0},{"damage":12.0,"enemies":"Blue Slaver","floor":13.0,"turns":4.0},{"damage":20.0,"enemies":"Gremlin Gang","floor":15.0,"turns":6.0},{"damage":38.0,"enemies":"DF_ARCHETYPE_STREAMLINE","floor":16.0,"turns":11.0},{"damage":40.0,"enemies":"Shell Parasite","floor":19.0,"turns":5.0},{"damage":31.0,"enemies":"3 Byrds","floor":21.0,"turns":5.0},{"damage":27.0,"enemies":"3 Cultists","floor":23.0,"turns":5.0},{"damage":39.0,"enemies":"downfall:FleeingMerchant","floor":26.0,"turns":4.0},{"damage":21.0,"enemies":"Book of Stabbing","floor":27.0,"turns":4.0},{"damage":75,"enemies":"Gremlin Leader","floor":29,"turns":5}],"seed_played":"-3125465534785194215","potions_obtained":[{"floor":6.0,"key":"Guardian:BlockOnCardUsePotion"},{"floor":9.0,"key":"CultistPotion"},{"floor":10.0,"key":"construct:ShiftPotion"},{"floor":21.0,"key":"BlessingOfTheForge"},{"floor":23.0,"key":"Strength Potion"}],"is_trial":false,"path_per_floor":["R","M","M","?","$","M","T","R","M","M","E","R","M","?","M","B",null,"R","M","?","M","?","M","T","?","$","E","?","E"],"character_chosen":"THE_CHAMP","items_purchased":["champ:LastStand","MealTicket"],"campfire_rested":0,"item_purchase_floors":[5,26],"current_hp_per_floor":[99,98,98,83,83,82,82,82,82,80,51,61,59,59,49,26,109,109,89,89,73,73,61,61,61,52,31,67,0,0,0],"gold":58,"neow_bonus":"TEN_PERCENT_HP_BONUS","is_daily":false,"chose_seed":false,"campfire_upgraded":4,"win_rate":0.0,"timestamp":1611590364,"path_taken":["R","M","M","?","$","?","T","R","M","M","E","R","M","?","M","BOSS","R","M","?","M","?","M","T","?","$","E","?","E"],"items_purchased_type":["Card","Relic"],"build_version":"2020-12-22","purchased_purges":0,"victory":false,"max_hp_per_floor":[99,99,99,99,99,99,99,99,99,99,99,109,109,109,109,109,109,109,109,109,109,109,109,109,109,109,109,109,109,109,109],"card_choices":[{"not_picked":["champ:BringItOn","champ:Circumvent"],"picked":"champ:Encircle","floor":2.0},{"not_picked":["champ:ShieldSlam","champ:TornadoPunch"],"picked":"champ:BringItOn","floor":3.0},{"not_picked":["champ:PreciseThrust","champ:Circumvent"],"picked":"champ:VampiricStrike","floor":5.0},{"not_picked":["champ:BerserkersShout","champ:StanceDance","champ:BladeFlurry"],"picked":"SKIP","floor":6.0},{"not_picked":["champ:Circumvent","champ:BladeFlurry"],"picked":"champ:Encircle","floor":9.0},{"not_picked":["champ:BladeFlurry","champ:Haymaker","champ:Shatter"],"picked":"SKIP","floor":10.0},{"not_picked":["champ:TornadoPunch","champ:Haymaker"],"picked":"champ:DancingMaster","floor":11.0},{"not_picked":["champ:DefensiveShout","champ:PreciseThrust"],"picked":"champ:RapidStrikes","floor":13.0},{"not_picked":["champ:BladeFlurry","champ:EnGarde","champ:PreemptiveStrike"],"picked":"SKIP","floor":15.0},{"not_picked":["champ:ShieldThrow","champ:MurderStrike"],"picked":"champ:TripleStrike","floor":16.0},{"not_picked":["champ:BringItOn","champ:IronFortress+1"],"picked":"champ:BerserkersShout","floor":19.0},{"not_picked":["champ:Encircle","champ:FocusedBerserking","champ:Shatter+1"],"picked":"SKIP","floor":21.0},{"not_picked":["champ:Haymaker","champ:PerfectedStrike","champ:CrookedStrike"],"picked":"SKIP","floor":23.0},{"not_picked":["champ:PreemptiveStrike","champ:Lariat","champ:TornadoPunch+1"],"picked":"SKIP","floor":26.0},{"not_picked":["champ:BerserkersShout","champ:CrownThrow+1"],"picked":"champ:EnragedBash","floor":27.0}],"player_experience":888185,"relics_obtained":[{"floor":11.0,"key":"War Paint"},{"floor":24.0,"key":"Ornamental Fan"},{"floor":27.0,"key":"Shuriken"}],"event_choices":[{"damage_healed":36.0,"max_hp_gain":0.0,"max_hp_loss":0.0,"gold_gain":0.0,"event_name":"The Library","player_choice":"Heal","floor":28.0,"gold_loss":0.0,"damage_taken":0.0}],"is_beta":false,"boss_relics":[{"not_picked":["Hololive_TopUpMoneyS","Cursed Key"],"picked":"Coffee Dripper"}],"items_purged_floors":[],"is_endless":false,"potions_floor_spawned":[6,9,10,21,23],"killed_by":"Gremlin Leader","ascension_level":0}}