{"host":"x730sfaw5rd1mxd8","time":1611541580,"event":{"mods":["BaseMod","BetterRewards","Colored Map","Colored Powertips","Highlight Path","Minty Spire (QoL Compilation)","Relic Sorter","Relic Stats","Replay The Spire","StSLib"],"gold_per_floor":[114,114,124,143,143,176,187,215,240,275,293,293,328,344,344,440,440,457,457,476,476,489,515,515,545,570,570,601,601,627,651,651,763,763,790,790,790,849,904,944,972,1002,1064,904,904,904,943,943,943,943],"floor_reached":51,"language":"ENG","playtime":2740,"items_purged":["Strike_B","Defend_B","Defend_B","Voices"],"score":1524,"play_id":"3e98aa38-c7c2-40ae-be24-7c2ca319392f","local_time":"20210124212620","is_ascension_mode":true,"campfire_choices":[{"data":"Loop","floor":12,"key":"SMITH"},{"data":"Machine Learning","floor":15,"key":"SMITH"},{"data":"Creative AI","floor":24,"key":"SMITH"},{"floor":27,"key":"REST"},{"floor":32,"key":"REST"},{"floor":46,"key":"RECALL"},{"floor":49,"key":"DIG"}],"circlet_count":0,"master_deck":["Strike_B","Strike_B","Strike_B","Defend_B","Defend_B","Zap","Dualcast","Loop+1","Glacier","Compile Driver+1","Coolheaded","Sunder+1","Go for the Eyes","Ball Lightning","Sweeping Beam","Coolheaded","Capacitor","Machine Learning+1","Gash","Creative AI+1","Decay","Gash+1","Doom and Gloom","Hologram+1","Amplify","Machine Learning","Self Repair+1","Cold Snap+1","Turbo+1","Defragment","Doubt","Apotheosis","Force Field+1"],"relics":["Cracked Core","Membership Card","Quantum Egg","Replay:Baseball","Regal Pillow","White Beast Statue","Divine Protection","Question Card","Bag of Preparation","MealTicket","Orichalcum","Inserter","DataDisk","Strawberry","CeramicFish","Lantern","Incense Burner","Bronze Scales","Cursed Key","Shovel","Juzu Bracelet","Onion Ring","Art of War","Happy Flower","Golden Egg","ReplayTheSpireMod:Lightbulb"],"acts_visited":["Exordium","TheCity","TheBeyond"],"potions_floor_usage":[6,10,13,20,23,25,25,30,33,33,42,50,50,50],"damage_taken":[{"damage":0,"enemies":"Cultist","floor":1,"turns":3},{"damage":0,"enemies":"Jaw Worm","floor":3,"turns":4},{"damage":0,"enemies":"2 Louse","floor":4,"turns":1},{"damage":0,"enemies":"Gremlin Nob","floor":6,"turns":3},{"damage":5,"enemies":"Gremlin Gang","floor":7,"turns":2},{"damage":0,"enemies":"Replay:BlueRogue","floor":8,"turns":3},{"damage":3,"enemies":"3 Sentries","floor":10,"turns":3},{"damage":0,"enemies":"Exordium Wildlife","floor":11,"turns":1},{"damage":8,"enemies":"Gremlin Nob","floor":13,"turns":3},{"damage":0,"enemies":"Looter","floor":14,"turns":3},{"damage":2,"enemies":"Hexaghost","floor":16,"turns":8},{"damage":0,"enemies":"Spheric Guardian","floor":18,"turns":4},{"damage":8,"enemies":"2 Thieves","floor":20,"turns":4},{"damage":29,"enemies":"Centurion and Healer","floor":22,"turns":8},{"damage":0,"enemies":"Gremlin Leader","floor":23,"turns":7},{"damage":25,"enemies":"Slavers","floor":25,"turns":5},{"damage":0,"enemies":"Replay:Snechameleon","floor":28,"turns":7},{"damage":34,"enemies":"Slavers","floor":30,"turns":4},{"damage":0,"enemies":"3 Cultists","floor":31,"turns":4},{"damage":18,"enemies":"Collector","floor":33,"turns":7},{"damage":6,"enemies":"Orb Walker","floor":35,"turns":3},{"damage":0,"enemies":"Mind Bloom Boss Battle","floor":38,"turns":7},{"damage":0,"enemies":"R_Hoarder","floor":40,"turns":7},{"damage":1,"enemies":"3 Shapes","floor":41,"turns":4},{"damage":52,"enemies":"Nemesis","floor":42,"turns":11},{"damage":0,"enemies":"R_Hoarder","floor":47,"turns":8},{"damage":21,"enemies":"Time Eater","floor":50,"turns":14}],"seed_played":"-8170537410359552068","potions_obtained":[{"floor":1,"key":"Reflective Coating"},{"floor":3,"key":"FairyPotion"},{"floor":4,"key":"Explosive Potion"},{"floor":6,"key":"Energy Potion"},{"floor":7,"key":"Strength Potion"},{"floor":8,"key":"DistilledChaos"},{"floor":10,"key":"SteroidPotion"},{"floor":13,"key":"LiquidMemories"},{"floor":14,"key":"DistilledChaos"},{"floor":18,"key":"Block Potion"},{"floor":20,"key":"Explosive Potion"},{"floor":23,"key":"GamblersBrew"},{"floor":25,"key":"EssenceOfSteel"},{"floor":28,"key":"Energy Potion"},{"floor":30,"key":"FocusPotion"},{"floor":31,"key":"Regen Potion"},{"floor":33,"key":"Elixir"},{"floor":35,"key":"PotionOfCapacity"},{"floor":42,"key":"Fire Potion"}],"is_trial":false,"path_per_floor":["M","T","M","M","?","E","M","E","T","E","M","R","E","M","R","B",null,"M","?","M","?","M","E","R","E","T","R","E","T","E","M","R","B",null,"M","?","?","?","T","E","M","E","T","$","?","R","E","?","R","B",null],"character_chosen":"DEFECT","items_purchased":["Membership Card","Quantum Egg","Loop","Glacier","Replay:Baseball","Compile Driver+1","Regal Pillow","Coolheaded","White Beast Statue","Sunder","Go for the Eyes","Apotheosis"],"campfire_rested":2,"item_purchase_floors":[0,0,0,0,0,0,0,0,0,0,0,44],"current_hp_per_floor":[75,75,75,75,75,75,70,70,70,67,67,67,59,59,59,57,71,71,71,63,63,34,34,34,16,16,55,55,55,21,21,60,42,72,66,66,66,78,78,78,78,61,61,76,76,76,78,68,68,67],"gold":943,"neow_bonus":"","is_daily":false,"chose_seed":false,"campfire_upgraded":3,"win_rate":0.0,"timestamp":1611541580,"path_taken":["M","?","M","M","?","E","M","E","T","E","?","R","E","M","R","BOSS","M","?","?","?","?","E","R","E","T","R","E","?","E","M","R","BOSS","M","?","?","?","?","E","M","E","T","$","?","R","E","?","R","BOSS"],"items_purchased_type":["Relic","Relic","Card","Card","Relic","Card","Relic","Card","Relic","Card","Card","Card"],"build_version":"2020-12-22","purchased_purges":4,"victory":true,"max_hp_per_floor":[75,75,75,75,75,75,75,75,75,75,75,75,75,75,75,75,75,75,75,75,75,75,75,75,82,82,82,82,82,82,82,82,82,82,82,82,78,78,78,78,78,78,78,78,78,78,78,78,78,78],"relic_stats":{"Regal Pillow":30,"Inserter":[46],"Happy Flower":[46],"counters":[209,932],"CeramicFish":90,"Bag of Preparation":[56],"Juzu Bracelet":1,"Orichalcum":[348],"Question Card":23,"Cursed Key":2,"Shovel":3,"Bronze Scales":[1365],"MealTicket":93,"Art of War":[7],"obtain_stats":[{"Golden Egg":26,"Vampiric Spirits":0,"Whetstone":55,"Boot":55,"Sling":55,"Blood Vial":20,"Replay:Wanted Poster":17,"Replay:Bronze Core":17,"MealTicket":27,"Fusion Hammer":36,"Electric Blood":17,"Replay:Bottled Steam":43,"Pear":46,"Blue Candle":30,"Tingsha":0,"Paper Crane":8,"Akabeko":28,"Cables":54,"SlaversCollar":17,"Snecko Scales":34,"Bird Faced Urn":12,"Mark of Pain":0,"StrikeDummy":6,"Regal Pillow":0,"Lantern":28,"Singing Bowl":10,"Torii":0,"Magic Flower":11,"Painkiller Herb":19,"Bag of Preparation":55,"Replay:Multitool":44,"Cursed Key":34,"Burning Blood":0,"Pet Ghost":23,"Replay:Rubber Ducky":55,"Matryoshka":0,"Shovel":47,"InkBottle":27,"Inserter":17,"The Specimen":25,"Golden Idol":11,"Basket Of Snakes":39,"The Courier":14,"PreservedInsect":22,"Geode":40,"Omamori":40,"Frozen Egg 2":0,"MawBank":31,"Busted Crown":17,"Ornamental Fan":55,"Turnip":46,"Art of War":40,"ReplayTheSpireMod:Ring of Challenge":38,"ReplayTheSpireMod:Lightbulb":0,"Ice Cream":14,"Divine Protection":22,"Gremlin Horn":9,"Nilry\u0027s Codex":23,"CeramicFish":26,"Vajra":28,"Runic Capacitor":53,"Sozu":34,"Centennial Puzzle":9,"Strawberry":28,"Prayer Wheel":0,"Byrd Skull":11,"Happy Flower":55,"Oddly Smooth Stone":26,"Ring of Chaos":47,"War Paint":23,"Question Card":8,"OrangePellets":0,"Bottled Flame":15,"Replay:Baseball":0,"Bronze Scales":12,"Simple Rune":55,"Onion Ring":40,"ReplayTheSpireMod:TigerMarble":6,"Pocketwatch":0,"Meat on the Bone":38,"Darkstone Periapt":5,"ReplayFunnel":55,"Mango":6,"Snake Skull":29,"Incense Burner":45,"Juzu Bracelet":39,"Dream Catcher":43,"Nunchaku":24,"Replay:Bandana":10,"Pantograph":23,"Gambling Chip":24,"Cracked Core":0,"Red Skull":6,"Gremlin Food":44,"Replay:Towering Pillar of Hats":10,"Quantum Egg":46,"Guide Book":0,"Replay:WaspNest":0,"Orichalcum":56,"Medical Kit":42,"White Beast Statue":0,"Mercury Hourglass":0,"Peace Pipe":39,"Anchor":11,"CaptainsWheel":43,"Pondfish Scales":55,"DataDisk":0,"Snack Pack":8,"Membership Card":0,"FossilizedHelix":48},{"Golden Egg":166,"Vampiric Spirits":61,"Whetstone":91,"Boot":91,"Sling":91,"Blood Vial":26,"Replay:Wanted Poster":163,"Replay:Bronze Core":134,"MealTicket":58,"Fusion Hammer":80,"Electric Blood":51,"Replay:Bottled Steam":119,"Pear":122,"Blue Candle":30,"Tingsha":93,"Paper Crane":66,"Akabeko":167,"Cables":153,"SlaversCollar":24,"Snecko Scales":115,"Bird Faced Urn":22,"Mark of Pain":0,"StrikeDummy":98,"Regal Pillow":93,"Lantern":199,"Singing Bowl":21,"Torii":154,"Magic Flower":49,"Painkiller Herb":72,"Bag of Preparation":91,"Replay:Multitool":120,"Cursed Key":31,"Burning Blood":0,"Pet Ghost":56,"Replay:Rubber Ducky":91,"Matryoshka":61,"Shovel":179,"InkBottle":141,"Inserter":193,"The Specimen":76,"Golden Idol":5,"Basket Of Snakes":82,"The Courier":7,"PreservedInsect":11,"Geode":146,"Omamori":175,"Frozen Egg 2":14,"MawBank":79,"Busted Crown":8,"Ornamental Fan":91,"Turnip":38,"Art of War":36,"ReplayTheSpireMod:Ring of Challenge":81,"ReplayTheSpireMod:Lightbulb":154,"Ice Cream":23,"Divine Protection":164,"Gremlin Horn":20,"Nilry\u0027s Codex":75,"CeramicFish":198,"Vajra":77,"Runic Capacitor":180,"Sozu":170,"Centennial Puzzle":5,"Strawberry":13,"Prayer Wheel":93,"Byrd Skull":66,"Happy Flower":91,"Oddly Smooth Stone":57,"Ring of Chaos":122,"War Paint":139,"Question Card":188,"OrangePellets":93,"Bottled Flame":70,"Replay:Baseball":93,"Bronze Scales":6,"Simple Rune":91,"Onion Ring":205,"ReplayTheSpireMod:TigerMarble":158,"Pocketwatch":41,"Meat on the Bone":117,"Darkstone Periapt":18,"ReplayFunnel":91,"Mango":19,"Snake Skull":78,"Incense Burner":87,"Juzu Bracelet":204,"Dream Catcher":37,"Nunchaku":75,"Replay:Bandana":100,"Pantograph":12,"Gambling Chip":27,"Cracked Core":0,"Red Skull":47,"Gremlin Food":87,"Replay:Towering Pillar of Hats":66,"Quantum Egg":87,"Guide Book":93,"Replay:WaspNest":61,"Orichalcum":92,"Medical Kit":119,"White Beast Statue":182,"Mercury Hourglass":61,"Peace Pipe":146,"Anchor":66,"CaptainsWheel":86,"Pondfish Scales":91,"DataDisk":126,"Snack Pack":48,"Membership Card":61,"FossilizedHelix":151},{"Golden Egg":701,"Vampiric Spirits":244,"Whetstone":364,"Boot":364,"Sling":364,"Blood Vial":107,"Replay:Wanted Poster":686,"Replay:Bronze Core":537,"MealTicket":230,"Fusion Hammer":315,"Electric Blood":208,"Replay:Bottled Steam":471,"Pear":484,"Blue Candle":123,"Tingsha":376,"Paper Crane":257,"Akabeko":708,"Cables":637,"SlaversCollar":100,"Snecko Scales":459,"Bird Faced Urn":86,"Mark of Pain":0,"StrikeDummy":392,"Regal Pillow":376,"Lantern":864,"Singing Bowl":82,"Torii":646,"Magic Flower":200,"Painkiller Herb":279,"Bag of Preparation":364,"Replay:Multitool":475,"Cursed Key":130,"Burning Blood":0,"Pet Ghost":224,"Replay:Rubber Ducky":364,"Matryoshka":244,"Shovel":766,"InkBottle":568,"Inserter":829,"The Specimen":292,"Golden Idol":17,"Basket Of Snakes":325,"The Courier":25,"PreservedInsect":40,"Geode":594,"Omamori":747,"Frozen Egg 2":51,"MawBank":304,"Busted Crown":30,"Ornamental Fan":364,"Turnip":156,"Art of War":146,"ReplayTheSpireMod:Ring of Challenge":318,"ReplayTheSpireMod:Lightbulb":646,"Ice Cream":93,"Divine Protection":690,"Gremlin Horn":78,"Nilry\u0027s Codex":288,"CeramicFish":857,"Vajra":296,"Runic Capacitor":779,"Sozu":726,"Centennial Puzzle":17,"Strawberry":48,"Prayer Wheel":376,"Byrd Skull":257,"Happy Flower":364,"Oddly Smooth Stone":226,"Ring of Chaos":484,"War Paint":559,"Question Card":811,"OrangePellets":376,"Bottled Flame":268,"Replay:Baseball":376,"Bronze Scales":20,"Simple Rune":364,"Onion Ring":895,"ReplayTheSpireMod:TigerMarble":663,"Pocketwatch":170,"Meat on the Bone":463,"Darkstone Periapt":65,"ReplayFunnel":364,"Mango":73,"Snake Skull":300,"Incense Burner":344,"Juzu Bracelet":888,"Dream Catcher":151,"Nunchaku":288,"Replay:Bandana":399,"Pantograph":44,"Gambling Chip":111,"Cracked Core":0,"Red Skull":189,"Gremlin Food":344,"Replay:Towering Pillar of Hats":257,"Quantum Egg":344,"Guide Book":376,"Replay:WaspNest":244,"Orichalcum":369,"Medical Kit":471,"White Beast Statue":795,"Mercury Hourglass":244,"Peace Pipe":594,"Anchor":257,"CaptainsWheel":341,"Pondfish Scales":364,"DataDisk":505,"Snack Pack":196,"Membership Card":244,"FossilizedHelix":621}]},"card_choices":[{"not_picked":["Hologram","Go for the Eyes"],"picked":"Ball Lightning","floor":1},{"not_picked":["Streamline","Beam Cell"],"picked":"Sweeping Beam","floor":3},{"not_picked":["Panic Button","Beam Cell","Stack"],"picked":"SKIP","floor":4},{"not_picked":["Thunder Strike","Beam Cell"],"picked":"Coolheaded","floor":6},{"not_picked":["ReplaySolidLightProjector","Static Discharge"],"picked":"Capacitor","floor":7},{"not_picked":["Glacier","Redo"],"picked":"Machine Learning","floor":8},{"not_picked":["Steam","FTL","Beam Cell","Compile Driver"],"picked":"SKIP","floor":10},{"not_picked":["Barrage","Streamline","Compile Driver"],"picked":"Gash","floor":11},{"not_picked":["Rainbow","Blizzard","Darkness","Storm"],"picked":"SKIP","floor":13},{"not_picked":["Sweeping Beam","Static Discharge","Redo","Turbo"],"picked":"SKIP","floor":14},{"not_picked":["Amplify","ReplayRNGCard","Machine Learning"],"picked":"Creative AI","floor":16},{"not_picked":["Barrage+1","Panic Button","Go for the Eyes","Static Discharge"],"picked":"SKIP","floor":18},{"not_picked":["Compile Driver+1","Barrage","ReplaySort","Rebound+1"],"picked":"SKIP","floor":20},{"not_picked":["ReplayTheSpireMod:GoodbyeWorld","Darkness+1","Beam Cell+1"],"picked":"Gash+1","floor":22},{"not_picked":["Force Field","Coolheaded","Multi-Cast"],"picked":"Doom and Gloom","floor":23},{"not_picked":["Steam Power+1","Steam","Mirror Shield"],"picked":"Hologram+1","floor":25},{"not_picked":["Beam Cell","Panic Button+1","Stack","Steam Power"],"picked":"SKIP","floor":28},{"not_picked":["ReplayTheSpireMod:Repulse","Hologram","Panic Button+1","Time Bomb"],"picked":"SKIP","floor":30},{"not_picked":["Beam Cell","BasicCrystalCard","Leap"],"picked":"Amplify","floor":31},{"not_picked":["Rainbow","Fission","Reboot"],"picked":"Machine Learning","floor":33},{"not_picked":["Beam Cell","Sweeping Beam","Rebound+1"],"picked":"Self Repair+1","floor":35},{"not_picked":["Self Repair+1","ReplayTheSpireMod:System Scan+1","Loop"],"picked":"Cold Snap+1","floor":38},{"not_picked":["BasicCrystalCard","Hologram+1","Beam Cell"],"picked":"Turbo+1","floor":40},{"not_picked":["Storm","Leap+1","Double Energy+1"],"picked":"Defragment","floor":41},{"not_picked":["Static Discharge+1","Reboot","Coolheaded","Steam"],"picked":"SKIP","floor":42},{"not_picked":["Conserve Battery","Hologram","BasicCrystalCard"],"picked":"Force Field+1","floor":47}],"player_experience":4012434,"relics_obtained":[{"floor":6,"key":"Divine Protection"},{"floor":8,"key":"Question Card"},{"floor":9,"key":"Bag of Preparation"},{"floor":10,"key":"MealTicket"},{"floor":13,"key":"Orichalcum"},{"floor":23,"key":"DataDisk"},{"floor":25,"key":"Strawberry"},{"floor":26,"key":"CeramicFish"},{"floor":28,"key":"Lantern"},{"floor":29,"key":"Incense Burner"},{"floor":30,"key":"Bronze Scales"},{"floor":38,"key":"Shovel"},{"floor":39,"key":"Juzu Bracelet"},{"floor":40,"key":"Onion Ring"},{"floor":42,"key":"Art of War"},{"floor":43,"key":"Happy Flower"},{"floor":47,"key":"Golden Egg"},{"floor":49,"key":"ReplayTheSpireMod:Lightbulb"}],"event_choices":[{"damage_healed":0,"gold_gain":0,"player_choice":"Upgraded","damage_taken":0,"max_hp_gain":0,"max_hp_loss":0,"event_name":"Upgrade Shrine","floor":5,"gold_loss":0,"cards_upgraded":["Sunder"]},{"damage_healed":0,"gold_gain":0,"player_choice":"0 cards matched","damage_taken":0,"max_hp_gain":0,"max_hp_loss":0,"event_name":"Match and Keep!","floor":19,"gold_loss":0,"cards_obtained":[]},{"damage_healed":0,"gold_gain":0,"player_choice":"Cursed","damage_taken":0,"max_hp_gain":0,"max_hp_loss":0,"event_name":"Wheel of Change","floor":21,"gold_loss":0,"cards_obtained":["Decay"]},{"damage_healed":0,"gold_gain":0,"player_choice":"Ignored","damage_taken":0,"max_hp_gain":0,"max_hp_loss":0,"event_name":"Tomb of Lord Red Mask","floor":36,"gold_loss":0},{"damage_healed":0,"gold_gain":0,"player_choice":"Max HP","damage_taken":0,"max_hp_gain":0,"max_hp_loss":4,"event_name":"Winding Halls","floor":37,"gold_loss":0},{"damage_healed":0,"gold_gain":0,"player_choice":"Fight","damage_taken":0,"max_hp_gain":0,"max_hp_loss":0,"event_name":"MindBloom","floor":38,"gold_loss":0},{"damage_healed":0,"gold_gain":0,"player_choice":"Memory 3","damage_taken":10,"max_hp_gain":0,"max_hp_loss":0,"event_name":"SensoryStone","floor":48,"gold_loss":0}],"is_beta":false,"boss_relics":[{"not_picked":["Tiny House","Ectoplasm"],"picked":"Inserter"},{"not_picked":["Black Star","Pandora\u0027s Box"],"picked":"Cursed Key"}],"items_purged_floors":[0,0,0,44],"is_endless":false,"potions_floor_spawned":[1,3,4,6,7,8,10,11,13,14,16,18,20,22,23,25,28,30,31,33,35,38,40,41,42,47],"ascension_level":5}}