{"host":"3jpwrwmmgyabjceh","time":1611575460,"event":{"mods":["AchievementEnabler","BaseMod","Colored Map","Colored Powertips","Highlight Path","Minty Spire (QoL Compilation)","Quick Restart","Relic Stats","StSLib","SuperFastMode"],"gold_per_floor":[113,128,138,88,101,101,127,2,2,17,17,52,68,68,68,191,191,215,215,215,233,248,248,248,248],"floor_reached":24,"language":"ENG","playtime":749,"items_purged":["Strike_G"],"score":281,"play_id":"f73611a7-4ab1-4d17-8781-54008b25dc58","local_time":"20210125145100","is_ascension_mode":true,"campfire_choices":[{"data":"Predator","floor":6,"key":"SMITH"},{"floor":15,"key":"REST"},{"data":"Envenom","floor":23,"key":"SMITH"}],"circlet_count":0,"master_deck":["Survivor","Neutralize","Blade Dance","Quick Slash","Predator+1","Bouncing Flask","Blade Dance","Backflip","Accuracy","Deadly Poison","Poisoned Stab","Envenom+1","Sucker Punch","Cloak And Dagger","Footwork","Dodge and Roll","Venomology","Skewer","Noxious Fumes","Deflect","Heel Hook","Blade Dance","Cloak And Dagger+1"],"relics":["Ring of the Snake","Blood Vial","Bronze Scales","White Beast Statue","Golden Idol","Pandora\u0027s Box"],"acts_visited":["Exordium","TheCity"],"potions_floor_usage":[16,21,22,22,24],"damage_taken":[{"damage":2,"enemies":"Jaw Worm","floor":1,"turns":5},{"damage":3,"enemies":"Small Slimes","floor":2,"turns":5},{"damage":0,"enemies":"2 Louse","floor":3,"turns":2},{"damage":14,"enemies":"Exordium Wildlife","floor":5,"turns":4},{"damage":38,"enemies":"3 Sentries","floor":7,"turns":10},{"damage":3,"enemies":"Exordium Thugs","floor":10,"turns":4},{"damage":17,"enemies":"Lagavulin","floor":12,"turns":5},{"damage":5,"enemies":"Blue Slaver","floor":13,"turns":4},{"damage":14,"enemies":"The Guardian","floor":16,"turns":8},{"damage":4,"enemies":"3 Byrds","floor":18,"turns":3},{"damage":12,"enemies":"Spheric Guardian","floor":21,"turns":4},{"damage":16,"enemies":"Cultist and Chosen","floor":22,"turns":7},{"damage":41,"enemies":"Gremlin Leader","floor":24,"turns":4}],"seed_played":"5324766129252758453","potions_obtained":[{"floor":7,"key":"Weak Potion"},{"floor":12,"key":"Weak Potion"},{"floor":13,"key":"Energy Potion"},{"floor":16,"key":"LiquidMemories"},{"floor":18,"key":"ColorlessPotion"},{"floor":22,"key":"SteroidPotion"}],"is_trial":false,"path_per_floor":["M","M","M","?","M","R","E","$","T","M","?","E","M","?","R","B",null,"M","?","T","M","M","R","E"],"character_chosen":"THE_SILENT","items_purchased":["Backflip"],"campfire_rested":1,"item_purchase_floors":[8],"current_hp_per_floor":[61,58,58,58,44,44,6,6,6,5,28,13,10,10,29,17,53,51,51,51,41,27,27,0,0],"gold":248,"neow_bonus":"ONE_RANDOM_RARE_CARD","is_daily":false,"chose_seed":false,"campfire_upgraded":2,"win_rate":0.0,"timestamp":1611575460,"path_taken":["M","M","M","?","M","R","E","$","T","M","?","E","M","?","R","BOSS","M","?","?","M","M","R","E"],"items_purchased_type":["Card"],"build_version":"2020-12-22","purchased_purges":1,"victory":false,"max_hp_per_floor":[70,70,70,70,70,70,70,70,70,70,70,70,70,65,65,65,65,65,65,65,65,65,65,65,65],"relic_stats":{"Blood Vial":16,"counters":[13,65],"Golden Idol":37,"Bronze Scales":[126],"Pandora\u0027s Box":["Sucker Punch","Cloak And Dagger","Footwork","Dodge and Roll","Venomology","Skewer","Noxious Fumes","Reflex"],"obtain_stats":[{"Blood Vial":7,"Golden Idol":14,"Bronze Scales":9,"Pandora\u0027s Box":17,"White Beast Statue":12,"Ring of the Snake":0},{"Blood Vial":5,"Golden Idol":8,"Bronze Scales":5,"Pandora\u0027s Box":9,"White Beast Statue":7,"Ring of the Snake":0},{"Blood Vial":26,"Golden Idol":39,"Bronze Scales":26,"Pandora\u0027s Box":47,"White Beast Statue":35,"Ring of the Snake":0}],"Ring of the Snake":[26]},"card_choices":[{"not_picked":["Backflip","Quick Slash"],"picked":"Blade Dance","floor":1},{"not_picked":["Endless Agony","Acrobatics"],"picked":"Quick Slash","floor":2},{"not_picked":["Slice","Quick Slash"],"picked":"Predator","floor":3},{"not_picked":["All Out Attack","Sucker Punch"],"picked":"Bouncing Flask","floor":5},{"not_picked":["Deflect","Masterful Stab"],"picked":"Blade Dance","floor":7},{"not_picked":["After Image","Backflip"],"picked":"Accuracy","floor":10},{"not_picked":["Wraith Form v2","Tactician"],"picked":"Deadly Poison","floor":12},{"not_picked":["Caltrops","Dodge and Roll"],"picked":"Poisoned Stab","floor":13},{"not_picked":["A Thousand Cuts","Doppelganger"],"picked":"Envenom","floor":16},{"not_picked":["Backstab","Flying Knee"],"picked":"Deflect","floor":18},{"not_picked":["Flying Knee","Bane+1","Sucker Punch"],"picked":"SKIP","floor":21},{"not_picked":["Noxious Fumes+1","Deflect"],"picked":"Cloak And Dagger+1","floor":22}],"player_experience":282069,"relics_obtained":[{"floor":7,"key":"Blood Vial"},{"floor":9,"key":"Bronze Scales"},{"floor":12,"key":"White Beast Statue"}],"event_choices":[{"cards_removed":["Strike_G"],"damage_healed":0,"gold_gain":0,"player_choice":"Card Removal","damage_taken":0,"max_hp_gain":0,"max_hp_loss":0,"event_name":"The Cleric","floor":4,"gold_loss":50},{"damage_healed":23,"gold_gain":0,"player_choice":"Banana","damage_taken":0,"max_hp_gain":0,"max_hp_loss":0,"event_name":"Big Fish","floor":11,"gold_loss":0},{"damage_healed":0,"gold_gain":0,"player_choice":"Lose Max HP","damage_taken":0,"relics_obtained":["Golden Idol"],"max_hp_gain":0,"max_hp_loss":5,"event_name":"Golden Idol","floor":14,"gold_loss":0},{"damage_healed":0,"gold_gain":0,"cards_transformed":["Reflex","Burst"],"player_choice":"Became Test Subject","damage_taken":0,"max_hp_gain":0,"max_hp_loss":0,"event_name":"Drug Dealer","floor":19,"gold_loss":0,"cards_obtained":["Heel Hook","Blade Dance"]}],"is_beta":false,"boss_relics":[{"not_picked":["Coffee Dripper","HoveringKite"],"picked":"Pandora\u0027s Box"}],"items_purged_floors":[8],"is_endless":false,"potions_floor_spawned":[7,12,13,16,18,21,22],"killed_by":"Gremlin Leader","ascension_level":7}}