{"host":"ytv3ru9tdqpvv9vj","time":1611571344,"event":{"mods":["BaseMod","Minty Spire (QoL Compilation)","Replay The Spire","StSLib"],"gold_per_floor":[110,126,126,138,152,152,182,182,182,215,215,233,263,263,263,263,263],"floor_reached":16,"language":"ENG","playtime":1135,"items_purged":[],"score":132,"play_id":"13c56d6a-2c40-4661-8aab-4c5203e2ad6b","local_time":"20210125204224","is_ascension_mode":true,"campfire_choices":[{"data":"Anger","floor":6,"key":"SMITH"},{"floor":11,"key":"REST"},{"floor":15,"key":"REST"}],"circlet_count":0,"master_deck":["Strike_R","Strike_R","Strike_R","Strike_R","Strike_R","Defend_R","Defend_R","Defend_R","Defend_R","Bash","Armaments","Anger+1","Thunderclap","Flame Barrier","ReplayTheSpireMod:Stacked","Shockwave"],"relics":["Burning Blood","Counterbalance","TungstenRod","Replay:Wax Seal","Magic Flower","Omamori","Ring of Fury","ReplayTheSpireMod:Ring of Challenge"],"acts_visited":["Exordium"],"potions_floor_usage":[5,7,10,12],"damage_taken":[{"damage":8,"enemies":"Jaw Worm","floor":1,"turns":4},{"damage":0,"enemies":"2 Louse","floor":2,"turns":2},{"damage":1,"enemies":"Cultist","floor":4,"turns":3},{"damage":33,"enemies":"Large Slime","floor":5,"turns":6},{"damage":32,"enemies":"3 Sentries","floor":7,"turns":10},{"damage":22,"enemies":"Gremlin Nob","floor":10,"turns":5},{"damage":13,"enemies":"Lots of Slimes","floor":12,"turns":5},{"damage":39,"enemies":"Lagavulin","floor":13,"turns":10},{"damage":62,"enemies":"Slime Boss","floor":16,"turns":7}],"seed_played":"-1446692383752481770","potions_obtained":[{"floor":1,"key":"Energy Potion"},{"floor":2,"key":"FearPotion"},{"floor":7,"key":"PowerPotion"},{"floor":12,"key":"BloodPotion"}],"is_trial":false,"path_per_floor":["M","M","?","M","M","R","E","T","T","E","R","M","E","?","R","B"],"character_chosen":"IRONCLAD","items_purchased":[],"campfire_rested":2,"item_purchase_floors":[],"current_hp_per_floor":[86,88,88,88,61,61,35,35,35,19,45,58,28,28,54,0,0],"gold":263,"neow_bonus":"TEN_PERCENT_HP_BONUS","is_daily":false,"chose_seed":false,"campfire_upgraded":1,"win_rate":0.0,"timestamp":1611571344,"path_taken":["M","M","?","M","M","R","E","?","T","E","R","M","E","?","R","BOSS"],"items_purchased_type":[],"build_version":"2020-12-22","purchased_purges":0,"victory":false,"max_hp_per_floor":[88,88,88,88,88,88,88,88,88,88,88,88,88,88,88,88,88],"card_choices":[{"not_picked":["Massacre","ReplayTheSpireMod:Strike From Hell"],"picked":"Armaments","floor":1},{"not_picked":["Uppercut","Body Slam"],"picked":"Anger","floor":2},{"not_picked":["Entrench","Cleave"],"picked":"Thunderclap","floor":4},{"not_picked":["Heavy Blade","Clothesline"],"picked":"Flame Barrier","floor":5},{"not_picked":["Exhume","Power Through"],"picked":"ReplayTheSpireMod:Stacked","floor":7},{"not_picked":["Sword Boomerang","Twin Strike","True Grit"],"picked":"SKIP","floor":10},{"not_picked":["Whirlwind","Defy Death","ReplayTheSpireMod:Strike From Hell"],"picked":"SKIP","floor":12},{"not_picked":["Replay:Many Hands","Second Wind"],"picked":"Shockwave","floor":13}],"player_experience":40204,"relics_obtained":[{"floor":7,"key":"Counterbalance"},{"floor":8,"key":"TungstenRod"},{"floor":9,"key":"Replay:Wax Seal"},{"floor":10,"key":"Magic Flower"},{"floor":13,"key":"Omamori"},{"floor":14,"key":"Ring of Fury"},{"floor":14,"key":"ReplayTheSpireMod:Ring of Challenge"}],"event_choices":[{"damage_healed":0,"gold_gain":0,"player_choice":"Ignored","damage_taken":0,"max_hp_gain":0,"max_hp_loss":0,"event_name":"Golden Wing","floor":3,"gold_loss":0}],"is_beta":false,"boss_relics":[],"items_purged_floors":[],"is_endless":false,"potions_floor_spawned":[1,2,7,12],"killed_by":"Slime Boss","ascension_level":2}}