{"host":"j0rajrfs2q3wozdq","time":1611590865,"event":{"mods":["BaseMod","Colored Powertips","HololiveMod","Koishi","Lobotomy","LobotomyExtend","Minty Spire (QoL Compilation)","Prisma Mod","Quick Restart","Remilia¡]Á¢¦Ì²ú?¡^","Replay The Spire","Shop Mod","StSLib","The Alterego","WarShipGirlsR/??¤Ö¤kR mod","Yakumo Yukari mod","Youmu¡]»î¾z§¯?¡^"],"gold_per_floor":[110,122,102,120,6,40,40,40,89,89,102,113,113,133,133,133,133],"floor_reached":16,"language":"ZHS","playtime":1115,"items_purged":["alterego_mod:Strike"],"score":102,"play_id":"a77d8f2e-dab6-4df4-9051-b7f295ea9172","local_time":"20210126000745","is_ascension_mode":false,"campfire_choices":[{"data":"alterego_mod:IndependentAction","floor":7,"key":"SMITH"},{"data":"alterego_mod:BrynhildrsRune","floor":10,"key":"SMITH"},{"data":"alterego_mod:MaintainEyeContact","floor":15,"key":"SMITH"}],"circlet_count":0,"master_deck":["alterego_mod:Strike","alterego_mod:Strike","alterego_mod:Strike","alterego_mod:Defend","alterego_mod:Defend","alterego_mod:Defend","alterego_mod:Defend","alterego_mod:Impale","alterego_mod:BrynhildrsRune+1","alterego_mod:SakuraPetals","alterego_mod:IndependentAction+1","OldLady","Wellcheers","alterego_mod:MaintainEyeContact+1"],"relics":["alterego_mod:MasochisticConstitution","CogitoBucket","Bag of Preparation","Happy Flower"],"acts_visited":["Exordium"],"potions_floor_usage":[16],"damage_taken":[{"damage":0,"enemies":"Small Slimes","floor":1,"turns":3},{"damage":3,"enemies":"Jaw Worm","floor":2,"turns":7},{"damage":8,"enemies":"2 Louse","floor":4,"turns":2},{"damage":45,"enemies":"3 Sentries","floor":6,"turns":10},{"damage":19,"enemies":"Exordium Thugs","floor":11,"turns":6},{"damage":15,"enemies":"Large Slime","floor":12,"turns":5},{"damage":3,"enemies":"Blue Slaver","floor":14,"turns":10},{"damage":62,"enemies":"Fading Forest","floor":16,"turns":10}],"seed_played":"8949709228331781374","potions_obtained":[{"floor":1,"key":"Elixir"},{"floor":6,"key":"FairyPotion"},{"floor":12,"key":"Ancient Potion"}],"is_trial":false,"path_per_floor":["M","M","?","M","$","E","R","?","T","R","M","M","$","M","R","B"],"character_chosen":"The_Alterego","items_purchased":["alterego_mod:IndependentAction"],"campfire_rested":0,"item_purchase_floors":[5],"current_hp_per_floor":[70,68,68,61,61,31,31,31,31,31,20,6,6,11,11,0,0],"gold":133,"neow_bonus":"","is_daily":false,"chose_seed":false,"campfire_upgraded":3,"win_rate":0.0,"timestamp":1611590865,"path_taken":["M","M","?","M","?","E","R","?","T","R","M","M","?","M","R","BOSS"],"items_purchased_type":["Card"],"build_version":"2020-12-22","purchased_purges":1,"victory":false,"max_hp_per_floor":[70,71,71,72,72,73,73,73,73,73,74,75,75,76,76,76,76],"card_choices":[{"not_picked":["alterego_mod:BreastValley","alterego_mod:SakuraFive","alterego_mod:Swimsuit"],"picked":"SKIP","floor":1},{"not_picked":["alterego_mod:1TonWallop","alterego_mod:BustOut"],"picked":"alterego_mod:SakuraPetals","floor":2},{"not_picked":["alterego_mod:Complex","alterego_mod:TrashNCrash","alterego_mod:BusterCard"],"picked":"SKIP","floor":4},{"not_picked":["alterego_mod:PainIsPleasure","alterego_mod:Table"],"picked":"alterego_mod:Bounce","floor":6},{"not_picked":["OSAHOGD","QueenOfHatred"],"picked":"OldLady","floor":11},{"not_picked":["alterego_mod:Smother","alterego_mod:SakuraFive","alterego_mod:1TonWallop"],"picked":"SKIP","floor":11},{"not_picked":["PunishingBird","Murderer","CrumblingArmor"],"picked":"Singing Bowl","floor":12},{"not_picked":["alterego_mod:PurpleHair","alterego_mod:PerceptionDisorder","alterego_mod:Pet"],"picked":"SKIP","floor":12},{"not_picked":["QueenBee","BigBadWolf"],"picked":"Wellcheers","floor":14},{"not_picked":["alterego_mod:MagicResistance","alterego_mod:Birthday"],"picked":"alterego_mod:MaintainEyeContact","floor":14}],"player_experience":33787,"relics_obtained":[{"floor":6,"key":"Bag of Preparation"},{"floor":9,"key":"Happy Flower"}],"event_choices":[{"damage_healed":0,"gold_gain":0,"player_choice":"Ignored","damage_taken":0,"max_hp_gain":0,"max_hp_loss":0,"event_name":"Golden Idol","floor":8,"gold_loss":0}],"is_beta":false,"boss_relics":[],"items_purged_floors":[5],"is_endless":false,"potions_floor_spawned":[1,6,12],"killed_by":"Fading Forest","ascension_level":0}}