{"host":"z2o61o1qvcmvhuul","time":1611590804,"event":{"mods":["BaseMod","Minty Spire (QoL Compilation)","Quick Restart","StSLib","SuperFastMode"],"gold_per_floor":[119,136,152,29,41,41,60,60,60,60,70,70,70,89,89,185,185,197,197,97,12,12,12,26,26,53,66,78,78,30,40,40,138,138,149,149,149,119,32,32,32,32,32,45,59,59,69,80,80,80],"floor_reached":51,"language":"ZHS","playtime":1080,"items_purged":["Defend_G","Dodge and Roll"],"score":787,"play_id":"4e3a470c-fcb8-43a9-8eab-ad7e05a79570","local_time":"20210126000644","is_ascension_mode":true,"campfire_choices":[{"data":"Blade Dance","floor":6.0,"key":"SMITH"},{"data":"Neutralize","floor":13.0,"key":"SMITH"},{"data":"Dagger Spray","floor":15.0,"key":"SMITH"},{"data":"Blade Dance","floor":23.0,"key":"SMITH"},{"data":"Cloak And Dagger","floor":25.0,"key":"SMITH"},{"data":"Doppelganger","floor":29,"key":"SMITH"},{"floor":32,"key":"REST"},{"data":"Phantasmal Killer","floor":40,"key":"SMITH"},{"data":"Madness","floor":42,"key":"SMITH"},{"data":"Madness","floor":46,"key":"SMITH"},{"data":"Night Terror","floor":49,"key":"SMITH"}],"circlet_count":0,"master_deck":["Survivor","Neutralize+1","Blade Dance+1","Die Die Die","Cloak And Dagger+1","Dagger Spray+1","Blade Dance+1","A Thousand Cuts+1","Dash","Calculated Gamble","Doppelganger+1","Dodge and Roll","Slice","Night Terror+1","Die Die Die","Caltrops+1","Concentrate+1","Accuracy+1","Backflip","Escape Plan","Phantasmal Killer+1","Backflip+1","Madness+1","Madness+1","PanicButton","Accuracy+1","Footwork+1","Parasite"],"relics":["Ring of the Snake","NeowsBlessing","Frozen Egg 2","Ornamental Fan","Gremlin Horn","Pandora\u0027s Box","Paper Crane","Strawberry","Coffee Dripper","Blue Candle"],"acts_visited":["Exordium","TheCity","TheBeyond"],"potions_floor_usage":[27,28,33,45,47,50,50],"damage_taken":[{"damage":0.0,"enemies":"Cultist","floor":1.0,"turns":1.0},{"damage":0.0,"enemies":"Small Slimes","floor":2.0,"turns":1.0},{"damage":0.0,"enemies":"Jaw Worm","floor":3.0,"turns":1.0},{"damage":2.0,"enemies":"2 Fungi Beasts","floor":5.0,"turns":3.0},{"damage":3.0,"enemies":"Exordium Wildlife","floor":7.0,"turns":3.0},{"damage":0.0,"enemies":"Blue Slaver","floor":11.0,"turns":3.0},{"damage":0.0,"enemies":"3 Louse","floor":14.0,"turns":1.0},{"damage":2.0,"enemies":"Slime Boss","floor":16.0,"turns":6.0},{"damage":14.0,"enemies":"2 Thieves","floor":18.0,"turns":3.0},{"damage":11.0,"enemies":"Shell Parasite","floor":24.0,"turns":4.0},{"damage":8,"enemies":"Snecko","floor":27,"turns":5},{"damage":15,"enemies":"Shelled Parasite and Fungi","floor":28,"turns":4},{"damage":8,"enemies":"Chosen and Byrds","floor":31,"turns":2},{"damage":29,"enemies":"Champ","floor":33,"turns":9},{"damage":0,"enemies":"Orb Walker","floor":35,"turns":3},{"damage":0,"enemies":"3 Shapes","floor":44,"turns":2},{"damage":14,"enemies":"Transient","floor":45,"turns":5},{"damage":2,"enemies":"4 Shapes","floor":47,"turns":3},{"damage":4,"enemies":"Writhing Mass","floor":48,"turns":3},{"damage":15,"enemies":"Donu and Deca","floor":50,"turns":5}],"seed_played":"-3857154557240952544","potions_obtained":[{"floor":1.0,"key":"GamblersBrew"},{"floor":11.0,"key":"CunningPotion"},{"floor":14.0,"key":"AttackPotion"},{"floor":18.0,"key":"Explosive Potion"},{"floor":24.0,"key":"LiquidMemories"},{"floor":35,"key":"Fruit Juice"},{"floor":38,"key":"GhostInAJar"},{"floor":38,"key":"DuplicationPotion"},{"floor":48,"key":"DistilledChaos"}],"is_trial":false,"path_per_floor":["M","M","M","$","M","R","M","$","T","?","M","T","R","M","R","B",null,"M","?","$","?","$","R","M","R","T","M","M","R","$","M","R","B",null,"M","?","?","?","$","R","$","R","T","M","M","R","M","M","R","B",null],"character_chosen":"THE_SILENT","items_purchased":["Blade Dance","Backflip","PanicButton"],"campfire_rested":1,"item_purchase_floors":[4,30,39],"current_hp_per_floor":[70,70,70,70,68,68,65,65,65,65,65,65,65,65,65,63,70,56,56,56,56,56,56,45,45,52,44,29,29,29,21,44,15,77,77,77,67,67,67,67,67,67,67,67,58,58,56,52,52,37],"gold":80,"neow_bonus":"THREE_ENEMY_KILL","is_daily":false,"chose_seed":false,"campfire_upgraded":10,"win_rate":0.0,"timestamp":1611590804,"path_taken":["M","M","M","$","M","R","M","?","T","?","M","?","R","M","R","BOSS","M","?","$","?","?","R","M","R","T","M","M","R","$","M","R","BOSS","M","?","?","?","$","R","$","R","T","M","M","R","?","M","R","BOSS"],"items_purchased_type":["Card","Card","Card"],"build_version":"2020-12-22","purchased_purges":2,"victory":true,"max_hp_per_floor":[70,70,70,70,70,70,70,70,70,70,70,70,70,70,70,70,70,70,70,70,70,70,70,70,70,77,77,77,77,77,77,77,77,77,77,77,77,77,77,77,77,77,77,77,82,82,82,82,82,82],"card_choices":[{"not_picked":["Footwork","Escape Plan","Poisoned Stab"],"picked":"SKIP","floor":1.0},{"not_picked":["Flying Knee","Flechettes","Dash"],"picked":"SKIP","floor":2.0},{"not_picked":["Calculated Gamble","Slice","Backflip"],"picked":"SKIP","floor":3.0},{"not_picked":["Crippling Poison","Poisoned Stab"],"picked":"Die Die Die","floor":5.0},{"not_picked":["Skewer","Slice"],"picked":"Cloak And Dagger","floor":7.0},{"not_picked":["Dodge and Roll","Dagger Throw"],"picked":"Dagger Spray","floor":11.0},{"not_picked":["Deflect","Underhanded Strike"],"picked":"Blade Dance","floor":14.0},{"not_picked":["Corpse Explosion","Tools of the Trade+1"],"picked":"A Thousand Cuts+1","floor":16.0},{"not_picked":["Noxious Fumes+1","Crippling Poison","Dagger Throw"],"picked":"SKIP","floor":18.0},{"not_picked":["Deflect","Dodge and Roll"],"picked":"Concentrate+1","floor":24.0},{"not_picked":["Prepared","Blur"],"picked":"Accuracy+1","floor":27},{"not_picked":["Blade Dance","Quick Slash","Caltrops+1"],"picked":"SKIP","floor":28},{"not_picked":["Blur","Setup+1"],"picked":"Escape Plan","floor":31},{"not_picked":["Doppelganger","Corpse Explosion"],"picked":"Phantasmal Killer","floor":33},{"not_picked":["Poisoned Stab","Caltrops+1"],"picked":"Backflip+1","floor":35},{"not_picked":["Sucker Punch+1","Deadly Poison"],"picked":"Accuracy+1","floor":44},{"not_picked":["Quick Slash+1","Riddle With Holes","Infinite Blades+1"],"picked":"SKIP","floor":45},{"not_picked":["Dagger Throw+1","Corpse Explosion"],"picked":"Footwork+1","floor":47},{"not_picked":["Dagger Throw+1","Deflect+1","Prepared+1"],"picked":"SKIP","floor":48}],"player_experience":316252,"relics_obtained":[{"floor":9.0,"key":"Frozen Egg 2"},{"floor":12.0,"key":"Gremlin Horn"},{"floor":26.0,"key":"Strawberry"},{"floor":43,"key":"Blue Candle"}],"event_choices":[{"damage_healed":0.0,"max_hp_gain":0.0,"max_hp_loss":0.0,"gold_gain":0.0,"event_name":"Dead Adventurer","player_choice":"Searched \u00271\u0027 times","floor":10.0,"gold_loss":0.0,"damage_taken":0.0,"relics_obtained":["Ornamental Fan"]},{"damage_healed":0.0,"max_hp_gain":0.0,"max_hp_loss":0.0,"gold_gain":0.0,"event_name":"Ghosts","player_choice":"Ignored","floor":19.0,"gold_loss":0.0,"damage_taken":0.0},{"damage_healed":0.0,"max_hp_gain":0.0,"max_hp_loss":0.0,"gold_gain":0.0,"event_name":"Addict","player_choice":"Obtained Relic","floor":21.0,"gold_loss":85.0,"damage_taken":0.0,"relics_obtained":["Paper Crane"]},{"damage_healed":0,"gold_gain":0,"player_choice":"Ignored","damage_taken":0,"max_hp_gain":0,"max_hp_loss":0,"event_name":"Mysterious Sphere","floor":36,"gold_loss":0},{"damage_healed":0,"gold_gain":0,"player_choice":"Embrace Madness","damage_taken":10,"max_hp_gain":0,"max_hp_loss":0,"event_name":"Winding Halls","floor":37,"gold_loss":0,"cards_obtained":["Madness","Madness"]},{"damage_healed":0,"gold_gain":0,"player_choice":"Bought 2 Potions","damage_taken":0,"max_hp_gain":0,"max_hp_loss":0,"event_name":"The Woman in Blue","floor":38,"gold_loss":0}],"is_beta":false,"boss_relics":[{"not_picked":["Ring of the Serpent","SlaversCollar"],"picked":"Pandora\u0027s Box"},{"not_picked":["Runic Pyramid","Tiny House"],"picked":"Coffee Dripper"}],"items_purged_floors":[4,20],"is_endless":false,"potions_floor_spawned":[1,11,14,18,24,35,48],"ascension_level":4}}