{"host":"emhkbx8w48tb1pjr","time":1611578152,"event":{"mods":["AchievementEnabler","BaseMod","Better Note","Colored Map","Colored Powertips","DeckTracker","Downfall","Googly Eyes","Minty Spire (QoL Compilation)","Quick Restart","Rare Cards Sparkle","StSLib","The Jungle","everything is the same but u backflip on backflip"],"gold_per_floor":[115,190,204,217,227,261,275,275,275,303,478,478,478,186,186,309,309,330,330,354,374,70,70,104,123,123,146,171,195,214,214,214,333,333,347,370,119,142,17,17,41,41,121,121,145,478,488,89,89,89],"floor_reached":51,"language":"ENG","playtime":2192,"items_purged":["Doubt","Shame","Strike_G"],"score":769,"play_id":"f3b99263-0938-4d22-b15d-789f426c7f30","local_time":"20210125133552","is_ascension_mode":true,"campfire_choices":[{"floor":8,"key":"REST"},{"floor":15,"key":"REST"},{"floor":23,"key":"REST"},{"floor":32,"key":"REST"},{"data":"Adrenaline","floor":40,"key":"SMITH"},{"floor":42,"key":"REST"},{"floor":49,"key":"REST"}],"circlet_count":0,"master_deck":["Strike_G","Strike_G","Strike_G","Strike_G","Defend_G","Defend_G","Defend_G+1","Defend_G","Defend_G","Survivor","Neutralize","Deadly Poison","Backflip+1","Deadly Poison","PiercingWail","Infinite Blades","Apotheosis","Dagger Spray","Infinite Blades","Adrenaline+1","Footwork+1","Backstab+1","Riddle With Holes","Adrenaline","After Image","Blur+1","Parasite"],"relics":["Ring of the Serpent","Dream Catcher","War Paint","Shuriken","Kunai","Pear","Snecko Eye","Ninja Scroll","Nunchaku","Gambling Chip","HornCleat","White Beast Statue","Vajra","Frozen Egg 2","Bronze Scales","Paper Crane"],"acts_visited":["Exordium","TheCity","TheBeyond"],"potions_floor_usage":[6,10,16,24,25,33,33,45,47,50,50,50],"damage_taken":[{"damage":3,"enemies":"Jaw Worm","floor":1,"turns":4},{"damage":0,"enemies":"2 Louse","floor":3,"turns":2},{"damage":8,"enemies":"Small Slimes","floor":4,"turns":3},{"damage":6,"enemies":"Looter","floor":5,"turns":3},{"damage":16,"enemies":"Gremlin Nob","floor":6,"turns":4},{"damage":10,"enemies":"Exordium Wildlife","floor":7,"turns":7},{"damage":8,"enemies":"Lagavulin","floor":10,"turns":6},{"damage":2,"enemies":"The Guardian","floor":16,"turns":10},{"damage":20,"enemies":"Spheric Guardian","floor":18,"turns":6},{"damage":0,"enemies":"3 Byrds","floor":21,"turns":5},{"damage":13,"enemies":"Gremlin Leader","floor":24,"turns":6},{"damage":1,"enemies":"Centurion and Healer","floor":25,"turns":6},{"damage":18,"enemies":"Cultist and Chosen","floor":27,"turns":7},{"damage":22,"enemies":"3 Cultists","floor":28,"turns":7},{"damage":0,"enemies":"Shelled Parasite and Fungi","floor":29,"turns":3},{"damage":9,"enemies":"Snecko","floor":30,"turns":5},{"damage":7,"enemies":"Champ","floor":33,"turns":8},{"damage":9,"enemies":"Orb Walker","floor":35,"turns":4},{"damage":0,"enemies":"3 Shapes","floor":36,"turns":5},{"damage":5,"enemies":"Sphere and 2 Shapes","floor":38,"turns":4},{"damage":2,"enemies":"4 Shapes","floor":41,"turns":3},{"damage":0,"enemies":"3 Darklings","floor":45,"turns":4},{"damage":23,"enemies":"Writhing Mass","floor":47,"turns":6},{"damage":56,"enemies":"Awakened One","floor":50,"turns":12}],"seed_played":"-5938502528027900205","potions_obtained":[{"floor":1,"key":"Poison Potion"},{"floor":6,"key":"Weak Potion"},{"floor":10,"key":"champ:CounterPotion"},{"floor":18,"key":"SneckoOil"},{"floor":24,"key":"Fruit Juice"},{"floor":27,"key":"sneckomod:MuddlingPotion"},{"floor":28,"key":"GhostInAJar"},{"floor":29,"key":"LiquidMemories"},{"floor":33,"key":"DistilledChaos"},{"floor":35,"key":"SpeedPotion"},{"floor":36,"key":"EssenceOfSteel"},{"floor":38,"key":"Weak Potion"},{"floor":45,"key":"DistilledChaos"},{"floor":47,"key":"BlessingOfTheForge"}],"is_trial":false,"path_per_floor":["M","?","M","M","M","E","M","R","T","E","?","?","?","$","R","B",null,"M","?","T","M","$","R","E","M","T","M","M","M","M","?","R","B",null,"M","M","$","M","$","R","M","R","T","$","M","?","M","$","R","B",null],"character_chosen":"THE_SILENT","items_purchased":["Apotheosis","Dagger Spray","Gambling Chip","Vajra","Bronze Scales","Paper Crane"],"campfire_rested":6,"item_purchase_floors":[14,14,22,37,48,48],"current_hp_per_floor":[67,56,56,48,42,26,16,37,37,29,29,32,32,32,54,52,74,54,54,54,54,54,74,66,65,65,47,25,25,16,16,39,32,79,70,70,70,65,65,65,63,79,79,79,79,79,56,56,79,23],"gold":89,"neow_bonus":"RANDOM_COMMON_RELIC","is_daily":false,"chose_seed":false,"campfire_upgraded":1,"win_rate":0.0,"timestamp":1611578152,"path_taken":["M","?","M","M","M","E","M","R","T","E","?","?","?","$","R","BOSS","M","?","?","M","$","R","E","M","T","M","M","M","?","?","R","BOSS","M","?","$","M","$","R","M","R","T","?","M","?","M","?","R","BOSS"],"items_purchased_type":["Card","Card","Relic","Relic","Relic","Relic"],"build_version":"2020-12-22","purchased_purges":3,"victory":true,"max_hp_per_floor":[70,70,70,70,70,70,70,70,70,70,70,80,74,74,74,74,74,74,74,74,74,74,74,79,79,79,79,79,79,79,79,79,79,79,79,79,79,79,79,79,79,79,79,79,79,79,79,79,79,79],"card_choices":[{"not_picked":["Dash","Reflex"],"picked":"Deadly Poison","floor":1},{"not_picked":["Flying Knee","All Out Attack"],"picked":"Backflip","floor":3},{"not_picked":["Dagger Throw","Backflip"],"picked":"Deadly Poison","floor":4},{"not_picked":["Deflect","Underhanded Strike"],"picked":"PiercingWail","floor":5},{"not_picked":["Terror","Underhanded Strike","Dagger Throw"],"picked":"SKIP","floor":6},{"not_picked":["Flying Knee","Riddle With Holes"],"picked":"Infinite Blades","floor":7},{"not_picked":["Dagger Throw","Prepared","Quick Slash"],"picked":"SKIP","floor":10},{"not_picked":["Crippling Poison","Dagger Spray"],"picked":"Infinite Blades","floor":15},{"not_picked":["Venomology","Unload"],"picked":"Adrenaline","floor":16},{"not_picked":["Calculated Gamble","Bane","Slice"],"picked":"SKIP","floor":18},{"not_picked":["Acrobatics","Sucker Punch"],"picked":"Footwork+1","floor":21},{"not_picked":["Quick Slash","Deflect"],"picked":"Backstab+1","floor":23},{"not_picked":["Backflip+1","Escape Plan+1","Dagger Spray"],"picked":"SKIP","floor":24},{"not_picked":["Prepared","Sucker Punch","Deadly Poison"],"picked":"SKIP","floor":25},{"not_picked":["Phantasmal Killer","Deflect","Outmaneuver"],"picked":"SKIP","floor":27},{"not_picked":["Finisher+1","Slice"],"picked":"Riddle With Holes","floor":28},{"not_picked":["Flechettes","Masterful Stab","Backflip"],"picked":"SKIP","floor":29},{"not_picked":["Outmaneuver","Underhanded Strike","Deadly Poison+1"],"picked":"SKIP","floor":30},{"not_picked":["Phantasmal Killer","Malaise"],"picked":"After Image","floor":33},{"not_picked":["Underhanded Strike+1","Bane","Deadly Poison"],"picked":"SKIP","floor":35},{"not_picked":["Quick Slash+1","Reflex+1"],"picked":"Blur+1","floor":36},{"not_picked":["Flying Knee+1","Flechettes","Tactician"],"picked":"SKIP","floor":38},{"not_picked":["Outmaneuver","Skewer+1","Dagger Spray+1"],"picked":"SKIP","floor":41},{"not_picked":["Dagger Spray+1","Slice","Distraction"],"picked":"SKIP","floor":45},{"not_picked":["Prepared","Bane","Eviscerate"],"picked":"SKIP","floor":47}],"player_experience":31710,"relics_obtained":[{"floor":6,"key":"War Paint"},{"floor":9,"key":"Shuriken"},{"floor":10,"key":"Kunai"},{"floor":20,"key":"Nunchaku"},{"floor":24,"key":"HornCleat"},{"floor":26,"key":"White Beast Statue"},{"floor":43,"key":"Frozen Egg 2"}],"event_choices":[{"damage_healed":0,"gold_gain":75,"player_choice":"Gather Gold","damage_taken":11,"max_hp_gain":0,"max_hp_loss":0,"event_name":"World of Goop","floor":2,"gold_loss":0},{"damage_healed":0,"gold_gain":175,"player_choice":"AGREE","damage_taken":0,"max_hp_gain":0,"max_hp_loss":0,"event_name":"Liars Game","floor":11,"gold_loss":0,"cards_obtained":["Doubt"]},{"damage_healed":0,"gold_gain":0,"player_choice":"Success","damage_taken":7,"relics_obtained":["Pear"],"max_hp_gain":0,"max_hp_loss":0,"event_name":"Scrap Ooze","floor":12,"gold_loss":0},{"damage_healed":0,"gold_gain":0,"player_choice":"Lose Max HP","damage_taken":0,"relics_obtained":["Golden Idol"],"max_hp_gain":0,"max_hp_loss":6,"event_name":"Golden Idol","floor":13,"gold_loss":0},{"damage_healed":0,"gold_gain":0,"player_choice":"Stole Relic","damage_taken":0,"relics_obtained":["Ninja Scroll"],"max_hp_gain":0,"max_hp_loss":0,"event_name":"Addict","floor":19,"gold_loss":0,"cards_obtained":["Shame"]},{"damage_healed":0,"gold_gain":0,"player_choice":"Copied","damage_taken":0,"max_hp_gain":0,"max_hp_loss":0,"event_name":"Duplicator","floor":31,"gold_loss":0,"cards_obtained":["Adrenaline"]},{"damage_healed":0,"gold_gain":333,"player_choice":"Gave Idol","damage_taken":0,"max_hp_gain":0,"max_hp_loss":0,"event_name":"The Moai Head","floor":46,"relics_lost":["Golden Idol"],"gold_loss":0}],"is_beta":false,"boss_relics":[{"not_picked":["Busted Crown","Calling Bell"],"picked":"Snecko Eye"},{"not_picked":["Cursed Key","Philosopher\u0027s Stone"],"picked":"Ring of the Serpent"}],"items_purged_floors":[14,37,39],"is_endless":false,"potions_floor_spawned":[1,6,10,18,24,27,28,29,30,33,35,36,38,41,45,47],"ascension_level":2}}