{"host":"nnt34ungdh9fkcmy","time":1611535528,"event":{"mods":["BaseMod","Downfall","Minty Spire (QoL Compilation)","StSLib","SuperFastMode"],"gold_per_floor":[99,114,129,129,579,594,669,684,699,729,729,759,759,290,305,414,414,314,329,97,112,127,157,157,172,187,217,217,417,432,462,477,586,586,386,401,416,431,450,468,468,468,21,44,82,105,137,175,198,198,198,198],"floor_reached":50,"language":"ENG","playtime":2849,"items_purged":["downfall:Malfunctioning","Normality"],"score":750,"play_id":"ff8d8791-c892-4d92-a5fb-8d40372b5b5f","local_time":"20210124174528","daily_mods":["Specialized","Vintage","downfall:WorldOfGoo"],"is_ascension_mode":false,"campfire_choices":[{"data":"hexamod:Float","floor":1.0,"key":"SMITH"},{"data":"hexamod:Sear","floor":11.0,"key":"SMITH"},{"floor":13.0,"key":"RECALL"},{"data":"hexamod:ForkedFlame","floor":18.0,"key":"SMITH"},{"data":"hexamod:GhostflameBarrier","floor":35.0,"key":"SMITH"},{"data":"hexamod:GhostflameBarrier","floor":42.0,"key":"SMITH"}],"circlet_count":0,"master_deck":["hexamod:Strike","hexamod:Strike","hexamod:Strike+1","hexamod:Strike+1","hexamod:Defend+1","hexamod:Defend","hexamod:Defend+1","hexamod:Defend","hexamod:Sear+1","hexamod:Float+1","hexamod:GhostflameBarrier+1","hexamod:GhostflameBarrier+1","hexamod:GhostflameBarrier","hexamod:GhostflameBarrier+1","hexamod:GhostflameBarrier+1","downfall:Icky","downfall:Icky","downfall:Icky","hexamod:FirstSeal","hexamod:EmpoweredFlame+1","hexamod:EmpoweredFlame+1","hexamod:ForkedFlame+1","hexamod:HexaLevel+1","hexamod:ExtraCrispy+1","hexamod:GhostOfSpirePresent+1","hexamod:FourthSeal","hexamod:SecondSeal","hexamod:ThirdSeal","hexamod:GhostOfSpirePresent+1","hexamod:EmpoweredFlame+1","hexamod:SixthSeal"],"relics":["hexamod:SpiritBrand","Frozen Egg 2","Slimebound:StickyStick","Potion Belt","Matryoshka","Blood Vial","Pantograph","Vajra","Akabeko","DollysMirror","CeramicFish","bronze:MakeshiftBattery","downfall:HeartBlessingRed","Centennial Puzzle","Bronze Scales","Toy Ornithopter","PreservedInsect","Mercury Hourglass","Sundial","Gremlin Horn","Mummified Hand","Pear","The Courier","HornCleat","Lizard Tail","Omamori","Cursed Key","downfall:HeartBlessingGreen","downfall:HeartBlessingBlue","Whetstone","Boot","Bag of Marbles","downfall:ExtraCursedBell","Art of War","Slimebound:PreparedRelic","Incense Burner","bronze:BronzeIdol","TungstenRod","Orichalcum","Juzu Bracelet","Bottled Flame","Anchor","StoneCalendar","Pen Nib"],"acts_visited":["Exordium","TheCity","TheBeyond"],"potions_floor_usage":[50,50,50],"damage_taken":[{"damage":0.0,"enemies":"Small Slimes","floor":2.0,"turns":4.0},{"damage":0.0,"enemies":"2 Louse","floor":3.0,"turns":4.0},{"damage":4.0,"enemies":"Jaw Worm","floor":6.0,"turns":8.0},{"damage":6.0,"enemies":"Lots of Slimes","floor":8.0,"turns":6.0},{"damage":15.0,"enemies":"Gremlin Gang","floor":9.0,"turns":7.0},{"damage":20.0,"enemies":"Lagavulin","floor":10.0,"turns":16.0},{"damage":1.0,"enemies":"3 Sentries","floor":12.0,"turns":11.0},{"damage":0.0,"enemies":"downfall:FleeingMerchant","floor":14.0,"turns":4.0},{"damage":0.0,"enemies":"2 Fungi Beasts","floor":15.0,"turns":4.0},{"damage":6.0,"enemies":"SI_SHIV_ARCHETYPE","floor":16.0,"turns":10.0},{"damage":0.0,"enemies":"3 Byrds","floor":19.0,"turns":4.0},{"damage":3.0,"enemies":"downfall:FleeingMerchant","floor":20.0,"turns":4.0},{"damage":4.0,"enemies":"Spheric Guardian","floor":21.0,"turns":5.0},{"damage":4.0,"enemies":"Centurion and Healer","floor":22.0,"turns":9.0},{"damage":1.0,"enemies":"Book of Stabbing","floor":23.0,"turns":4.0},{"damage":0.0,"enemies":"Snake Plant","floor":25.0,"turns":3.0},{"damage":10.0,"enemies":"3 Cultists","floor":26.0,"turns":5.0},{"damage":0.0,"enemies":"Gremlin Leader","floor":27.0,"turns":4.0},{"damage":7.0,"enemies":"Snecko","floor":30.0,"turns":4.0},{"damage":0.0,"enemies":"Slavers","floor":31.0,"turns":4.0},{"damage":5.0,"enemies":"Shelled Parasite and Fungi","floor":32.0,"turns":3.0},{"damage":30.0,"enemies":"WA_ARCHETYPE_CALM","floor":33.0,"turns":10.0},{"damage":9.0,"enemies":"3 Shapes","floor":36.0,"turns":4.0},{"damage":5.0,"enemies":"3 Darklings","floor":37.0,"turns":6.0},{"damage":7.0,"enemies":"Writhing Mass","floor":38.0,"turns":7.0},{"damage":0.0,"enemies":"downfall:FleeingMerchant","floor":43.0,"turns":4.0},{"damage":0.0,"enemies":"4 Shapes","floor":44.0,"turns":6.0},{"damage":1.0,"enemies":"Reptomancer","floor":45.0,"turns":5.0},{"damage":36.0,"enemies":"Transient","floor":46.0,"turns":5.0},{"damage":6.0,"enemies":"Writhing Mass","floor":47.0,"turns":6.0},{"damage":14.0,"enemies":"2 Orb Walkers","floor":48.0,"turns":5.0},{"damage":4.0,"enemies":"Sphere and 2 Shapes","floor":49.0,"turns":6.0},{"damage":195,"enemies":"IC_BLOCK_ARCHETYPE","floor":50,"turns":6}],"seed_played":"-992185634128019100","potions_obtained":[{"floor":3.0,"key":"Regen Potion"},{"floor":6.0,"key":"AttackPotion"},{"floor":9.0,"key":"Block Potion"},{"floor":16.0,"key":"SteroidPotion"},{"floor":21.0,"key":"LiquidMemories"},{"floor":25.0,"key":"Strength Potion"},{"floor":27.0,"key":"Explosive Potion"},{"floor":31.0,"key":"Dexterity Potion"},{"floor":32.0,"key":"Ancient Potion"},{"floor":33.0,"key":"SkillPotion"},{"floor":44.0,"key":"SkillPotion"},{"floor":45.0,"key":"ColorlessPotion"},{"floor":46.0,"key":"Weak Potion"},{"floor":48.0,"key":"FearPotion"},{"floor":49.0,"key":"hexamod:SoulburnPotion"}],"is_trial":false,"path_per_floor":["R","M","M","?","?","M","T","M","M","E","R","E","R","$","M","B",null,"R","M","$","M","M","E","T","M","M","E","?","?","M","E","M","B",null,"R","M","M","M","?","?","T","R","$","M","E","M","M","?","M","B"],"character_chosen":"THE_SPIRIT","items_purchased":["hexamod:EmpoweredFlame+1","DollysMirror","hexamod:ForkedFlame","hexamod:ExtraCrispy+1","Bronze Scales","bronze:BronzeIdol","TungstenRod"],"campfire_rested":0,"item_purchase_floors":[14,14,14,20,20,43,43],"current_hp_per_floor":[70,70,70,70,70,66,66,60,47,44,44,45,45,47,56,64,70,70,70,70,70,66,70,70,70,67,80,80,80,80,80,75,57,80,90,88,90,90,90,90,90,90,90,90,90,61,64,64,69,0,0,0],"gold":198,"neow_bonus":"","is_daily":true,"chose_seed":false,"campfire_upgraded":5,"win_rate":0.0,"timestamp":1611535528,"path_taken":["R","M","M","?","?","M","T","M","M","E","R","E","R","?","M","BOSS","R","M","$","M","?","E","T","?","M","E","?","?","M","E","M","BOSS","R","M","M","?","?","?","T","R","$","M","E","M","M","?","M","BOSS"],"items_purchased_type":["Card","Relic","Card","Card","Relic","Relic","Relic"],"build_version":"2020-12-22","purchased_purges":2,"victory":false,"max_hp_per_floor":[70,70,70,70,70,70,70,70,70,70,70,70,70,70,70,70,70,70,70,70,70,70,70,70,70,70,80,80,80,80,80,80,80,80,90,90,90,90,90,90,90,90,90,90,90,90,90,90,90,90,90,90],"card_choices":[{"not_picked":["hexamod:BurningTouch","hexamod:Again"],"picked":"hexamod:FlamesFromBeyond","floor":10.0},{"not_picked":["hexamod:GhostShield","hexamod:HeatShield","hexamod:Rewind"],"picked":"SKIP","floor":12.0},{"not_picked":["hexamod:HeatMetal","hexamod:SpectersWail"],"picked":"hexamod:FirstSeal","floor":14.0},{"not_picked":["hexamod:ApocalypseNow","hexamod:SearingWound"],"picked":"hexamod:HexaLevel+1","floor":16.0},{"not_picked":["hexamod:HeatShield","hexamod:SkipABeat","hexamod:Rewind"],"picked":"SKIP","floor":20.0},{"not_picked":["hexamod:FastForward","hexamod:GhostLash+1","hexamod:Again"],"picked":"SKIP","floor":23.0},{"not_picked":["hexamod:GhostLash","hexamod:NightmareStrike+1","hexamod:FirstSeal"],"picked":"SKIP","floor":27.0},{"not_picked":["hexamod:Firestarter","hexamod:NightmareGuise","hexamod:TurnItUp"],"picked":"SKIP","floor":31.0},{"not_picked":["hexamod:SearingWound","hexamod:ParanormalForm+1"],"picked":"hexamod:GhostOfSpirePresent+1","floor":33.0},{"not_picked":["hexamod:InspiringFlames+1","hexamod:Firestarter","hexamod:BurningTouch+1"],"picked":"SKIP","floor":43.0},{"not_picked":["hexamod:HeatMetal+1","hexamod:NightmareStrike","hexamod:BacktrackSmack+1"],"picked":"SKIP","floor":43.0},{"not_picked":["hexamod:RecurringNightmare","hexamod:RetreatToShadows+1","hexamod:FlamesFromBeyond"],"picked":"SKIP","floor":44.0},{"not_picked":["hexamod:SkipABeat+1","hexamod:FlamesFromBeyond+1","hexamod:PhantomCloak+1"],"picked":"SKIP","floor":45.0},{"not_picked":["hexamod:RetreatToShadows+1","hexamod:SoulSteal","hexamod:SecondSeal"],"picked":"SKIP","floor":45.0},{"not_picked":["hexamod:SkipABeat+1","hexamod:FlamesFromBeyond+1","hexamod:PhantomCloak+1"],"picked":"SKIP","floor":45.0},{"not_picked":["hexamod:RetreatToShadows+1","hexamod:SoulSteal","hexamod:SecondSeal"],"picked":"SKIP","floor":45.0},{"not_picked":["hexamod:SkipABeat+1","hexamod:FlamesFromBeyond+1","hexamod:PhantomCloak+1"],"picked":"SKIP","floor":45.0},{"not_picked":["hexamod:RetreatToShadows+1","hexamod:SoulSteal","hexamod:SecondSeal"],"picked":"SKIP","floor":45.0},{"not_picked":["hexamod:FirstSeal","hexamod:GhostLash","hexamod:RetreatToShadows+1"],"picked":"SKIP","floor":46.0},{"not_picked":["hexamod:ChargedBarrage+1","hexamod:SuperheatedStrike"],"picked":"hexamod:EmpoweredFlame+1","floor":47.0},{"not_picked":["hexamod:AdvancingGuard+1","hexamod:ThermalTransfer"],"picked":"hexamod:SixthSeal","floor":48.0},{"not_picked":["hexamod:RainOfEmbers","hexamod:ThermalTransfer","hexamod:NightmareStrike"],"picked":"SKIP","floor":49.0}],"player_experience":256012,"relics_obtained":[{"floor":2.0,"key":"Frozen Egg 2"},{"floor":3.0,"key":"Slimebound:StickyStick"},{"floor":6.0,"key":"Potion Belt"},{"floor":7.0,"key":"Matryoshka"},{"floor":8.0,"key":"Blood Vial"},{"floor":9.0,"key":"Pantograph"},{"floor":10.0,"key":"Vajra"},{"floor":12.0,"key":"Akabeko"},{"floor":15.0,"key":"CeramicFish"},{"floor":19.0,"key":"Centennial Puzzle"},{"floor":21.0,"key":"Toy Ornithopter"},{"floor":22.0,"key":"PreservedInsect"},{"floor":23.0,"key":"Mercury Hourglass"},{"floor":24.0,"key":"Sundial"},{"floor":25.0,"key":"Gremlin Horn"},{"floor":26.0,"key":"Mummified Hand"},{"floor":27.0,"key":"Pear"},{"floor":30.0,"key":"HornCleat"},{"floor":31.0,"key":"Lizard Tail"},{"floor":32.0,"key":"Omamori"},{"floor":36.0,"key":"Whetstone"},{"floor":37.0,"key":"Boot"},{"floor":38.0,"key":"Bag of Marbles"},{"floor":40.0,"key":"Art of War"},{"floor":40.0,"key":"Slimebound:PreparedRelic"},{"floor":40.0,"key":"Incense Burner"},{"floor":44.0,"key":"Orichalcum"},{"floor":45.0,"key":"Juzu Bracelet"},{"floor":46.0,"key":"Bottled Flame"},{"floor":47.0,"key":"Anchor"},{"floor":48.0,"key":"StoneCalendar"},{"floor":49.0,"key":"Pen Nib"}],"event_choices":[{"damage_healed":0.0,"max_hp_gain":0.0,"max_hp_loss":0.0,"gold_gain":0.0,"event_name":"Mysterious Sphere","player_choice":"Fight","floor":48.0,"gold_loss":0.0,"damage_taken":0.0}],"is_beta":false,"boss_relics":[{"not_picked":["Black Star","Empty Cage"],"picked":"bronze:MakeshiftBattery"},{"not_picked":["hexamod:UnbrokenSoul","Sozu"],"picked":"Cursed Key"}],"items_purged_floors":[14,43],"is_endless":false,"potions_floor_spawned":[3,6,9,16,21,25,27,31,32,33,37,45,47,48],"killed_by":"IC_BLOCK_ARCHETYPE","ascension_level":0}}