{"host":"yjeq27nqd9iczda7","time":1611542345,"event":{"mods":["Arknights The Spire","BaseMod","Colored Map","Colored Powertips","GifTheSpireLib","Minty Spire (QoL Compilation)","Prisma Mod","StSLib","The Alterego","The Poker Player","Waifu the Spire"],"gold_per_floor":[112,15,15,30,48,81,81,81,81,111,42,54,54,68,68,169,169,187,204,6,24,24,24,24],"floor_reached":23,"language":"KOR","playtime":906,"items_purged":[],"score":201,"play_id":"300301b8-77c6-4600-9bec-94ae25abdca2","local_time":"20210125113905","is_ascension_mode":false,"campfire_choices":[{"floor":7,"key":"REST"},{"floor":15,"key":"REST"}],"circlet_count":0,"master_deck":["ats:Strike C","ats:Strike G","ats:Strike S","ats:Armor Crushing Shot","ats:Defend","ats:Defend","ats:Emotion Absorption","ats:Song Of Battle","ats:Serious Mode","ats:Cat Scratch","ats:Leaping Hammer","ats:Closed Bolt Burst Fire","ats:Very Hot Blade","ats:Chain Hook","ats:Cat Scratch","ats:Overload","ats:Encircling Forest","ats:Spore Proliferation","ats:Assault Order","ats:Calcification","ats:Leaping Hammer","ats:Red Shift","ats:Poison Spread","ats:Shell Defense"],"relics":["ats:Sanity","ats:Originium","Calipers","ats:Military Tradition","MealTicket","Empty Cage","ats:Hidden Killer"],"acts_visited":["Exordium","TheCity"],"potions_floor_usage":[6,10,16,16,23],"damage_taken":[{"damage":10,"enemies":"2 Louse","floor":1,"turns":3},{"damage":6,"enemies":"Cultist","floor":4,"turns":3},{"damage":6,"enemies":"Jaw Worm","floor":5,"turns":3},{"damage":33,"enemies":"3 Sentries","floor":6,"turns":5},{"damage":21,"enemies":"Lagavulin","floor":10,"turns":4},{"damage":10,"enemies":"Looter","floor":12,"turns":2},{"damage":12,"enemies":"Gremlin Gang","floor":14,"turns":4},{"damage":24,"enemies":"Slime Boss","floor":16,"turns":7},{"damage":16,"enemies":"Chosen","floor":18,"turns":6},{"damage":30,"enemies":"Shell Parasite","floor":19,"turns":4},{"damage":30,"enemies":"Snake Plant","floor":21,"turns":4},{"damage":33,"enemies":"Gremlin Leader","floor":23,"turns":2}],"seed_played":"5825039182155369427","potions_obtained":[{"floor":1,"key":"EssenceOfSteel"},{"floor":3,"key":"DistilledChaos"},{"floor":3,"key":"DuplicationPotion"},{"floor":6,"key":"DistilledChaos"},{"floor":12,"key":"BlessingOfTheForge"},{"floor":18,"key":"LiquidBronze"}],"is_trial":false,"path_per_floor":["M","$","?","M","M","E","R","?","T","E","$","M","?","M","R","B",null,"M","M","$","M","$","E"],"character_chosen":"DOCTOR_CLASS","items_purchased":["ats:Cat Scratch","ats:Leaping Hammer","ats:Overload","ats:Poison Spread","ats:Hidden Killer"],"campfire_rested":2,"item_purchase_floors":[2,2,11,20,20],"current_hp_per_floor":[62,62,62,56,50,17,38,43,43,22,37,27,27,15,38,14,77,62,33,48,18,33,0,0],"gold":24,"neow_bonus":"THREE_CARDS","is_daily":false,"chose_seed":false,"campfire_upgraded":0,"win_rate":0.0,"timestamp":1611542345,"path_taken":["M","$","?","M","?","E","R","?","T","E","?","M","?","M","R","BOSS","M","M","$","M","$","E"],"items_purchased_type":["Card","Card","Card","Card","Relic"],"build_version":"2020-12-22","purchased_purges":0,"victory":false,"max_hp_per_floor":[72,72,72,72,72,72,72,77,77,77,77,77,77,77,77,77,77,77,77,77,77,77,77,77],"card_choices":[{"not_picked":["ats:Blood Oath","ats:Cat Scratch"],"picked":"ats:Song Of Battle","floor":0},{"not_picked":["ats:Red Shift","ats:Consecutive Shot Auto"],"picked":"ats:Serious Mode","floor":1},{"not_picked":["ats:Flame Of Heaven","ats:Guard Mode"],"picked":"ats:Closed Bolt Burst Fire","floor":4},{"not_picked":["ats:LN2 Cannon","ats:Curse Doll"],"picked":"ats:Very Hot Blade","floor":5},{"not_picked":["ats:Cat Scratch","ats:Literary Storm"],"picked":"ats:Chain Hook","floor":6},{"not_picked":["ats:Shadow Raid","ats:Song Of Battle"],"picked":"ats:Cat Scratch","floor":10},{"not_picked":["ats:Closed Bolt Burst Fire","ats:Flexible Camouflage"],"picked":"ats:Encircling Forest","floor":12},{"not_picked":["ats:Chain Hook","ats:Curse Doll"],"picked":"ats:Assault Order","floor":14},{"not_picked":["ats:Dogmatic Field","ats:Soul Rend"],"picked":"ats:Calcification","floor":16},{"not_picked":["ats:Guardian Obelisk","ats:Cat Scratch+1"],"picked":"ats:Leaping Hammer","floor":18},{"not_picked":["ats:Consecutive Shot Auto","ats:Guard Mode"],"picked":"ats:Red Shift","floor":19},{"not_picked":["ats:Mental Burst+1","ats:Powerful Strike"],"picked":"ats:Shell Defense","floor":21}],"player_experience":37242,"relics_obtained":[{"floor":6,"key":"ats:Originium"},{"floor":6,"key":"Calipers"},{"floor":9,"key":"ats:Military Tradition"},{"floor":10,"key":"ats:Originium"},{"floor":10,"key":"MealTicket"}],"event_choices":[{"damage_healed":0,"gold_gain":0,"player_choice":"Got Potions","damage_taken":0,"max_hp_gain":0,"max_hp_loss":0,"event_name":"Lab","floor":3,"gold_loss":0},{"damage_healed":0,"gold_gain":0,"player_choice":"Donut","damage_taken":0,"max_hp_gain":5,"max_hp_loss":0,"event_name":"Big Fish","floor":8,"gold_loss":0},{"damage_healed":0,"gold_gain":0,"cards_transformed":["ats:Defend"],"player_choice":"Transformed","damage_taken":0,"max_hp_gain":0,"max_hp_loss":0,"event_name":"Transmorgrifier","floor":13,"gold_loss":0,"cards_obtained":["ats:Spore Proliferation"]}],"is_beta":false,"boss_relics":[{"not_picked":["Philosopher\u0027s Stone","Runic Pyramid"],"picked":"Empty Cage"}],"items_purged_floors":[],"is_endless":false,"potions_floor_spawned":[1,4,6,12,18],"killed_by":"Gremlin Leader","ascension_level":0}}