{"host":"y7b1p9nkx4idorr2","time":1611573898,"event":{"mods":["AchievementEnabler","Act Like it!","BaseMod","Colored Map","Downfall","GifTheSpireLib","Googly Eyes","Highlight Path","Mimic Mod","Minty Spire (QoL Compilation)","Shop Mod","Spicy Shops","StSLib","Unceasing Turn Reminder"],"gold_per_floor":[99,116,68,68,124,157,236,86,102,2,19,34,34,61,80,185,185,85,100,14,14,114,142,178,21,221,221,251,6,6,34,45,45,45,45],"floor_reached":33,"language":"ENG","playtime":3629,"items_purged":["Guardian:Defend_Guardian"],"score":351,"play_id":"e9f55b44-24bf-47b4-a0ca-99e77f4b639c","local_time":"20210125052458","is_ascension_mode":true,"campfire_choices":[{"floor":1,"key":"RECALL"},{"data":"Guardian:SentryBeam","floor":10,"key":"SMITH"},{"data":"Guardian:GuardianWhirl","floor":13,"key":"SMITH"},{"data":"Guardian:FloatingOrbs","floor":18,"key":"SMITH"},{"floor":30,"key":"REST"}],"circlet_count":0,"master_deck":["Guardian:Strike_Guardian","Guardian:Strike_Guardian","Guardian:Defend_Guardian","Guardian:CurlUp+1","Guardian:TwinSlam","Guardian:PiercingHide","Guardian:RollAttack","Guardian:FloatingOrbs+1","Guardian:ShieldCharger","Guardian:SentryBeam+1","Guardian:Reroute","Guardian:Incinerate","Guardian:GuardianWhirl+1","Guardian:PiercingHide","Guardian:RefractedBeam+1","Guardian:EvasiveProtocol+1","Guardian:PrismaticBeam+1","Guardian:Repulse+1","Guardian:Orbwalk","Guardian:TimeCapacitor+1","Guardian:MultiBeam","downfall:Haunted","Pride","Guardian:ShieldCharger","Guardian:Suspension","Guardian:BronzeArmor+1","Guardian:Gem_Red"],"relics":["Guardian:ModeShifter","Toy Ornithopter","downfall:HeartBlessingRed","Smiling Mask","Astrolabe","downfall:HeartBlessingGreen","downfall:RedIOU","Regal Pillow","Ornamental Fan","Slimebound:PreparedRelic","Nunchaku","Membership Card","MealTicket","Matryoshka"],"acts_visited":["Exordium","TheCity"],"potions_floor_usage":[19,25,29,29,33,33],"damage_taken":[{"damage":2,"enemies":"Small Slimes","floor":2,"turns":5},{"damage":0,"enemies":"downfall:FleeingMerchant","floor":3,"turns":4},{"damage":20,"enemies":"3 Sentries","floor":5,"turns":10},{"damage":12,"enemies":"3 Sentries","floor":6,"turns":7},{"damage":1,"enemies":"Jaw Worm","floor":9,"turns":4},{"damage":0,"enemies":"2 Louse","floor":11,"turns":3},{"damage":15,"enemies":"Exordium Thugs","floor":12,"turns":3},{"damage":0,"enemies":"Lagavulin","floor":14,"turns":5},{"damage":0,"enemies":"3 Louse","floor":15,"turns":4},{"damage":27,"enemies":"SI_SHIV_ARCHETYPE","floor":16,"turns":8},{"damage":0,"enemies":"Shell Parasite","floor":19,"turns":5},{"damage":0,"enemies":"downfall:FleeingMerchant","floor":20,"turns":4},{"damage":25,"enemies":"Slavers","floor":23,"turns":6},{"damage":0,"enemies":"3 Byrds","floor":24,"turns":5},{"damage":2,"enemies":"downfall:FleeingMerchant","floor":25,"turns":4},{"damage":36,"enemies":"Book of Stabbing","floor":28,"turns":7},{"damage":16,"enemies":"downfall:FleeingMerchant","floor":29,"turns":4},{"damage":32,"enemies":"Gremlin Leader","floor":31,"turns":7},{"damage":18,"enemies":"3 Byrds","floor":32,"turns":4},{"damage":35,"enemies":"DF_ARCHETYPE_CLAW","floor":33,"turns":6}],"seed_played":"-5420920941831882527","potions_obtained":[{"floor":6,"key":"Guardian:AcceleratePotion"},{"floor":11,"key":"Ancient Potion"},{"floor":15,"key":"FearPotion"},{"floor":16,"key":"PowerPotion"},{"floor":23,"key":"Fire Potion"},{"floor":31,"key":"Ancient Potion"},{"floor":32,"key":"AttackPotion"}],"is_trial":false,"path_per_floor":["R","M","$","?","?","E","T","?","M","R","M","M","R","E","M","B",null,"R","M","$","?","?","E","MIM","$","?","?","E","$","R","E","M","B"],"character_chosen":"GUARDIAN","items_purchased":["Guardian:FloatingOrbs","Guardian:Orbwalk","Guardian:MultiBeam","Membership Card","MealTicket"],"campfire_rested":1,"item_purchase_floors":[3,20,25,29,29],"current_hp_per_floor":[80,78,78,78,58,46,46,90,89,89,89,74,74,74,74,47,90,90,90,90,90,90,65,65,68,68,68,32,26,68,36,18,0,0,0],"gold":45,"neow_bonus":"UPGRADE_CARD","is_daily":false,"chose_seed":false,"campfire_upgraded":3,"win_rate":0.0,"timestamp":1611573898,"path_taken":["R","M","$","?","?","E","T","?","M","R","M","M","R","E","M","BOSS","R","M","$","?","?","E","MIM","$","?","?","E","$","R","E","M","BOSS"],"items_purchased_type":["Card","Card","Card","Relic","Relic"],"build_version":"2020-12-22","purchased_purges":1,"victory":false,"max_hp_per_floor":[80,80,80,80,80,80,80,90,90,90,90,90,90,90,90,90,90,90,90,90,90,90,90,90,90,90,90,90,90,90,90,90,90,90,90],"card_choices":[{"not_picked":["Guardian:RollAttack","Guardian:Reroute"],"picked":"Guardian:PiercingHide","floor":2},{"not_picked":["Guardian:Gem_Cyan","Guardian:Incinerate"],"picked":"Guardian:RollAttack","floor":3},{"not_picked":["Guardian:RollAttack","Guardian:WalkerClaw"],"picked":"Guardian:ShieldCharger","floor":5},{"not_picked":["Guardian:Harden","Guardian:TemporalShield"],"picked":"Guardian:SentryBeam","floor":6},{"not_picked":["Guardian:TemporalShield","Guardian:VentSteam"],"picked":"Guardian:Reroute","floor":9},{"not_picked":["Guardian:PiercingHide","Guardian:TemporalShield"],"picked":"Guardian:Incinerate","floor":11},{"not_picked":["Guardian:TemporalStrike","Guardian:Incinerate"],"picked":"Guardian:GuardianWhirl","floor":12},{"not_picked":["Guardian:Reroute","Guardian:VentSteam"],"picked":"Guardian:PiercingHide","floor":14},{"not_picked":["Guardian:AncientConstruct","Guardian:TimeBomb"],"picked":"Guardian:Gem_Blue","floor":15},{"not_picked":["Guardian:AncientConstruct","Guardian:ConstructionForm"],"picked":"Guardian:Gem_Synthetic","floor":16},{"not_picked":["Guardian:Reroute","Guardian:Repulse"],"picked":"Guardian:PrismaticBeam+1","floor":19},{"not_picked":["Guardian:RollAttack+1","Guardian:VentSteam"],"picked":"Guardian:Repulse+1","floor":20},{"not_picked":["Guardian:WalkerClaw","Guardian:Planning"],"picked":"Guardian:TimeCapacitor+1","floor":23},{"not_picked":["Guardian:ChargeCore","Guardian:PiercingHide+1"],"picked":"Guardian:Gem_Red","floor":24},{"not_picked":["Guardian:Gem_Yellow","Guardian:ChargeCore+1"],"picked":"Guardian:Gem_Green","floor":25},{"not_picked":["Guardian:Orbwalk","Guardian:BodySlam"],"picked":"Guardian:ShieldCharger","floor":28},{"not_picked":["Guardian:Planning","Guardian:ChargeCore"],"picked":"Guardian:Suspension","floor":29},{"not_picked":["Guardian:Gem_Lightblue","Guardian:TimeCapacitor"],"picked":"Guardian:BronzeArmor+1","floor":31},{"not_picked":["Guardian:Recover","Guardian:PrismaticBeam"],"picked":"Guardian:Gem_Red","floor":32}],"player_experience":2193681,"relics_obtained":[{"floor":5,"key":"Bag of Preparation"},{"floor":6,"key":"Toy Ornithopter"},{"floor":14,"key":"Smiling Mask"},{"floor":23,"key":"Regal Pillow"},{"floor":24,"key":"Ornamental Fan"},{"floor":28,"key":"Nunchaku"},{"floor":31,"key":"Matryoshka"}],"event_choices":[{"cards_removed":["Guardian:Strike_Guardian"],"damage_healed":0,"gold_gain":0,"player_choice":"Card Removal","damage_taken":0,"max_hp_gain":0,"max_hp_loss":0,"event_name":"The Cleric","floor":4,"gold_loss":0},{"damage_healed":0,"gold_gain":0,"player_choice":"Stole Relic","damage_taken":0,"relics_obtained":["Slimebound:PreparedRelic"],"max_hp_gain":0,"max_hp_loss":0,"event_name":"Addict","floor":27,"gold_loss":0,"cards_obtained":["Pride"]}],"is_beta":false,"boss_relics":[{"not_picked":["Snecko Eye","Runic Pyramid"],"picked":"Astrolabe"}],"items_purged_floors":[25],"is_endless":false,"potions_floor_spawned":[6,11,15,16,23,31,32],"killed_by":"DF_ARCHETYPE_CLAW","ascension_level":1}}