{"host":"Mute","time":1611597366,"event":{"mods":["BaseMod","Colored Map","Downfall","Minty Spire (QoL Compilation)","StSLib"],"gold_per_floor":[99,113,123,135,145,159,159,174,174,188,202,231,231,259,275,275,275,275],"floor_reached":16,"language":"ENG","playtime":1059,"items_purged":[],"score":150,"play_id":"b100f2bb-662c-4240-8726-a99f78674ff0","local_time":"20210125125606","is_ascension_mode":true,"campfire_choices":[{"data":"champ:Execute","floor":1,"key":"SMITH"},{"data":"champ:PerfectedStrike","floor":9,"key":"SMITH"},{"data":"champ:IronFortress","floor":13,"key":"SMITH"}],"circlet_count":0,"master_deck":["champ:Strike","champ:Strike","champ:Strike","champ:Strike","champ:Defend","champ:Defend","champ:Defend","champ:Defend","champ:Execute+1","champ:Taunt+1","champ:PerfectedStrike+1","champ:BladeFlurry","champ:StanceDance","champ:DefensiveShout","champ:RisingSlash","champ:FlashCut","champ:IronFortress+1","champ:Endure","champ:ShieldWall","champ:Improvising"],"relics":["champ:ChampionCrown","Meat on the Bone","Eternal Feather","Mercury Hourglass"],"acts_visited":["Exordium"],"potions_floor_usage":[8],"damage_taken":[{"damage":14,"enemies":"Cultist","floor":2,"turns":4},{"damage":1,"enemies":"2 Louse","floor":3,"turns":2},{"damage":18,"enemies":"Jaw Worm","floor":4,"turns":3},{"damage":12,"enemies":"Blue Slaver","floor":5,"turns":2},{"damage":12,"enemies":"3 Louse","floor":6,"turns":2},{"damage":26,"enemies":"Large Slime","floor":8,"turns":2},{"damage":22,"enemies":"Blue Slaver","floor":10,"turns":3},{"damage":3,"enemies":"2 Fungi Beasts","floor":11,"turns":3},{"damage":36,"enemies":"Gremlin Nob","floor":12,"turns":5},{"damage":10,"enemies":"3 Sentries","floor":14,"turns":5},{"damage":18,"enemies":"Large Slime","floor":15,"turns":3},{"damage":53,"enemies":"WA_ARCHETYPE_RETAIN","floor":16,"turns":7}],"seed_played":"-2534618322690822494","potions_obtained":[{"floor":4,"key":"champ:CounterPotion"},{"floor":8,"key":"Swift Potion"},{"floor":10,"key":"LiquidBronze"}],"is_trial":false,"path_per_floor":["R","M","M","M","M","M","T","M","R","M","M","E","R","E","M","B"],"character_chosen":"THE_CHAMP","items_purchased":[],"campfire_rested":0,"item_purchase_floors":[],"current_hp_per_floor":[90,86,85,77,65,63,63,47,47,52,49,25,34,46,50,0,0,0],"gold":275,"neow_bonus":"UPGRADE_CARD","is_daily":false,"chose_seed":false,"campfire_upgraded":3,"win_rate":0.0,"timestamp":1611597366,"path_taken":["R","M","M","M","?","M","T","M","R","M","M","E","R","E","M","BOSS"],"items_purchased_type":[],"build_version":"2020-12-18","purchased_purges":0,"victory":false,"max_hp_per_floor":[90,90,90,90,90,90,90,90,90,90,90,90,90,90,90,90,90,90],"card_choices":[{"not_picked":["champ:FalseCounter","champ:Circumvent"],"picked":"champ:PerfectedStrike","floor":2},{"not_picked":["champ:CrownThrow","champ:RapidStrikes"],"picked":"champ:BladeFlurry","floor":3},{"not_picked":["champ:DefensiveStyle","champ:GladiatorStyle"],"picked":"champ:StanceDance","floor":4},{"not_picked":["champ:ArenaPreparation","champ:Shatter"],"picked":"champ:DefensiveShout","floor":5},{"not_picked":["champ:ShieldSlam","champ:AdrenalArmor"],"picked":"champ:RisingSlash","floor":6},{"not_picked":["champ:HoldFirm","champ:CrownThrow"],"picked":"champ:FlashCut","floor":8},{"not_picked":["champ:RapidStrikes","champ:HeartStrike"],"picked":"champ:IronFortress","floor":10},{"not_picked":["champ:Shatter","champ:Backstep"],"picked":"champ:Endure","floor":11},{"not_picked":["champ:GladiatorStyle","champ:FalseCounter"],"picked":"champ:ShieldWall","floor":12},{"not_picked":["champ:Circumvent","champ:FanOfKnives","champ:EndlessRage"],"picked":"SKIP","floor":14},{"not_picked":["champ:CrookedStrike","champ:PreciseThrust"],"picked":"champ:Improvising","floor":15}],"player_experience":443071,"relics_obtained":[{"floor":7,"key":"Meat on the Bone"},{"floor":12,"key":"Eternal Feather"},{"floor":14,"key":"Mercury Hourglass"}],"event_choices":[],"is_beta":true,"boss_relics":[],"items_purged_floors":[],"is_endless":false,"potions_floor_spawned":[4,8,10],"killed_by":"WA_ARCHETYPE_RETAIN","ascension_level":1}}