{"host":"mydft8i2zzydgggw","time":1611536649,"event":{"mods":["AchievementEnabler","BaseMod","BetterRewards","Colored Map","Colored Powertips","DeckTracker","Keyboard Shortcuts","Minty Spire (QoL Compilation)","Rare Cards Sparkle","StSLib","SuperFastMode","everything is the same but u backflip on backflip"],"gold_per_floor":[115,26,26,26,26,60,71,71,71,71,88,114,127,146,146,222,222,236,236,236,256,95,95,121,121,197,213,244,27,59,74,74,147,147,160,160,160],"floor_reached":36,"language":"KOR","playtime":963,"items_purged":["Meteor Strike","Normality"],"score":844,"play_id":"1d692cf5-99e6-42a1-aedf-98bb0d9cfe57","local_time":"20210125100409","is_ascension_mode":true,"campfire_choices":[{"data":"Coolheaded","floor":8,"key":"SMITH"},{"data":"Zap","floor":10,"key":"SMITH"},{"data":"Capacitor","floor":15,"key":"SMITH"},{"floor":23,"key":"REST"},{"floor":25,"key":"REST"},{"floor":32,"key":"REST"}],"circlet_count":0,"master_deck":["AscendersBane","Strike_B","Defend_B","Defend_B","Defend_B","Defend_B","Zap+1","Dualcast","Hologram","Capacitor+1","Compile Driver","Coolheaded+1","Storm","Machine Learning","Rip and Tear","Consume","Buffer","Consume","Thunder Strike","Conserve Battery","Electrodynamics","Capacitor","Aggregate","Coolheaded","Creative AI"],"relics":["FrozenCore","NeowsBlessing","Regal Pillow","Incense Burner","Meat on the Bone","Mango","Cursed Key","Nilry\u0027s Codex","Question Card","The Courier","Centennial Puzzle","MealTicket","StoneCalendar"],"acts_visited":["Exordium","TheCity","TheBeyond"],"potions_floor_usage":[16,27,28,28],"damage_taken":[{"damage":0,"enemies":"2 Louse","floor":1,"turns":1},{"damage":0,"enemies":"Lagavulin","floor":6,"turns":2},{"damage":0,"enemies":"Small Slimes","floor":7,"turns":1},{"damage":0,"enemies":"Jaw Worm","floor":11,"turns":5},{"damage":32,"enemies":"3 Sentries","floor":12,"turns":8},{"damage":13,"enemies":"2 Fungi Beasts","floor":13,"turns":5},{"damage":5,"enemies":"Exordium Wildlife","floor":14,"turns":2},{"damage":13,"enemies":"Slime Boss","floor":16,"turns":7},{"damage":16,"enemies":"2 Thieves","floor":18,"turns":4},{"damage":20,"enemies":"Shell Parasite","floor":21,"turns":5},{"damage":42,"enemies":"Book of Stabbing","floor":24,"turns":5},{"damage":20,"enemies":"Centurion and Healer","floor":27,"turns":4},{"damage":36,"enemies":"Slavers","floor":28,"turns":4},{"damage":32,"enemies":"Book of Stabbing","floor":30,"turns":5},{"damage":27,"enemies":"Cultist and Chosen","floor":31,"turns":7},{"damage":40,"enemies":"Automaton","floor":33,"turns":7},{"damage":12,"enemies":"3 Shapes","floor":35,"turns":4},{"damage":69,"enemies":"3 Darklings","floor":36,"turns":3}],"seed_played":"-3114967852693671579","potions_obtained":[{"floor":6,"key":"Fruit Juice"},{"floor":13,"key":"Weak Potion"},{"floor":14,"key":"FocusPotion"},{"floor":21,"key":"FearPotion"},{"floor":27,"key":"SkillPotion"}],"is_trial":false,"path_per_floor":["M","$","?","?","?","E","M","R","T","R","M","E","M","M","R","B",null,"M","?","?","M","$","R","E","R","T","M","E","$","E","M","R","B",null,"M","M"],"character_chosen":"DEFECT","items_purchased":["Capacitor","Electrodynamics","MealTicket"],"campfire_rested":3,"item_purchase_floors":[2,22,29],"current_hp_per_floor":[64,64,69,58,51,51,51,51,51,51,51,45,44,51,51,50,80,64,64,43,35,35,77,47,89,89,74,50,50,30,15,58,30,79,67,0,0],"gold":160,"neow_bonus":"THREE_ENEMY_KILL","is_daily":false,"chose_seed":false,"campfire_upgraded":3,"win_rate":0.0,"timestamp":1611536649,"path_taken":["M","$","?","?","?","E","M","R","T","R","M","E","?","M","R","BOSS","M","?","?","M","?","R","E","R","T","?","E","$","E","M","R","BOSS","M","M"],"items_purchased_type":["Card","Card","Relic"],"build_version":"2020-12-22","purchased_purges":2,"victory":false,"max_hp_per_floor":[71,71,76,76,76,76,76,76,76,76,76,90,90,90,90,90,90,90,90,90,90,90,90,90,90,90,95,95,95,95,95,95,95,95,95,95,95],"card_choices":[{"not_picked":["Redo","Barrage"],"picked":"Hologram","floor":1},{"not_picked":["Darkness","Redo"],"picked":"Compile Driver","floor":6},{"not_picked":["White Noise","Go for the Eyes"],"picked":"Coolheaded","floor":7},{"not_picked":["Beam Cell","Steam"],"picked":"Storm","floor":11},{"not_picked":["Redo","Doom and Gloom"],"picked":"Machine Learning","floor":12},{"not_picked":["Reinforced Body","Gash"],"picked":"Rip and Tear","floor":13},{"not_picked":["Rebound","Streamline"],"picked":"Consume","floor":14},{"not_picked":["Reboot","Creative AI"],"picked":"Buffer","floor":16},{"not_picked":["Lockon","Leap"],"picked":"Consume","floor":18},{"not_picked":["Rebound","BootSequence"],"picked":"Conserve Battery","floor":21},{"not_picked":["Cold Snap","Barrage+1"],"picked":"Capacitor","floor":24},{"not_picked":["Sunder","Rebound","Steam"],"picked":"Aggregate","floor":27},{"not_picked":["Compile Driver+1","Hologram+1","Chill"],"picked":"Coolheaded","floor":28},{"not_picked":["Fusion","Hologram","Steam","Conserve Battery"],"picked":"SKIP","floor":30},{"not_picked":["Barrage","Coolheaded","Beam Cell+1","Ball Lightning"],"picked":"SKIP","floor":31},{"not_picked":["Electrodynamics","Multi-Cast","Meteor Strike"],"picked":"Creative AI","floor":33},{"not_picked":["Coolheaded","Redo","Melter+1","Streamline"],"picked":"SKIP","floor":35}],"player_experience":214750,"relics_obtained":[{"floor":6,"key":"Incense Burner"},{"floor":9,"key":"Meat on the Bone"},{"floor":12,"key":"Mango"},{"floor":20,"key":"Nilry\u0027s Codex"},{"floor":24,"key":"Question Card"},{"floor":26,"key":"The Courier"},{"floor":28,"key":"Centennial Puzzle"},{"floor":30,"key":"StoneCalendar"}],"event_choices":[{"damage_healed":0,"gold_gain":0,"player_choice":"Donut","damage_taken":0,"max_hp_gain":5,"max_hp_loss":0,"event_name":"Big Fish","floor":3,"gold_loss":0},{"damage_healed":0,"gold_gain":0,"player_choice":"Success","damage_taken":11,"relics_obtained":["Regal Pillow"],"max_hp_gain":0,"max_hp_loss":0,"event_name":"Scrap Ooze","floor":4,"gold_loss":0},{"cards_removed":["Strike_B"],"damage_healed":0,"gold_gain":0,"player_choice":"Card Removal","damage_taken":7,"max_hp_gain":0,"max_hp_loss":0,"event_name":"Golden Wing","floor":5,"gold_loss":0},{"damage_healed":0,"gold_gain":0,"cards_transformed":["Strike_B","Strike_B"],"player_choice":"Became Test Subject","damage_taken":0,"max_hp_gain":0,"max_hp_loss":0,"event_name":"Drug Dealer","floor":19,"gold_loss":0,"cards_obtained":["Meteor Strike","Thunder Strike"]},{"damage_healed":0,"gold_gain":0,"player_choice":"Obtained Book","damage_taken":21,"max_hp_gain":0,"max_hp_loss":0,"event_name":"Cursed Tome","floor":20,"gold_loss":0}],"is_beta":false,"boss_relics":[{"not_picked":["Philosopher\u0027s Stone","Black Star"],"picked":"Cursed Key"},{"not_picked":["Velvet Choker","Tiny House"],"picked":"FrozenCore"}],"items_purged_floors":[22,29],"is_endless":false,"potions_floor_spawned":[6,13,14,21,27],"killed_by":"3 Darklings","ascension_level":16}}