{"host":"n605f8gctjc87d7h","time":1611606972,"event":{"mods":["Aspiration","Bard","BaseMod","Better Match","Better Note","Better Skull","Better Third Choice","Conspire","Halation","Hermit","Infinite Spire","Minty Spire (QoL Compilation)","Replay The Spire","Retaliation","Shade Mod","Spicy Shops","StS++","StSLib","The IronCluck"],"gold_per_floor":[119,119,129,129,146,176,176,192,192,97,127,153,153,173,173,271,271,288,298,168,268,286,286,286],"floor_reached":23,"language":"ENG","playtime":1380,"items_purged":["ReplayTheSpireMod:Doomed","Strike_P"],"score":261,"play_id":"e524cffb-3bbb-4133-91ff-e27e6a8db412","local_time":"20210125123612","is_ascension_mode":true,"campfire_choices":[{"data":"PathToVictory","floor":7,"key":"SMITH"},{"floor":15,"key":"REST"}],"circlet_count":0,"master_deck":["Strike_P","Strike_P","Strike_P","Defend_P","Defend_P","Defend_P","Defend_P","Eruption","Vigilance","StSpp:LatentStrike","SandsOfTime","PathToVictory+1","ClearTheMind","Pot Of Greed","Pot Of Greed","Panache+1","CrushJoints","DeusExMachina","CutThroughFate+1","LikeWater","DeceiveReality"],"relics":["PureWater","infinitespire:Lucky Rock","Blue Doll","Grinning Jar","ReplayTheSpireMod:CursedCoin","Tiny Chest","conspire:SpecialSausage"],"acts_visited":["Exordium","TheCity"],"potions_floor_usage":[8,8,16,18,23],"damage_taken":[{"damage":0,"enemies":"conspire:RoseBush","floor":1,"turns":4},{"damage":0,"enemies":"2 Louse","floor":3,"turns":2},{"damage":0,"enemies":"Jaw Worm","floor":5,"turns":3},{"damage":6,"enemies":"Replay:BlueRogue","floor":6,"turns":4},{"damage":14,"enemies":"Gremlin Gang","floor":8,"turns":4},{"damage":20,"enemies":"Gremlin Nob","floor":12,"turns":4},{"damage":2,"enemies":"2 Fungi Beasts","floor":14,"turns":3},{"damage":35,"enemies":"Fading Forest","floor":16,"turns":11},{"damage":5,"enemies":"3 Byrds","floor":18,"turns":3},{"damage":10,"enemies":"Chosen","floor":19,"turns":4},{"damage":5,"enemies":"conspire:HollyBat","floor":22,"turns":6},{"damage":52,"enemies":"Gremlin Leader","floor":23,"turns":4}],"seed_played":"-5536168516008999860","potions_obtained":[{"floor":0,"key":"Weak Potion"},{"floor":0,"key":"AttackPotion"},{"floor":0,"key":"StancePotion"},{"floor":12,"key":"Explosive Potion"},{"floor":14,"key":"SkillPotion"},{"floor":22,"key":"Elixir"}],"is_trial":false,"path_per_floor":["M","?","M","$","M","E","R","M","T","$","?","E","?","M","R","B",null,"M","M","$","?","M","E"],"character_chosen":"WATCHER","items_purchased":["Panache+1","ReplayTheSpireMod:CursedCoin","LikeWater"],"campfire_rested":1,"item_purchase_floors":[10,10,20],"current_hp_per_floor":[65,65,65,65,65,59,59,45,45,45,45,25,25,23,44,17,58,53,43,43,43,38,0,0],"gold":286,"neow_bonus":"THREE_SMALL_POTIONS","is_daily":false,"chose_seed":false,"campfire_upgraded":1,"win_rate":0.0,"timestamp":1611606972,"path_taken":["M","?","M","$","M","E","R","M","T","$","?","E","?","M","R","BOSS","M","M","$","?","?","E"],"items_purchased_type":["Card","Relic","Card"],"build_version":"2020-12-22","purchased_purges":2,"victory":false,"max_hp_per_floor":[72,72,72,72,72,72,72,72,72,72,72,72,72,72,72,72,72,72,72,72,72,72,72,72],"card_choices":[{"not_picked":["SashWhip","Fasting2"],"picked":"StSpp:LatentStrike","floor":1},{"not_picked":["Replay:BluntJabs","FollowUp"],"picked":"SandsOfTime","floor":3},{"not_picked":["Crescendo","Evaluate"],"picked":"PathToVictory","floor":5},{"not_picked":["JustLucky","Halt","EmptyBody"],"picked":"SKIP","floor":6},{"not_picked":["Vengeance","StSpp:Chanting"],"picked":"ClearTheMind","floor":8},{"not_picked":["Nirvana","Replay:Cycle","Vengeance"],"picked":"SKIP","floor":12},{"not_picked":["ClearTheMind","Replay:LoomingThreat"],"picked":"CrushJoints","floor":14},{"not_picked":["Brilliance","StSpp:Patience"],"picked":"DeusExMachina","floor":16},{"not_picked":["Indignation","CutThroughFate","Replay:Cycle"],"picked":"SKIP","floor":18},{"not_picked":["Prostrate","Pray"],"picked":"CutThroughFate+1","floor":19},{"not_picked":["Crescendo+1","Adaptation"],"picked":"DeceiveReality","floor":22}],"player_experience":646002,"relics_obtained":[{"floor":6,"key":"Blue Doll"},{"floor":9,"key":"Grinning Jar"},{"floor":12,"key":"Tiny Chest"}],"event_choices":[{"damage_healed":0,"gold_gain":30,"player_choice":"Searched \u00272\u0027 times","damage_taken":0,"max_hp_gain":0,"max_hp_loss":0,"event_name":"Dead Adventurer","floor":11,"gold_loss":0},{"damage_healed":0,"gold_gain":100,"player_choice":"Pray","damage_taken":0,"max_hp_gain":0,"max_hp_loss":0,"event_name":"Golden Shrine","floor":21,"gold_loss":0}],"is_beta":false,"boss_relics":[{"not_picked":["halation:Prosthetics","conspire:RunicOctahedron"],"picked":"conspire:SpecialSausage"}],"items_purged_floors":[10,20],"is_endless":false,"potions_floor_spawned":[5,12,14,22],"killed_by":"Gremlin Leader","ascension_level":6}}