{"host":"0p0n41frih4f9rxw","time":1611551796,"event":{"mods":["Act Like it!","BaseMod","Downfall","Minty Spire (QoL Compilation)","Replay The Spire","StSLib","The Servant 0.9.4"],"gold_per_floor":[112,112,36,55,15,40,40,75,75,86,86,161,191,206,206,305,305,316,316,335,335,335,369,369,639,662,674,674],"floor_reached":27,"language":"ENG","playtime":2821,"items_purged":[],"score":297,"play_id":"98f8ce7a-a413-4d76-a47b-dea3c61b0c18","local_time":"20210125051636","is_ascension_mode":false,"campfire_choices":[{"floor":7.0,"key":"RECALL"},{"data":"SilverBlades","floor":15.0,"key":"SMITH"},{"floor":24.0,"key":"REST"}],"circlet_count":0,"master_deck":["Strike_S+1","Strike_S","Strike_S","Strike_S","Defend_S","Defend_S+1","Defend_S","Defend_S","KidneyShot","Exchange","Starlight+1","Misdirection","WasteNot","FanOfKnives","SilverBlades+1","Pot Of Greed","Pot Of Greed","Contraction","ReturningBlade","Ricochet","Dilation","Ricochet+1","TimeWarp+1","RitualDagger"],"relics":["Uniform","NeowsBlessing","Meat on the Bone","Grinning Jar","Gremlin Horn","StoneMask","Blue Candle","Replay:Bottled Steam","MawBank"],"acts_visited":["Exordium","TheCity"],"potions_floor_usage":[],"damage_taken":[{"damage":0.0,"enemies":"Small Slimes","floor":1.0,"turns":2.0},{"damage":0.0,"enemies":"Cultist","floor":4.0,"turns":1.0},{"damage":0.0,"enemies":"Gremlin Nob","floor":6.0,"turns":1.0},{"damage":23.0,"enemies":"3 Sentries","floor":8.0,"turns":6.0},{"damage":0.0,"enemies":"2 Louse","floor":10.0,"turns":1.0},{"damage":0.0,"enemies":"Lagavulin","floor":13.0,"turns":10.0},{"damage":3.0,"enemies":"Blue Slaver","floor":14.0,"turns":4.0},{"damage":34.0,"enemies":"The Guardian","floor":16.0,"turns":9.0},{"damage":20.0,"enemies":"Spheric Guardian","floor":18.0,"turns":5.0},{"damage":13.0,"enemies":"Chosen","floor":20.0,"turns":8.0},{"damage":37.0,"enemies":"Slavers","floor":23.0,"turns":4.0},{"damage":22,"enemies":"Snecko","floor":27,"turns":5}],"seed_played":"-9034346790751897539","potions_obtained":[{"floor":4.0,"key":"Energy Potion"},{"floor":6.0,"key":"Energy Potion"},{"floor":14.0,"key":"Weak Potion"},{"floor":18.0,"key":"Regen Potion"},{"floor":23.0,"key":"Explosive Potion"}],"is_trial":false,"path_per_floor":["M","?","$","M","$","E","R","E","T","M","?","?","E","M","R","B",null,"M","?","M","$","?","E","R","?","T","M"],"character_chosen":"THE_SERVANT","items_purchased":["Misdirection","FanOfKnives"],"campfire_rested":1,"item_purchase_floors":[3,5],"current_hp_per_floor":[65,65,65,65,65,65,65,42,42,42,29,18,30,39,39,17,65,48,43,42,42,36,20,41,14,14,0,0],"gold":674,"neow_bonus":"THREE_ENEMY_KILL","is_daily":false,"chose_seed":false,"campfire_upgraded":1,"win_rate":0.0,"timestamp":1611551796,"path_taken":["M","?","?","M","$","E","R","E","T","M","?","?","E","?","R","BOSS","M","?","M","$","?","E","R","?","T","?"],"items_purchased_type":["Card","Card"],"build_version":"2020-12-22","purchased_purges":0,"victory":false,"max_hp_per_floor":[65,65,65,65,65,65,65,65,65,65,65,65,65,65,65,65,65,66,66,67,67,67,70,70,70,70,70,70],"card_choices":[{"not_picked":["DoubleEdge","Defy"],"picked":"Starlight","floor":1.0},{"not_picked":["Moonlight","Replace"],"picked":"WasteNot","floor":4.0},{"not_picked":["Alleviate","DoubleEdge"],"picked":"SilverBlades","floor":6.0},{"not_picked":["FastForward","Barrier"],"picked":"Contraction","floor":8.0},{"not_picked":["Alleviate","Rewind"],"picked":"ReturningBlade","floor":10.0},{"not_picked":["Foresight","Potential","Alleviate"],"picked":"SKIP","floor":13.0},{"not_picked":["Comet","DoubleEdge"],"picked":"Ricochet","floor":14.0},{"not_picked":["ForgedInTime","Duplication"],"picked":"Dilation","floor":16.0},{"not_picked":["RealityMarble","Replace"],"picked":"Ricochet+1","floor":18.0},{"not_picked":["Alleviate","Ricochet"],"picked":"TimeWarp+1","floor":20.0},{"not_picked":["Potential","MoonPhase","Starlight"],"picked":"SKIP","floor":23.0}],"player_experience":114815,"relics_obtained":[{"floor":6.0,"key":"Meat on the Bone"},{"floor":8.0,"key":"Grinning Jar"},{"floor":13.0,"key":"Gremlin Horn"},{"floor":23.0,"key":"Replay:Bottled Steam"},{"floor":26.0,"key":"MawBank"}],"event_choices":[{"damage_healed":0.0,"max_hp_gain":0.0,"max_hp_loss":0.0,"gold_gain":0.0,"event_name":"Accursed Blacksmith","player_choice":"Forge","floor":2.0,"gold_loss":0.0,"damage_taken":0.0,"cards_upgraded":["Starlight"]},{"damage_healed":0.0,"max_hp_gain":0.0,"max_hp_loss":0.0,"gold_gain":0.0,"event_name":"Shining Light","player_choice":"Entered Light","floor":11.0,"gold_loss":0.0,"damage_taken":13.0,"cards_upgraded":["Defend_S","Strike_S"]},{"damage_healed":0.0,"max_hp_gain":0.0,"max_hp_loss":0.0,"gold_gain":75.0,"event_name":"World of Goop","player_choice":"Gather Gold","floor":12.0,"gold_loss":0.0,"damage_taken":11.0},{"damage_healed":0.0,"max_hp_gain":0.0,"max_hp_loss":0.0,"gold_gain":0.0,"event_name":"Nest","player_choice":"Joined the Cult","floor":22.0,"gold_loss":0.0,"damage_taken":6.0,"cards_obtained":["RitualDagger"]},{"damage_healed":0.0,"max_hp_gain":0.0,"max_hp_loss":0.0,"gold_gain":270.0,"event_name":"Knowing Skull","player_choice":"GOLD GOLD GOLD ","floor":25.0,"potions_obtained":[],"gold_loss":0.0,"damage_taken":27.0,"cards_obtained":[]}],"is_beta":false,"boss_relics":[{"not_picked":["Ectoplasm","Tiny House"],"picked":"StoneMask"}],"items_purged_floors":[],"is_endless":false,"potions_floor_spawned":[4,6,14,18,23],"killed_by":"Snecko","ascension_level":0}}