{"host":"9kp1xquhkkwhsiot","time":1611593427,"event":{"mods":["2.2 Compatiblity","AchievementEnabler","BaseMod","Better Note","Colored Map","Colored Powertips","Downfall","Highlight Path","Minty Spire (QoL Compilation)","Relic Stats","StSLib","Synergy Search"],"gold_per_floor":[99,115,126,126,146,176,176,176,186,86,97,97,108,119,137,235,235,235,248,57,74,74,59,59,59,86,96,112,112,112,112],"floor_reached":29,"language":"ENG","playtime":2533,"items_purged":[],"score":249,"play_id":"636e80bb-0db3-4c6b-966b-ad8f66ac12b7","local_time":"20210125175027","is_ascension_mode":false,"campfire_choices":[{"floor":1.0,"key":"RECALL"},{"floor":10.0,"key":"REST"},{"data":"bronze:BronzeOrb","floor":12.0,"key":"SMITH"},{"data":"bronze:Verify","floor":18,"key":"SMITH"},{"data":"bronze:FineTuning","floor":25,"key":"SMITH"}],"circlet_count":0,"master_deck":["bronze:Strike","bronze:Defend","bronze:Defend","bronze:Defend","bronze:Replicate","bronze:Goto","bronze:Frontload","bronze:Optimize","bronze:Frontload","bronze:Overload","bronze:BronzeOrb+1","bronze:Iterate","bronze:FineTuning+1","bronze:BronzeOrb","bronze:Verify+1","bronze:Invalidate+1","bronze:ChosenStrike+1","bronze:DelayedSlice+1","bronze:ChildClass","bronze:FineTuning+1","bronze:Deprecate+1"],"relics":["bronze:BronzeCore","Kunai","Sundial","downfall:HeartBlessingRed","Astrolabe","Strange Spoon","Art of War"],"acts_visited":["Exordium","TheCity"],"potions_floor_usage":[26,27],"damage_taken":[{"damage":6.0,"enemies":"Jaw Worm","floor":2.0,"turns":5.0},{"damage":0.0,"enemies":"Small Slimes","floor":3.0,"turns":4.0},{"damage":0.0,"enemies":"Cultist","floor":5.0,"turns":4.0},{"damage":50.0,"enemies":"Gremlin Nob","floor":6.0,"turns":8.0},{"damage":15.0,"enemies":"Exordium Thugs","floor":9.0,"turns":7.0},{"damage":0.0,"enemies":"Large Slime","floor":11.0,"turns":5.0},{"damage":0.0,"enemies":"Red Slaver","floor":13.0,"turns":5.0},{"damage":0.0,"enemies":"Lots of Slimes","floor":14.0,"turns":4.0},{"damage":0.0,"enemies":"2 Fungi Beasts","floor":15.0,"turns":2.0},{"damage":23.0,"enemies":"DF_ARCHETYPE_STREAMLINE","floor":16.0,"turns":12.0},{"damage":6,"enemies":"3 Byrds","floor":19,"turns":4},{"damage":0,"enemies":"downfall:FleeingMerchant","floor":20,"turns":4},{"damage":0,"enemies":"Spheric Guardian","floor":21,"turns":1},{"damage":15,"enemies":"downfall:FleeingMerchant","floor":23,"turns":4},{"damage":32,"enemies":"Slavers","floor":26,"turns":8},{"damage":3,"enemies":"Centurion and Healer","floor":27,"turns":5},{"damage":15,"enemies":"Snecko","floor":28,"turns":5},{"damage":12,"enemies":"3 Cultists","floor":29,"turns":4}],"seed_played":"299943755499069850","potions_obtained":[{"floor":5.0,"key":"Dexterity Potion"},{"floor":9.0,"key":"PowerPotion"},{"floor":13.0,"key":"FearPotion"},{"floor":16.0,"key":"Weak Potion"},{"floor":19,"key":"Weak Potion"},{"floor":27,"key":"FearPotion"},{"floor":28,"key":"Energy Potion"}],"is_trial":false,"path_per_floor":["R","M","M","?","M","E","T","?","M","R","M","R","M","M","M","B",null,"R","M","$","M","?","$","T","R","E","M","M","M"],"character_chosen":"THE_AUTOMATON","items_purchased":["Strange Spoon","bronze:ChildClass"],"campfire_rested":1,"item_purchase_floors":[20,20],"current_hp_per_floor":[77,71,71,71,71,21,21,21,6,29,29,29,29,29,29,6,77,77,71,71,71,71,56,56,56,24,21,6,0,0,0],"gold":112,"neow_bonus":"TEN_PERCENT_HP_BONUS","is_daily":false,"chose_seed":false,"campfire_upgraded":3,"win_rate":0.0,"timestamp":1611593427,"path_taken":["R","M","M","?","M","E","T","?","M","R","M","R","M","M","M","BOSS","R","M","$","?","?","?","T","R","E","M","M","M"],"items_purchased_type":["Relic","Card"],"build_version":"2020-12-22","purchased_purges":0,"victory":false,"max_hp_per_floor":[77,77,77,77,77,77,77,77,77,77,77,77,77,77,77,77,77,77,77,77,77,77,77,77,77,77,77,77,77,77,77],"relic_stats":{"Strange Spoon":[11],"counters":[18,91],"Sundial":[20],"Astrolabe":["bronze:Invalidate","bronze:ChosenStrike","bronze:DelayedSlice"],"Art of War":[3],"Kunai":[25],"obtain_stats":[{"Strange Spoon":20,"bronze:BronzeCore":0,"downfall:HeartBlessingRed":10,"Sundial":7,"Astrolabe":17,"Art of War":26,"Kunai":6},{"Strange Spoon":12,"bronze:BronzeCore":0,"downfall:HeartBlessingRed":5,"Sundial":4,"Astrolabe":10,"Art of War":15,"Kunai":4},{"Strange Spoon":64,"bronze:BronzeCore":0,"downfall:HeartBlessingRed":28,"Sundial":21,"Astrolabe":56,"Art of War":77,"Kunai":21}]},"card_choices":[{"not_picked":["bronze:Branch","bronze:DarkDash"],"picked":"bronze:Frontload","floor":2.0},{"not_picked":["bronze:Shield","bronze:CutThrough"],"picked":"bronze:Optimize","floor":3.0},{"not_picked":["bronze:Repulsor","bronze:Invalidate","bronze:Philosophize"],"picked":"SKIP","floor":5.0},{"not_picked":["bronze:BugBarrage","bronze:Frontload"],"picked":"bronze:Overload","floor":6.0},{"not_picked":["bronze:BitShift","bronze:Frontload"],"picked":"bronze:BronzeOrb","floor":9.0},{"not_picked":["bronze:CutThrough","bronze:Philosophize"],"picked":"bronze:Iterate","floor":11.0},{"not_picked":["bronze:Turbo","bronze:BuggyMess","bronze:Frontload"],"picked":"SKIP","floor":13.0},{"not_picked":["bronze:Assembly","bronze:Shield"],"picked":"bronze:FineTuning","floor":14.0},{"not_picked":["bronze:ClassDefault","bronze:CutThrough"],"picked":"bronze:BronzeOrb","floor":15.0},{"not_picked":["bronze:AlphaBuild","bronze:Assembly"],"picked":"bronze:Verify","floor":16.0},{"not_picked":["bronze:Boost","bronze:DelayedSlice","bronze:Branch"],"picked":"SKIP","floor":19},{"not_picked":["bronze:Shield","bronze:ForLoop+1","bronze:WildBeam+1"],"picked":"SKIP","floor":20},{"not_picked":["bronze:Deprecate","bronze:Overload","bronze:Allocate"],"picked":"SKIP","floor":21},{"not_picked":["bronze:Deprecate","bronze:WhirlingStrike"],"picked":"bronze:FineTuning+1","floor":23},{"not_picked":["bronze:CutThrough","bronze:Optimize+1","bronze:FineTuning"],"picked":"SKIP","floor":26},{"not_picked":["bronze:CutThrough","bronze:Repulsor","bronze:DelayedSlice"],"picked":"SKIP","floor":27},{"not_picked":["bronze:CutThrough","bronze:CloningBeam+1"],"picked":"bronze:Deprecate+1","floor":28}],"player_experience":597963,"relics_obtained":[{"floor":6.0,"key":"Kunai"},{"floor":7.0,"key":"Sundial"},{"floor":26,"key":"Art of War"}],"event_choices":[{"damage_healed":0.0,"max_hp_gain":0.0,"max_hp_loss":0.0,"gold_gain":0.0,"event_name":"betterNote:BetterNote","player_choice":"Ignored","floor":8.0,"gold_loss":0.0,"damage_taken":0.0,"cards_obtained":["champ:Strike"]}],"is_beta":false,"boss_relics":[{"not_picked":["Pandora\u0027s Box","SacredBark"],"picked":"Astrolabe"}],"items_purged_floors":[],"is_endless":false,"potions_floor_spawned":[5,9,13,15,16,19,21,27,28],"killed_by":"3 Cultists","ascension_level":0}}