{"host":"fdq5pmhluajjrf8d","time":1611535946,"event":{"mods":["BaseMod","Minty Spire (QoL Compilation)"],"gold_per_floor":[110,185,202,222,238,238,257,257,327,327,342,342,61,72,72,146,196,209,169,169,169,169,169],"floor_reached":22,"language":"ENG","playtime":684,"items_purged":["Regret"],"score":356,"play_id":"cfb92124-2a5d-4278-8f11-c83ecfce4a17","local_time":"20210124195226","is_ascension_mode":true,"campfire_choices":[{"floor":6,"key":"REST"},{"data":"Redo","floor":8,"key":"SMITH"},{"floor":12,"key":"REST"},{"floor":15,"key":"REST"}],"circlet_count":0,"master_deck":["AscendersBane","Strike_B","Strike_B","Strike_B+1","Strike_B","Defend_B","Defend_B","Defend_B+1","Defend_B","Zap","Dualcast","Rip and Tear+1","Redo+1","Gash","Glacier+1","Steam+1","All For One"],"relics":["Cracked Core","Calipers","Bronze Scales","Tiny House","Nloth\u0027s Gift"],"acts_visited":["Exordium","TheCity"],"potions_floor_usage":[16,16,18],"damage_taken":[{"damage":4,"enemies":"Small Slimes","floor":1,"turns":3},{"damage":9,"enemies":"2 Louse","floor":3,"turns":2},{"damage":3,"enemies":"Cultist","floor":4,"turns":3},{"damage":14,"enemies":"Looter","floor":5,"turns":3},{"damage":9,"enemies":"Gremlin Gang","floor":7,"turns":5},{"damage":6,"enemies":"Red Slaver","floor":11,"turns":2},{"damage":6,"enemies":"3 Louse","floor":14,"turns":2},{"damage":42,"enemies":"Slime Boss","floor":16,"turns":10},{"damage":17,"enemies":"3 Byrds","floor":18,"turns":4},{"damage":20,"enemies":"2 Thieves","floor":19,"turns":5},{"damage":22,"enemies":"3 Cultists","floor":22,"turns":3}],"seed_played":"7876777312483751081","potions_obtained":[{"floor":1,"key":"Weak Potion"},{"floor":7,"key":"CultistPotion"},{"floor":17,"key":"Energy Potion"},{"floor":18,"key":"BlessingOfTheForge"}],"is_trial":false,"path_per_floor":["M","?","M","M","M","R","M","R","T","?","M","R","$","M","R","B",null,"M","M","?","?","M"],"character_chosen":"DEFECT","items_purchased":["Bronze Scales","Glacier+1"],"campfire_rested":3,"item_purchase_floors":[13,13],"current_hp_per_floor":[60,49,40,37,23,44,35,35,35,14,8,29,29,23,44,2,59,42,22,22,22,0,0],"gold":169,"neow_bonus":"ONE_RARE_RELIC","is_daily":false,"chose_seed":false,"campfire_upgraded":1,"win_rate":0.0,"timestamp":1611535946,"path_taken":["M","?","M","M","M","R","M","R","T","?","M","R","$","M","R","BOSS","M","M","?","?","?"],"items_purchased_type":["Relic","Card"],"build_version":"2020-12-22","purchased_purges":1,"victory":false,"max_hp_per_floor":[71,71,71,71,71,71,71,71,71,71,71,71,71,71,71,71,76,76,76,76,76,76,76],"card_choices":[{"not_picked":["Conserve Battery","Steam"],"picked":"Rip and Tear","floor":1},{"not_picked":["Lockon","Streamline"],"picked":"Redo","floor":3},{"not_picked":["Redo","Leap","Heatsinks"],"picked":"SKIP","floor":4},{"not_picked":["Hologram","Coolheaded"],"picked":"Gash","floor":5},{"not_picked":["Turbo","Ball Lightning","Hello World"],"picked":"SKIP","floor":7},{"not_picked":["Turbo+1","Storm","Self Repair"],"picked":"SKIP","floor":11},{"not_picked":["BootSequence+1","Tempest+1"],"picked":"Steam+1","floor":14},{"not_picked":["Multi-Cast+1","Core Surge"],"picked":"All For One","floor":16},{"not_picked":["Lockon","Steam+1","BootSequence+1"],"picked":"SKIP","floor":18},{"not_picked":["Hologram+1","Leap+1","Streamline"],"picked":"SKIP","floor":19}],"player_experience":1934939,"relics_obtained":[{"floor":9,"key":"Toxic Egg 2"}],"event_choices":[{"damage_healed":0,"gold_gain":75,"player_choice":"Gather Gold","damage_taken":11,"max_hp_gain":0,"max_hp_loss":0,"event_name":"World of Goop","floor":2,"gold_loss":0},{"damage_healed":0,"gold_gain":0,"player_choice":"Entered Light","damage_taken":21,"max_hp_gain":0,"max_hp_loss":0,"event_name":"Shining Light","floor":10,"gold_loss":0,"cards_upgraded":["Strike_B","Rip and Tear"]},{"damage_healed":0,"gold_gain":0,"player_choice":"Ignored","damage_taken":0,"max_hp_gain":0,"max_hp_loss":0,"event_name":"Ghosts","floor":20,"gold_loss":0},{"damage_healed":0,"gold_gain":0,"player_choice":"Traded Relic","damage_taken":0,"relics_obtained":["Nloth\u0027s Gift"],"max_hp_gain":0,"max_hp_loss":0,"event_name":"N\u0027loth","floor":21,"relics_lost":["Toxic Egg 2"],"gold_loss":0}],"is_beta":false,"boss_relics":[{"not_picked":["Philosopher\u0027s Stone","FrozenCore"],"picked":"Tiny House"}],"items_purged_floors":[13],"is_endless":false,"potions_floor_spawned":[1,7,14,18],"killed_by":"3 Cultists","ascension_level":20}}