{"host":"9xv6exvwmlpefxuw","time":1611539942,"event":{"mods":["ATMod(阿瑾Mod)","AchievementEnabler","Act Like it!","Aspiration","BaseMod","Chen","Colored Powertips","Conspire","Downfall","Friendly Minions","Gensokyo","GifTheSpireLib","KinomotoSakuraMod(木之本樱)","Koishi","KomeijiMod","Lobotomy","LobotomyExtend","Marisa（F雨　魔理沙）","Minty Spire (QoL Compilation)","MostiFishMod","Pale of the Ancients","Rare Cards Sparkle","Reimu（博丽灵梦）","Remilia_Scarlet Moed（蕾米莉亚・斯卡雷特）3.3.5","Remilia（蕾米莉亚）","RumiaBox-露米娅的神秘盒子","StSLib","The Administrix","The Mystic","The Servant 0.9.4","WarShipGirlsR/战舰少女R mod","Yakumo Yukari mod","Youmu（魂魄妖梦）","Yuyuko","[IsaacMod]以撒尖塔","[功能]功能增强和修复MOD","【功能Mod】混沌之环修复补丁","【功能Mod】聪明的最终Boss","【遗物卡牌】REMEMod"],"gold_per_floor":[118,137,156,156,156,173,205,219,219,219,219],"floor_reached":10,"language":"ZHS","playtime":813,"items_purged":[],"score":77,"play_id":"253cb57e-8579-4a69-aef7-c97ab5204dd8","local_time":"20210125095902","is_ascension_mode":true,"campfire_choices":[],"circlet_count":0,"master_deck":["Strike_R","Strike_R","Strike_R","Strike_R","Strike_R","Defend_R","Defend_R","Defend_R","Defend_R","Bash","EpicFetus","OldLady","Bloodbath","Dual Wield","SpiderBud","Bomb","RemiliaMod:CYMZW","Wellcheers","Cleave","OSAHOGD","BeautyBeast","Limit Break","Limit Break"],"relics":["Burning Blood","AT_ATBox","HushsDoor","REME_ComplimentaryCards","DaveBox","The Courier","BFFS","CogitoBucket","SynthV:TestCard","LetterFromLob","AT_BladeRuinedKing","HellTrain"],"acts_visited":["Exordium"],"potions_floor_usage":[10,10,10],"damage_taken":[{"damage":2,"enemies":"2 Louse","floor":1,"turns":3},{"damage":0,"enemies":"Small Slimes","floor":2,"turns":3},{"damage":13,"enemies":"conspire:RoseBush","floor":3,"turns":2},{"damage":35,"enemies":"Lots of Slimes","floor":6,"turns":6},{"damage":31,"enemies":"Lagavulin","floor":7,"turns":9},{"damage":32,"enemies":"Looter","floor":8,"turns":6},{"damage":24,"enemies":"Gremlin Nob","floor":10,"turns":3}],"seed_played":"-896716004860175131","potions_obtained":[{"floor":1,"key":"Ancient Potion"},{"floor":2,"key":"LiquidMemories"},{"floor":3,"key":"FearPotion"},{"floor":6,"key":"BlessingOfTheForge"}],"is_trial":false,"path_per_floor":["M","M","M","?","?","M","E","M","T","E"],"character_chosen":"IRONCLAD","items_purchased":[],"campfire_rested":0,"item_purchase_floors":[],"current_hp_per_floor":[80,80,74,79,79,52,36,12,12,0,0],"gold":219,"neow_bonus":"","is_daily":false,"chose_seed":false,"campfire_upgraded":0,"win_rate":0.0,"timestamp":1611539942,"path_taken":["M","M","M","?","?","M","E","M","T","E"],"items_purchased_type":[],"build_version":"2020-12-22","purchased_purges":0,"victory":false,"max_hp_per_floor":[80,80,80,85,85,85,85,85,85,85,85],"card_choices":[{"not_picked":[],"picked":"EpicFetus","floor":0},{"not_picked":["CherryBlossoms","Murderer"],"picked":"OldLady","floor":1},{"not_picked":["Headbutt","Uppercut","Second Wind"],"picked":"SKIP","floor":1},{"not_picked":["WallGazer","VoidDream"],"picked":"Bloodbath","floor":2},{"not_picked":["AT_ManFootWork","AT_IchimonjiDouble","Whirlwind","Body Slam"],"picked":"Dual Wield","floor":2},{"not_picked":["MeatLantern","FairyFestival"],"picked":"SpiderBud","floor":3},{"not_picked":["Battle Trance","Iron Wave","Thunderclap","Dual Wield"],"picked":"Bomb","floor":3},{"not_picked":["LaLuna","OSAHOGD"],"picked":"Wellcheers","floor":6},{"not_picked":["Thunderclap","Cleave","Shrug It Off","Warcry","Body Slam"],"picked":"SKIP","floor":6},{"not_picked":["Thunderclap","Shrug It Off","Warcry","Body Slam"],"picked":"Cleave","floor":6},{"not_picked":["Laetitia","VoidDream"],"picked":"OSAHOGD","floor":7},{"not_picked":["AT_BodySlamDance","Twin Strike","Sword Boomerang","Searing Blow","Pummel"],"picked":"SKIP","floor":7},{"not_picked":["VoidDream","LaLuna"],"picked":"BeautyBeast","floor":8},{"not_picked":["Clothesline","Sword Boomerang","AT_IchimonjiDouble","Body Slam"],"picked":"Limit Break","floor":8}],"player_experience":139951,"relics_obtained":[{"floor":1,"key":"SynthV:TestCard"},{"floor":1,"key":"LetterFromLob"},{"floor":7,"key":"AT_BladeRuinedKing"}],"event_choices":[{"damage_healed":0,"gold_gain":0,"player_choice":"CYMZW","damage_taken":0,"max_hp_gain":5,"max_hp_loss":0,"event_name":"Remilia_CDSJ09","floor":4,"gold_loss":0}],"is_beta":false,"boss_relics":[],"items_purged_floors":[],"is_endless":false,"potions_floor_spawned":[1,2,3,6,7],"killed_by":"Gremlin Nob","ascension_level":2}}