{"host":"p62uqwu04pp7leh9","time":1611572552,"event":{"mods":["BaseMod","Block Reminder","Colored Map","Colored Powertips","Minty Spire (QoL Compilation)","Relic Stats"],"gold_per_floor":[109,127,302,302,80,80,80,95,119,19,19,19,55,75,75,205,205,229,208,224,224,249,249,249,3,3,24,24,24,24],"floor_reached":29,"language":"ENG","playtime":1600,"items_purged":["Doubt","Defend_R"],"score":245,"play_id":"f57a0347-5bd7-4c85-a7fe-71a60d780cba","local_time":"20210125050232","is_ascension_mode":true,"campfire_choices":[{"data":"Shrug It Off","floor":7,"key":"SMITH"},{"data":"Armaments","floor":12,"key":"SMITH"},{"data":"Berserk","floor":15,"key":"SMITH"},{"floor":23,"key":"REST"},{"floor":28,"key":"REST"}],"circlet_count":0,"master_deck":["Strike_R","Strike_R","Strike_R","Defend_R","Defend_R","Bash","Clothesline","Shrug It Off+1","Armaments+1","Berserk+1","Barricade","Pommel Strike","Good Instincts"],"relics":["Burning Blood","Golden Idol","Omamori","Centennial Puzzle","Art of War","Empty Cage","Sundial","TheAbacus","HornCleat"],"acts_visited":["Exordium","TheCity"],"potions_floor_usage":[14,19],"damage_taken":[{"damage":2,"enemies":"Jaw Worm","floor":1,"turns":3},{"damage":11,"enemies":"Small Slimes","floor":2,"turns":3},{"damage":0,"enemies":"2 Louse","floor":8,"turns":2},{"damage":29,"enemies":"Lagavulin","floor":13,"turns":7},{"damage":10,"enemies":"Gremlin Gang","floor":14,"turns":5},{"damage":30,"enemies":"The Guardian","floor":16,"turns":16},{"damage":11,"enemies":"Chosen","floor":18,"turns":5},{"damage":29,"enemies":"2 Thieves","floor":19,"turns":5},{"damage":11,"enemies":"Cultist and Chosen","floor":20,"turns":9},{"damage":23,"enemies":"Centurion and Healer","floor":22,"turns":14},{"damage":20,"enemies":"Shelled Parasite and Fungi","floor":27,"turns":9},{"damage":52,"enemies":"Slavers","floor":29,"turns":6}],"seed_played":"7105541419115730251","potions_obtained":[{"floor":2,"key":"Fire Potion"},{"floor":8,"key":"GamblersBrew"},{"floor":18,"key":"ColorlessPotion"},{"floor":27,"key":"SneckoOil"}],"is_trial":false,"path_per_floor":["M","M","?","?","$","?","R","M","T","$","$","R","E","M","R","B",null,"M","M","M","?","M","R","?","$","T","M","R","E"],"character_chosen":"IRONCLAD","items_purchased":["Omamori","TheAbacus","Good Instincts"],"campfire_rested":2,"item_purchase_floors":[5,25,25],"current_hp_per_floor":[88,83,83,81,81,81,81,81,81,81,81,81,58,54,54,30,81,76,53,48,33,16,41,41,41,41,27,52,0,0],"gold":24,"neow_bonus":"TEN_PERCENT_HP_BONUS","is_daily":false,"chose_seed":false,"campfire_upgraded":3,"win_rate":0.0,"timestamp":1611572552,"path_taken":["M","M","?","?","$","?","R","?","T","?","$","R","E","M","R","BOSS","M","M","M","?","M","R","?","$","T","M","R","E"],"items_purchased_type":["Relic","Relic","Card"],"build_version":"2020-12-22","purchased_purges":2,"victory":false,"max_hp_per_floor":[88,88,88,81,81,81,81,81,81,81,81,81,81,81,81,81,81,81,81,81,86,86,86,86,86,86,86,86,86,86],"relic_stats":{"Centennial Puzzle":[27],"TheAbacus":[54],"counters":[12,84],"Golden Idol":62,"Sundial":[6],"Art of War":[11],"obtain_stats":[{"Centennial Puzzle":9,"TheAbacus":25,"HornCleat":26,"Golden Idol":4,"Sundial":24,"Omamori":5,"Art of War":13,"Empty Cage":17,"Burning Blood":0},{"Centennial Puzzle":3,"TheAbacus":10,"HornCleat":10,"Golden Idol":2,"Sundial":10,"Omamori":2,"Art of War":4,"Empty Cage":6,"Burning Blood":0},{"Centennial Puzzle":8,"TheAbacus":69,"HornCleat":69,"Golden Idol":6,"Sundial":69,"Omamori":6,"Art of War":15,"Empty Cage":36,"Burning Blood":0}],"Burning Blood":56},"card_choices":[{"not_picked":["True Grit","Disarm"],"picked":"Clothesline","floor":1},{"not_picked":["Thunderclap","Havoc"],"picked":"Shrug It Off","floor":2},{"not_picked":["Cleave","Shrug It Off"],"picked":"Armaments","floor":8},{"not_picked":["Perfected Strike","Iron Wave","Rampage"],"picked":"SKIP","floor":13},{"not_picked":["Headbutt","Clothesline"],"picked":"Berserk","floor":14},{"not_picked":["Juggernaut","Exhume"],"picked":"Barricade","floor":16},{"not_picked":["Burning Pact","Clothesline"],"picked":"Pommel Strike","floor":18},{"not_picked":["Havoc+1","Sword Boomerang","Twin Strike"],"picked":"SKIP","floor":19},{"not_picked":["Armaments","Havoc","Thunderclap"],"picked":"SKIP","floor":20},{"not_picked":["Sword Boomerang","Clothesline","True Grit"],"picked":"SKIP","floor":22},{"not_picked":["Reckless Charge","Feed","Power Through"],"picked":"SKIP","floor":27}],"player_experience":330551,"relics_obtained":[{"floor":9,"key":"Centennial Puzzle"},{"floor":13,"key":"Art of War"},{"floor":26,"key":"HornCleat"}],"event_choices":[{"damage_healed":0,"gold_gain":175,"player_choice":"AGREE","damage_taken":0,"max_hp_gain":0,"max_hp_loss":0,"event_name":"Liars Game","floor":3,"gold_loss":0,"cards_obtained":["Doubt"]},{"damage_healed":0,"gold_gain":0,"player_choice":"Lose Max HP","damage_taken":0,"relics_obtained":["Golden Idol"],"max_hp_gain":0,"max_hp_loss":7,"event_name":"Golden Idol","floor":4,"gold_loss":0},{"cards_removed":["Defend_R"],"damage_healed":0,"gold_gain":0,"player_choice":"Offered Basic","damage_taken":0,"max_hp_gain":0,"max_hp_loss":0,"event_name":"Bonfire Elementals","floor":6,"gold_loss":0},{"damage_healed":0,"gold_gain":0,"player_choice":"Shed Blood","damage_taken":20,"max_hp_gain":5,"max_hp_loss":0,"event_name":"Forgotten Altar","floor":21,"gold_loss":0},{"damage_healed":0,"gold_gain":0,"player_choice":"Opened","damage_taken":0,"relics_obtained":["Sundial"],"max_hp_gain":0,"max_hp_loss":0,"event_name":"The Mausoleum","floor":24,"gold_loss":0,"cards_obtained":["Writhe"]}],"is_beta":false,"boss_relics":[{"not_picked":["Runic Dome","Astrolabe"],"picked":"Empty Cage"}],"items_purged_floors":[5,10],"is_endless":false,"potions_floor_spawned":[2,8,18,27],"killed_by":"Slavers","ascension_level":2}}