{"host":"b995t17pt6d05w8c","time":1611602390,"event":{"mods":["AchievementEnabler","BaseMod","Colored Map","DeckTracker","Keyboard Shortcuts","Minty Spire (QoL Compilation)","Permanent Neow","SuperFastMode"],"gold_per_floor":[359,359,284,284,284,284,46,46,46,63,78,112,128,148,148,219,219,233,233,233,233,251,281,281,281,281,281,281,93,93,93,93,170,170,187,203,65,83,3,3,36,36,36,47,82,82,95,122,122,122,122],"floor_reached":52,"language":"KOR","playtime":1662,"items_purged":["Defend_B","Strike_B+1"],"score":2133,"play_id":"7736c641-180d-4ea6-9f3e-9de8226cc503","local_time":"20210126041950","is_ascension_mode":true,"campfire_choices":[{"floor":6.0,"key":"REST"},{"data":"Defragment","floor":8.0,"key":"SMITH"},{"data":"Zap","floor":15.0,"key":"SMITH"},{"data":"Coolheaded","floor":25.0,"key":"SMITH"},{"data":"Buffer","floor":28.0,"key":"SMITH"},{"data":"Amplify","floor":30.0,"key":"SMITH"},{"data":"Double Energy","floor":32.0,"key":"SMITH"},{"data":"Creative AI","floor":40.0,"key":"SMITH"},{"data":"Consume","floor":42.0,"key":"SMITH"},{"data":"Heatsinks","floor":49.0,"key":"SMITH"}],"circlet_count":0,"master_deck":["AscendersBane","Defend_B+1","Defend_B","Zap+1","Dualcast","Glacier","Buffer+1","Defragment+1","Streamline","Double Energy+1","Ball Lightning","Undo","Electrodynamics","Self Repair","Amplify+1","Beam Cell","Coolheaded+1","Creative AI+1","Glacier","Chill","Consume+1","White Noise+1","Coolheaded+1","Heatsinks+1"],"relics":["Cracked Core","Runic Capacitor","The Courier","Bird Faced Urn","Coffee Dripper","StrikeDummy","Pear","Nloth\u0027s Gift","Medical Kit","Inserter","Orrery","Oddly Smooth Stone","Symbiotic Virus","Vajra","Question Card"],"acts_visited":["Exordium","TheCity","TheBeyond"],"potions_floor_usage":[51,51],"damage_taken":[{"damage":1.0,"enemies":"2 Louse","floor":1.0,"turns":3.0},{"damage":0.0,"enemies":"Jaw Worm","floor":10.0,"turns":5.0},{"damage":0.0,"enemies":"Small Slimes","floor":11.0,"turns":4.0},{"damage":12.0,"enemies":"3 Sentries","floor":12.0,"turns":10.0},{"damage":8.0,"enemies":"Blue Slaver","floor":13.0,"turns":4.0},{"damage":0.0,"enemies":"Exordium Wildlife","floor":14.0,"turns":4.0},{"damage":0.0,"enemies":"The Guardian","floor":16.0,"turns":12.0},{"damage":0.0,"enemies":"Chosen","floor":18.0,"turns":4.0},{"damage":18.0,"enemies":"2 Thieves","floor":22.0,"turns":3.0},{"damage":32.0,"enemies":"Slavers","floor":23.0,"turns":4.0},{"damage":0.0,"enemies":"Collector","floor":33.0,"turns":11.0},{"damage":3.0,"enemies":"Orb Walker","floor":35.0,"turns":5.0},{"damage":60.0,"enemies":"3 Darklings","floor":36.0,"turns":5.0},{"damage":2.0,"enemies":"Sphere and 2 Shapes","floor":38.0,"turns":10.0},{"damage":6.0,"enemies":"Nemesis","floor":41.0,"turns":11.0},{"damage":14.0,"enemies":"Writhing Mass","floor":44.0,"turns":9.0},{"damage":0.0,"enemies":"Giant Head","floor":45.0,"turns":10.0},{"damage":0.0,"enemies":"Maw","floor":47.0,"turns":8.0},{"damage":17.0,"enemies":"Nemesis","floor":48.0,"turns":9.0},{"damage":10,"enemies":"Donu and Deca","floor":50,"turns":8},{"damage":1,"enemies":"Awakened One","floor":51,"turns":12}],"seed_played":"6885438017367535440","potions_obtained":[{"floor":12.0,"key":"Regen Potion"},{"floor":13.0,"key":"LiquidBronze"},{"floor":22.0,"key":"BlessingOfTheForge"},{"floor":33.0,"key":"SpeedPotion"},{"floor":41.0,"key":"FocusPotion"},{"floor":44.0,"key":"FocusPotion"}],"is_trial":false,"path_per_floor":["M","?","?","?","?","R","$","R","T","M","M","E","M","M","R","B",null,"M","?","?","?","M","E","T","R","T","?","R","$","R","$","R","B",null,"M","M","$","M","$","R","E","R","T","M","E","?","M","E","R","B","B",null],"character_chosen":"DEFECT","items_purchased":["Runic Capacitor","Defragment","Medical Kit","Orrery"],"campfire_rested":1,"item_purchase_floors":[7,7,29,37],"current_hp_per_floor":[45,45,45,45,24,45,45,45,45,45,45,33,29,33,33,35,62,68,68,68,68,66,51,61,61,61,61,61,61,61,61,61,81,81,81,42,42,81,81,81,81,81,81,81,81,81,81,81,81,81,81],"gold":122,"neow_bonus":"TWO_FIFTY_GOLD","is_daily":false,"chose_seed":false,"campfire_upgraded":9,"win_rate":0.0,"timestamp":1611602390,"path_taken":["M","?","?","?","?","R","$","R","T","M","M","E","?","M","R","BOSS","M","?","?","?","?","E","?","R","T","?","R","$","R","$","R","BOSS","M","M","$","?","?","R","E","R","T","M","E","?","?","E","R","BOSS","BOSS"],"items_purchased_type":["Relic","Card","Relic","Relic"],"build_version":"2020-12-22","purchased_purges":2,"victory":true,"max_hp_per_floor":[71,71,71,71,71,71,71,71,71,71,71,71,71,71,71,71,71,71,71,71,71,71,71,81,81,81,81,81,81,81,81,81,81,81,81,81,81,81,81,81,81,81,81,81,81,81,81,81,81,81,81],"card_choices":[{"not_picked":["Compile Driver","Rebound"],"picked":"Glacier","floor":1.0},{"not_picked":["Go for the Eyes","Compile Driver","Stack"],"picked":"SKIP","floor":10.0},{"not_picked":["Cold Snap","Conserve Battery"],"picked":"Streamline","floor":11.0},{"not_picked":["Thunder Strike","Recycle"],"picked":"Double Energy","floor":12.0},{"not_picked":["Turbo","Leap"],"picked":"Ball Lightning","floor":13.0},{"not_picked":["Chill","Turbo"],"picked":"Undo","floor":14.0},{"not_picked":["Creative AI","Machine Learning"],"picked":"Electrodynamics","floor":16.0},{"not_picked":["Beam Cell","Go for the Eyes","Turbo"],"picked":"SKIP","floor":18.0},{"not_picked":["Undo","Hologram"],"picked":"Coolheaded","floor":22.0},{"not_picked":["Beam Cell+1","Steam","All For One"],"picked":"SKIP","floor":23.0},{"not_picked":["Meteor Strike","Electrodynamics"],"picked":"Creative AI","floor":33.0},{"not_picked":["Gash","Rebound","Leap"],"picked":"SKIP","floor":35.0},{"not_picked":["Aggregate+1","Tempest"],"picked":"Glacier","floor":36.0},{"not_picked":["Gash","Streamline"],"picked":"Chill","floor":37.0},{"not_picked":["FTL","Melter"],"picked":"Consume","floor":37.0},{"not_picked":["Gash+1","Chill"],"picked":"White Noise+1","floor":37.0},{"not_picked":["Chaos","Conserve Battery","Cold Snap+1"],"picked":"SKIP","floor":38.0},{"not_picked":["Static Discharge","Conserve Battery","Tempest"],"picked":"SKIP","floor":41.0},{"not_picked":["White Noise","Sweeping Beam","Creative AI"],"picked":"SKIP","floor":44.0},{"not_picked":["Storm","Amplify","Barrage"],"picked":"SKIP","floor":45.0},{"not_picked":["Gash","Go for the Eyes","Turbo"],"picked":"SKIP","floor":47.0},{"not_picked":["Creative AI","Beam Cell"],"picked":"Heatsinks","floor":48.0}],"player_experience":172572,"relics_obtained":[{"floor":9.0,"key":"The Courier"},{"floor":12.0,"key":"Bird Faced Urn"},{"floor":23.0,"key":"Regal Pillow"},{"floor":24.0,"key":"Pear"},{"floor":41.0,"key":"Oddly Smooth Stone"},{"floor":43.0,"key":"Symbiotic Virus"},{"floor":45.0,"key":"Vajra"},{"floor":48.0,"key":"Question Card"}],"event_choices":[{"damage_healed":0.0,"max_hp_gain":0.0,"max_hp_loss":0.0,"gold_gain":0.0,"cards_transformed":["Strike_B"],"event_name":"Living Wall","player_choice":"Change","floor":2.0,"gold_loss":0.0,"damage_taken":0.0,"cards_obtained":["Buffer"]},{"cards_removed":["Defend_B"],"damage_healed":0.0,"max_hp_gain":0.0,"max_hp_loss":0.0,"gold_gain":0.0,"event_name":"The Cleric","player_choice":"Card Removal","floor":3.0,"gold_loss":75.0,"damage_taken":0.0},{"damage_healed":0.0,"max_hp_gain":0.0,"max_hp_loss":0.0,"gold_gain":0.0,"event_name":"Liars Game","player_choice":"Ignored","floor":4.0,"gold_loss":0.0,"damage_taken":0.0},{"damage_healed":0.0,"max_hp_gain":0.0,"max_hp_loss":0.0,"gold_gain":0.0,"event_name":"Shining Light","player_choice":"Entered Light","floor":5.0,"gold_loss":0.0,"damage_taken":21.0,"cards_upgraded":["Strike_B","Defend_B"]},{"damage_healed":0.0,"max_hp_gain":0.0,"max_hp_loss":0.0,"gold_gain":0.0,"event_name":"The Library","player_choice":"Read","floor":19.0,"gold_loss":0.0,"damage_taken":0.0,"cards_obtained":["Self Repair"]},{"damage_healed":0.0,"max_hp_gain":0.0,"max_hp_loss":0.0,"gold_gain":0.0,"cards_transformed":["Strike_B","Strike_B"],"event_name":"Drug Dealer","player_choice":"Became Test Subject","floor":20.0,"gold_loss":0.0,"damage_taken":0.0,"cards_obtained":["Amplify","Beam Cell"]},{"damage_healed":0.0,"max_hp_gain":0.0,"max_hp_loss":0.0,"gold_gain":0.0,"event_name":"WeMeetAgain","player_choice":"Gave Potion","floor":21.0,"gold_loss":0.0,"damage_taken":0.0,"relics_obtained":["StrikeDummy"]},{"damage_healed":0.0,"max_hp_gain":0.0,"max_hp_loss":0.0,"gold_gain":0.0,"event_name":"N\u0027loth","player_choice":"Traded Relic","floor":27.0,"relics_lost":["Regal Pillow"],"gold_loss":0.0,"damage_taken":0.0,"relics_obtained":["Nloth\u0027s Gift"]},{"damage_healed":0.0,"max_hp_gain":0.0,"max_hp_loss":0.0,"gold_gain":0.0,"event_name":"Duplicator","player_choice":"Copied","floor":46.0,"gold_loss":0.0,"damage_taken":0.0,"cards_obtained":["Coolheaded"]}],"is_beta":false,"boss_relics":[{"not_picked":["Tiny House","Fusion Hammer"],"picked":"Coffee Dripper"},{"not_picked":["SlaversCollar","Pandora\u0027s Box"],"picked":"Inserter"}],"items_purged_floors":[29,39],"is_endless":false,"potions_floor_spawned":[12,13,16,22,33,41,44,45],"ascension_level":20}}