{"host":"ordk2y2ebcetabk6","time":1611550945,"event":{"mods":["AlwaysNeverKeys","Bard","BaseMod","Better Debug","Colored Map","Colored Powertips","Dark Map","Hermit","Highlight Path","Minty Spire (QoL Compilation)","Permanent Neow","Rare Cards Sparkle","Spire Arcade","StSLib","Wide Potions"],"gold_per_floor":[109,109,121,221,238,238,248,265,265,278,296,296,73,85,85,187,187,202,102,120,120,120,120,147,159,185,185,185,204,204,216,216,316,316,331,206,256,256,106,106,106,106,106,138,138,154,154,154,154],"floor_reached":48,"language":"ENG","playtime":1547,"items_purged":["Strike_P","Strike_P","Strike_P","Strike_P"],"score":495,"play_id":"3aa474cb-07a0-4bc2-b131-25418437aa65","local_time":"20210124220225","is_ascension_mode":false,"campfire_choices":[{"data":"CrushJoints","floor":6,"key":"SMITH"},{"data":"SashWhip","floor":12,"key":"SMITH"},{"data":"ForeignInfluence","floor":15,"key":"SMITH"},{"data":"Blasphemy","floor":23,"key":"SMITH"},{"floor":27,"key":"REST"},{"floor":30,"key":"REST"},{"data":"ClearTheMind","floor":32,"key":"SMITH"},{"data":"Alpha","floor":40,"key":"SMITH"},{"data":"Vigilance","floor":42,"key":"SMITH"},{"data":"ReachHeaven","floor":45,"key":"SMITH"}],"circlet_count":0,"master_deck":["Defend_P","Defend_P","Defend_P","Defend_P","Eruption+1","Vigilance+1","CrushJoints+1","Vengeance","Tantrum","SashWhip+1","ForeignInfluence+1","Alpha+1","Blasphemy+1","ReachHeaven+1","ClearTheMind+1"],"relics":["HolyWater","Bronze Scales","SlaversCollar","Blood Vial","PreservedInsect","Darkstone Periapt","Bird Faced Urn","MealTicket","Eternal Feather","Shuriken"],"acts_visited":["Exordium","TheCity","TheBeyond"],"potions_floor_usage":[16,18,33,33,33],"damage_taken":[{"damage":0.0,"enemies":"Jaw Worm","floor":1.0,"turns":4.0},{"damage":0.0,"enemies":"Cultist","floor":3.0,"turns":2.0},{"damage":1,"enemies":"Small Slimes","floor":5,"turns":2},{"damage":9,"enemies":"Exordium Thugs","floor":7,"turns":3},{"damage":4,"enemies":"Blue Slaver","floor":8,"turns":2},{"damage":0,"enemies":"2 Fungi Beasts","floor":10,"turns":2},{"damage":0,"enemies":"3 Louse","floor":11,"turns":3},{"damage":0,"enemies":"Looter","floor":14,"turns":2},{"damage":29,"enemies":"Hexaghost","floor":16,"turns":5},{"damage":8,"enemies":"2 Thieves","floor":18,"turns":2},{"damage":19,"enemies":"Shell Parasite","floor":20,"turns":5},{"damage":19,"enemies":"Gremlin Leader","floor":24,"turns":4},{"damage":24,"enemies":"Shelled Parasite and Fungi","floor":25,"turns":4},{"damage":18,"enemies":"Snecko","floor":29,"turns":6},{"damage":0,"enemies":"Sentry and Sphere","floor":31,"turns":2},{"damage":19,"enemies":"Champ","floor":33,"turns":4},{"damage":18,"enemies":"Orb Walker","floor":35,"turns":3},{"damage":20,"enemies":"Mind Bloom Boss Battle","floor":37,"turns":5},{"damage":23,"enemies":"Nemesis","floor":44,"turns":3},{"damage":18,"enemies":"3 Shapes","floor":46,"turns":4},{"damage":36,"enemies":"Reptomancer","floor":48,"turns":2}],"seed_played":"1667942528837193808","potions_obtained":[{"floor":3.0,"key":"BottledMiracle"},{"floor":5,"key":"Block Potion"},{"floor":24,"key":"Dexterity Potion"},{"floor":25,"key":"BottledMiracle"},{"floor":29,"key":"ColorlessPotion"},{"floor":44,"key":"EssenceOfSteel"}],"is_trial":false,"path_per_floor":["M","?","M","?","M","R","M","M","T","M","M","R","$","M","R","B",null,"M","$","M","?","?","R","E","M","T","R","T","M","R","M","R","B",null,"M","$","?","?","$","R","?","R","T","E","R","M","T","E"],"character_chosen":"WATCHER","items_purchased":["Alpha"],"campfire_rested":2,"item_purchase_floors":[13],"current_hp_per_floor":[72,72,72,72,71,71,62,58,58,58,58,58,58,58,58,29,72,64,64,45,45,45,45,26,4,4,25,25,9,30,32,32,15,72,54,54,36,63,63,63,60,60,60,37,46,32,32,0,0],"gold":154,"neow_bonus":"UPGRADE_CARD","is_daily":false,"chose_seed":false,"campfire_upgraded":8,"win_rate":0.0,"timestamp":1611550945,"path_taken":["M","?","?","?","M","R","M","M","T","?","M","R","$","M","R","BOSS","M","$","M","?","?","R","E","?","T","R","?","M","R","M","R","BOSS","M","$","?","?","$","R","?","R","T","E","R","M","?","E"],"items_purchased_type":["Card"],"build_version":"2020-12-22","purchased_purges":4,"victory":false,"max_hp_per_floor":[72,72,72,72,72,72,72,72,72,72,72,72,72,72,72,72,72,72,72,72,72,72,72,72,72,72,72,72,72,72,72,72,72,72,72,72,72,63,63,63,60,60,60,60,60,60,60,60,60],"card_choices":[{"not_picked":["FlurryOfBlows","FollowUp"],"picked":"CrushJoints","floor":1.0},{"not_picked":["CrushJoints","Consecrate"],"picked":"Vengeance","floor":3.0},{"not_picked":["Worship","EmptyMind"],"picked":"Tantrum","floor":5},{"not_picked":["FlyingSleeves","EmptyMind","ThirdEye"],"picked":"SKIP","floor":7},{"not_picked":["WheelKick","EmptyFist"],"picked":"SashWhip","floor":8},{"not_picked":["Tantrum","Consecrate"],"picked":"ForeignInfluence","floor":10},{"not_picked":["BowlingBash","SashWhip","WaveOfTheHand"],"picked":"SKIP","floor":11},{"not_picked":["Crescendo","EmptyFist","Swivel"],"picked":"SKIP","floor":14},{"not_picked":["Scrawl","Establishment"],"picked":"Blasphemy","floor":16},{"not_picked":["TalkToTheHand","BowlingBash","Wireheading"],"picked":"SKIP","floor":18},{"not_picked":["Halt+1","SashWhip+1"],"picked":"ReachHeaven","floor":20},{"not_picked":["EmptyBody","Halt"],"picked":"ClearTheMind","floor":24},{"not_picked":["Evaluate","JustLucky","Crescendo"],"picked":"SKIP","floor":25},{"not_picked":["Tantrum","Perseverance","Consecrate"],"picked":"SKIP","floor":29},{"not_picked":["MentalFortress","Indignation+1","ClearTheMind"],"picked":"SKIP","floor":31},{"not_picked":["CrushJoints","WreathOfFlame","FlurryOfBlows+1"],"picked":"SKIP","floor":35},{"not_picked":["Conclude","Collect","FlurryOfBlows"],"picked":"SKIP","floor":44},{"not_picked":["JustLucky+1","ThirdEye","Sanctity+1"],"picked":"SKIP","floor":46}],"player_experience":1013649,"relics_obtained":[{"floor":9,"key":"Bronze Scales"},{"floor":24,"key":"Blood Vial"},{"floor":26,"key":"PreservedInsect"},{"floor":28,"key":"Darkstone Periapt"},{"floor":37,"key":"Bird Faced Urn"},{"floor":43,"key":"MealTicket"},{"floor":44,"key":"Eternal Feather"},{"floor":47,"key":"Shuriken"}],"event_choices":[{"damage_healed":0.0,"max_hp_gain":0.0,"max_hp_loss":0.0,"gold_gain":0.0,"event_name":"Wheel of Change","player_choice":"Full Heal","floor":2.0,"gold_loss":0.0,"damage_taken":0.0},{"damage_healed":0,"gold_gain":100,"player_choice":"Pray","damage_taken":0,"max_hp_gain":0,"max_hp_loss":0,"event_name":"Golden Shrine","floor":4,"gold_loss":0},{"damage_healed":0,"gold_gain":0,"player_choice":"0 cards matched","damage_taken":0,"max_hp_gain":0,"max_hp_loss":0,"event_name":"Match and Keep!","floor":22,"gold_loss":0,"cards_obtained":[]},{"damage_healed":0,"gold_gain":0,"player_choice":"Fight","damage_taken":0,"max_hp_gain":0,"max_hp_loss":0,"event_name":"MindBloom","floor":37,"gold_loss":0},{"damage_healed":63,"gold_gain":0,"player_choice":"Heal","damage_taken":0,"max_hp_gain":0,"max_hp_loss":9,"event_name":"The Moai Head","floor":38,"gold_loss":0},{"damage_healed":0,"gold_gain":0,"player_choice":"Max HP","damage_taken":0,"max_hp_gain":0,"max_hp_loss":3,"event_name":"Winding Halls","floor":41,"gold_loss":0}],"is_beta":false,"boss_relics":[{"not_picked":["Calling Bell","Coffee Dripper"],"picked":"SlaversCollar"},{"not_picked":["Snecko Eye","Runic Dome"],"picked":"HolyWater"}],"items_purged_floors":[13,19,36,39],"is_endless":false,"potions_floor_spawned":[3,5,7,8,24,25,29,44],"killed_by":"Reptomancer","ascension_level":0}}