{"host":"och2iitg9ibgz06n","time":1611603088,"event":{"mods":["Abigail Mod","AchievementEnabler","Aspiration","BaseMod","Colored Powertips","Dio Mod","Hubris","Hyrulean Relics","Infinite Spire","Minty Spire (QoL Compilation)","Replay The Spire","Small Relic Pack","StSLib","The Animator","The Bug Knight","The Hierophant","The Jungle","The Saiyan","TheHero","Wandering Minibosses","everything is the same but u backflip on backflip","slay the spire mod where everything is the same but ironclad has a cowboy hat"],"gold_per_floor":[115,125,145,162,177,177,193,227,253,283,297,297,314,326,326,428,428,443,455,555,568,568,568],"floor_reached":22,"language":"ENG","playtime":4781,"items_purged":[],"score":235,"play_id":"4808ead0-b374-40bd-9f4e-e81e63d10346","local_time":"20210125133128","is_ascension_mode":true,"campfire_choices":[{"data":"infinitespire:Neurotoxin","floor":6,"key":"SMITH"},{"floor":12,"key":"REST"},{"floor":15,"key":"REST"}],"circlet_count":0,"master_deck":["Strike_G","Strike_G","Strike_G","Strike_G","Strike_G","Defend_G","Defend_G","Defend_G","Defend_G","Defend_G","Survivor","Neutralize","Corpse Explosion","Dagger Spray","Flechettes","Cloak And Dagger","Prepared","infinitespire:Neurotoxin+1","Poisoned Stab","Deflect","Leg Sweep","Flying Knee","Terror","Deadly Poison","Die Die Die","relicPack:ZaWorld","Footwork","Catalyst"],"relics":["Ring of the Snake","Replay:Rubber Ducky","Orichalcum","hubris:CuriousFeather","relicPack:StarArrow"],"acts_visited":["Exordium","TheCity"],"potions_floor_usage":[5,8,10,21],"damage_taken":[{"damage":0,"enemies":"2 Louse","floor":1,"turns":2},{"damage":0,"enemies":"Cultist","floor":2,"turns":5},{"damage":0,"enemies":"Jaw Worm","floor":3,"turns":5},{"damage":8,"enemies":"3 Louse","floor":4,"turns":2},{"damage":2,"enemies":"Large Slime","floor":5,"turns":5},{"damage":14,"enemies":"Blue Slaver","floor":7,"turns":6},{"damage":10,"enemies":"3 Sentries","floor":8,"turns":3},{"damage":12,"enemies":"Lagavulin","floor":10,"turns":6},{"damage":0,"enemies":"Looter","floor":11,"turns":3},{"damage":1,"enemies":"Exordium Wildlife","floor":13,"turns":3},{"damage":2,"enemies":"Large Slime","floor":14,"turns":3},{"damage":31,"enemies":"Hexaghost","floor":16,"turns":7},{"damage":10,"enemies":"Shell Parasite","floor":18,"turns":6},{"damage":27,"enemies":"2 Thieves","floor":19,"turns":5},{"damage":7,"enemies":"Shelled Parasite and Fungi","floor":21,"turns":3},{"damage":38,"enemies":"Cultist and Chosen","floor":22,"turns":7}],"seed_played":"4914135063216569980","potions_obtained":[{"floor":1,"key":"SpeedPotion"},{"floor":3,"key":"Weak Potion"},{"floor":7,"key":"Energy Potion"},{"floor":8,"key":"DistilledChaos"},{"floor":11,"key":"Dexterity Potion"},{"floor":18,"key":"Reflective Coating"}],"is_trial":false,"path_per_floor":["M","M","M","M","M","R","M","E","T","E","M","R","M","M","R","B",null,"M","M","?","M","M"],"character_chosen":"THE_SILENT","items_purchased":[],"campfire_rested":2,"item_purchase_floors":[],"current_hp_per_floor":[70,70,70,62,60,60,46,36,36,24,24,45,44,42,63,32,70,60,33,33,26,0,0],"gold":568,"neow_bonus":"ONE_RANDOM_RARE_CARD","is_daily":false,"chose_seed":false,"campfire_upgraded":1,"win_rate":0.0,"timestamp":1611603088,"path_taken":["M","M","M","M","M","R","M","E","T","E","M","R","M","M","R","BOSS","M","M","?","M","?"],"items_purchased_type":[],"build_version":"2020-12-22","purchased_purges":0,"victory":false,"max_hp_per_floor":[70,70,70,70,70,70,70,70,70,70,70,70,70,70,70,70,70,70,70,70,70,70,70],"card_choices":[{"not_picked":["Cloak And Dagger","Acrobatics"],"picked":"Dagger Spray","floor":1},{"not_picked":["Backflip","Eviscerate"],"picked":"Flechettes","floor":2},{"not_picked":["Acrobatics","Deadly Poison"],"picked":"Cloak And Dagger","floor":3},{"not_picked":["ReplayTheSpireMod:Scrap Shanks","All Out Attack"],"picked":"Prepared","floor":4},{"not_picked":["Poisoned Stab","Endless Agony"],"picked":"infinitespire:Neurotoxin","floor":5},{"not_picked":["Acrobatics","Accuracy"],"picked":"Poisoned Stab","floor":7},{"not_picked":["ReplayTheSpireMod:Scrap Shanks","Finisher"],"picked":"Deflect","floor":8},{"not_picked":["hubris:Counter","Eviscerate"],"picked":"Leg Sweep","floor":10},{"not_picked":["Leg Sweep","Sucker Punch"],"picked":"Flying Knee","floor":11},{"not_picked":["Bane","ReplayTheSpireMod:The Works"],"picked":"Terror","floor":13},{"not_picked":["Sneak Up","Endless Agony"],"picked":"Deadly Poison","floor":14},{"not_picked":["aspiration:Lunge","Atom Bomb"],"picked":"Die Die Die","floor":16},{"not_picked":["Skewer+1","Sucker Punch","Dagger Throw"],"picked":"SKIP","floor":18},{"not_picked":["Backflip","Tactician"],"picked":"Footwork","floor":19},{"not_picked":["ReplayTheSpireMod:The Works+1","Flying Knee"],"picked":"Catalyst","floor":21}],"player_experience":470583,"relics_obtained":[{"floor":8,"key":"Replay:Rubber Ducky"},{"floor":9,"key":"Orichalcum"},{"floor":10,"key":"hubris:CuriousFeather"}],"event_choices":[{"damage_healed":0,"gold_gain":100,"player_choice":"Pray","damage_taken":0,"max_hp_gain":0,"max_hp_loss":0,"event_name":"Golden Shrine","floor":20,"gold_loss":0}],"is_beta":false,"boss_relics":[{"not_picked":["Painkiller Herb","Astrolabe"],"picked":"relicPack:StarArrow"}],"items_purged_floors":[],"is_endless":false,"potions_floor_spawned":[1,3,7,8,11,18],"killed_by":"Cultist and Chosen","ascension_level":3}}