{"host":"ynimr9ugvc6f046i","time":1611545788,"event":{"mods":["2.2 Compatiblity","BaseMod","Colored Map","DeckTracker","Highlight Path","Keyboard Shortcuts","Minty Spire (QoL Compilation)","Permanent Neow","Quick Restart","StSLib","SuperFastMode"],"gold_per_floor":[115,131,131,145,160,160,235,235,235,510,528,528,284,13,13,88,88,101,117,117,131,146,146,166,66,93,120,120,120,133,164,164,235,235,254,254,271,289,305,305,335,335,335,335,335,335,335,335,335],"floor_reached":48,"language":"KOR","playtime":1283,"items_purged":["Strike_B","Defend_B"],"score":1005,"play_id":"4c8ae89c-f9aa-474f-93c2-a2db17a2cf82","local_time":"20210125123628","is_ascension_mode":true,"campfire_choices":[{"data":"Self Repair","floor":6.0,"key":"SMITH"},{"data":"Zap","floor":8.0,"key":"SMITH"},{"floor":15.0,"key":"REST"},{"data":"Capacitor","floor":23.0,"key":"SMITH"},{"data":"Consume","floor":28.0,"key":"SMITH"},{"floor":32.0,"key":"RECALL"},{"data":"Recycle","floor":40.0,"key":"SMITH"},{"data":"Loop","floor":42.0,"key":"SMITH"}],"circlet_count":0,"master_deck":["AscendersBane","Strike_B+1","Strike_B+1","Defend_B","Defend_B","Zap+1","Dualcast","Core Surge","Self Repair+1","Biased Cognition+1","Glacier","Capacitor+1","Turbo+1","Consume+1","Coolheaded+1","Reboot","Chaos+1","Compile Driver","Recycle+1","Self Repair+1","Loop+1","Flash of Steel"],"relics":["Cracked Core","Kunai","Bag of Preparation","Symbiotic Virus","Empty Cage","Potion Belt","Eternal Feather","Vajra","Runic Pyramid","WarpedTongs","Bird Faced Urn"],"acts_visited":["Exordium","TheCity","TheBeyond"],"potions_floor_usage":[48,48],"damage_taken":[{"damage":2.0,"enemies":"Cultist","floor":1.0,"turns":4.0},{"damage":5.0,"enemies":"Small Slimes","floor":2.0,"turns":3.0},{"damage":4.0,"enemies":"Jaw Worm","floor":4.0,"turns":4.0},{"damage":4.0,"enemies":"Exordium Wildlife","floor":5.0,"turns":3.0},{"damage":15.0,"enemies":"Red Slaver","floor":11.0,"turns":4.0},{"damage":50.0,"enemies":"Slime Boss","floor":16.0,"turns":11.0},{"damage":28.0,"enemies":"2 Thieves","floor":18.0,"turns":3.0},{"damage":0.0,"enemies":"Chosen","floor":19.0,"turns":3.0},{"damage":10.0,"enemies":"Snecko","floor":21.0,"turns":4.0},{"damage":7.0,"enemies":"Sentry and Sphere","floor":22.0,"turns":6.0},{"damage":11.0,"enemies":"Centurion and Healer","floor":24.0,"turns":7.0},{"damage":23.0,"enemies":"Slavers","floor":27.0,"turns":5.0},{"damage":8.0,"enemies":"Snecko","floor":30.0,"turns":5.0},{"damage":21.0,"enemies":"Gremlin Leader","floor":31.0,"turns":9.0},{"damage":37.0,"enemies":"Champ","floor":33.0,"turns":16.0},{"damage":8.0,"enemies":"3 Darklings","floor":35.0,"turns":6.0},{"damage":15.0,"enemies":"3 Shapes","floor":37.0,"turns":5.0},{"damage":37.0,"enemies":"Writhing Mass","floor":38.0,"turns":8.0},{"damage":12.0,"enemies":"4 Shapes","floor":39.0,"turns":6.0},{"damage":31.0,"enemies":"Nemesis","floor":41.0,"turns":7.0},{"damage":43,"enemies":"Reptomancer","floor":48,"turns":2}],"seed_played":"7609596859928977382","potions_obtained":[{"floor":2.0,"key":"GamblersBrew"},{"floor":5.0,"key":"Fruit Juice"},{"floor":11.0,"key":"Regen Potion"},{"floor":19.0,"key":"FocusPotion"},{"floor":22.0,"key":"Block Potion"},{"floor":24.0,"key":"DistilledChaos"},{"floor":31.0,"key":"Strength Potion"},{"floor":35.0,"key":"Weak Potion"},{"floor":39.0,"key":"PowerPotion"},{"floor":41.0,"key":"PowerPotion"}],"is_trial":false,"path_per_floor":["M","M","?","M","M","R","?","R","T","?","M","?","$","$","R","B",null,"M","M","?","M","M","R","M","$","T","E","R","?","M","E","R","B",null,"M","?","M","M","M","R","E","R","T","?","?","?","?","E"],"character_chosen":"DEFECT","items_purchased":["Bag of Preparation","Symbiotic Virus"],"campfire_rested":1,"item_purchase_floors":[13,14],"current_hp_per_floor":[62,57,38,34,30,30,19,19,19,19,14,14,14,14,33,13,55,37,47,47,47,50,50,49,49,49,36,45,45,47,36,45,23,58,60,60,55,28,26,38,27,39,39,39,39,29,29,0,0],"gold":335,"neow_bonus":"THREE_RARE_CARDS","is_daily":false,"chose_seed":false,"campfire_upgraded":6,"win_rate":0.0,"timestamp":1611545788,"path_taken":["M","M","?","M","M","R","?","R","T","?","?","?","?","$","R","BOSS","M","M","?","M","?","R","M","$","T","E","R","?","M","E","R","BOSS","M","?","M","?","?","R","E","R","T","?","?","?","?","E"],"items_purchased_type":["Relic","Relic"],"build_version":"2020-12-22","purchased_purges":2,"victory":false,"max_hp_per_floor":[64,64,64,64,64,64,64,64,64,64,64,64,64,64,64,69,69,69,69,69,69,69,69,69,69,69,69,69,69,69,69,69,69,69,69,69,69,69,69,69,69,69,69,69,69,69,69,69,69],"card_choices":[{"not_picked":["All For One","Reboot"],"picked":"Core Surge","floor":0.0},{"not_picked":["Rebound","Redo","Turbo"],"picked":"SKIP","floor":1.0},{"not_picked":["Auto Shields","Reinforced Body","Rip and Tear"],"picked":"SKIP","floor":2.0},{"not_picked":["Rebound","Barrage","Force Field"],"picked":"SKIP","floor":4.0},{"not_picked":["Rebound","Static Discharge"],"picked":"Self Repair","floor":5.0},{"not_picked":["Melter","Doom and Gloom"],"picked":"Ball Lightning","floor":11.0},{"not_picked":["Electrodynamics","Rainbow"],"picked":"Biased Cognition","floor":16.0},{"not_picked":["Go for the Eyes","Beam Cell","Stack"],"picked":"SKIP","floor":18.0},{"not_picked":["Blizzard","Barrage+1"],"picked":"Glacier","floor":19.0},{"not_picked":["Compile Driver+1","Rebound+1"],"picked":"Capacitor","floor":21.0},{"not_picked":["Static Discharge","Doom and Gloom"],"picked":"Turbo+1","floor":22.0},{"not_picked":["Compile Driver","Barrage"],"picked":"Consume","floor":24.0},{"not_picked":["Hologram","Streamline+1"],"picked":"Coolheaded+1","floor":27.0},{"not_picked":["Double Energy","Reinforced Body","Rebound"],"picked":"SKIP","floor":30.0},{"not_picked":["Rebound+1","Redo","Double Energy"],"picked":"SKIP","floor":31.0},{"not_picked":["Creative AI","All For One"],"picked":"Reboot","floor":33.0},{"not_picked":["Conserve Battery","Compile Driver"],"picked":"Chaos+1","floor":35.0},{"not_picked":["Steam","Conserve Battery"],"picked":"Compile Driver","floor":37.0},{"not_picked":["Cold Snap+1","Force Field"],"picked":"Recycle","floor":38.0},{"not_picked":["Stack","Steam+1"],"picked":"Self Repair+1","floor":39.0},{"not_picked":["Barrage","Sweeping Beam+1"],"picked":"Loop","floor":41.0},{"not_picked":["Discovery","Magnetism"],"picked":"Flash of Steel","floor":46}],"player_experience":535932,"relics_obtained":[{"floor":9.0,"key":"Kunai"},{"floor":26.0,"key":"Potion Belt"},{"floor":27.0,"key":"Eternal Feather"},{"floor":31.0,"key":"Vajra"},{"floor":41.0,"key":"Bird Faced Urn"}],"event_choices":[{"damage_healed":0.0,"max_hp_gain":0.0,"max_hp_loss":0.0,"gold_gain":0.0,"event_name":"Shining Light","player_choice":"Entered Light","floor":3.0,"gold_loss":0.0,"damage_taken":19.0,"cards_upgraded":["Strike_B","Strike_B"]},{"damage_healed":0.0,"max_hp_gain":0.0,"max_hp_loss":0.0,"gold_gain":75.0,"event_name":"World of Goop","player_choice":"Gather Gold","floor":7.0,"gold_loss":0.0,"damage_taken":11.0},{"damage_healed":0.0,"max_hp_gain":0.0,"max_hp_loss":0.0,"gold_gain":275.0,"event_name":"Golden Shrine","player_choice":"Desecrate","floor":10.0,"gold_loss":0.0,"damage_taken":0.0,"cards_obtained":["Regret"]},{"cards_removed":["Regret"],"damage_healed":0.0,"max_hp_gain":0.0,"max_hp_loss":0.0,"gold_gain":0.0,"event_name":"Living Wall","player_choice":"Forget","floor":12.0,"gold_loss":0.0,"damage_taken":0.0},{"damage_healed":0.0,"max_hp_gain":0.0,"max_hp_loss":0.0,"gold_gain":0.0,"event_name":"Upgrade Shrine","player_choice":"Upgraded","floor":20.0,"gold_loss":0.0,"damage_taken":0.0,"cards_upgraded":["Biased Cognition"]},{"damage_healed":0.0,"max_hp_gain":0.0,"max_hp_loss":0.0,"gold_gain":0.0,"event_name":"Ghosts","player_choice":"Ignored","floor":29.0,"gold_loss":0.0,"damage_taken":0.0},{"damage_healed":0.0,"max_hp_gain":0.0,"max_hp_loss":0.0,"gold_gain":0.0,"event_name":"Accursed Blacksmith","player_choice":"Rummage","floor":36.0,"gold_loss":0.0,"damage_taken":0.0,"relics_obtained":["WarpedTongs"],"cards_obtained":["Pain"]},{"damage_healed":0.0,"max_hp_gain":0.0,"max_hp_loss":0.0,"gold_gain":0.0,"event_name":"Tomb of Lord Red Mask","player_choice":"Ignored","floor":44.0,"gold_loss":0.0,"damage_taken":0.0},{"damage_healed":0,"gold_gain":0,"player_choice":"Ignored","damage_taken":0,"max_hp_gain":0,"max_hp_loss":0,"event_name":"Mysterious Sphere","floor":45,"gold_loss":0},{"damage_healed":0,"gold_gain":0,"player_choice":"Memory 3","damage_taken":10,"max_hp_gain":0,"max_hp_loss":0,"event_name":"SensoryStone","floor":46,"gold_loss":0},{"cards_removed":["Ball Lightning"],"damage_healed":0,"gold_gain":0,"player_choice":"Removed Attack","damage_taken":0,"max_hp_gain":0,"max_hp_loss":0,"event_name":"Falling","floor":47,"gold_loss":0}],"is_beta":false,"boss_relics":[{"not_picked":["Busted Crown","SlaversCollar"],"picked":"Empty Cage"},{"not_picked":["Calling Bell","Fusion Hammer"],"picked":"Runic Pyramid"}],"items_purged_floors":[13,25],"is_endless":false,"potions_floor_spawned":[2,5,11,19,22,24,31,35,39,41],"killed_by":"Reptomancer","ascension_level":20}}