{"host":"mal0jdk4f6ubgyb8","time":1611538927,"event":{"mods":["100% Spire Juice","Act Like it!","Aspiration","BaseMod","Gensokyo","Hallownest","Koishi","Luminous","Marisa£®ÏF”Í°°ƒß¿Ì…≥£©","Minty Spire (QoL Compilation)","Quick Restart","Reimu£®≤©¿ˆ¡È√Œ£©","Relic Stats","Remilia£®¿Ÿ√◊¿Ú—«£©","Replay The Spire","StSLib","The Bug Knight","The Senshi","Waifu the Spire","WarShipGirlsR/’ΩΩ¢…Ÿ≈ÆR mod","Yakumo Yukari mod","Youmu£®ªÍ∆«—˝√Œ£©","Yuri Mod","Yuyuko","[IsaacMod]“‘»ˆº‚À˛"],"gold_per_floor":[109,109,34,44,63,88,88,104,127,139,166,131,148,173,173,269,269,281,291,341,341,596,596,623,623,648,665,698,713,726,746,746],"floor_reached":31,"language":"ZHS","playtime":1940,"items_purged":[],"score":388,"play_id":"23ea4416-832a-4209-91ff-f20aec76dde5","local_time":"20210125094207","is_ascension_mode":true,"campfire_choices":[{"data":"ScarletDream","floor":7.0,"key":"SMITH"},{"data":"ChaoticDestiny","floor":15.0,"key":"SMITH"},{"data":"EquivalentExchange","floor":23.0,"key":"SMITH"},{"floor":25.0,"key":"RECALL"}],"circlet_count":0,"master_deck":["Strike_RM","Strike_RM","Strike_RM","Strike_RM","Defend_RM","Defend_RM+1","Defend_RM","Defend_RM","RedMoon","ScarletShoot","ScarletDevil","ScarletSymphony","ScarletImprint","ScarletDream+1","RedRainbow","ScarletDevil","ChaoticDestiny+1","ScarletImprint","MillenniumVampire","EquivalentExchange+1","FitfulNightmare","BlasphemousPunishment+1","NightDance","EquivalentExchange","CommonCold","FavorOfDestiny+1","Stigmanizer+1","NightDance","HunterOfTheNight"],"relics":["HushsDoor","BookOfRevelations","APieceOfRedMist","Hallownest:BankAccountRelic","ScarletDevilRocket","RuthlessExorcism:ReiMu","Cursed Key","Red Mask","Replay:Rubber Ducky","War Paint","Iron Hammer"],"acts_visited":["Exordium","Hallownest:Greenpath"],"potions_floor_usage":[30,30,31],"damage_taken":[{"damage":0.0,"enemies":"Hallownest:monsterHuskWarrior","floor":1.0,"turns":4.0},{"damage":0.0,"enemies":"2_ Uuma","floor":4.0,"turns":2.0},{"damage":6.0,"enemies":"Hallownest:2_Tiktiks_and_1_Crawlid","floor":5.0,"turns":5.0},{"damage":16.0,"enemies":"Hallownest:eliteMossKnight","floor":6.0,"turns":10.0},{"damage":0.0,"enemies":"Hallownest:2_Tiktiks_1_Baldur_1_Crawlid","floor":8.0,"turns":1.0},{"damage":7.0,"enemies":"Hallownest:Guard_and_Warrior","floor":10.0,"turns":3.0},{"damage":30.0,"enemies":"Hallownest:eliteVengeflyKing","floor":11.0,"turns":6.0},{"damage":5.0,"enemies":"Hallownest:1_Ooma_and_2_Uuma","floor":13.0,"turns":4.0},{"damage":24.0,"enemies":"Hallownest:eliteCrystalGuardian","floor":14.0,"turns":5.0},{"damage":4.0,"enemies":"Hallownest:BossBrokenVessel","floor":16.0,"turns":5.0},{"damage":0.0,"enemies":"Hallownest:3_Youths","floor":18.0,"turns":7.0},{"damage":13.0,"enemies":"Hallownest:Guard_and_Sentry","floor":19.0,"turns":3.0},{"damage":29.0,"enemies":"Hallownest:Glutton_and_Coward","floor":20.0,"turns":3.0},{"damage":17.0,"enemies":"Hallownest:Nosk","floor":24.0,"turns":4.0},{"damage":22.0,"enemies":"Hallownest:2_Husk_Sentries","floor":27.0,"turns":3.0},{"damage":0.0,"enemies":"Hallownest:eliteSoulWarrior","floor":28.0,"turns":7.0},{"damage":0.0,"enemies":"Hallownest:monsterMisterMushroom","floor":29.0,"turns":2.0},{"damage":0,"enemies":"Hallownest:Master_and_Novice","floor":30,"turns":2},{"damage":32,"enemies":"Hallownest:eliteWatcherKnight","floor":31,"turns":12}],"seed_played":"-7718842179099021269","potions_obtained":[{"floor":4.0,"key":"EssenceOfSteel"},{"floor":6.0,"key":"SkillPotion"},{"floor":8.0,"key":"SteroidPotion"},{"floor":11.0,"key":"SteroidPotion"},{"floor":16.0,"key":"BlessingOfTheForge"},{"floor":18.0,"key":"ZuzhouPotion:ReiMu"},{"floor":19.0,"key":"Dexterity Potion"},{"floor":29.0,"key":"Swift Potion"},{"floor":30,"key":"Explosive Potion"}],"is_trial":false,"path_per_floor":["M","?","?","M","M","E","R","M","T","M","E","?","M","E","R","B",null,"M","M","M","?","?","R","E","R","T","M","E","M","M","E"],"character_chosen":"REMILIA","items_purchased":[],"campfire_rested":0,"item_purchase_floors":[],"current_hp_per_floor":[75,75,75,75,72,63,63,66,66,63,44,49,47,24,24,33,68,71,61,34,34,34,34,29,29,29,10,16,21,25,0,0],"gold":746,"neow_bonus":"BOSS_RELIC","is_daily":false,"chose_seed":false,"campfire_upgraded":3,"win_rate":0.0,"timestamp":1611538927,"path_taken":["M","?","?","M","M","E","R","M","T","?","E","?","M","E","R","BOSS","M","M","M","?","?","R","E","R","T","M","E","M","M","E"],"items_purchased_type":[],"build_version":"2020-12-22","purchased_purges":0,"victory":false,"max_hp_per_floor":[75,75,75,75,75,75,75,75,75,75,75,80,80,80,80,80,80,80,80,80,80,80,80,80,80,80,80,80,80,80,80,80],"relic_stats":{"counters":[19,88],"War Paint":["BlasphemousPunishment","Defend_RM"],"Cursed Key":1,"obtain_stats":[{"KeepersGift":0,"ScarletDevilRocket":11,"BookOfRevelations":0,"War Paint":26,"Cursed Key":17,"ScarletHat":0,"Replay:Rubber Ducky":24,"APieceOfRedMist":0,"Replay:Baseball":6,"Hallownest:BankAccountRelic":3,"Iron Hammer":28,"Red Mask":21,"HushsDoor":0,"RuthlessExorcism:ReiMu":14},{"KeepersGift":0,"ScarletDevilRocket":7,"BookOfRevelations":0,"War Paint":14,"Cursed Key":10,"ScarletHat":0,"Replay:Rubber Ducky":14,"APieceOfRedMist":0,"Replay:Baseball":4,"Hallownest:BankAccountRelic":1,"Iron Hammer":16,"Red Mask":13,"HushsDoor":0,"RuthlessExorcism:ReiMu":9},{"KeepersGift":0,"ScarletDevilRocket":31,"BookOfRevelations":0,"War Paint":62,"Cursed Key":45,"ScarletHat":0,"Replay:Rubber Ducky":62,"APieceOfRedMist":0,"Replay:Baseball":21,"Hallownest:BankAccountRelic":4,"Iron Hammer":72,"Red Mask":58,"HushsDoor":0,"RuthlessExorcism:ReiMu":40}]},"card_choices":[{"not_picked":[],"picked":"Bomb","floor":0.0},{"not_picked":["VampireSweep","MastersStateliness"],"picked":"ScarletDevil","floor":1.0},{"not_picked":["FavorOfDestiny","AfternoonTea"],"picked":"ScarletSymphony","floor":4.0},{"not_picked":["CharismaGuard","AfternoonTea"],"picked":"ScarletImprint","floor":5.0},{"not_picked":["MillenniumVampire","DiffusionOfMisfortune"],"picked":"ScarletDream","floor":6.0},{"not_picked":["VampireKiss","MillenniumVampire"],"picked":"RedRainbow","floor":8.0},{"not_picked":["ReincarnationDial","ScarletImprint"],"picked":"ScarletDevil","floor":10.0},{"not_picked":["EndlessAdversity","BombardNight"],"picked":"ChaoticDestiny","floor":11.0},{"not_picked":["FavorOfDestiny","BombardNight"],"picked":"ScarletImprint","floor":13.0},{"not_picked":["EndlessAdversity","DevilSight"],"picked":"MillenniumVampire","floor":14.0},{"not_picked":["TricksterDevil","ForecastOfChange"],"picked":"EquivalentExchange","floor":16.0},{"not_picked":["BloodHunter","UnstableMagic"],"picked":"FitfulNightmare","floor":18.0},{"not_picked":["BloodyTrap","MastersStateliness"],"picked":"BlasphemousPunishment","floor":19.0},{"not_picked":["FavorOfDestiny+1","EndlessAdversity"],"picked":"NightDance","floor":20.0},{"not_picked":["MiserableFate","VampireFantasy"],"picked":"EquivalentExchange","floor":24.0},{"not_picked":["BadLadyScramble","ScarletGensokyo+1"],"picked":"FavorOfDestiny+1","floor":27.0},{"not_picked":["BlasphemousPunishment","SuperhumanBloodyKnife"],"picked":"Stigmanizer+1","floor":28.0},{"not_picked":["UnderTheZenith","BombardNight"],"picked":"NightDance","floor":29.0},{"not_picked":["EmergencyRegeneration","NightLord+1"],"picked":"HunterOfTheNight","floor":30}],"player_experience":335680,"relics_obtained":[{"floor":6.0,"key":"Replay:Baseball"},{"floor":11.0,"key":"ScarletDevilRocket"},{"floor":14.0,"key":"RuthlessExorcism:ReiMu"},{"floor":24.0,"key":"Replay:Rubber Ducky"},{"floor":26.0,"key":"War Paint"},{"floor":28.0,"key":"Iron Hammer"}],"event_choices":[],"is_beta":false,"boss_relics":[{"not_picked":["Fusion Hammer","Snecko Eye"],"picked":"Cursed Key"},{"not_picked":[]}],"items_purged_floors":[],"is_endless":false,"potions_floor_spawned":[4,6,8,11,16,18,19,29,30],"killed_by":"Hallownest:eliteWatcherKnight","ascension_level":5}}