{"host":"4pckc3u5mqcilakq","time":1611600976,"event":{"mods":["AchievementEnabler","BaseMod","Colored Map","Colored Powertips","Highlight Path","Minty Spire (QoL Compilation)"],"gold_per_floor":[114,125,75,89,89,89,116,21,100,100,113,131,131,153,153,254,254,264,264,277,108,108,108,138,138,212,212,227,257,55,87,87,87,87],"floor_reached":33,"language":"ENG","playtime":1613,"items_purged":["Pain"],"score":361,"play_id":"29faccc6-10a4-4072-9299-2cc49e9af3a9","local_time":"20210125215616","is_ascension_mode":true,"campfire_choices":[{"data":"Shrug It Off","floor":6,"key":"SMITH"},{"data":"Body Slam","floor":10,"key":"SMITH"},{"data":"Bash","floor":13,"key":"SMITH"},{"data":"Clothesline","floor":15,"key":"SMITH"},{"floor":23,"key":"REST"},{"data":"Offering","floor":27,"key":"SMITH"},{"floor":32,"key":"REST"}],"circlet_count":0,"master_deck":["Strike_R+1","Defend_R+1","Defend_R+1","Defend_R+1","Defend_R+1","Bash+1","Panache","Twin Strike+1","Shrug It Off+1","Body Slam+1","Flash of Steel","Limit Break","Twin Strike+1","Clothesline+1","Offering+1","Brutality+1","Perfected Strike+1","Intimidate+1","Iron Wave+1","Cleave+1","Finesse","Twin Strike","Pommel Strike","Metallicize","Master of Strategy"],"relics":["Burning Blood","WarpedTongs","Blood Vial","Self Forming Clay","Odd Mushroom","Astrolabe","Nilry\u0027s Codex","Whetstone","Matryoshka","Omamori","Question Card"],"acts_visited":["Exordium","TheCity"],"potions_floor_usage":[16,29,31,31,33,33],"damage_taken":[{"damage":14,"enemies":"2 Louse","floor":1,"turns":3},{"damage":9,"enemies":"Small Slimes","floor":2,"turns":5},{"damage":1,"enemies":"Cultist","floor":4,"turns":4},{"damage":28,"enemies":"3 Sentries","floor":7,"turns":9},{"damage":2,"enemies":"Looter","floor":11,"turns":2},{"damage":5,"enemies":"Blue Slaver","floor":12,"turns":3},{"damage":6,"enemies":"The Mushroom Lair","floor":14,"turns":4},{"damage":35,"enemies":"The Guardian","floor":16,"turns":12},{"damage":12,"enemies":"Shell Parasite","floor":18,"turns":3},{"damage":30,"enemies":"3 Byrds","floor":20,"turns":5},{"damage":36,"enemies":"Book of Stabbing","floor":24,"turns":7},{"damage":8,"enemies":"Centurion and Healer","floor":28,"turns":3},{"damage":31,"enemies":"Slavers","floor":29,"turns":4},{"damage":18,"enemies":"Book of Stabbing","floor":31,"turns":4},{"damage":41,"enemies":"Collector","floor":33,"turns":8}],"seed_played":"-3620961961474079072","potions_obtained":[{"floor":1,"key":"Dexterity Potion"},{"floor":7,"key":"Block Potion"},{"floor":14,"key":"BloodPotion"},{"floor":24,"key":"EssenceOfSteel"},{"floor":29,"key":"Dexterity Potion"},{"floor":31,"key":"PowerPotion"}],"is_trial":false,"path_per_floor":["M","M","?","M","?","R","E","$","T","R","M","M","R","?","R","B",null,"M","?","M","$","?","R","E","?","T","R","M","E","$","E","R","B"],"character_chosen":"IRONCLAD","items_purchased":["Flash of Steel","Finesse","Metallicize","Master of Strategy"],"campfire_rested":2,"item_purchase_floors":[8,21,30,30],"current_hp_per_floor":[48,45,45,50,50,50,28,28,28,28,34,37,37,39,39,12,80,74,74,52,52,36,60,32,32,32,32,32,25,25,15,39,0,0],"gold":87,"neow_bonus":"RANDOM_COLORLESS_2","is_daily":false,"chose_seed":false,"campfire_upgraded":5,"win_rate":0.0,"timestamp":1611600976,"path_taken":["M","M","?","M","?","R","E","$","T","R","M","?","R","?","R","BOSS","M","?","M","$","?","R","E","?","T","R","M","E","$","E","R","BOSS"],"items_purchased_type":["Card","Card","Card","Card"],"build_version":"2020-12-22","purchased_purges":1,"victory":false,"max_hp_per_floor":[80,80,80,80,80,80,80,80,80,80,80,80,80,80,80,80,80,80,80,80,80,80,80,80,80,80,80,80,80,80,80,80,80,80],"card_choices":[{"not_picked":["Magnetism","Thinking Ahead"],"picked":"Panache","floor":0},{"not_picked":["Heavy Blade","Dual Wield","True Grit"],"picked":"SKIP","floor":1},{"not_picked":["Burning Pact","Disarm"],"picked":"Twin Strike","floor":2},{"not_picked":["Heavy Blade","Perfected Strike"],"picked":"Shrug It Off","floor":4},{"not_picked":["Iron Wave","Dark Embrace"],"picked":"Body Slam","floor":7},{"not_picked":["Sword Boomerang","Perfected Strike"],"picked":"Limit Break","floor":11},{"not_picked":["Heavy Blade","True Grit"],"picked":"Twin Strike","floor":12},{"not_picked":["Sword Boomerang","Armaments"],"picked":"Clothesline","floor":14},{"not_picked":["Brutality","Impervious"],"picked":"Offering","floor":16},{"not_picked":["Headbutt+1","Evolve"],"picked":"Iron Wave+1","floor":18},{"not_picked":["Flame Barrier","Thunderclap"],"picked":"Cleave+1","floor":20},{"not_picked":["Dropkick","Corruption","Second Wind"],"picked":"SKIP","floor":24},{"not_picked":["Shockwave+1","Second Wind"],"picked":"Twin Strike","floor":28},{"not_picked":["Burning Pact","Bloodletting"],"picked":"Pommel Strike","floor":29},{"not_picked":["Carnage","Heavy Blade","Flex"],"picked":"SKIP","floor":31}],"player_experience":191243,"relics_obtained":[{"floor":7,"key":"Blood Vial"},{"floor":9,"key":"Self Forming Clay"},{"floor":14,"key":"Odd Mushroom"},{"floor":22,"key":"Nilry\u0027s Codex"},{"floor":24,"key":"Whetstone"},{"floor":26,"key":"Matryoshka"},{"floor":29,"key":"Omamori"},{"floor":31,"key":"Question Card"}],"event_choices":[{"cards_removed":["Strike_R"],"damage_healed":0,"gold_gain":0,"player_choice":"Card Removal","damage_taken":0,"max_hp_gain":0,"max_hp_loss":0,"event_name":"The Cleric","floor":3,"gold_loss":50},{"damage_healed":0,"gold_gain":0,"player_choice":"Rummage","damage_taken":0,"relics_obtained":["WarpedTongs"],"max_hp_gain":0,"max_hp_loss":0,"event_name":"Accursed Blacksmith","floor":5,"gold_loss":0,"cards_obtained":["Pain"]},{"damage_healed":0,"gold_gain":0,"player_choice":"Fought Mushrooms","damage_taken":0,"max_hp_gain":0,"max_hp_loss":0,"event_name":"Mushrooms","floor":14,"gold_loss":0},{"damage_healed":0,"gold_gain":0,"player_choice":"Ignored","damage_taken":0,"max_hp_gain":0,"max_hp_loss":0,"event_name":"Ghosts","floor":19,"gold_loss":0},{"damage_healed":0,"gold_gain":0,"player_choice":"Obtained Book","damage_taken":16,"max_hp_gain":0,"max_hp_loss":0,"event_name":"Cursed Tome","floor":22,"gold_loss":0},{"damage_healed":0,"gold_gain":0,"player_choice":"Simplicity","damage_taken":0,"max_hp_gain":0,"max_hp_loss":0,"event_name":"Back to Basics","floor":25,"gold_loss":0,"cards_upgraded":["Strike_R","Defend_R","Defend_R","Defend_R","Defend_R"]}],"is_beta":false,"boss_relics":[{"not_picked":["Snecko Eye","Calling Bell"],"picked":"Astrolabe"}],"items_purged_floors":[21],"is_endless":false,"potions_floor_spawned":[1,7,14,24,29,31],"killed_by":"Collector","ascension_level":4}}