{"host":"qmnyg5dk1o6rw6mz","time":1611608468,"event":{"mods":["100% Spire Juice","2.2 Compatiblity","AchievementEnabler","Act Like it!","Arknights The Spire","Aspiration","Astrologer","BaseMod","CapriCore","Challenge The Spire","ChefMod","Colored Map","Colored Powertips","Conjunction","Conspire","Decade(王小明)","DeckTracker","Defuse TimeMaze Blight","Disable Question Mark Monsters","Downfall","Energized Spire","Friendly Minions","Gensokyo","GifTheSpireLib","Hermit","Highlight Path","HololiveMod","HornydragonMod","Hubris","Jedi Mod","Koishi","KomeijiMod","Lobotomy","Marisa（霧雨　魔理沙）","Minty Spire (QoL Compilation)","Pale of the Ancients","Permanent Neow","Prisma Mod","Quick Restart","Reimu（博???）","Replay The Spire","Robot Space Explorer","SIMod","StSLib","The Alterego","The Bug Knight","The Cursed","The Dragon Tamer","The Gatherer","The Hayseed","The Hierophant","The Immortal","The Marked","The Mystic","The Poker Player","The Runesmith","The Senshi","The Showman","Unceasing Turn Reminder","WarShipGirlsR/??少女R mod","Wide Potions","Yuri Mod","Yuyuko"],"gold_per_floor":[99,117,130,149,149,159,239,69,69,85,99,127,127,146,165,263,263,163,175,175,185,185,205,205,290,250,264,291,305,319,17,27,127,127,27,37,17,17,2,34,57,9,19,19,19,35,35,63,83,83,83,83],"floor_reached":50,"language":"ENG","playtime":2628,"items_purged":["Slimebound:SplitLeeching","Slimebound:Defend_Slimebound"],"score":628,"play_id":"cf208d9a-c73d-4ee6-ae38-d0f922aacecd","local_time":"20210126050108","is_ascension_mode":false,"campfire_choices":[{"data":"Slimebound:Split","floor":1.0,"key":"SMITH"},{"data":"Slimebound:LeechLife","floor":13.0,"key":"SMITH"},{"floor":18.0,"key":"RECALL"},{"data":"Slimebound:PrepareCrush","floor":35.0,"key":"SMITH"},{"data":"Slimebound:DouseInSlime","floor":45.0,"key":"SMITH"},{"data":"ZunPunch:ReiMu","floor":47.0,"key":"SMITH"}],"circlet_count":0,"master_deck":["Slimebound:Strike_Slimebound","Slimebound:Strike_Slimebound","Slimebound:Tackle","Slimebound:Defend_Slimebound","Slimebound:Defend_Slimebound","Slimebound:Defend_Slimebound","Slimebound:Split+1","Slimebound:CorrosiveSpit+1","Slimebound:HauntingLick","Slimebound:GoopSpray","Slimebound:FlameTackle","Slimebound:GrowthPunch","Slimebound:ComboTackle","Slimebound:Equalize","Slimebound:SamplingLick","Slimebound:LeechLife+1","Slimebound:OozeBath","Slimebound:Schlurp","Conjunction:Offense","Conjunction:Defense","Slimebound:MegaLick","Slimebound:RainOfGoop","Slimebound:Schlurp","Slimebound:PrepareCrush+1","Slimebound:ViciousTackle+1","Slimebound:SamplingLick","downfall:Bewildered","Slimebound:RainOfGoop","ZunPunch:ReiMu+1","Slimebound:RejuvenatingLick+1","Slimebound:DuplicatedForm+1","Slimebound:HauntingLick+1","Slimebound:DouseInSlime+1","Slimebound:HauntingLick","Slimebound:TongueLash","Slimebound:Schlurp+1","Slimebound:CheckThePlaybook","Slimebound:BestDefense+1"],"relics":["Slimebound:AbsorbEndCombat","HornCleat","Conjunction:SoulLantern","energizedSpire:MagnifyingGlass","downfall:HeartBlessingGreen","sneckomod:BabySnecko","Counterbalance","Blood Vial","Strange Spoon","Hololive_LightStick","Slimebound:TarBlob","downfall:HeartBlessingRed","PureWhite:ReiMu","Pen Nib","Incense Burner"],"acts_visited":["Exordium","TheCity","TheBeyond"],"potions_floor_usage":[49,50],"damage_taken":[{"damage":2.0,"enemies":"Cultist","floor":2.0,"turns":4.0},{"damage":0.0,"enemies":"conspire:RoseBush","floor":3.0,"turns":2.0},{"damage":0.0,"enemies":"2 Louse","floor":4.0,"turns":2.0},{"damage":4.0,"enemies":"Gremlin Gang","floor":6.0,"turns":3.0},{"damage":0.0,"enemies":"downfall:FleeingMerchant","floor":8.0,"turns":4.0},{"damage":0.0,"enemies":"conspire:2 RoseBushes","floor":10.0,"turns":4.0},{"damage":16.0,"enemies":"Exordium Thugs","floor":11.0,"turns":3.0},{"damage":14.0,"enemies":"Replay:BlueRogue","floor":12.0,"turns":6.0},{"damage":0.0,"enemies":"3 Louse","floor":14.0,"turns":3.0},{"damage":10.0,"enemies":"Large Slime","floor":15.0,"turns":5.0},{"damage":37.0,"enemies":"SI_SHIV_ARCHETYPE","floor":16.0,"turns":6.0},{"damage":9.0,"enemies":"conspire:FuzzyDice","floor":19.0,"turns":6.0},{"damage":9.0,"enemies":"Sentry and Sphere","floor":21.0,"turns":5.0},{"damage":11.0,"enemies":"conspire:HollyBat","floor":23.0,"turns":6.0},{"damage":22.0,"enemies":"Shelled Parasite and Fungi","floor":27.0,"turns":5.0},{"damage":26.0,"enemies":"Book of Stabbing","floor":28.0,"turns":4.0},{"damage":9.0,"enemies":"Snecko","floor":29.0,"turns":3.0},{"damage":0.0,"enemies":"Centurion and Healer","floor":30.0,"turns":5.0},{"damage":24.0,"enemies":"downfall:FleeingMerchant","floor":31.0,"turns":4.0},{"damage":0.0,"enemies":"Sentry and Sphere","floor":32.0,"turns":3.0},{"damage":11.0,"enemies":"WA_ARCHETYPE_CALM","floor":33.0,"turns":7.0},{"damage":8.0,"enemies":"Orb Walker","floor":36.0,"turns":3.0},{"damage":0.0,"enemies":"downfall:FleeingMerchant","floor":39.0,"turns":4.0},{"damage":25.0,"enemies":"Giant Head","floor":40.0,"turns":6.0},{"damage":0.0,"enemies":"downfall:FleeingMerchant","floor":42.0,"turns":3.0},{"damage":0.0,"enemies":"3 Darklings","floor":43.0,"turns":4.0},{"damage":13.0,"enemies":"Maw","floor":46.0,"turns":6.0},{"damage":38.0,"enemies":"Reptomancer","floor":48.0,"turns":4.0},{"damage":11,"enemies":"Jaw Worm Horde","floor":49,"turns":4},{"damage":60,"enemies":"DF_ARCHETYPE_ORBS","floor":50,"turns":5}],"seed_played":"-726479318341516872","potions_obtained":[{"floor":4.0,"key":"Energy Potion"},{"floor":9.0,"key":"ExcitationPotion"},{"floor":9.0,"key":"Ancient Potion"},{"floor":10.0,"key":"BlessingOfTheForge"},{"floor":19.0,"key":"Fire Potion"},{"floor":23.0,"key":"Block Potion"},{"floor":27.0,"key":"Elixir"},{"floor":30.0,"key":"JyouchiReiPotion"},{"floor":32.0,"key":"ZuzhouPotion:ReiMu"},{"floor":33.0,"key":"hexamod:SoulburnPotion"},{"floor":46.0,"key":"champ:CounterPotion"},{"floor":48.0,"key":"SkillPotion"},{"floor":49,"key":"Energy Potion"}],"is_trial":false,"path_per_floor":["R","M","M","M","?","M","T","$","?","M","M","E","R","M","M","B",null,"R_BF","M","?","M","?","M","T","?","?","M","E","M","M","$","M","B",null,"R","M","?","?","$","E","T","$","M","?","R","M","R","E","M","B"],"character_chosen":"SLIMEBOUND","items_purchased":["Slimebound:OozeBath","Strange Spoon","Hololive_LightStick","Pen Nib","Slimebound:CheckThePlaybook"],"campfire_rested":0,"item_purchase_floors":[8,31,31,42,42],"current_hp_per_floor":[65,63,65,65,65,65,65,65,65,65,57,55,55,65,59,43,65,65,58,65,58,58,54,54,42,42,36,26,40,65,56,65,54,65,65,63,63,63,65,52,52,60,65,65,65,65,65,34,57,0,0,0],"gold":83,"neow_bonus":"UPGRADE_CARD","is_daily":false,"chose_seed":false,"campfire_upgraded":5,"win_rate":0.0,"timestamp":1611608468,"path_taken":["R","M","M","?","?","M","T","$","?","M","M","E","R","?","M","BOSS","R_BF","M","?","?","?","M","T","?","?","M","E","M","?","$","M","BOSS","R","M","?","?","$","E","T","?","M","?","R","?","R","E","M","BOSS"],"items_purchased_type":["Card","Relic","Relic","Relic","Card"],"build_version":"2020-12-22","purchased_purges":2,"victory":false,"max_hp_per_floor":[65,65,65,65,65,65,65,65,65,65,65,65,65,65,65,65,65,65,65,65,65,65,65,65,65,65,65,65,65,65,65,65,65,65,65,65,65,65,65,65,65,65,65,65,65,65,65,65,65,65,65,65],"card_choices":[{"not_picked":["Slimebound:LeechEnergy","Slimebound:Prepare"],"picked":"Slimebound:HauntingLick","floor":2.0},{"not_picked":["Slimebound:SlimeSpikes","Slimebound:Prepare"],"picked":"Slimebound:GoopSpray","floor":3.0},{"not_picked":["Slimebound:SplitLeeching","Slimebound:GoopSpray"],"picked":"Slimebound:FlameTackle","floor":4.0},{"not_picked":["Slimebound:GoopSpray","Slimebound:SplitLeeching"],"picked":"Slimebound:LeechLife","floor":6.0},{"not_picked":["Slimebound:SplitAcid","Slimebound:SlimeBrawl","Slimebound:SlimeBarrage"],"picked":"SKIP","floor":8.0},{"not_picked":["Slimebound:BestDefense","Slimebound:GoopSpray","Slimebound:FinishingTackle"],"picked":"SKIP","floor":10.0},{"not_picked":["Slimebound:Equalize","Slimebound:RollThrough"],"picked":"Slimebound:Schlurp","floor":11.0},{"not_picked":["Slimebound:PressTheAttack","Slimebound:RainOfGoop"],"picked":"Slimebound:MegaLick","floor":12.0},{"not_picked":["Slimebound:HauntingLick","Slimebound:Schlurp"],"picked":"Slimebound:RainOfGoop","floor":14.0},{"not_picked":["Slimebound:SlimeBrawl","Slimebound:ServeAndProtect"],"picked":"Slimebound:Schlurp","floor":15.0},{"not_picked":["Slimebound:FirmFortitude","Slimebound:WasteNot"],"picked":"Slimebound:PrepareCrush","floor":16.0},{"not_picked":["Slimebound:Nibble+1","Slimebound:SlimeSpikes"],"picked":"Slimebound:ViciousTackle+1","floor":19.0},{"not_picked":["Slimebound:SlimeBrawl","Slimebound:SlimeSpikes+1"],"picked":"Slimebound:SamplingLick","floor":21.0},{"not_picked":["Slimebound:DivideAndConquer+1","Slimebound:GoopSpray"],"picked":"Slimebound:RainOfGoop","floor":23.0},{"not_picked":["Slimebound:GrowthPunch+1","Slimebound:LeechingTouch"],"picked":"Slimebound:RejuvenatingLick+1","floor":27.0},{"not_picked":["Slimebound:LeadByExample+1","Slimebound:Prepare"],"picked":"Slimebound:DuplicatedForm","floor":28.0},{"not_picked":["Slimebound:SlimeSpikes+1","Slimebound:ItLooksTasty+1"],"picked":"Slimebound:HauntingLick+1","floor":29.0},{"not_picked":["Slimebound:Schlurp","Slimebound:LevelUp","Slimebound:LeechEnergy"],"picked":"SKIP","floor":30.0},{"not_picked":["Slimebound:SplitMire+1","Slimebound:SelfFormingGoo","Slimebound:RainOfGoop"],"picked":"SKIP","floor":31.0},{"not_picked":["Slimebound:Prepare","Slimebound:Chomp","Slimebound:DivideAndConquer"],"picked":"SKIP","floor":32.0},{"not_picked":["Slimebound:DuplicatedForm","Slimebound:LeechLife"],"picked":"Slimebound:DouseInSlime","floor":33.0},{"not_picked":["Slimebound:SplitMire+1","Slimebound:ProtectTheBoss+1"],"picked":"Slimebound:HauntingLick","floor":36.0},{"not_picked":["Slimebound:SplitMire+1","Slimebound:Equalize"],"picked":"Slimebound:TongueLash","floor":39.0},{"not_picked":["Slimebound:Chomp","Slimebound:LeechingTouch","Slimebound:DisruptingSlam+1"],"picked":"SKIP","floor":40.0},{"not_picked":["Slimebound:HauntingLick","Slimebound:ServeAndProtect+1"],"picked":"Slimebound:Schlurp+1","floor":42.0},{"not_picked":["Slimebound:SlimeSpikes+1","Slimebound:Dissolve+1","Slimebound:PressTheAttack+1"],"picked":"SKIP","floor":43.0},{"not_picked":["Slimebound:SplitAcid+1","Slimebound:LeechingTouch+1","Slimebound:SlimeBarrage+1"],"picked":"SKIP","floor":46.0},{"not_picked":["Slimebound:GoopSpray+1","Slimebound:FlameTackle","Slimebound:Nibble+1"],"picked":"SKIP","floor":48.0},{"not_picked":["Slimebound:Schlurp","Slimebound:SlimeBrawl"],"picked":"Slimebound:BestDefense+1","floor":49}],"player_experience":233284,"relics_obtained":[{"floor":7.0,"key":"HornCleat"},{"floor":12.0,"key":"Conjunction:SoulLantern"},{"floor":24.0,"key":"Counterbalance"},{"floor":28.0,"key":"Blood Vial"},{"floor":40.0,"key":"PureWhite:ReiMu"},{"floor":48.0,"key":"Incense Burner"}],"event_choices":[{"damage_healed":0.0,"max_hp_gain":0.0,"max_hp_loss":0.0,"gold_gain":0.0,"event_name":"Lab","player_choice":"Got Potions","floor":9.0,"gold_loss":0.0,"damage_taken":0.0},{"damage_healed":0.0,"max_hp_gain":0.0,"max_hp_loss":0.0,"gold_gain":0.0,"event_name":"ZunEvent","player_choice":"Hand rover O-miki","floor":26.0,"relics_lost":["ZunR:ReiMu"],"gold_loss":0.0,"damage_taken":0.0,"cards_obtained":["ZunPunch:ReiMu"]},{"cards_removed":["Slimebound:Strike_Slimebound"],"damage_healed":0.0,"max_hp_gain":0.0,"max_hp_loss":0.0,"gold_gain":0.0,"event_name":"Falling","player_choice":"Removed Attack","floor":44.0,"gold_loss":0.0,"damage_taken":0.0}],"is_beta":false,"boss_relics":[{"not_picked":["ReplayTheSpireMod:DimensionalGlitch","Kintsugi"],"picked":"energizedSpire:MagnifyingGlass"},{"not_picked":["aspiration:MobileForge","aspiration:RunicSpoon"],"picked":"Slimebound:TarBlob"}],"items_purged_floors":[8,42],"is_endless":false,"potions_floor_spawned":[4,10,11,14,15,19,23,27,30,32,33,46,48,49],"killed_by":"DF_ARCHETYPE_ORBS","ascension_level":0}}