{"host":"ixtszv54kd1m8623","time":1611542180,"event":{"mods":["Act Like it!","Aspiration","Bard","BaseMod","Beaked The Cultist","ChefMod","Colored Map","Colored Powertips","Conspire","Downfall","Duelist Mod","Gensokyo","GifTheSpireLib","Halation","Hermit","Hubris","Infinite Spire","Jorbs\u0027s Wanderer Trilogy","Lobotomy","Minty Spire (QoL Compilation)","Replay The Spire","Robot Space Explorer","Shade Mod","StSLib","The Animator","The Blackbeard","The Bug Knight","The Cursed","The Disciple","The Dragon Tamer","The Marked","The Runesmith","The Servant 0.9.4"],"gold_per_floor":[113,130,130,146,161,161,191,191,191,224,124,156,156,166,166,266,266,282,282,282,300,215,215,215,244,314,334,334,347,363,103,103,198,198,214,231,251,288,288,288],"floor_reached":39,"language":"ENG","playtime":2496,"items_purged":[],"score":442,"play_id":"2c580f52-0b1f-48a4-af9a-eaaae54c8d10","local_time":"20210124183620","is_ascension_mode":true,"campfire_choices":[{"data":"FIFO Queue","floor":6,"key":"SMITH"},{"floor":8,"key":"REST"},{"data":"Zap","floor":13,"key":"SMITH"},{"floor":15,"key":"REST"},{"data":"Amplify","floor":23,"key":"SMITH"},{"data":"Echo Form","floor":28,"key":"SMITH"},{"data":"Capacitor","floor":32,"key":"SMITH"}],"circlet_count":0,"master_deck":["Strike_B","Strike_B","Strike_B","Strike_B","Defend_B","Defend_B","Defend_B","Defend_B","Zap+1","Dualcast","FIFO Queue+1","Crystallizer","Seek+1","Turbo","Electrodynamics+1","Leap","Gash","Ghostly","Heatsinks","Leap","Amplify+1","Capacitor+1","infinitespire:Starlight","Beam Cell","Sweeping Beam","Echo Form+1","Reprogram","Fusion+1","Creative AI","Loop+1","Go for the Eyes+1","Redo","Genetic Algorithm+1"],"relics":["Cracked Core","hubris:Towel","aspiration:EnhancedActuators","aspiration:FaultyCoupler","halation:SwordOfLegend","Garlic","Runesmith:UraniumAnvil","Mango","infinitespire:Cupcake","infinitespire:Lychee Nut","halation:PrussianBluePaint","Onion Ring","Guide Book","Inserter","halation:PromiseList"],"acts_visited":["Exordium","TheCity","TheBeyond"],"potions_floor_usage":[10,16,33,33,36,37,38],"damage_taken":[{"damage":0,"enemies":"conspire:RoseBush","floor":1,"turns":2},{"damage":3,"enemies":"Jaw Worm","floor":2,"turns":3},{"damage":5,"enemies":"Small Slimes","floor":4,"turns":4},{"damage":0,"enemies":"Looter","floor":5,"turns":3},{"damage":39,"enemies":"Gremlin Nob","floor":7,"turns":4},{"damage":12,"enemies":"3 Sentries","floor":10,"turns":3},{"damage":7,"enemies":"Replay:BlueRogue","floor":12,"turns":4},{"damage":3,"enemies":"2 Fungi Beasts","floor":14,"turns":2},{"damage":10,"enemies":"Fading Forest","floor":16,"turns":11},{"damage":0,"enemies":"3 Byrds","floor":18,"turns":4},{"damage":10,"enemies":"2 Thieves","floor":21,"turns":3},{"damage":12,"enemies":"HollowMod:Nosk","floor":25,"turns":6},{"damage":17,"enemies":"Shelled Parasite and Fungi","floor":27,"turns":6},{"damage":0,"enemies":"conspire:HollyBat","floor":29,"turns":5},{"damage":9,"enemies":"Snecko","floor":30,"turns":5},{"damage":12,"enemies":"Automaton","floor":33,"turns":5},{"damage":22,"enemies":"3 Shapes","floor":35,"turns":5},{"damage":33,"enemies":"Orb Walker","floor":36,"turns":5},{"damage":12,"enemies":"3 Darklings","floor":37,"turns":5},{"damage":41,"enemies":"conspire:MimicChest","floor":38,"turns":7},{"damage":39,"enemies":"Sphere and 2 Shapes","floor":39,"turns":3}],"seed_played":"6646073110288383343","potions_obtained":[{"floor":2,"key":"Slimebound:ThreeZeroPotion"},{"floor":7,"key":"Swift Potion"},{"floor":14,"key":"Slimebound:ThreeZeroPotion"},{"floor":21,"key":"hexamod:SoulburnPotion"},{"floor":24,"key":"CultistPotion"},{"floor":25,"key":"sneckomod:MuddlingPotion"},{"floor":29,"key":"Slimebound:ThreeZeroPotion"},{"floor":36,"key":"EssenceOfSteel"},{"floor":38,"key":"Fire Potion"}],"is_trial":false,"path_per_floor":["M","M","?","M","M","R","E","R","T","E","?","E","R","M","R","B",null,"M","?","AVR","M","?","R","?","E","T","M","R","M","M","$","R","B",null,"M","M","M","?","M"],"character_chosen":"DEFECT","items_purchased":["Guide Book","EntropicBrew"],"campfire_rested":2,"item_purchase_floors":[31,31],"current_hp_per_floor":[75,72,72,67,67,67,28,50,50,38,38,31,34,31,56,60,75,75,61,75,65,65,70,70,67,67,53,56,70,70,70,70,59,70,49,22,26,11,0,0],"gold":288,"neow_bonus":"THREE_CARDS","is_daily":false,"chose_seed":false,"campfire_upgraded":5,"win_rate":0.0,"timestamp":1611542180,"path_taken":["M","?","?","M","M","R","E","R","T","E","?","E","R","M","R","BOSS","M","?","AVR","M","?","R","?","E","T","?","R","M","M","?","R","BOSS","M","?","M","?","M"],"items_purchased_type":["Relic","Potion"],"build_version":"2020-12-22","purchased_purges":0,"victory":false,"max_hp_per_floor":[75,75,75,75,75,75,75,75,75,75,75,75,75,75,75,75,75,75,80,94,94,70,70,70,70,70,70,70,70,70,70,70,70,70,70,70,70,70,70,70],"card_choices":[{"not_picked":["Leap","Cold Snap"],"picked":"FIFO Queue","floor":0},{"not_picked":["Hologram","Steam"],"picked":"Crystallizer","floor":1},{"not_picked":["Stack","conspire:Rain"],"picked":"Seek","floor":2},{"not_picked":["Panic Button","ReplaySort"],"picked":"Turbo","floor":4},{"not_picked":["Sweeping Beam","Leap"],"picked":"Electrodynamics","floor":5},{"not_picked":["Scrape","hubris:PowerSurge"],"picked":"Leap","floor":7},{"not_picked":["Coolheaded","Hyperbeam"],"picked":"Gash","floor":10},{"not_picked":["Turbo","ReplayTheSpireMod:System Scan"],"picked":"Heatsinks","floor":12},{"not_picked":["Panic Button","ReplayTheSpireMod:System Scan"],"picked":"Leap","floor":14},{"not_picked":["hubris:DoWhile","All For One"],"picked":"Amplify","floor":16},{"not_picked":["Leap","Darkness"],"picked":"Capacitor","floor":18},{"not_picked":["Ball Lightning+1","BasicCrystalCard"],"picked":"Beam Cell","floor":21},{"not_picked":["Consume","Doom and Gloom+1"],"picked":"Sweeping Beam","floor":25},{"not_picked":["Steam","Gash"],"picked":"Echo Form","floor":27},{"not_picked":["Cold Snap+1","Rebound"],"picked":"Reprogram","floor":29},{"not_picked":["Cold Snap","Static Discharge"],"picked":"Fusion+1","floor":30},{"not_picked":["Biased Cognition","hubris:DoWhile"],"picked":"Creative AI","floor":33},{"not_picked":["hubris:Ukulele+1","Turbo+1"],"picked":"Loop+1","floor":35},{"not_picked":["Gash+1","Conserve Battery+1"],"picked":"Go for the Eyes+1","floor":36},{"not_picked":["Conserve Battery","Panic Button+1"],"picked":"Redo","floor":37},{"not_picked":["Lockon","Melter"],"picked":"Genetic Algorithm+1","floor":38}],"player_experience":210662,"relics_obtained":[{"floor":7,"key":"aspiration:EnhancedActuators"},{"floor":9,"key":"aspiration:FaultyCoupler"},{"floor":10,"key":"halation:SwordOfLegend"},{"floor":12,"key":"Garlic"},{"floor":25,"key":"halation:PrussianBluePaint"},{"floor":26,"key":"Onion Ring"},{"floor":38,"key":"halation:PromiseList"}],"event_choices":[{"damage_healed":0,"gold_gain":0,"player_choice":"Argue","damage_taken":0,"max_hp_gain":0,"max_hp_loss":0,"event_name":"conspire:LoneGhost","floor":11,"gold_loss":0},{"damage_healed":0,"gold_gain":0,"player_choice":"Shed Blood","damage_taken":19,"max_hp_gain":5,"max_hp_loss":0,"event_name":"Forgotten Altar","floor":19,"gold_loss":0},{"damage_healed":0,"gold_gain":0,"player_choice":"Obtained Relic","damage_taken":0,"relics_obtained":["infinitespire:Lychee Nut"],"max_hp_gain":0,"max_hp_loss":0,"event_name":"Addict","floor":22,"gold_loss":85},{"damage_healed":0,"gold_gain":0,"player_choice":"Got Potions","damage_taken":0,"max_hp_gain":0,"max_hp_loss":0,"event_name":"Lab","floor":24,"gold_loss":0}],"is_beta":false,"boss_relics":[{"not_picked":["conspire:SeveredTorchhead","hubris:ScarierMask"],"picked":"Runesmith:UraniumAnvil"},{"not_picked":["Black Star","halation:CatFaceCupcake"],"picked":"Inserter"}],"items_purged_floors":[],"is_endless":false,"potions_floor_spawned":[2,7,14,21,25,29,36,38],"killed_by":"Sphere and 2 Shapes","ascension_level":1}}