{"host":"yn8qackkbxgt4nh1","time":1611578220,"event":{"mods":["BaseMod","Colored Map","Colored Powertips","DeckTracker","Minty Spire (QoL Compilation)","SuperFastMode"],"gold_per_floor":[116,116,116,136,136,136,163,163,163,198,218,233,251,270,270,270,270],"floor_reached":16,"language":"KOR","playtime":425,"items_purged":[],"score":250,"play_id":"e1440750-2e97-43fe-8ee1-2e53a338046a","local_time":"20210125213700","is_ascension_mode":true,"campfire_choices":[{"data":"Wild Strike","floor":6,"key":"SMITH"},{"data":"Fiend Fire","floor":8,"key":"SMITH"},{"data":"Berserk","floor":15,"key":"SMITH"}],"circlet_count":0,"master_deck":["AscendersBane","Strike_R","Strike_R","Strike_R","Strike_R+1","Strike_R","Defend_R","Defend_R","Defend_R","Defend_R","Bash","Combust+1","Barricade","Wild Strike+1","Fiend Fire+1","Berserk+1","Shrug It Off","Pommel Strike","Flame Barrier"],"relics":["Burning Blood","NeowsBlessing","Question Card","Boot","Ancient Tea Set","Mercury Hourglass","Odd Mushroom"],"acts_visited":["Exordium"],"potions_floor_usage":[10,13,16,16],"damage_taken":[{"damage":0,"enemies":"Small Slimes","floor":1,"turns":1},{"damage":0,"enemies":"2 Louse","floor":4,"turns":1},{"damage":0,"enemies":"Lagavulin","floor":7,"turns":1},{"damage":18,"enemies":"Gremlin Nob","floor":10,"turns":3},{"damage":14,"enemies":"The Mushroom Lair","floor":11,"turns":3},{"damage":3,"enemies":"Cultist","floor":12,"turns":3},{"damage":18,"enemies":"Exordium Thugs","floor":13,"turns":3},{"damage":4,"enemies":"Looter","floor":14,"turns":3},{"damage":38,"enemies":"Hexaghost","floor":16,"turns":9}],"seed_played":"5450143023541288266","potions_obtained":[{"floor":7,"key":"DistilledChaos"},{"floor":11,"key":"FearPotion"},{"floor":12,"key":"Energy Potion"},{"floor":13,"key":"FearPotion"}],"is_trial":false,"path_per_floor":["M","?","?","M","T","R","E","R","T","E","?","M","M","M","R","B"],"character_chosen":"IRONCLAD","items_purchased":[],"campfire_rested":0,"item_purchase_floors":[],"current_hp_per_floor":[74,51,51,57,57,57,63,63,63,51,43,46,34,36,36,0,0],"gold":270,"neow_bonus":"THREE_ENEMY_KILL","is_daily":false,"chose_seed":false,"campfire_upgraded":3,"win_rate":0.0,"timestamp":1611578220,"path_taken":["M","?","?","?","?","R","E","R","T","E","?","M","M","M","R","BOSS"],"items_purchased_type":[],"build_version":"2020-12-22","purchased_purges":0,"victory":false,"max_hp_per_floor":[75,75,75,75,75,75,75,75,75,75,75,75,75,75,75,75,75],"card_choices":[{"not_picked":["Sword Boomerang","Sentinel"],"picked":"Combust","floor":1},{"not_picked":["Searing Blow","Havoc"],"picked":"Wild Strike","floor":4},{"not_picked":["Thunderclap","Shrug It Off","Headbutt"],"picked":"Fiend Fire","floor":7},{"not_picked":["Second Wind","Headbutt","Clash"],"picked":"Berserk","floor":10},{"not_picked":["Pommel Strike","Clothesline","Cleave"],"picked":"Shrug It Off","floor":11},{"not_picked":["Havoc","Body Slam","Flex"],"picked":"Pommel Strike","floor":12},{"not_picked":["Disarm","Infernal Blade","Twin Strike"],"picked":"Flame Barrier","floor":13},{"not_picked":["Heavy Blade","Clothesline","Body Slam","Iron Wave"],"picked":"SKIP","floor":14}],"player_experience":703516,"relics_obtained":[{"floor":5,"key":"Question Card"},{"floor":7,"key":"Boot"},{"floor":9,"key":"Ancient Tea Set"},{"floor":10,"key":"Mercury Hourglass"},{"floor":11,"key":"Odd Mushroom"}],"event_choices":[{"damage_healed":0,"gold_gain":0,"player_choice":"Entered Light","damage_taken":23,"max_hp_gain":0,"max_hp_loss":0,"event_name":"Shining Light","floor":2,"gold_loss":0,"cards_upgraded":["Combust","Strike_R"]},{"damage_healed":0,"gold_gain":0,"player_choice":"1 cards matched","damage_taken":0,"max_hp_gain":0,"max_hp_loss":0,"event_name":"Match and Keep!","floor":3,"gold_loss":0,"cards_obtained":["Barricade"]},{"damage_healed":0,"gold_gain":0,"player_choice":"Fought Mushrooms","damage_taken":0,"max_hp_gain":0,"max_hp_loss":0,"event_name":"Mushrooms","floor":11,"gold_loss":0}],"is_beta":false,"boss_relics":[],"items_purged_floors":[],"is_endless":false,"potions_floor_spawned":[7,11,12,13],"killed_by":"Hexaghost","ascension_level":17}}