{"host":"oi6p1guiqfwwvxym","time":1611611507,"event":{"mods":["BaseMod","Bestiary","Colored Map","Minty Spire (QoL Compilation)","Relic Stats"],"gold_per_floor":[117,87,99,110,122,155,155,187,187,207,217,217,230,248,248,323,323,333,346,0,14,25,25,25,55,55,80,114,114,140,150,150,229,229,241,296,296,310,230,263,263,7,76,109,121,150,150,160,160,160],"floor_reached":51,"language":"ENG","playtime":3152,"items_purged":["Strike_R","Strike_R"],"score":1593,"play_id":"4a486720-976f-4610-a80f-529aed22f247","local_time":"20210125135147","is_ascension_mode":true,"campfire_choices":[{"data":"Uppercut","floor":7,"key":"SMITH"},{"floor":15,"key":"REST"},{"floor":23,"key":"REST"},{"floor":29,"key":"RECALL"},{"floor":32,"key":"REST"},{"data":"Strike_R","floor":41,"key":"PURGE"},{"data":"Strike_R","floor":49,"key":"PURGE"}],"circlet_count":0,"master_deck":["AscendersBane","Defend_R","Defend_R","Defend_R","Defend_R","Bash","Uppercut+1","Hemokinesis+1","Clothesline","Seeing Red","Offering","Metallicize","Ghostly Armor+1","Fiend Fire+1","Body Slam+1","Double Tap+1","Intimidate+1","Spot Weakness+1","Blood for Blood+1","Burning Pact+1","Rupture","Reaper+1","Necronomicurse","Headbutt+1","Barricade","True Grit+1","Limit Break+1","Whirlwind+1","Battle Trance+1","Seeing Red+1","Limit Break+1","True Grit+1","Battle Trance+1","Reaper+1"],"relics":["Burning Blood","Eternal Feather","Toxic Egg 2","Molten Egg 2","Fusion Hammer","Necronomicon","Question Card","WingedGreaves","Matryoshka","Paper Frog","Bag of Preparation","Mark of Pain","Peace Pipe","Red Skull","Pocketwatch","InkBottle","HornCleat","Ornamental Fan","FossilizedHelix"],"acts_visited":["Exordium","TheCity","TheBeyond"],"potions_floor_usage":[6,8,11,19,21,25,36,38],"damage_taken":[{"damage":9,"enemies":"Jaw Worm","floor":1,"turns":4},{"damage":1,"enemies":"Cultist","floor":3,"turns":3},{"damage":3,"enemies":"2 Louse","floor":4,"turns":2},{"damage":15,"enemies":"Blue Slaver","floor":5,"turns":3},{"damage":8,"enemies":"Gremlin Nob","floor":6,"turns":3},{"damage":28,"enemies":"Lagavulin","floor":8,"turns":4},{"damage":17,"enemies":"Large Slime","floor":10,"turns":6},{"damage":25,"enemies":"Lots of Slimes","floor":11,"turns":5},{"damage":14,"enemies":"3 Louse","floor":13,"turns":4},{"damage":2,"enemies":"2 Fungi Beasts","floor":14,"turns":3},{"damage":33,"enemies":"The Guardian","floor":16,"turns":11},{"damage":16,"enemies":"Spheric Guardian","floor":18,"turns":3},{"damage":2,"enemies":"Chosen","floor":19,"turns":3},{"damage":29,"enemies":"3 Cultists","floor":21,"turns":5},{"damage":14,"enemies":"Snecko","floor":22,"turns":3},{"damage":26,"enemies":"Slavers","floor":25,"turns":4},{"damage":6,"enemies":"Gremlin Leader","floor":27,"turns":2},{"damage":24,"enemies":"Slavers","floor":28,"turns":4},{"damage":21,"enemies":"Gremlin Leader","floor":30,"turns":4},{"damage":28,"enemies":"Centurion and Healer","floor":31,"turns":6},{"damage":24,"enemies":"Champ","floor":33,"turns":9},{"damage":39,"enemies":"3 Darklings","floor":35,"turns":6},{"damage":71,"enemies":"2 Orb Walkers","floor":36,"turns":5},{"damage":30,"enemies":"3 Shapes","floor":38,"turns":4},{"damage":46,"enemies":"Reptomancer","floor":40,"turns":4},{"damage":18,"enemies":"Nemesis","floor":44,"turns":3},{"damage":65,"enemies":"Transient","floor":45,"turns":6},{"damage":61,"enemies":"Reptomancer","floor":46,"turns":6},{"damage":9,"enemies":"Sphere and 2 Shapes","floor":48,"turns":3},{"damage":49,"enemies":"Donu and Deca","floor":50,"turns":6}],"seed_played":"4010752560628597467","potions_obtained":[{"floor":2,"key":"SkillPotion"},{"floor":2,"key":"EssenceOfSteel"},{"floor":3,"key":"Fire Potion"},{"floor":8,"key":"Strength Potion"},{"floor":14,"key":"Swift Potion"},{"floor":19,"key":"LiquidMemories"},{"floor":21,"key":"Regen Potion"},{"floor":22,"key":"Weak Potion"},{"floor":28,"key":"FairyPotion"},{"floor":31,"key":"Ancient Potion"},{"floor":36,"key":"Fruit Juice"},{"floor":38,"key":"Fruit Juice"},{"floor":44,"key":"DuplicationPotion"}],"is_trial":false,"path_per_floor":["M","?","M","M","M","E","R","E","T","M","M","?","M","M","R","B",null,"M","M","$","M","M","R","?","E","T","E","E","R","E","M","R","B",null,"M","?","?","M","?","E","R","$","T","E","M","E","?","M","R","B",null],"character_chosen":"IRONCLAD","items_purchased":["Spot Weakness+1","Blood for Blood+1","Burning Pact+1","Rupture","Limit Break+1"],"campfire_rested":3,"item_purchase_floors":[20,20,20,20,42],"current_hp_per_floor":[72,72,77,80,71,69,78,56,56,45,26,26,18,22,58,31,69,59,63,63,40,32,71,50,71,71,71,71,82,67,65,82,64,78,77,17,71,76,76,76,76,76,76,76,25,21,21,67,76,76],"gold":160,"neow_bonus":"TEN_PERCENT_HP_BONUS","is_daily":false,"chose_seed":false,"campfire_upgraded":1,"win_rate":0.0,"timestamp":1611611507,"path_taken":["M","?","M","M","?","E","R","E","T","?","M","?","M","M","R","BOSS","M","M","$","M","M","R","?","E","T","E","E","R","E","M","R","BOSS","M","?","?","M","?","E","R","$","T","E","?","E","?","M","R","BOSS"],"items_purchased_type":["Card","Card","Card","Card","Card"],"build_version":"2020-12-22","purchased_purges":2,"victory":true,"max_hp_per_floor":[82,82,82,82,82,82,82,82,82,82,82,82,82,82,82,82,82,82,82,82,82,82,82,82,82,82,82,82,82,82,82,82,82,82,82,87,71,76,76,76,76,76,76,76,76,76,76,76,76,76],"relic_stats":{"Peace Pipe":2,"counters":[30,134],"Ornamental Fan":[44],"Eternal Feather":73,"Necronomicon":[49],"Bag of Preparation":[22],"Question Card":13,"obtain_stats":[{"Eternal Feather":6,"Bag of Preparation":30,"Question Card":25,"Burning Blood":0,"Peace Pipe":36,"Matryoshka":27,"HornCleat":43,"Ornamental Fan":44,"Molten Egg 2":9,"Fusion Hammer":17,"WingedGreaves":26,"Mark of Pain":34,"Necronomicon":24,"Toxic Egg 2":8,"Red Skull":39,"InkBottle":43,"FossilizedHelix":46,"Paper Frog":28,"Pocketwatch":40},{"Eternal Feather":5,"Bag of Preparation":19,"Question Card":16,"Burning Blood":0,"Peace Pipe":23,"Matryoshka":17,"HornCleat":25,"Ornamental Fan":26,"Molten Egg 2":6,"Fusion Hammer":11,"WingedGreaves":16,"Mark of Pain":21,"Necronomicon":15,"Toxic Egg 2":6,"Red Skull":24,"InkBottle":25,"FossilizedHelix":28,"Paper Frog":18,"Pocketwatch":25},{"Eternal Feather":15,"Bag of Preparation":76,"Question Card":66,"Burning Blood":0,"Peace Pipe":102,"Matryoshka":68,"HornCleat":110,"Ornamental Fan":113,"Molten Egg 2":19,"Fusion Hammer":48,"WingedGreaves":66,"Mark of Pain":91,"Necronomicon":62,"Toxic Egg 2":19,"Red Skull":106,"InkBottle":110,"FossilizedHelix":125,"Paper Frog":72,"Pocketwatch":110}],"Burning Blood":170,"InkBottle":[10],"Pocketwatch":[12]},"card_choices":[{"not_picked":["Perfected Strike","Sword Boomerang"],"picked":"Uppercut","floor":1},{"not_picked":["Warcry","Shrug It Off"],"picked":"Hemokinesis","floor":3},{"not_picked":["Iron Wave","Havoc"],"picked":"Clothesline","floor":4},{"not_picked":["Armaments","Anger"],"picked":"Seeing Red","floor":5},{"not_picked":["Heavy Blade","Flex"],"picked":"Offering","floor":6},{"not_picked":["Headbutt","Perfected Strike","Sword Boomerang"],"picked":"SKIP","floor":8},{"not_picked":["Clash+1","Sword Boomerang+1"],"picked":"Metallicize","floor":10},{"not_picked":["Iron Wave+1","Wild Strike+1"],"picked":"Ghostly Armor+1","floor":11},{"not_picked":["Flex+1","Headbutt+1"],"picked":"Fiend Fire+1","floor":13},{"not_picked":["Wild Strike+1","Uppercut+1"],"picked":"Body Slam+1","floor":14},{"not_picked":["Offering+1","Brutality"],"picked":"Double Tap+1","floor":16},{"not_picked":["Clash+1","Wild Strike+1","Body Slam+1"],"picked":"SKIP","floor":18},{"not_picked":["Combust","Perfected Strike+1"],"picked":"Intimidate+1","floor":19},{"not_picked":["Clash+1","Infernal Blade+1","Pummel+1"],"picked":"SKIP","floor":21},{"not_picked":["Warcry+1","Body Slam+1"],"picked":"Reaper+1","floor":22},{"not_picked":["Anger+1","Infernal Blade+1","Body Slam+1"],"picked":"SKIP","floor":25},{"not_picked":["Thunderclap+1","Dropkick+1","Infernal Blade+1","Clash+1"],"picked":"SKIP","floor":27},{"not_picked":["Havoc+1","Sever Soul+1","Cleave+1"],"picked":"Headbutt+1","floor":28},{"not_picked":["Wild Strike+1","Havoc+1","Fire Breathing"],"picked":"Barricade","floor":30},{"not_picked":["Armaments+1","Warcry+1","Clothesline+1"],"picked":"True Grit+1","floor":31},{"not_picked":["Offering+1","Exhume+1","Berserk"],"picked":"Limit Break+1","floor":33},{"not_picked":["Sword Boomerang+1","Iron Wave+1","Headbutt+1"],"picked":"Whirlwind+1","floor":35},{"not_picked":["Uppercut+1","Pommel Strike+1","Warcry+1"],"picked":"Battle Trance+1","floor":36},{"not_picked":["Warcry+1","Flex+1","Carnage+1","Searing Blow+1"],"picked":"SKIP","floor":38},{"not_picked":["Intimidate+1","Dropkick+1","Sword Boomerang+1"],"picked":"Seeing Red+1","floor":40},{"not_picked":["Iron Wave+1","Clothesline+1","Ghostly Armor+1"],"picked":"True Grit+1","floor":44},{"not_picked":["Body Slam+1","Perfected Strike+1","Clash+1"],"picked":"Battle Trance+1","floor":45},{"not_picked":["Seeing Red+1","Cleave+1","Havoc+1"],"picked":"Reaper+1","floor":46},{"not_picked":["Pommel Strike+1","Flex+1","Havoc+1","Warcry+1"],"picked":"SKIP","floor":48}],"player_experience":392968,"relics_obtained":[{"floor":6,"key":"Eternal Feather"},{"floor":8,"key":"Toxic Egg 2"},{"floor":9,"key":"Molten Egg 2"},{"floor":24,"key":"Necronomicon"},{"floor":25,"key":"Question Card"},{"floor":26,"key":"WingedGreaves"},{"floor":27,"key":"Matryoshka"},{"floor":28,"key":"Paper Frog"},{"floor":30,"key":"Bag of Preparation"},{"floor":36,"key":"Peace Pipe"},{"floor":40,"key":"Pocketwatch"},{"floor":43,"key":"InkBottle"},{"floor":43,"key":"HornCleat"},{"floor":44,"key":"Ornamental Fan"},{"floor":46,"key":"FossilizedHelix"}],"event_choices":[{"damage_healed":0,"gold_gain":0,"player_choice":"Bought 2 Potions","damage_taken":0,"max_hp_gain":0,"max_hp_loss":0,"event_name":"The Woman in Blue","floor":2,"gold_loss":0},{"damage_healed":0,"gold_gain":0,"player_choice":"Grow","damage_taken":0,"max_hp_gain":0,"max_hp_loss":0,"event_name":"Living Wall","floor":12,"gold_loss":0,"cards_upgraded":["Hemokinesis"]},{"damage_healed":0,"gold_gain":0,"player_choice":"Obtained Book","damage_taken":21,"max_hp_gain":0,"max_hp_loss":0,"event_name":"Cursed Tome","floor":24,"gold_loss":0},{"damage_healed":0,"gold_gain":0,"player_choice":"Fight","damage_taken":0,"max_hp_gain":0,"max_hp_loss":0,"event_name":"Mysterious Sphere","floor":36,"gold_loss":0},{"damage_healed":71,"gold_gain":0,"player_choice":"Heal","damage_taken":0,"max_hp_gain":0,"max_hp_loss":16,"event_name":"The Moai Head","floor":37,"gold_loss":0},{"damage_healed":0,"gold_gain":0,"player_choice":"Paid Gold","damage_taken":0,"relics_obtained":["Red Skull"],"max_hp_gain":0,"max_hp_loss":0,"event_name":"WeMeetAgain","floor":39,"gold_loss":80},{"cards_removed":["Strike_R"],"damage_healed":0,"gold_gain":0,"player_choice":"Removed Attack","damage_taken":0,"max_hp_gain":0,"max_hp_loss":0,"event_name":"Falling","floor":47,"gold_loss":0}],"is_beta":false,"boss_relics":[{"not_picked":["Runic Dome","Philosopher\u0027s Stone"],"picked":"Fusion Hammer"},{"not_picked":["Empty Cage","SacredBark"],"picked":"Mark of Pain"}],"items_purged_floors":[20,42],"is_endless":false,"potions_floor_spawned":[3,8,14,19,21,22,28,31,36,38,44,46],"ascension_level":19}}