{"host":"1pwde2j81wdvsae3","time":1611584435,"event":{"mods":["BaseMod","Minty Spire (QoL Compilation)","Replay The Spire","Shop Mod","StSLib"],"gold_per_floor":[113,130,148,164,178,178,178,178,178,210,9,9,38,53,53,127,127,127,67,67,67,67,67],"floor_reached":22,"language":"ZHS","playtime":680,"items_purged":[],"score":347,"play_id":"10861949-1f16-4864-acae-e8b86c589d30","local_time":"20210125222035","is_ascension_mode":true,"campfire_choices":[{"data":"Infernal Blade","floor":6,"key":"SMITH"},{"data":"Power Through","floor":8,"key":"SMITH"},{"floor":15,"key":"REST"}],"circlet_count":0,"master_deck":["AscendersBane","Strike_R","Strike_R","Strike_R","Strike_R","Defend_R","Defend_R","Defend_R","Defend_R","Bash+1","Power Through+1","Rampage","Infernal Blade+1","Thunderclap","Inflame","Ghostly Armor","Armaments","Uppercut","Fire Breathing","Corruption","Run Through","Rage","Sword Boomerang+1"],"relics":["Burning Blood","Kunai","Replay:Towering Pillar of Hats","ClockworkSouvenir","Regal Pillow","Ectoplasm","Happy Flower"],"acts_visited":["TheCity"],"potions_floor_usage":[10,13,16,16],"damage_taken":[{"damage":1,"enemies":"Cultist","floor":1,"turns":3},{"damage":0,"enemies":"Jaw Worm","floor":2,"turns":3},{"damage":3,"enemies":"Small Slimes","floor":3,"turns":3},{"damage":17,"enemies":"Red Slaver","floor":4,"turns":4},{"damage":7,"enemies":"2 Fungi Beasts","floor":5,"turns":3},{"damage":45,"enemies":"3 Sentries","floor":10,"turns":8},{"damage":30,"enemies":"Gremlin Nob","floor":13,"turns":5},{"damage":7,"enemies":"Gremlin Gang","floor":14,"turns":7},{"damage":39,"enemies":"The Guardian","floor":16,"turns":9},{"damage":17,"enemies":"Spheric Guardian","floor":18,"turns":5},{"damage":40,"enemies":"2 Thieves","floor":19,"turns":4},{"damage":13,"enemies":"Snake Plant","floor":21,"turns":5},{"damage":21,"enemies":"Centurion and Healer","floor":22,"turns":4}],"seed_played":"-560568409802664083","potions_obtained":[{"floor":2,"key":"BloodPotion"},{"floor":5,"key":"Strength Potion"},{"floor":10,"key":"Toxic Potion"},{"floor":13,"key":"SteroidPotion"},{"floor":14,"key":"Energy Potion"},{"floor":18,"key":"Elixir"}],"is_trial":false,"path_per_floor":["M","M","M","M","M","R","?","R","T","E","$","?","E","M","R","B",null,"M","M","T","M","M"],"character_chosen":"IRONCLAD","items_purchased":["ClockworkSouvenir","Armaments"],"campfire_rested":1,"item_purchase_floors":[11,11],"current_hp_per_floor":[73,75,75,64,63,63,68,68,68,45,45,45,21,20,59,26,67,56,22,22,15,0,0],"gold":67,"neow_bonus":"UPGRADE_CARD","is_daily":false,"chose_seed":false,"campfire_upgraded":2,"win_rate":0.0,"timestamp":1611584435,"path_taken":["M","M","?","?","M","R","?","R","T","E","$","?","E","M","R","BOSS","M","M","?","M","M"],"items_purchased_type":["Relic","Card"],"build_version":"2020-12-22","purchased_purges":0,"victory":false,"max_hp_per_floor":[75,75,75,75,75,75,80,80,80,80,80,80,80,80,80,80,80,80,80,80,80,80,80],"card_choices":[{"not_picked":["Havoc","Flex"],"picked":"Power Through","floor":1},{"not_picked":["Cleave","Run Through"],"picked":"Rampage","floor":2},{"not_picked":["Shockwave","ReplayTheSpireMod:Corrosion Curse"],"picked":"Infernal Blade","floor":3},{"not_picked":["ReplayTheSpireMod:Strike From Hell","Iron Wave"],"picked":"Thunderclap","floor":4},{"not_picked":["Pommel Strike","Demon Form"],"picked":"Inflame","floor":5},{"not_picked":["Flame Barrier","Seeing Red"],"picked":"Ghostly Armor","floor":10},{"not_picked":["Sword Boomerang","Second Wind"],"picked":"Uppercut","floor":13},{"not_picked":["Iron Wave","Armaments"],"picked":"Fire Breathing","floor":14},{"not_picked":["Limit Break","Double Tap"],"picked":"Corruption","floor":16},{"not_picked":["Sever Soul","Carnage"],"picked":"Run Through","floor":18},{"not_picked":["Body Slam","ReplayTheSpireMod:Limb From Limb"],"picked":"Rage","floor":19},{"not_picked":["Havoc","Uppercut"],"picked":"Sword Boomerang+1","floor":21}],"player_experience":234560,"relics_obtained":[{"floor":9,"key":"Kunai"},{"floor":10,"key":"Replay:Towering Pillar of Hats"},{"floor":13,"key":"Regal Pillow"},{"floor":20,"key":"Happy Flower"}],"event_choices":[{"damage_healed":0,"gold_gain":0,"player_choice":"Donut","damage_taken":0,"max_hp_gain":5,"max_hp_loss":0,"event_name":"Big Fish","floor":7,"gold_loss":0},{"cards_removed":["Strike_R"],"damage_healed":0,"gold_gain":0,"player_choice":"Purged","damage_taken":0,"max_hp_gain":0,"max_hp_loss":0,"event_name":"Purifier","floor":12,"gold_loss":0}],"is_beta":false,"boss_relics":[{"not_picked":["Velvet Choker","Electric Blood"],"picked":"Ectoplasm"}],"items_purged_floors":[],"is_endless":false,"potions_floor_spawned":[2,5,10,13,14,18],"killed_by":"Centurion and Healer","ascension_level":15}}