{"host":"pletss163z7s8pvv","time":1611539423,"event":{"mods":["AchievementEnabler","BaseMod","Better Altar","Better Match","Better Note","Better Sensory Stone","Better Skull","Better Third Choice","BetterRewards","CapriCore","ChefMod","Colored Map","Colored Powertips","Conspire","Energized Spire","Evolution","GifTheSpireLib","Hermit","Ironclad Rager","Marked Mod","Minty Spire (QoL Compilation)","Retaliation","Spicy Shops","StS++","StSLib","The Blue Laboratory","The Cursed","The Disciple","The Forsaken"],"gold_per_floor":[111,127,127,2,2,2,62,88,88,104,104,139,139,158,158,254,254,268,248,248,32,47,47,13,13,39,65,78,78,78,96,96,201,201,217,217,217,12,26,26,38,38,61,61,90,90,90,103,103,103,103],"floor_reached":50,"language":"ENG","playtime":1610,"items_purged":[],"score":546,"play_id":"cd89ec34-0a62-488a-b778-0cca4b24e422","local_time":"20210124195023","is_ascension_mode":false,"campfire_choices":[{"floor":6.0,"key":"REST"},{"floor":11.0,"key":"REST"},{"floor":13.0,"key":"REST"},{"floor":15.0,"key":"REST"},{"floor":23.0,"key":"REST"},{"floor":25.0,"key":"RECALL"},{"floor":30.0,"key":"REST"},{"floor":32.0,"key":"REST"},{"floor":40.0,"key":"REST"},{"floor":42.0,"key":"REST"},{"floor":44.0,"key":"REST"},{"floor":49,"key":"REST"}],"circlet_count":0,"master_deck":["Zap","Dualcast","ICR:ProbingStrike","ICR:ProbingStrike","ICR:ProbingStrike","ICR:ProbingStrike","ICR:AutoDefend","ICR:AutoDefend","ICR:AutoDefend","ICR:AutoDefend","Gash","Glacier","Beam Cell","Storm","Sunder","Capacitor","Ball Lightning","Thunder Strike","Conserve Battery","Defragment","Beam Cell","Gash","Beam Cell","Tempest","StSpp:Channeliser","Conserve Battery+1","Ball Lightning","Electrodynamics","StSpp:TargetLocked+1","Go for the Eyes","Static Discharge","Doom and Gloom+1","Aggregate","Rebound+1"],"relics":["Cracked Core","EVO:Axolotl","Ornamental Fan","Tiny Chest","Anchor","StSpp:Monolith","DataDisk","energizedSpire:OgreHead","Gremlin Horn","Art of War","Toy Ornithopter","Kunai","SlaversCollar","Lee\u0027s Waffle","Bag of Preparation","Omamori","Pantograph"],"acts_visited":["Exordium","TheCity","TheBeyond"],"potions_floor_usage":[50,50,50],"damage_taken":[{"damage":0.0,"enemies":"2 Louse","floor":1.0,"turns":3.0},{"damage":0.0,"enemies":"Cultist","floor":2.0,"turns":3.0},{"damage":29.0,"enemies":"Lagavulin Event","floor":7.0,"turns":10.0},{"damage":19.0,"enemies":"3 Sentries","floor":8.0,"turns":11.0},{"damage":2.0,"enemies":"conspire:RoseBush","floor":10.0,"turns":4.0},{"damage":9.0,"enemies":"Lagavulin","floor":12.0,"turns":7.0},{"damage":4.0,"enemies":"Large Slime","floor":14.0,"turns":5.0},{"damage":0.0,"enemies":"Slime Boss","floor":16.0,"turns":9.0},{"damage":5.0,"enemies":"Chosen","floor":18.0,"turns":5.0},{"damage":12.0,"enemies":"2 Thieves","floor":19.0,"turns":4.0},{"damage":7.0,"enemies":"Centurion and Healer","floor":22.0,"turns":8.0},{"damage":8.0,"enemies":"conspire:SneckoGhost","floor":27.0,"turns":6.0},{"damage":23.0,"enemies":"Shelled Parasite and Fungi","floor":28.0,"turns":6.0},{"damage":9.0,"enemies":"Snake Plant","floor":31.0,"turns":4.0},{"damage":74.0,"enemies":"Automaton","floor":33.0,"turns":9.0},{"damage":13.0,"enemies":"Orb Walker","floor":35.0,"turns":4.0},{"damage":37.0,"enemies":"3 Darklings","floor":39.0,"turns":5.0},{"damage":47.0,"enemies":"Spire Growth","floor":41.0,"turns":5.0},{"damage":43.0,"enemies":"Giant Head","floor":45.0,"turns":7.0},{"damage":10,"enemies":"Writhing Mass","floor":48,"turns":6},{"damage":85,"enemies":"Time Eater","floor":50,"turns":7}],"seed_played":"-6145254095440245802","potions_obtained":[{"floor":1.0,"key":"blueLaboratory:Moonshine"},{"floor":7.0,"key":"blueLaboratory:SystemWipe"},{"floor":10.0,"key":"LiquidMemories"},{"floor":33.0,"key":"blueLaboratory:ArtificerPotion"},{"floor":39.0,"key":"AttackPotion"}],"is_trial":false,"path_per_floor":["M","M","?","$","?","R","?","E","T","M","R","E","R","M","R","B",null,"M","M","?","$","M","R","$","R","T","E","M","T","R","M","R","B",null,"M","?","?","$","M","R","M","R","T","R","E","?","T","M","R","B"],"character_chosen":"DEFECT","items_purchased":["Ornamental Fan","Gremlin Horn","Beam Cell","Gash","Tempest","Lee\u0027s Waffle","Go for the Eyes"],"campfire_rested":11,"item_purchase_floors":[4,21,21,21,24,38,38],"current_hp_per_floor":[75,75,75,75,57,75,46,27,27,25,47,38,60,56,75,75,75,70,58,58,58,51,73,73,73,73,65,42,42,64,55,75,6,75,62,62,62,82,45,69,22,46,46,70,27,27,27,17,41,0,0],"gold":103,"neow_bonus":"DEFECT_WARDEN","is_daily":false,"chose_seed":false,"campfire_upgraded":0,"win_rate":0.0,"timestamp":1611539423,"path_taken":["M","M","?","$","?","R","?","E","T","M","R","E","R","M","R","BOSS","M","M","?","$","?","R","$","R","T","E","M","?","R","M","R","BOSS","M","?","?","$","M","R","M","R","T","R","E","?","?","M","R","BOSS"],"items_purchased_type":["Relic","Relic","Card","Card","Card","Relic","Card"],"build_version":"2020-12-22","purchased_purges":0,"victory":false,"max_hp_per_floor":[75,75,75,75,75,75,75,75,75,75,75,75,75,75,75,75,75,75,75,75,75,75,75,75,75,75,75,75,75,75,75,75,75,75,75,75,75,82,82,82,82,82,82,82,82,82,82,82,82,82,82],"card_choices":[{"not_picked":["Double Energy","Go for the Eyes"],"picked":"Gash","floor":1.0},{"not_picked":["conspire:Rain","Turbo"],"picked":"Glacier","floor":2.0},{"not_picked":["Streamline","Hologram"],"picked":"Beam Cell","floor":7.0},{"not_picked":["BootSequence","StSpp:Channeliser"],"picked":"Storm","floor":8.0},{"not_picked":["Auto Shields","Barrage"],"picked":"Sunder","floor":10.0},{"not_picked":["Streamline","Chaos"],"picked":"Capacitor","floor":12.0},{"not_picked":["Beam Cell","Go for the Eyes"],"picked":"Ball Lightning","floor":14.0},{"not_picked":["Meteor Strike","StSpp:MemoryLeak"],"picked":"Thunder Strike","floor":16.0},{"not_picked":["Coolheaded","Redo"],"picked":"Conserve Battery","floor":18.0},{"not_picked":["Rebound+1","Gash"],"picked":"Defragment","floor":19.0},{"not_picked":["Rebound","StSpp:Pointer"],"picked":"Beam Cell","floor":22.0},{"not_picked":["Self Repair","Beam Cell"],"picked":"StSpp:Channeliser","floor":27.0},{"not_picked":["Recycle","Scrape"],"picked":"Conserve Battery+1","floor":28.0},{"not_picked":["Rebound+1","Turbo"],"picked":"Ball Lightning","floor":31.0},{"not_picked":["ICR:Cyclone","StSpp:Converter"],"picked":"Electrodynamics","floor":33.0},{"not_picked":["Gash","Conserve Battery+1"],"picked":"StSpp:TargetLocked+1","floor":35.0},{"not_picked":["Beam Cell+1","Rebound+1"],"picked":"Static Discharge","floor":39.0},{"not_picked":["StSpp:TargetLocked+1","Recycle"],"picked":"Doom and Gloom+1","floor":41.0},{"not_picked":["Coolheaded+1","Self Repair"],"picked":"Aggregate","floor":45},{"not_picked":["Coolheaded+1","Consume"],"picked":"Rebound+1","floor":48}],"player_experience":442850,"relics_obtained":[{"floor":7.0,"key":"Anchor"},{"floor":8.0,"key":"StSpp:Monolith"},{"floor":12.0,"key":"DataDisk"},{"floor":26.0,"key":"Art of War"},{"floor":27.0,"key":"Toy Ornithopter"},{"floor":29.0,"key":"Kunai"},{"floor":43.0,"key":"Bag of Preparation"},{"floor":45,"key":"Omamori"},{"floor":47,"key":"Pantograph"}],"event_choices":[{"damage_healed":0.0,"max_hp_gain":0.0,"max_hp_loss":0.0,"gold_gain":0.0,"event_name":"The Cleric","player_choice":"Leave","floor":3.0,"gold_loss":0.0,"damage_taken":0.0},{"damage_healed":0.0,"max_hp_gain":0.0,"max_hp_loss":0.0,"gold_gain":0.0,"event_name":"betterThird:BetterScrap","player_choice":"Relic ","floor":5.0,"gold_loss":0.0,"damage_taken":18.0,"cards_obtained":["Feel No Pain"]},{"damage_healed":0.0,"max_hp_gain":0.0,"max_hp_loss":0.0,"gold_gain":0.0,"event_name":"Dead Adventurer","player_choice":"Searched \u00272\u0027 times","floor":7.0,"gold_loss":0.0,"damage_taken":0.0},{"cards_removed":["Sunder"],"damage_healed":0.0,"max_hp_gain":0.0,"max_hp_loss":0.0,"gold_gain":0.0,"event_name":"betterNote:BetterNote","player_choice":"Give","floor":20.0,"gold_loss":0.0,"damage_taken":0.0,"cards_obtained":["Writhe"]},{"damage_healed":0.0,"max_hp_gain":0.0,"max_hp_loss":0.0,"gold_gain":0.0,"event_name":"Tomb of Lord Red Mask","player_choice":"Ignored","floor":36.0,"gold_loss":0.0,"damage_taken":0.0},{"damage_healed":0,"gold_gain":0,"player_choice":"Leave","damage_taken":0,"max_hp_gain":0,"max_hp_loss":0,"event_name":"conspire:Investor","floor":46,"gold_loss":0}],"is_beta":false,"boss_relics":[{"not_picked":["conspire:RunicOctahedron","Pandora\u0027s Box"],"picked":"energizedSpire:OgreHead"},{"not_picked":["Runic Dome","Snecko Eye"],"picked":"SlaversCollar"}],"items_purged_floors":[],"is_endless":false,"potions_floor_spawned":[1,7,10,16,18,27,28,33,35,39,48],"killed_by":"Time Eater","ascension_level":0}}