{"host":"fvux6yoihym3ucic","time":1611588205,"event":{"mods":["BaseMod","Curses Come First","Downfall","Energized Spire","Hermit","Infinite Spire","Mimic Mod","Minty Spire (QoL Compilation)","Rare Cards Sparkle","Replay The Spire","Spire Arcade","StSLib","The Cursed"],"gold_per_floor":[215,229,229,245,245,245,15,15,15,15,15,15,15,40,40,144,144,161,178,93,93,93,93,110,121,158,158,175,193,193,208,208,310,310,330,344,344,344],"floor_reached":37,"language":"ENG","playtime":1420,"items_purged":["Defend_R"],"score":394,"play_id":"5f3c7b3f-3e8e-4722-b69b-2bfc7ea676b0","local_time":"20210125102325","is_ascension_mode":false,"campfire_choices":[{"data":"Perfected Strike","floor":6,"key":"SMITH"},{"data":"Strike_R+1","floor":8,"key":"SMITH"},{"data":"Strike_R+2","floor":10,"key":"SMITH"},{"data":"Strike_R+3","floor":12,"key":"SMITH"},{"data":"Strike_R+4","floor":15,"key":"SMITH"},{"data":"Strike_R+5","floor":23,"key":"SMITH"},{"floor":30,"key":"RECALL"},{"data":"Strike_R+6","floor":32,"key":"SMITH"}],"circlet_count":0,"master_deck":["Strike_R+7","Strike_R+1","Strike_R","Strike_R","Defend_R","Defend_R","Bash","Perfected Strike+1","Replay:Many Hands","Hallucinations","Pot Of Greed","Demonic Infusion"],"relics":["Burning Blood","Bronze Scales","Simple Rune","Matryoshka","Torii","Painkiller Herb","Happy Flower","Ring of Fury","Replay:Bottled Steam","Grinning Jar","PreservedInsect","SlaversCollar"],"acts_visited":["Exordium","TheCity","TheBeyond"],"potions_floor_usage":[14,16,24,33,33,37],"damage_taken":[{"damage":6,"enemies":"2 Louse","floor":1,"turns":3},{"damage":1,"enemies":"Cultist","floor":2,"turns":3},{"damage":3,"enemies":"Small Slimes","floor":4,"turns":3},{"damage":22,"enemies":"3 Sentries","floor":14,"turns":5},{"damage":34,"enemies":"Fading Forest","floor":16,"turns":11},{"damage":20,"enemies":"Spheric Guardian","floor":18,"turns":4},{"damage":13,"enemies":"3 Byrds","floor":19,"turns":4},{"damage":0,"enemies":"Snake Plant","floor":24,"turns":1},{"damage":27,"enemies":"Sentry and Sphere","floor":25,"turns":4},{"damage":5,"enemies":"Snecko","floor":26,"turns":4},{"damage":0,"enemies":"Snecko","floor":28,"turns":2},{"damage":6,"enemies":"3 Cultists","floor":29,"turns":3},{"damage":2,"enemies":"Cultist and Chosen","floor":31,"turns":2},{"damage":28,"enemies":"Collector","floor":33,"turns":4},{"damage":36,"enemies":"3 Darklings","floor":35,"turns":3},{"damage":14,"enemies":"3 Shapes","floor":36,"turns":4},{"damage":15,"enemies":"infinitespire:Three Voidlings","floor":37,"turns":3},{"damage":42,"enemies":"Nightmare_Alpha","floor":37,"turns":2}],"seed_played":"169681314987115508","potions_obtained":[{"floor":4,"key":"Energy Potion"},{"floor":14,"key":"Energy Potion"},{"floor":18,"key":"DuplicationPotion"},{"floor":28,"key":"Weak Potion"},{"floor":29,"key":"Fire Potion"},{"floor":33,"key":"Elixir"},{"floor":36,"key":"Regen Potion"}],"is_trial":false,"path_per_floor":["M","M","?","M","?","R","$","R","T","R","$","R","?","E","R","B",null,"?","?","?","?","?","T","?","?","MIM","T","?","?","T","?","T","B",null,"?","?","?"],"character_chosen":"IRONCLAD","items_purchased":["Simple Rune"],"campfire_rested":0,"item_purchase_floors":[7],"current_hp_per_floor":[80,80,80,80,77,77,77,77,77,77,77,77,70,54,54,36,80,66,59,59,59,59,59,65,44,45,45,51,51,51,55,55,33,80,50,42,0,0],"gold":344,"neow_bonus":"HUNDRED_GOLD","is_daily":false,"chose_seed":false,"campfire_upgraded":7,"win_rate":0.0,"timestamp":1611588205,"path_taken":["M","M","?","?","?","R","$","R","T","R","?","R","?","E","R","BOSS","?","?","?","?","?","T","?","?","MIM","?","?","?","T","?","T","BOSS","?","?","?"],"items_purchased_type":["Relic"],"build_version":"2020-12-22","purchased_purges":1,"victory":false,"max_hp_per_floor":[80,80,80,80,80,80,80,80,80,80,80,80,80,80,80,80,80,80,80,80,80,80,80,80,80,80,80,80,80,80,80,80,80,80,80,80,80,80],"card_choices":[{"not_picked":["Replay:Undeath\u0027s Touch","Seeing Red"],"picked":"Perfected Strike","floor":1},{"not_picked":["Inflame","Armaments","Body Slam"],"picked":"SKIP","floor":2},{"not_picked":["Infernal Blade","Shrug It Off","Warcry"],"picked":"SKIP","floor":4},{"not_picked":["True Grit","Replay:Undeath\u0027s Touch","Combust"],"picked":"SKIP","floor":14},{"not_picked":["Hemogenesis","Fiend Fire"],"picked":"Replay:Many Hands","floor":16},{"not_picked":["Heavy Blade","Dual Wield","Havoc+1"],"picked":"SKIP","floor":18},{"not_picked":["Dark Embrace","Shrug It Off","Sentinel"],"picked":"SKIP","floor":19},{"not_picked":["Pommel Strike","Reckless Charge","Replay:Undeath\u0027s Touch"],"picked":"SKIP","floor":24},{"not_picked":["Flex+1","Pummel","Shrug It Off"],"picked":"SKIP","floor":25},{"not_picked":["Dual Wield","Twin Strike+1","Clothesline"],"picked":"SKIP","floor":28},{"not_picked":["Twin Strike","Defy Death","Searing Blow"],"picked":"SKIP","floor":29},{"not_picked":["Warcry","ReplayTheSpireMod:Stacked","Fiend Fire"],"picked":"SKIP","floor":31},{"not_picked":["Impervious","Double Tap"],"picked":"Demonic Infusion","floor":33},{"not_picked":["Dual Wield+1","Body Slam","True Grit"],"picked":"SKIP","floor":35},{"not_picked":["Evolve+1","Replay:Undeath\u0027s Touch+1","Havoc"],"picked":"SKIP","floor":36}],"player_experience":24303,"relics_obtained":[{"floor":9,"key":"Matryoshka"},{"floor":14,"key":"Torii"},{"floor":21,"key":"Ring of Fury"},{"floor":26,"key":"Replay:Bottled Steam"},{"floor":26,"key":"Grinning Jar"},{"floor":27,"key":"PreservedInsect"}],"event_choices":[{"cards_removed":["Defend_R"],"damage_healed":0,"gold_gain":0,"player_choice":"Purged","damage_taken":0,"max_hp_gain":0,"max_hp_loss":0,"event_name":"Purifier","floor":3,"gold_loss":0},{"damage_healed":0,"gold_gain":0,"player_choice":"Success","damage_taken":3,"relics_obtained":["Bronze Scales"],"max_hp_gain":0,"max_hp_loss":0,"event_name":"Scrap Ooze","floor":5,"gold_loss":0},{"cards_removed":["Strike_R"],"damage_healed":0,"gold_gain":0,"player_choice":"Card Removal","damage_taken":7,"max_hp_gain":0,"max_hp_loss":0,"event_name":"Golden Wing","floor":13,"gold_loss":0},{"damage_healed":0,"gold_gain":0,"player_choice":"Obtained Relic","damage_taken":0,"relics_obtained":["Happy Flower"],"max_hp_gain":0,"max_hp_loss":0,"event_name":"Addict","floor":20,"gold_loss":85},{"damage_healed":0,"gold_gain":0,"player_choice":"Ignored","damage_taken":0,"max_hp_gain":0,"max_hp_loss":0,"event_name":"Ghosts","floor":22,"gold_loss":0}],"is_beta":false,"boss_relics":[{"not_picked":["energizedSpire:OgreHead","ChewingGum"],"picked":"Painkiller Herb"},{"not_picked":["energizedSpire:StickyHand","Philosopher\u0027s Stone"],"picked":"SlaversCollar"}],"items_purged_floors":[7],"is_endless":false,"potions_floor_spawned":[4,14,18,28,29,33,36],"killed_by":"Nightmare_Alpha","ascension_level":0}}