{"host":"g2yp6paluzgljz05","time":1611558131,"event":{"mods":["BaseMod","Bestiary","Colored Powertips","DeckTracker","Highlight Path","Minty Spire (QoL Compilation)","Quick Restart"],"gold_per_floor":[117,292,303,303,303,303,81,112,112,135,170,170,200,225,225,225,225],"floor_reached":16,"language":"ENG","playtime":527,"items_purged":["Strike_B"],"score":153,"play_id":"59b82d08-7922-4c19-aa1c-ad44eb610328","local_time":"20210125180211","is_ascension_mode":true,"campfire_choices":[{"data":"Zap","floor":6,"key":"SMITH"},{"floor":12,"key":"REST"},{"data":"Deep Breath","floor":15,"key":"SMITH"}],"circlet_count":0,"master_deck":["Strike_B","Strike_B","Strike_B","Defend_B","Defend_B","Defend_B","Defend_B","Zap+1","Dualcast","Go for the Eyes","Gash","Deep Breath+1","Gash"],"relics":["Cracked Core","NeowsBlessing","Golden Idol","Gremlin Horn","Kunai","Toxic Egg 2"],"acts_visited":["Exordium"],"potions_floor_usage":[16],"damage_taken":[{"damage":0,"enemies":"Small Slimes","floor":1,"turns":1},{"damage":0,"enemies":"Jaw Worm","floor":3,"turns":1},{"damage":0,"enemies":"Gremlin Nob","floor":8,"turns":1},{"damage":0,"enemies":"Cultist","floor":10,"turns":3},{"damage":26,"enemies":"3 Sentries","floor":11,"turns":6},{"damage":7,"enemies":"Looter","floor":14,"turns":3},{"damage":31,"enemies":"Slime Boss","floor":16,"turns":8}],"seed_played":"1153209320949762606","potions_obtained":[{"floor":1,"key":"FearPotion"},{"floor":8,"key":"DuplicationPotion"},{"floor":10,"key":"CultistPotion"}],"is_trial":false,"path_per_floor":["M","?","M","?","?","R","$","E","T","M","E","R","?","M","R","B"],"character_chosen":"DEFECT","items_purchased":["Gash","Deep Breath"],"campfire_rested":1,"item_purchase_floors":[7,7],"current_hp_per_floor":[75,75,75,68,50,50,50,50,50,50,24,46,46,39,39,8,8],"gold":225,"neow_bonus":"THREE_ENEMY_KILL","is_daily":false,"chose_seed":false,"campfire_upgraded":2,"win_rate":0.0,"timestamp":1611558131,"path_taken":["M","?","M","?","?","R","?","E","T","M","E","R","?","M","R","BOSS"],"items_purchased_type":["Card","Card"],"build_version":"2020-12-22","purchased_purges":1,"victory":false,"max_hp_per_floor":[75,75,75,75,75,75,75,75,75,75,75,75,75,75,75,75,75],"card_choices":[{"not_picked":["Fusion","Redo","Stack"],"picked":"SKIP","floor":1},{"not_picked":["Genetic Algorithm","Hologram"],"picked":"Go for the Eyes","floor":3},{"not_picked":["Undo","Consume","Rip and Tear"],"picked":"SKIP","floor":8},{"not_picked":["Barrage","White Noise"],"picked":"Gash","floor":10},{"not_picked":["Beam Cell","Hologram+1","Redo+1"],"picked":"SKIP","floor":11},{"not_picked":["Doom and Gloom","Turbo+1","Steam+1"],"picked":"SKIP","floor":14}],"player_experience":263000,"relics_obtained":[{"floor":8,"key":"Gremlin Horn"},{"floor":9,"key":"Kunai"},{"floor":11,"key":"Toxic Egg 2"}],"event_choices":[{"damage_healed":0,"gold_gain":175,"player_choice":"AGREE","damage_taken":0,"max_hp_gain":0,"max_hp_loss":0,"event_name":"Liars Game","floor":2,"gold_loss":0,"cards_obtained":["Doubt"]},{"cards_removed":["Doubt"],"damage_healed":0,"gold_gain":0,"player_choice":"Card Removal","damage_taken":7,"max_hp_gain":0,"max_hp_loss":0,"event_name":"Golden Wing","floor":4,"gold_loss":0},{"damage_healed":0,"gold_gain":0,"player_choice":"Take Damage","damage_taken":18,"relics_obtained":["Golden Idol"],"max_hp_gain":0,"max_hp_loss":0,"event_name":"Golden Idol","floor":5,"gold_loss":0},{"damage_healed":0,"gold_gain":30,"player_choice":"Searched \u00271\u0027 times","damage_taken":0,"max_hp_gain":0,"max_hp_loss":0,"event_name":"Dead Adventurer","floor":13,"gold_loss":0}],"is_beta":false,"boss_relics":[],"items_purged_floors":[7],"is_endless":false,"potions_floor_spawned":[1,8,10],"killed_by":"Slime Boss","ascension_level":3}}