{"host":"u1dfzl6o6mfmauc3","time":1611566137,"event":{"mods":["2.2 Compatiblity","AchievementEnabler","BaseMod","Block Reminder","Challenge The Spire","Dark Map","Hermit","Minty Spire (QoL Compilation)","Relic Stats","Robot Space Explorer","StSLib","The Disciple"],"gold_per_floor":[111,111,129,141,141,141,171,171,19,19,44,76,106,126,126,146,146,246,246,258,258,271,271,282,310,321,350,22,22,57,69,69,89,14,14,110,110,126,126,143,193,193,193,205,235,235,303,303,328,343,374,2,17,17,17,17,17,17,44,44,44],"floor_reached":60,"language":"ENG","playtime":6030,"items_purged":["RobotSpaceExplorer:Strike","RobotSpaceExplorer:Strike"],"score":1124,"play_id":"ca059ab5-945b-49d8-b7a2-49a922b3a1a8","local_time":"20210125041537","is_ascension_mode":true,"campfire_choices":[{"data":"RobotSpaceExplorer:TurboDodge","floor":6,"key":"SMITH"},{"data":"RobotSpaceExplorer:SelfCleaning","floor":8,"key":"SMITH"},{"data":"RobotSpaceExplorer:SlimeMissile","floor":10,"key":"SMITH"},{"data":"RobotSpaceExplorer:Counterblock","floor":17,"key":"SMITH"},{"data":"RobotSpaceExplorer:BigMissile","floor":32,"key":"SMITH"},{"data":"RobotSpaceExplorer:Discharger","floor":35,"key":"SMITH"},{"data":"RobotSpaceExplorer:Jetpack","floor":43,"key":"SMITH"},{"data":"RobotSpaceExplorer:MiniLasers","floor":46,"key":"SMITH"},{"floor":54,"key":"RECALL"},{"data":"RobotSpaceExplorer:HighVoltage","floor":57,"key":"SMITH"}],"circlet_count":0,"master_deck":["RobotSpaceExplorer:Strike","RobotSpaceExplorer:Defend","RobotSpaceExplorer:Defend","RobotSpaceExplorer:Defend","RobotSpaceExplorer:Scan","RobotSpaceExplorer:MiniLasers+1","RobotSpaceExplorer:ShockKick+1","RobotSpaceExplorer:SlimeMissile+1","RobotSpaceExplorer:TurboDodge+1","RobotSpaceExplorer:SelfCleaning+1","RobotSpaceExplorer:DualCore","RobotSpaceExplorer:Counterblock+1","RobotSpaceExplorer:TrailblazerForm","RobotSpaceExplorer:StarDust","RobotSpaceExplorer:Discharger+1","RobotSpaceExplorer:StarLightning+1","RobotSpaceExplorer:ScrapMissile+1","RobotSpaceExplorer:Jetpack+1","RobotSpaceExplorer:BigMissile+1","RobotSpaceExplorer:Fix+1","RobotSpaceExplorer:HighVoltage+1","RobotSpaceExplorer:PowerCollector+1","RobotSpaceExplorer:FranticSearch+1","RobotSpaceExplorer:JunkDive+1","RobotSpaceExplorer:Explosion+1"],"relics":["Coffee Dripper","Boot","Oddly Smooth Stone","Potion Belt","Anchor","Thread and Needle","Empty Cage","Lizard Tail","RobotSpaceExplorer:FoglandsKnife","Toxic Egg 2","RobotSpaceExplorer:BottledGravity","Question Card","Black Star","RobotSpaceExplorer:RingOfTheNewt","Prayer Wheel","Molten Egg 2","Blood Vial","Pen Nib","Eternal Feather","PreservedInsect","Bottled Tornado","RobotSpaceExplorer:SlideRule","Bag of Marbles","InkBottle"],"acts_visited":["Exordium","TheCity","TheBeyond","TheEnding"],"potions_floor_usage":[18,18,31,44,44,49,59,60,60,60],"damage_taken":[{"damage":0,"enemies":"2 Louse","floor":1,"turns":2},{"damage":3,"enemies":"Small Slimes","floor":3,"turns":3},{"damage":0,"enemies":"Cultist","floor":4,"turns":3},{"damage":42,"enemies":"Gremlin Nob","floor":7,"turns":6},{"damage":6,"enemies":"Lagavulin","floor":12,"turns":8},{"damage":0,"enemies":"Red Slaver","floor":14,"turns":2},{"damage":0,"enemies":"Looter","floor":16,"turns":3},{"damage":0,"enemies":"The Guardian","floor":18,"turns":17},{"damage":9,"enemies":"Chosen","floor":20,"turns":5},{"damage":2,"enemies":"2 Thieves","floor":22,"turns":4},{"damage":6,"enemies":"Shelled Parasite and Fungi","floor":24,"turns":7},{"damage":24,"enemies":"Book of Stabbing","floor":25,"turns":7},{"damage":0,"enemies":"Snake Plant","floor":26,"turns":5},{"damage":25,"enemies":"Slavers","floor":27,"turns":12},{"damage":0,"enemies":"Gremlin Leader","floor":30,"turns":8},{"damage":0,"enemies":"Chosen and Byrds","floor":31,"turns":6},{"damage":10,"enemies":"Shelled Parasite and Fungi","floor":33,"turns":6},{"damage":0,"enemies":"Champ","floor":36,"turns":10},{"damage":7,"enemies":"Orb Walker","floor":38,"turns":5},{"damage":6,"enemies":"3 Darklings","floor":40,"turns":6},{"damage":3,"enemies":"Mind Bloom Boss Battle","floor":41,"turns":8},{"damage":1,"enemies":"Transient","floor":44,"turns":5},{"damage":0,"enemies":"Giant Head","floor":45,"turns":10},{"damage":102,"enemies":"Reptomancer","floor":49,"turns":9},{"damage":0,"enemies":"Spire Growth","floor":50,"turns":5},{"damage":0,"enemies":"Giant Head","floor":51,"turns":8},{"damage":2,"enemies":"Jaw Worm Horde","floor":53,"turns":4},{"damage":22,"enemies":"Donu and Deca","floor":55,"turns":9},{"damage":43,"enemies":"Shield and Spear","floor":59,"turns":5},{"damage":79,"enemies":"The Heart","floor":60,"turns":9}],"seed_played":"8368894243715254128","potions_obtained":[{"floor":7,"key":"Swift Potion"},{"floor":14,"key":"Fire Potion"},{"floor":18,"key":"DuplicationPotion"},{"floor":22,"key":"FairyPotion"},{"floor":25,"key":"SpeedPotion"},{"floor":33,"key":"Weak Potion"},{"floor":36,"key":"RobotSpaceExplorer:RecyclePotion"},{"floor":41,"key":"RobotSpaceExplorer:PlasmaFlask"},{"floor":45,"key":"SteroidPotion"},{"floor":51,"key":"AttackPotion"},{"floor":53,"key":"PowerPotion"}],"is_trial":false,"path_per_floor":["M","?","M","M","?","R","E","R","$","R","T","E","?","M","T","M","R","B",null,"M","?","M","?","M","E","M","E","$","T","E","M","R","M","$","R","B",null,"M","?","M","?","?","R","M","E","R","T","T","E","M","E","$","M","R","B",null,"R","$","E","B"],"character_chosen":"RobotSpaceExplorer","items_purchased":["Oddly Smooth Stone","Toxic Egg 2","RobotSpaceExplorer:BigMissile","RobotSpaceExplorer:SlideRule","SpeedPotion","Ancient Potion"],"campfire_rested":0,"item_purchase_floors":[9,28,28,52,52,52],"current_hp_per_floor":[75,75,72,72,72,72,30,30,30,30,30,24,24,24,24,24,24,24,75,66,66,64,64,58,34,34,9,9,9,9,15,15,11,11,11,17,75,68,68,68,71,71,71,70,71,71,71,71,21,29,37,37,43,58,44,71,71,71,34,0,0],"gold":44,"neow_bonus":"BOSS_RELIC","is_daily":false,"chose_seed":false,"campfire_upgraded":9,"win_rate":0.0,"timestamp":1611566137,"path_taken":["M","?","M","M","?","R","E","R","$","R","T","E","?","M","?","?","R","BOSS","M","?","M","?","M","E","M","E","$","T","E","M","R","M","?","R","BOSS","M","?","M","?","?","R","M","E","R","T","T","E","M","E","$","M","R","BOSS","R","$","E","BOSS"],"items_purchased_type":["Relic","Relic","Card","Relic","Potion","Potion"],"build_version":"2020-12-22","purchased_purges":2,"victory":false,"max_hp_per_floor":[75,75,75,75,75,75,75,75,75,75,75,75,75,75,75,75,75,75,75,75,75,75,75,75,75,75,75,75,75,75,75,75,75,75,75,75,75,75,75,75,75,71,71,71,71,71,71,71,71,71,71,71,71,71,71,71,71,71,71,71,71],"relic_stats":{"Blood Vial":10,"Lizard Tail":35,"counters":[30,197],"Prayer Wheel":2,"Eternal Feather":15,"Pen Nib":[7],"PreservedInsect":68,"Black Star":4,"Boot":[237],"Question Card":15,"obtain_stats":[{"RobotSpaceExplorer:SlideRule":52,"Bottled Tornado":51,"Boot":7,"Empty Cage":19,"Blood Vial":48,"Lizard Tail":25,"RobotSpaceExplorer:BottledGravity":29,"Prayer Wheel":45,"Toxic Egg 2":28,"InkBottle":59,"Potion Belt":11,"Oddly Smooth Stone":9,"RobotSpaceExplorer:RoboCore":0,"Thread and Needle":15,"RobotSpaceExplorer:RingOfTheNewt":41,"Eternal Feather":49,"Pen Nib":49,"PreservedInsect":51,"Question Card":30,"RobotSpaceExplorer:FoglandsKnife":27,"Anchor":12,"Molten Egg 2":45,"Coffee Dripper":0,"Black Star":37,"Bag of Marbles":59},{"RobotSpaceExplorer:SlideRule":26,"Bottled Tornado":26,"Boot":4,"Empty Cage":8,"Blood Vial":23,"Lizard Tail":12,"RobotSpaceExplorer:BottledGravity":14,"Prayer Wheel":23,"Toxic Egg 2":14,"InkBottle":29,"Potion Belt":4,"Oddly Smooth Stone":4,"RobotSpaceExplorer:RoboCore":0,"Thread and Needle":6,"RobotSpaceExplorer:RingOfTheNewt":21,"Eternal Feather":24,"Pen Nib":24,"PreservedInsect":26,"Question Card":15,"RobotSpaceExplorer:FoglandsKnife":14,"Anchor":5,"Molten Egg 2":23,"Coffee Dripper":0,"Black Star":18,"Bag of Marbles":29},{"RobotSpaceExplorer:SlideRule":170,"Bottled Tornado":170,"Boot":14,"Empty Cage":44,"Blood Vial":148,"Lizard Tail":67,"RobotSpaceExplorer:BottledGravity":84,"Prayer Wheel":148,"Toxic Egg 2":84,"InkBottle":188,"Potion Belt":14,"Oddly Smooth Stone":14,"RobotSpaceExplorer:RoboCore":0,"Thread and Needle":24,"RobotSpaceExplorer:RingOfTheNewt":133,"Eternal Feather":157,"Pen Nib":157,"PreservedInsect":170,"Question Card":92,"RobotSpaceExplorer:FoglandsKnife":84,"Anchor":22,"Molten Egg 2":148,"Coffee Dripper":0,"Black Star":114,"Bag of Marbles":188}],"InkBottle":[4]},"card_choices":[{"not_picked":["RobotSpaceExplorer:Probe","RobotSpaceExplorer:StarDust"],"picked":"RobotSpaceExplorer:ShockKick","floor":1},{"not_picked":["RobotSpaceExplorer:SwiftStep","RobotSpaceExplorer:Probe"],"picked":"RobotSpaceExplorer:SlimeMissile","floor":3},{"not_picked":["RobotSpaceExplorer:Calculate","RobotSpaceExplorer:Reload"],"picked":"RobotSpaceExplorer:TurboDodge","floor":4},{"not_picked":["RobotSpaceExplorer:HighVoltage","RobotSpaceExplorer:Probe"],"picked":"RobotSpaceExplorer:SelfCleaning","floor":7},{"not_picked":["RobotSpaceExplorer:StunGrenade","RobotSpaceExplorer:ShockKick"],"picked":"RobotSpaceExplorer:DualCore","floor":12},{"not_picked":["RobotSpaceExplorer:FrostMissile","RobotSpaceExplorer:SwiftStep","RobotSpaceExplorer:SelfCleaning"],"picked":"SKIP","floor":14},{"not_picked":["RobotSpaceExplorer:MetalStrike","RobotSpaceExplorer:SlimeMissile"],"picked":"RobotSpaceExplorer:Counterblock","floor":16},{"not_picked":["RobotSpaceExplorer:Exploration","RobotSpaceExplorer:Comet"],"picked":"RobotSpaceExplorer:TrailblazerForm","floor":18},{"not_picked":["RobotSpaceExplorer:SlimeMissile","RobotSpaceExplorer:SelfCleaning+1"],"picked":"RobotSpaceExplorer:StarDust","floor":20},{"not_picked":["RobotSpaceExplorer:SurgingStrike+1","RobotSpaceExplorer:StunGrenade+1"],"picked":"RobotSpaceExplorer:StarLightning+1","floor":22},{"not_picked":["RobotSpaceExplorer:Probe","RobotSpaceExplorer:MetalStrike"],"picked":"RobotSpaceExplorer:ScrapMissile+1","floor":24},{"not_picked":["RobotSpaceExplorer:Probe","RobotSpaceExplorer:Autoloader"],"picked":"RobotSpaceExplorer:Jetpack","floor":25},{"not_picked":["RobotSpaceExplorer:Ammunition","RobotSpaceExplorer:Probe+1","RobotSpaceExplorer:StarDust"],"picked":"SKIP","floor":26},{"not_picked":["RobotSpaceExplorer:ScrapMissile+1","RobotSpaceExplorer:GearShield+1","RobotSpaceExplorer:SwiftStep"],"picked":"SKIP","floor":27},{"not_picked":["RobotSpaceExplorer:LaserBurst","RobotSpaceExplorer:Pulsar+1"],"picked":"RobotSpaceExplorer:Fix+1","floor":30},{"not_picked":["RobotSpaceExplorer:MiniDrones","RobotSpaceExplorer:Counterblock+1","RobotSpaceExplorer:PlasmaMissile","RobotSpaceExplorer:ToxicBomb+1"],"picked":"SKIP","floor":31},{"not_picked":["RobotSpaceExplorer:Probe","RobotSpaceExplorer:PlasmaMissile","RobotSpaceExplorer:FrostMissile","RobotSpaceExplorer:ShockKick"],"picked":"SKIP","floor":33},{"not_picked":["RobotSpaceExplorer:Multitool","RobotSpaceExplorer:Wormhole+1","RobotSpaceExplorer:BlastShield+1"],"picked":"RobotSpaceExplorer:HighVoltage","floor":36},{"not_picked":["RobotSpaceExplorer:SelfCleaning+1","RobotSpaceExplorer:SwiftStep+1","RobotSpaceExplorer:SlimeMissile+1"],"picked":"RobotSpaceExplorer:PowerCollector+1","floor":38},{"not_picked":["RobotSpaceExplorer:Pulsar+1","RobotSpaceExplorer:MetalStrike+1","RobotSpaceExplorer:DroneSwarm","RobotSpaceExplorer:MiniDrones"],"picked":"SKIP","floor":40},{"not_picked":["RobotSpaceExplorer:ScrapToss+1","RobotSpaceExplorer:SwiftStep+1","RobotSpaceExplorer:Pulsar+1"],"picked":"RobotSpaceExplorer:FranticSearch+1","floor":41},{"not_picked":["RobotSpaceExplorer:GlueShot+1","RobotSpaceExplorer:JunkDive+1","RobotSpaceExplorer:MetalStrike","RobotSpaceExplorer:Fix+1"],"picked":"SKIP","floor":44},{"not_picked":["RobotSpaceExplorer:SurgingShield+1","RobotSpaceExplorer:FreezeRay","RobotSpaceExplorer:Wormhole+1","RobotSpaceExplorer:PowerCollector+1"],"picked":"SKIP","floor":45},{"not_picked":["RobotSpaceExplorer:FranticSearch+1","RobotSpaceExplorer:MakeshiftVolley+1","RobotSpaceExplorer:Counterblock+1","RobotSpaceExplorer:MiniDrones+1"],"picked":"SKIP","floor":49},{"not_picked":["RobotSpaceExplorer:ShockKick+1","RobotSpaceExplorer:MetalStrike+1","RobotSpaceExplorer:GlueShot+1"],"picked":"RobotSpaceExplorer:JunkDive+1","floor":50},{"not_picked":["RobotSpaceExplorer:ScrapToss+1","RobotSpaceExplorer:ScrapShield+1","RobotSpaceExplorer:ImprovisedAttack+1","RobotSpaceExplorer:Counterblock+1"],"picked":"SKIP","floor":50},{"not_picked":["RobotSpaceExplorer:MetalStrike+1","RobotSpaceExplorer:StunGrenade+1","RobotSpaceExplorer:SwiftStep+1"],"picked":"RobotSpaceExplorer:Explosion+1","floor":51},{"not_picked":["RobotSpaceExplorer:GlueShot+1","RobotSpaceExplorer:StunGrenade+1","RobotSpaceExplorer:Fix+1","RobotSpaceExplorer:ShockKick+1"],"picked":"SKIP","floor":53},{"not_picked":["RobotSpaceExplorer:SwiftStep+1","RobotSpaceExplorer:ChargingLaser+1","RobotSpaceExplorer:GlueShot+1","RobotSpaceExplorer:Probe+1"],"picked":"SKIP","floor":53},{"not_picked":["RobotSpaceExplorer:Scanner","RobotSpaceExplorer:ScrapMissile+1","RobotSpaceExplorer:Jetpack+1","RobotSpaceExplorer:FreezeRay+1"],"picked":"SKIP","floor":59}],"player_experience":144373,"relics_obtained":[{"floor":7,"key":"Boot"},{"floor":11,"key":"Potion Belt"},{"floor":12,"key":"Anchor"},{"floor":15,"key":"Thread and Needle"},{"floor":25,"key":"Lizard Tail"},{"floor":27,"key":"RobotSpaceExplorer:FoglandsKnife"},{"floor":29,"key":"RobotSpaceExplorer:BottledGravity"},{"floor":30,"key":"Question Card"},{"floor":41,"key":"RobotSpaceExplorer:RingOfTheNewt"},{"floor":45,"key":"Prayer Wheel"},{"floor":45,"key":"Molten Egg 2"},{"floor":48,"key":"Blood Vial"},{"floor":49,"key":"Pen Nib"},{"floor":49,"key":"Eternal Feather"},{"floor":51,"key":"PreservedInsect"},{"floor":51,"key":"Bottled Tornado"},{"floor":59,"key":"Bag of Marbles"},{"floor":59,"key":"InkBottle"}],"event_choices":[{"damage_healed":0,"gold_gain":0,"player_choice":"Ignored","damage_taken":0,"max_hp_gain":0,"max_hp_loss":0,"event_name":"Liars Game","floor":2,"gold_loss":0},{"damage_healed":0,"gold_gain":0,"player_choice":"Grow","damage_taken":0,"max_hp_gain":0,"max_hp_loss":0,"event_name":"Living Wall","floor":5,"gold_loss":0,"cards_upgraded":["RobotSpaceExplorer:ShockKick"]},{"damage_healed":0,"gold_gain":30,"player_choice":"Searched \u00271\u0027 times","damage_taken":0,"max_hp_gain":0,"max_hp_loss":0,"event_name":"Dead Adventurer","floor":13,"gold_loss":0},{"damage_healed":0,"gold_gain":0,"player_choice":"Read","damage_taken":0,"max_hp_gain":0,"max_hp_loss":0,"event_name":"The Library","floor":21,"gold_loss":0,"cards_obtained":["RobotSpaceExplorer:Discharger"]},{"damage_healed":0,"gold_gain":0,"player_choice":"Ignored","damage_taken":0,"max_hp_gain":0,"max_hp_loss":0,"event_name":"Vampires","floor":23,"gold_loss":0},{"damage_healed":0,"gold_gain":0,"player_choice":"Ignored","damage_taken":0,"max_hp_gain":0,"max_hp_loss":0,"event_name":"Tomb of Lord Red Mask","floor":39,"gold_loss":0},{"damage_healed":0,"gold_gain":0,"player_choice":"Fight","damage_taken":0,"max_hp_gain":0,"max_hp_loss":0,"event_name":"MindBloom","floor":41,"gold_loss":0},{"damage_healed":0,"gold_gain":0,"player_choice":"Max HP","damage_taken":0,"max_hp_gain":0,"max_hp_loss":4,"event_name":"Winding Halls","floor":42,"gold_loss":0}],"is_beta":false,"boss_relics":[{"not_picked":["Busted Crown","Calling Bell"],"picked":"Empty Cage"},{"not_picked":["Velvet Choker","Fusion Hammer"],"picked":"Black Star"}],"items_purged_floors":[34,52],"is_endless":false,"potions_floor_spawned":[7,14,18,22,25,33,36,41,45,51,53],"killed_by":"The Heart","ascension_level":3}}