{"host":"7eytxr1oawi6r5nr","time":1611600066,"event":{"mods":["BaseMod","Better Third Choice","Curses Come First","Dark Map","Hermit","Hubris","Ironclad Rager","Jorbs\u0027s Wanderer Trilogy","Minty Spire (QoL Compilation)","Permanent Neow","Quick Restart","Rare Cards Sparkle","Reliquary","Replay The Spire","Robot Space Explorer","StSLib","The Cursed","The Disciple","The Dragon Tamer","The Forsaken","The Marked","The Mystic","The Runesmith","UnlockEverythingMod","Wide Potions"],"gold_per_floor":[119,135,147,147,166,166,200,212,224,311,336,378,390,415,427,539,551,582,611,623,635,647,659,771,771],"floor_reached":24,"language":"ENG","playtime":1215,"items_purged":[],"score":247,"play_id":"208a39a1-333a-4b80-8cfc-9a90346d4262","local_time":"20210125184106","is_ascension_mode":true,"campfire_choices":[{"data":"True Grit","floor":6.0,"key":"SMITH"},{"floor":8.0,"key":"REST"},{"data":"Double Tap","floor":23,"key":"SMITH"}],"circlet_count":0,"master_deck":["Strike_R","Strike_R","Strike_R","Strike_R","Strike_R","Defend_R","Defend_R","Defend_R","Defend_R","Bash","Double Tap+1","Wild Strike","Metallicize+1","Combust","True Grit+1","Fire Breathing","Pummel","Battle Trance","ReplayTheSpireMod:Strike From Hell","Hemogenesis","Wild Strike+1"],"relics":["Burning Blood","MawBank","Pantograph","theForsaken:Lifeblossom","Ring of Fury","Replay:Bronze Core","hubris:Icosahedron"],"acts_visited":["Exordium","TheCity"],"potions_floor_usage":[],"damage_taken":[{"damage":11.0,"enemies":"Cultist","floor":1.0,"turns":4.0},{"damage":1.0,"enemies":"2 Louse","floor":2.0,"turns":3.0},{"damage":5.0,"enemies":"Small Slimes","floor":3.0,"turns":4.0},{"damage":5.0,"enemies":"Exordium Wildlife","floor":5.0,"turns":5.0},{"damage":31.0,"enemies":"3 Sentries","floor":7.0,"turns":9.0},{"damage":16.0,"enemies":"3 Louse","floor":11.0,"turns":4.0},{"damage":43.0,"enemies":"Lagavulin","floor":12.0,"turns":7.0},{"damage":10.0,"enemies":"Blue Slaver","floor":14.0,"turns":4.0},{"damage":35.0,"enemies":"Slime Boss","floor":16.0,"turns":7.0},{"damage":20,"enemies":"Shell Parasite","floor":18,"turns":5},{"damage":11,"enemies":"Spheric Guardian","floor":19,"turns":3},{"damage":76,"enemies":"Book of Stabbing","floor":24,"turns":6}],"seed_played":"184193978761407872","potions_obtained":[{"floor":1.0,"key":"EssenceOfSteel"},{"floor":3.0,"key":"LiquidBronze"},{"floor":12.0,"key":"SneckoOil"},{"floor":19,"key":"ElixirPotion"}],"is_trial":false,"path_per_floor":["M","M","M","T","M","R","E","R","T","?","M","E","?","M","R","B",null,"M","M","?","?","?","R","E"],"character_chosen":"IRONCLAD","items_purchased":[],"campfire_rested":1,"item_purchase_floors":[],"current_hp_per_floor":[75,80,80,80,80,80,55,79,79,68,58,21,21,23,47,49,80,69,69,69,69,69,69,0,0],"gold":771,"neow_bonus":"ONE_RANDOM_RARE_CARD","is_daily":false,"chose_seed":false,"campfire_upgraded":2,"win_rate":0.0,"timestamp":1611600066,"path_taken":["M","M","M","?","M","R","E","R","T","?","M","E","?","M","R","BOSS","M","M","?","?","?","R","E"],"items_purchased_type":[],"build_version":"2020-12-22","purchased_purges":0,"victory":false,"max_hp_per_floor":[80,80,80,80,80,80,80,80,80,80,80,80,80,80,80,80,80,80,80,80,80,80,80,80,80],"card_choices":[{"not_picked":["Anger","Warcry"],"picked":"Wild Strike","floor":1.0},{"not_picked":["Ghostly Armor","Blood for Blood"],"picked":"Metallicize","floor":2.0},{"not_picked":["Spot Weakness","Twin Strike"],"picked":"Combust","floor":3.0},{"not_picked":["Anger","Clothesline"],"picked":"True Grit","floor":5.0},{"not_picked":["Pommel Strike","Eclipse"],"picked":"Fire Breathing","floor":7.0},{"not_picked":["Havoc","ReplayTheSpireMod:LeadingStrike"],"picked":"Pummel","floor":11.0},{"not_picked":["Headbutt","Twin Strike"],"picked":"Battle Trance","floor":12.0},{"not_picked":["Sword Boomerang","Clash"],"picked":"ReplayTheSpireMod:Strike From Hell","floor":14.0},{"not_picked":["Limit Break","Bludgeon"],"picked":"Hemogenesis","floor":16.0},{"not_picked":["Flex","Twin Strike+1"],"picked":"Wild Strike+1","floor":18},{"not_picked":["Flex","ReplayTheSpireMod:Strike From Hell","Warcry"],"picked":"SKIP","floor":19}],"player_experience":196726,"relics_obtained":[{"floor":7.0,"key":"MawBank"},{"floor":9.0,"key":"Pantograph"},{"floor":12.0,"key":"theForsaken:Lifeblossom"},{"floor":13.0,"key":"Ring of Fury"}],"event_choices":[{"damage_healed":0.0,"max_hp_gain":0.0,"max_hp_loss":0.0,"gold_gain":75.0,"event_name":"betterThird:BetterGoop","player_choice":"Gold","floor":10.0,"gold_loss":0.0,"damage_taken":11.0},{"damage_healed":0,"gold_gain":0,"player_choice":"Ignored","damage_taken":0,"max_hp_gain":0,"max_hp_loss":0,"event_name":"Ghosts","floor":20,"gold_loss":0},{"damage_healed":0,"gold_gain":0,"player_choice":"Ignored","damage_taken":0,"max_hp_gain":0,"max_hp_loss":0,"event_name":"Vampires","floor":21,"gold_loss":0}],"is_beta":false,"boss_relics":[{"not_picked":["SlaversCollar","Velvet Choker"],"picked":"Replay:Bronze Core"}],"items_purged_floors":[],"is_endless":false,"potions_floor_spawned":[1,3,7,12,19],"killed_by":"Book of Stabbing","ascension_level":4}}