{"host":"yvb207ks1sg3cxef","time":1611573534,"event":{"mods":["2.2 Compatiblity","BaseMod","Bestiary","Colored Powertips","Minty Spire (QoL Compilation)","Permanent Neow","Quick Restart","Relic Stats","StSLib"],"gold_per_floor":[118,118,137,51,62,88,88],"floor_reached":6,"language":"ENG","playtime":169,"items_purged":[],"score":92,"play_id":"ed681f45-3c8b-4704-9a0b-4c8a10ee2676","local_time":"20210125164854","is_ascension_mode":true,"campfire_choices":[],"circlet_count":0,"master_deck":["AscendersBane","Strike_G","Strike_G","Strike_G","Strike_G","Strike_G","Defend_G","Defend_G","Defend_G","Defend_G","Defend_G","Survivor","Neutralize","Dagger Spray","Backflip","Caltrops","Deflect","Well Laid Plans"],"relics":["Ring of the Snake","NeowsBlessing","Bottled Tornado"],"acts_visited":["Exordium"],"potions_floor_usage":[6],"damage_taken":[{"damage":0,"enemies":"Small Slimes","floor":1,"turns":1},{"damage":0,"enemies":"Cultist","floor":3,"turns":1},{"damage":0,"enemies":"Jaw Worm","floor":5,"turns":1},{"damage":44,"enemies":"Gremlin Nob","floor":6,"turns":6}],"seed_played":"-1317460540282393790","potions_obtained":[{"floor":1,"key":"AttackPotion"}],"is_trial":false,"path_per_floor":["M","?","M","$","M","E"],"character_chosen":"THE_SILENT","items_purchased":["Caltrops"],"campfire_rested":0,"item_purchase_floors":[4],"current_hp_per_floor":[59,66,66,66,66,22,22],"gold":88,"neow_bonus":"THREE_ENEMY_KILL","is_daily":false,"chose_seed":false,"campfire_upgraded":0,"win_rate":0.0,"timestamp":1611573534,"path_taken":["M","?","?","?","M","E"],"items_purchased_type":["Card"],"build_version":"2020-12-22","purchased_purges":0,"victory":false,"max_hp_per_floor":[66,66,66,66,66,66,66],"relic_stats":{"counters":[4,9],"obtain_stats":[{"NeowsBlessing":0,"Bottled Tornado":6,"Ring of the Snake":0},{"NeowsBlessing":0,"Bottled Tornado":4,"Ring of the Snake":0},{"NeowsBlessing":0,"Bottled Tornado":9,"Ring of the Snake":0}],"Ring of the Snake":[8]},"card_choices":[{"not_picked":["All Out Attack","Outmaneuver"],"picked":"Dagger Spray","floor":1},{"not_picked":["Dagger Spray","Cloak And Dagger"],"picked":"Backflip","floor":3},{"not_picked":["Prepared","Dodge and Roll"],"picked":"Deflect","floor":5},{"not_picked":["Dodge and Roll","Crippling Poison"],"picked":"Well Laid Plans","floor":6}],"player_experience":458106,"relics_obtained":[{"floor":6,"key":"Bottled Tornado"}],"event_choices":[{"damage_healed":7,"gold_gain":0,"player_choice":"Full Heal","damage_taken":0,"max_hp_gain":0,"max_hp_loss":0,"event_name":"Wheel of Change","floor":2,"gold_loss":0}],"is_beta":false,"boss_relics":[],"items_purged_floors":[],"is_endless":false,"potions_floor_spawned":[1],"killed_by":"Gremlin Nob","ascension_level":20}}