{"host":"i0avyit1s6jb1siw","time":1611590619,"event":{"mods":["BaseMod","DeckTracker","Dota2Spire","Highlight Path","Minty Spire (QoL Compilation)","Quick Restart","StSLib","SuperFastMode"],"gold_per_floor":[110,185,204,10,30,30,30,30,30],"floor_reached":8,"language":"ENG","playtime":204,"items_purged":["Strike_G"],"score":92,"play_id":"a7aab734-f57f-4cd9-a5d4-38ba79d7e4e1","local_time":"20210125170339","is_ascension_mode":true,"campfire_choices":[{"data":"Dagger Spray","floor":7,"key":"SMITH"}],"circlet_count":0,"master_deck":["AscendersBane","Strike_G","Strike_G","Strike_G","Defend_G","Defend_G","Defend_G","Defend_G","Defend_G","Survivor","Neutralize","Dagger Throw","Accuracy","Concentrate","Reflex","Dagger Spray+1"],"relics":["Snecko Eye"],"acts_visited":["Exordium"],"potions_floor_usage":[8],"damage_taken":[{"damage":0,"enemies":"Cultist","floor":1,"turns":5},{"damage":2,"enemies":"Jaw Worm","floor":3,"turns":5},{"damage":3,"enemies":"2 Louse","floor":5,"turns":5},{"damage":52,"enemies":"Lagavulin","floor":8,"turns":8}],"seed_played":"2719494754949749531","potions_obtained":[{"floor":1,"key":"SkillPotion"}],"is_trial":false,"path_per_floor":["M","?","M","$","M","?","R","E"],"character_chosen":"THE_SILENT","items_purchased":["Concentrate","Reflex"],"campfire_rested":0,"item_purchase_floors":[4,4],"current_hp_per_floor":[59,48,46,46,43,43,43,0,0],"gold":30,"neow_bonus":"BOSS_RELIC","is_daily":false,"chose_seed":false,"campfire_upgraded":1,"win_rate":0.0,"timestamp":1611590619,"path_taken":["M","?","M","$","M","?","R","E"],"items_purchased_type":["Card","Card"],"build_version":"2020-12-22","purchased_purges":1,"victory":false,"max_hp_per_floor":[66,66,66,66,66,66,66,66,66],"card_choices":[{"not_picked":["Reflex","Finisher"],"picked":"Dagger Throw","floor":1},{"not_picked":["Underhanded Strike","Flechettes"],"picked":"Accuracy","floor":3},{"not_picked":["PiercingWail","Distraction"],"picked":"Dagger Spray","floor":5}],"player_experience":2334514,"relics_obtained":[],"event_choices":[{"damage_healed":0,"gold_gain":75,"player_choice":"Gather Gold","damage_taken":11,"max_hp_gain":0,"max_hp_loss":0,"event_name":"World of Goop","floor":2,"gold_loss":0},{"cards_removed":["Strike_G"],"damage_healed":0,"gold_gain":0,"player_choice":"Purged","damage_taken":0,"max_hp_gain":0,"max_hp_loss":0,"event_name":"Purifier","floor":6,"gold_loss":0}],"is_beta":false,"boss_relics":[],"items_purged_floors":[4],"is_endless":false,"potions_floor_spawned":[1],"killed_by":"Lagavulin","ascension_level":20}}