{"host":"wshh0nphwn6jv7vj","time":1611564327,"event":{"mods":["BaseMod","Bestiary","Minty Spire (QoL Compilation)","Relic Stats"],"gold_per_floor":[115,115,125,137,149,149,149,149,175,210,210,230,244,272,272,349,399,412,412,412,422,422,25,52,52,52,52,52],"floor_reached":27,"language":"ENG","playtime":2156,"items_purged":["Defend_P"],"score":446,"play_id":"03a92d8d-74b7-45e0-9bc5-e46cd80f0fb0","local_time":"20210125034527","is_ascension_mode":true,"campfire_choices":[{"data":"EmptyFist","floor":6,"key":"SMITH"},{"data":"ForeignInfluence","floor":11,"key":"SMITH"},{"data":"ForeignInfluence","floor":15,"key":"SMITH"}],"circlet_count":0,"master_deck":["AscendersBane","Defend_P+1","Defend_P","Defend_P","Eruption","Vigilance+1","EmptyBody","ForeignInfluence+1","EmptyFist+1","ForeignInfluence+1","FearNoEvil","LessonLearned","Vault+1","TalkToTheHand","Evaluate+1","CrushJoints+1","DeusExMachina","Fasting2","WheelKick","Metamorphosis","ReachHeaven","ForeignInfluence"],"relics":["Snecko Eye","Omamori","Strawberry","Yang","Tiny House","Dream Catcher","Akabeko","Calipers"],"acts_visited":["Exordium","TheCity"],"potions_floor_usage":[10,14,16,21,24],"damage_taken":[{"damage":4.0,"enemies":"Jaw Worm","floor":1.0,"turns":3.0},{"damage":0,"enemies":"Cultist","floor":3,"turns":4},{"damage":0,"enemies":"Small Slimes","floor":4,"turns":5},{"damage":2,"enemies":"Blue Slaver","floor":5,"turns":7},{"damage":5,"enemies":"Lagavulin","floor":10,"turns":7},{"damage":1,"enemies":"Exordium Thugs","floor":12,"turns":3},{"damage":0,"enemies":"2 Fungi Beasts","floor":13,"turns":2},{"damage":18,"enemies":"Gremlin Nob","floor":14,"turns":4},{"damage":6,"enemies":"The Guardian","floor":16,"turns":13},{"damage":0,"enemies":"3 Byrds","floor":18,"turns":4},{"damage":0,"enemies":"2 Thieves","floor":21,"turns":4},{"damage":61,"enemies":"Gremlin Leader","floor":24,"turns":7},{"damage":14,"enemies":"Book of Stabbing","floor":27,"turns":3}],"seed_played":"-2614877837482173865","potions_obtained":[{"floor":4,"key":"BottledMiracle"},{"floor":5,"key":"LiquidBronze"},{"floor":10,"key":"SkillPotion"},{"floor":14,"key":"SkillPotion"},{"floor":16,"key":"LiquidBronze"}],"is_trial":false,"path_per_floor":["M","?","M","M","M","R","?","?","T","E","R","M","M","E","R","B",null,"M","?","?","M","?","$","E","$","T","E"],"character_chosen":"WATCHER","items_purchased":["WheelKick","Metamorphosis","ReachHeaven"],"campfire_rested":0,"item_purchase_floors":[23,23,23],"current_hp_per_floor":[57,57,57,57,55,55,60,60,60,62,62,61,61,43,43,37,74,74,74,74,74,74,74,13,13,13,0,0],"gold":52,"neow_bonus":"BOSS_RELIC","is_daily":false,"chose_seed":false,"campfire_upgraded":3,"win_rate":0.0,"timestamp":1611564327,"path_taken":["M","?","M","M","?","R","?","?","T","E","R","M","M","E","R","BOSS","M","?","?","M","?","$","E","?","T","E"],"items_purchased_type":["Card","Card","Card"],"build_version":"2020-12-22","purchased_purges":1,"victory":false,"max_hp_per_floor":[68,68,68,68,68,68,73,73,73,80,80,80,80,80,80,80,85,85,85,85,85,85,85,85,85,85,85,85],"relic_stats":{"Dream Catcher":0,"counters":[13,66],"Snecko Eye":[109,116,112,120],"Yang":[63],"obtain_stats":[{"Dream Catcher":19,"Tiny House":17,"Calipers":26,"Strawberry":10,"Snecko Eye":0,"Yang":14,"Omamori":9,"PureWater":0,"Akabeko":24},{"Dream Catcher":10,"Tiny House":9,"Calipers":12,"Strawberry":5,"Snecko Eye":0,"Yang":8,"Omamori":4,"PureWater":0,"Akabeko":12},{"Dream Catcher":52,"Tiny House":48,"Calipers":63,"Strawberry":26,"Snecko Eye":0,"Yang":35,"Omamori":19,"PureWater":0,"Akabeko":63}]},"card_choices":[{"not_picked":["LikeWater","Prostrate"],"picked":"EmptyBody","floor":1.0},{"not_picked":["Tantrum","Halt"],"picked":"ForeignInfluence","floor":3},{"not_picked":["FlyingSleeves","EmptyFist","Consecrate"],"picked":"SKIP","floor":4},{"not_picked":["Consecrate","Halt"],"picked":"EmptyFist","floor":5},{"not_picked":["Crescendo","Judgement"],"picked":"ForeignInfluence","floor":10},{"not_picked":["Prostrate","Halt","JustLucky"],"picked":"SKIP","floor":12},{"not_picked":["CrushJoints","SashWhip"],"picked":"FearNoEvil","floor":13},{"not_picked":["Conclude","PathToVictory"],"picked":"LessonLearned","floor":14},{"not_picked":["Brilliance","DeusExMachina"],"picked":"Vault","floor":16},{"not_picked":["Crescendo","CrushJoints"],"picked":"TalkToTheHand","floor":17},{"not_picked":["PathToVictory","Vengeance"],"picked":"Evaluate","floor":18},{"not_picked":["SashWhip","Nirvana+1"],"picked":"CrushJoints+1","floor":21},{"not_picked":["EmptyBody","WindmillStrike"],"picked":"ForeignInfluence","floor":24}],"player_experience":1614588,"relics_obtained":[{"floor":9,"key":"Omamori"},{"floor":10,"key":"Strawberry"},{"floor":14,"key":"Yang"},{"floor":24,"key":"Akabeko"},{"floor":26,"key":"Calipers"}],"event_choices":[{"cards_removed":["Strike_P"],"damage_healed":0,"gold_gain":0,"player_choice":"Purged","damage_taken":0,"max_hp_gain":0,"max_hp_loss":0,"event_name":"Purifier","floor":2,"gold_loss":0},{"damage_healed":0,"gold_gain":0,"player_choice":"Donut","damage_taken":0,"max_hp_gain":5,"max_hp_loss":0,"event_name":"Big Fish","floor":7,"gold_loss":0},{"cards_removed":["Strike_P"],"damage_healed":0,"gold_gain":0,"player_choice":"Offered Basic","damage_taken":0,"max_hp_gain":0,"max_hp_loss":0,"event_name":"Bonfire Elementals","floor":8,"gold_loss":0},{"damage_healed":0,"gold_gain":0,"player_choice":"Opened","damage_taken":0,"relics_obtained":["Dream Catcher"],"max_hp_gain":0,"max_hp_loss":0,"event_name":"The Mausoleum","floor":19,"gold_loss":0,"cards_obtained":["Writhe"]},{"damage_healed":0,"gold_gain":0,"player_choice":"Ignored","damage_taken":0,"max_hp_gain":0,"max_hp_loss":0,"event_name":"Vampires","floor":20,"gold_loss":0},{"damage_healed":0,"gold_gain":0,"cards_transformed":["Strike_P","Strike_P"],"player_choice":"Became Test Subject","damage_taken":0,"max_hp_gain":0,"max_hp_loss":0,"event_name":"Drug Dealer","floor":22,"gold_loss":0,"cards_obtained":["DeusExMachina","Fasting2"]}],"is_beta":false,"boss_relics":[{"not_picked":["Runic Pyramid","Sozu"],"picked":"Tiny House"}],"items_purged_floors":[23],"is_endless":false,"potions_floor_spawned":[4,5,10,14,16],"killed_by":"Book of Stabbing","ascension_level":17}}