{"host":"bf9sa99gaumonoeu","time":1611596953,"event":{"mods":["AchievementEnabler","Act Like it!","Aspiration","BaseMod","Bestiary","Better Note","Block Reminder","Colored Map","Colored Powertips","Downfall","Friendly Minions","Gensokyo","GifTheSpireLib","Hallownest","Hermit","Highlight Path","Jorbs\u0027s Wanderer Trilogy","KinomotoSakuraMod(????)","Koishi","Marisa????????","Minty Spire (QoL Compilation)","Rare Cards Sparkle","Relic Filter Mod","Relic Stats","Reliquary","Remilia??????","Spire Arcade","StSLib","The Administrix","The Animator","The Bug Knight","The Construct","The Cursed","The Hierophant","The Mystic","The Necromancer","The Poker Player","The Runesmith","The Senshi","The Servant 0.9.4","ojb\u0027s Info Mod"],"gold_per_floor":[109,127,138,150,165,197,197,209,234,3,35,35,35,66,66,66,66],"floor_reached":16,"language":"ENG","playtime":855,"items_purged":["Hallownest:curseDreamersLament"],"score":248,"play_id":"9b92634d-c26b-450b-a3dc-8754a971a4ef","local_time":"20210125154913","is_ascension_mode":true,"campfire_choices":[{"floor":7.0,"key":"REST"},{"floor":13.0,"key":"REST"},{"floor":15,"key":"REST"}],"circlet_count":0,"master_deck":["AscendersBane","Strike_G","Strike_G","Strike_G","Strike_G","Strike_G","Defend_G","Defend_G","Defend_G","Defend_G","Defend_G","Survivor","Neutralize","Bouncing Flask","Quick Slash","Well Laid Plans","Backflip","Underhanded Strike","Blade Dance","Blade Dance","Dark Shackles","Venomology","Crippling Poison"],"relics":["Cursed Key","Bronze Scales","Mummified Hand","Darkstone Periapt"],"acts_visited":["Exordium"],"potions_floor_usage":[14,14,16],"damage_taken":[{"damage":1.0,"enemies":"2 Louse","floor":1.0,"turns":4.0},{"damage":0.0,"enemies":"Small Slimes","floor":2.0,"turns":4.0},{"damage":4.0,"enemies":"Cultist","floor":3.0,"turns":3.0},{"damage":26.0,"enemies":"Gremlin Gang","floor":4.0,"turns":6.0},{"damage":0.0,"enemies":"Looter","floor":5.0,"turns":4.0},{"damage":21.0,"enemies":"Gremlin Nob","floor":6.0,"turns":4.0},{"damage":4.0,"enemies":"3 Louse","floor":8.0,"turns":3.0},{"damage":3.0,"enemies":"Lagavulin","floor":11.0,"turns":6.0},{"damage":0.0,"enemies":"Gremlin Gang","floor":12.0,"turns":2.0},{"damage":26,"enemies":"Gremlin Nob","floor":14,"turns":4},{"damage":33,"enemies":"The Guardian","floor":16,"turns":10}],"seed_played":"-374245614720297077","potions_obtained":[{"floor":1.0,"key":"Energy Potion"},{"floor":2.0,"key":"Energy Potion"},{"floor":8.0,"key":"Swift Potion"},{"floor":11.0,"key":"BlessingOfTheForge"}],"is_trial":false,"path_per_floor":["M","M","M","M","M","E","R","M","T","$","E","M","R","E","R","B"],"character_chosen":"THE_SILENT","items_purchased":["Dexterity Potion","Dark Shackles"],"campfire_rested":3,"item_purchase_floors":[10,10],"current_hp_per_floor":[58,58,54,28,28,7,26,22,22,22,19,19,38,12,31,0,0],"gold":66,"neow_bonus":"BOSS_RELIC","is_daily":false,"chose_seed":false,"campfire_upgraded":0,"win_rate":0.0,"timestamp":1611596953,"path_taken":["M","M","M","M","M","E","R","M","T","$","E","M","R","E","R","BOSS"],"items_purchased_type":["Potion","Card"],"build_version":"2020-12-22","purchased_purges":1,"victory":false,"max_hp_per_floor":[66,66,66,66,66,66,66,66,66,66,66,66,66,66,66,66,66],"relic_stats":{"Darkstone Periapt":0,"counters":[11,50],"Mummified Hand":[1],"Bronze Scales":[62],"Cursed Key":1,"obtain_stats":[{"Darkstone Periapt":14,"Mummified Hand":11,"Bronze Scales":6,"Cursed Key":0,"Ring of the Snake":0},{"Darkstone Periapt":10,"Mummified Hand":8,"Bronze Scales":6,"Cursed Key":0,"Ring of the Snake":0},{"Darkstone Periapt":40,"Mummified Hand":34,"Bronze Scales":25,"Cursed Key":0,"Ring of the Snake":0}]},"card_choices":[{"not_picked":["Riddle With Holes","Terror"],"picked":"Bouncing Flask","floor":1.0},{"not_picked":["Outmaneuver","Cloak And Dagger"],"picked":"Quick Slash","floor":2.0},{"not_picked":["Deflect","Crippling Poison"],"picked":"Well Laid Plans","floor":3.0},{"not_picked":["Flying Knee","PiercingWail"],"picked":"Backflip","floor":4.0},{"not_picked":["Dodge and Roll","Slice"],"picked":"Underhanded Strike","floor":5.0},{"not_picked":["Deflect","Grand Finale"],"picked":"Blade Dance","floor":6.0},{"not_picked":["Setup","Deadly Poison"],"picked":"Blade Dance","floor":8.0},{"not_picked":["Catalyst","Masterful Stab"],"picked":"Venomology","floor":11.0},{"not_picked":["Bane","Prepared"],"picked":"Crippling Poison","floor":14}],"player_experience":1241153,"relics_obtained":[{"floor":6.0,"key":"Bronze Scales"},{"floor":11.0,"key":"Mummified Hand"},{"floor":14,"key":"Darkstone Periapt"}],"event_choices":[],"is_beta":false,"boss_relics":[],"items_purged_floors":[10],"is_endless":false,"potions_floor_spawned":[1,2,8,11,12],"killed_by":"The Guardian","ascension_level":20}}