{"host":"dvpvhz1t6etneyb3","time":1611604621,"event":{"mods":["AchievementEnabler","BaseMod","Colored Map","Highlight Path","Minty Spire (QoL Compilation)","Permanent Neow","Quick Restart"],"gold_per_floor":[114,128,143,83,48,73,129,174,213,225,256,284,296,308,320,407,419,451,463,50,50,63,90,90,106,132,132,159,174,191,206,206,206,206],"floor_reached":33,"language":"ENG","playtime":1632,"items_purged":["Strike_G"],"score":594,"play_id":"25e8a3d4-87c4-40d1-85c6-0aceb8b7842c","local_time":"20210125145701","is_ascension_mode":true,"campfire_choices":[{"floor":10.0,"key":"REST"},{"data":"Corpse Explosion","floor":13.0,"key":"SMITH"},{"data":"Deadly Poison","floor":15.0,"key":"SMITH"},{"data":"Malaise","floor":24.0,"key":"SMITH"},{"floor":27.0,"key":"REST"},{"data":"Crippling Poison","floor":32.0,"key":"SMITH"}],"circlet_count":0,"master_deck":["AscendersBane","Strike_G","Strike_G","Strike_G","Defend_G","Defend_G","Defend_G","Defend_G","Defend_G","Survivor","Neutralize","Backstab","Flying Knee","Dagger Throw","Deadly Poison","Corpse Explosion+1","Cloak And Dagger","Deadly Poison+1","Malaise+1","Leg Sweep+1","RitualDagger","Master of Strategy","Crippling Poison+1"],"relics":["Ring of the Snake","Anchor","MawBank","MealTicket","Bag of Preparation","Black Star","TwistedFunnel","Du-Vu Doll","Question Card","Bronze Scales","Calipers","Thread and Needle"],"acts_visited":["Exordium","TheCity"],"potions_floor_usage":[33,33],"damage_taken":[{"damage":0.0,"enemies":"2 Louse","floor":1.0,"turns":3.0},{"damage":0.0,"enemies":"Small Slimes","floor":2.0,"turns":3.0},{"damage":2.0,"enemies":"Jaw Worm","floor":3.0,"turns":4.0},{"damage":17.0,"enemies":"3 Sentries","floor":6.0,"turns":8.0},{"damage":14.0,"enemies":"3 Sentries","floor":7.0,"turns":8.0},{"damage":30.0,"enemies":"Gremlin Nob","floor":8.0,"turns":4.0},{"damage":0.0,"enemies":"Looter","floor":11.0,"turns":2.0},{"damage":0.0,"enemies":"Exordium Thugs","floor":12.0,"turns":3.0},{"damage":12.0,"enemies":"The Guardian","floor":16.0,"turns":10.0},{"damage":6.0,"enemies":"Chosen","floor":18.0,"turns":6.0},{"damage":5.0,"enemies":"Shell Parasite","floor":22.0,"turns":5.0},{"damage":14.0,"enemies":"Slavers","floor":23.0,"turns":4.0},{"damage":8.0,"enemies":"3 Cultists","floor":25.0,"turns":5.0},{"damage":13.0,"enemies":"Gremlin Leader","floor":28.0,"turns":8.0},{"damage":0.0,"enemies":"Shelled Parasite and Fungi","floor":29.0,"turns":5.0},{"damage":0.0,"enemies":"Centurion and Healer","floor":30.0,"turns":4.0},{"damage":0.0,"enemies":"Snake Plant","floor":31.0,"turns":3.0},{"damage":52,"enemies":"Automaton","floor":33,"turns":10}],"seed_played":"-6873793569381832645","potions_obtained":[{"floor":3.0,"key":"Strength Potion"},{"floor":6.0,"key":"DuplicationPotion"},{"floor":8.0,"key":"Dexterity Potion"},{"floor":16.0,"key":"BlessingOfTheForge"},{"floor":25.0,"key":"FearPotion"},{"floor":29.0,"key":"PowerPotion"},{"floor":30.0,"key":"DistilledChaos"},{"floor":31.0,"key":"BlessingOfTheForge"}],"is_trial":false,"path_per_floor":["M","M","M","?","?","E","?","E","T","R","M","M","R","?","R","B",null,"M","?","$","?","M","E","R","M","T","R","E","M","M","M","R","B"],"character_chosen":"THE_SILENT","items_purchased":["TwistedFunnel","Master of Strategy"],"campfire_rested":2,"item_purchase_floors":[20,20],"current_hp_per_floor":[56,56,54,54,73,56,42,12,12,35,35,35,35,28,28,16,63,57,51,66,66,61,47,47,39,39,62,49,49,49,49,49,0,0],"gold":206,"neow_bonus":"TWENTY_PERCENT_HP_BONUS","is_daily":false,"chose_seed":false,"campfire_upgraded":4,"win_rate":0.0,"timestamp":1611604621,"path_taken":["M","M","M","?","?","E","?","E","T","R","M","M","R","?","R","BOSS","M","?","$","?","M","E","R","M","T","R","E","M","M","M","R","BOSS"],"items_purchased_type":["Relic","Card"],"build_version":"2020-12-22","purchased_purges":1,"victory":false,"max_hp_per_floor":[78,78,78,78,78,78,78,78,78,78,78,78,78,78,78,78,78,78,78,78,78,78,78,78,78,78,78,78,78,78,78,78,78,78],"card_choices":[{"not_picked":["Blade Dance","Dash"],"picked":"Backstab","floor":1.0},{"not_picked":["Outmaneuver","Blade Dance"],"picked":"Flying Knee","floor":2.0},{"not_picked":["Acrobatics","Outmaneuver"],"picked":"Dagger Throw","floor":3.0},{"not_picked":["Tactician","Blade Dance"],"picked":"Deadly Poison","floor":6.0},{"not_picked":["Underhanded Strike","Crippling Poison"],"picked":"Corpse Explosion","floor":7.0},{"not_picked":["Underhanded Strike","Eviscerate","Infinite Blades"],"picked":"SKIP","floor":8.0},{"not_picked":["Flying Knee","Sucker Punch"],"picked":"Cloak And Dagger","floor":11.0},{"not_picked":["Dodge and Roll","Dagger Spray"],"picked":"Deadly Poison","floor":12.0},{"not_picked":["Adrenaline","Corpse Explosion"],"picked":"Malaise","floor":16.0},{"not_picked":["Finisher","Quick Slash+1"],"picked":"Leg Sweep+1","floor":18.0},{"not_picked":["Setup","Prepared","Acrobatics"],"picked":"SKIP","floor":22.0},{"not_picked":["Underhanded Strike","Riddle With Holes","Slice"],"picked":"SKIP","floor":23.0},{"not_picked":["Underhanded Strike","Skewer+1","Cloak And Dagger","Deadly Poison"],"picked":"SKIP","floor":25.0},{"not_picked":["A Thousand Cuts","Underhanded Strike","Prepared","Dagger Throw"],"picked":"SKIP","floor":28.0},{"not_picked":["Prepared","Blur","Backflip","Cloak And Dagger"],"picked":"SKIP","floor":29.0},{"not_picked":["Dagger Throw","Flying Knee","Backflip","Dagger Spray"],"picked":"SKIP","floor":30.0},{"not_picked":["Outmaneuver","Concentrate","Accuracy+1"],"picked":"Crippling Poison","floor":31.0}],"player_experience":2069656,"relics_obtained":[{"floor":6.0,"key":"Anchor"},{"floor":7.0,"key":"MawBank"},{"floor":8.0,"key":"MealTicket"},{"floor":9.0,"key":"Bag of Preparation"},{"floor":23.0,"key":"Du-Vu Doll"},{"floor":23.0,"key":"Question Card"},{"floor":26.0,"key":"Bronze Scales"},{"floor":28.0,"key":"Calipers"},{"floor":28.0,"key":"Thread and Needle"}],"event_choices":[{"damage_healed":0.0,"max_hp_gain":0.0,"max_hp_loss":0.0,"gold_gain":0.0,"event_name":"World of Goop","player_choice":"Left Gold","floor":4.0,"gold_loss":60.0,"damage_taken":0.0},{"damage_healed":19.0,"max_hp_gain":0.0,"max_hp_loss":0.0,"gold_gain":0.0,"event_name":"The Cleric","player_choice":"Healed","floor":5.0,"gold_loss":35.0,"damage_taken":0.0},{"damage_healed":0.0,"max_hp_gain":0.0,"max_hp_loss":0.0,"gold_gain":0.0,"event_name":"Dead Adventurer","player_choice":"Searched \u00271\u0027 times","floor":7.0,"gold_loss":0.0,"damage_taken":0.0},{"cards_removed":["Strike_G"],"damage_healed":0.0,"max_hp_gain":0.0,"max_hp_loss":0.0,"gold_gain":0.0,"event_name":"Golden Wing","player_choice":"Card Removal","floor":14.0,"gold_loss":0.0,"damage_taken":7.0},{"damage_healed":0.0,"max_hp_gain":0.0,"max_hp_loss":0.0,"gold_gain":0.0,"event_name":"Nest","player_choice":"Joined the Cult","floor":19.0,"gold_loss":0.0,"damage_taken":6.0,"cards_obtained":["RitualDagger"]},{"damage_healed":0.0,"max_hp_gain":0.0,"max_hp_loss":0.0,"gold_gain":0.0,"event_name":"N\u0027loth","player_choice":"Ignored","floor":21.0,"gold_loss":0.0,"damage_taken":0.0}],"is_beta":false,"boss_relics":[{"not_picked":["Empty Cage","Pandora\u0027s Box"],"picked":"Black Star"}],"items_purged_floors":[20],"is_endless":false,"potions_floor_spawned":[3,6,8,16,25,29,30,31],"killed_by":"Automaton","ascension_level":20}}