{"host":"5raohst9sk3kvp5v","time":1611552935,"event":{"mods":["BaseMod","Colored Powertips","Highlight Path","Minty Spire (QoL Compilation)","Quick Restart","Relic Stats","StSLib"],"gold_per_floor":[17,32,52,71,89,89,122,122,122,133,133,133],"floor_reached":11,"language":"ENG","playtime":382,"items_purged":[],"score":150,"play_id":"2e1c4a21-4a38-44b3-ab73-227bad278a53","local_time":"20210124233535","is_ascension_mode":true,"campfire_choices":[{"floor":6,"key":"REST"}],"circlet_count":0,"master_deck":["AscendersBane","Strike_R","Strike_R","Strike_R","Strike_R","Strike_R","Defend_R","Defend_R","Defend_R","Defend_R","Bash","Barricade","Flame Barrier","Uppercut","Cleave","Pommel Strike","Body Slam","Offering"],"relics":["Burning Blood","Nunchaku","Bronze Scales","Pantograph"],"acts_visited":["Exordium"],"potions_floor_usage":[7,7,11],"damage_taken":[{"damage":28,"enemies":"Cultist","floor":1,"turns":5},{"damage":14,"enemies":"Small Slimes","floor":2,"turns":4},{"damage":23,"enemies":"Jaw Worm","floor":3,"turns":6},{"damage":10,"enemies":"2 Fungi Beasts","floor":4,"turns":3},{"damage":9,"enemies":"Blue Slaver","floor":5,"turns":3},{"damage":6,"enemies":"Lagavulin","floor":7,"turns":8},{"damage":18,"enemies":"Large Slime","floor":10,"turns":6},{"damage":36,"enemies":"3 Sentries","floor":11,"turns":4}],"seed_played":"-7317792214343660493","potions_obtained":[{"floor":3,"key":"Strength Potion"},{"floor":4,"key":"SteroidPotion"},{"floor":10,"key":"Regen Potion"}],"is_trial":false,"path_per_floor":["M","M","M","M","M","R","E","?","T","M","E"],"character_chosen":"IRONCLAD","items_purchased":[],"campfire_rested":1,"item_purchase_floors":[],"current_hp_per_floor":[46,38,21,17,14,36,36,31,31,19,0,0],"gold":133,"neow_bonus":"THREE_RARE_CARDS","is_daily":false,"chose_seed":false,"campfire_upgraded":0,"win_rate":0.0,"timestamp":1611552935,"path_taken":["M","M","M","M","?","R","E","?","T","M","E"],"items_purchased_type":[],"build_version":"2020-12-22","purchased_purges":0,"victory":false,"max_hp_per_floor":[75,75,75,75,75,75,75,75,75,75,75,75],"relic_stats":{"Nunchaku":[1],"counters":[8,39],"Bronze Scales":[21],"Pantograph":0,"obtain_stats":[{"Nunchaku":7,"Bronze Scales":8,"Pantograph":9,"Burning Blood":0},{"Nunchaku":6,"Bronze Scales":6,"Pantograph":6,"Burning Blood":0},{"Nunchaku":29,"Bronze Scales":29,"Pantograph":29,"Burning Blood":0}],"Burning Blood":42},"card_choices":[{"not_picked":["Offering","Limit Break"],"picked":"Barricade","floor":0},{"not_picked":["Body Slam","Shrug It Off"],"picked":"Flame Barrier","floor":1},{"not_picked":["Cleave","Disarm"],"picked":"Uppercut","floor":2},{"not_picked":["Havoc","Twin Strike"],"picked":"Cleave","floor":3},{"not_picked":["Cleave","Wild Strike"],"picked":"Pommel Strike","floor":4},{"not_picked":["Pommel Strike","Iron Wave","Heavy Blade"],"picked":"SKIP","floor":5},{"not_picked":["Shrug It Off","Inflame"],"picked":"Body Slam","floor":7},{"not_picked":["Perfected Strike","Thunderclap"],"picked":"Offering","floor":10}],"player_experience":1710925,"relics_obtained":[{"floor":7,"key":"Nunchaku"},{"floor":9,"key":"Pantograph"}],"event_choices":[{"damage_healed":0,"gold_gain":0,"player_choice":"Success","damage_taken":5,"relics_obtained":["Bronze Scales"],"max_hp_gain":0,"max_hp_loss":0,"event_name":"Scrap Ooze","floor":8,"gold_loss":0}],"is_beta":false,"boss_relics":[],"items_purged_floors":[],"is_endless":false,"potions_floor_spawned":[3,4,5,10],"killed_by":"3 Sentries","ascension_level":19}}