{"host":"zpo0s982nnba8fjk","time":1611597722,"event":{"mods":["Act Like it!","BaseMod","Downfall","GifTheSpireLib","Hubris","Infinite Spire","Minty Spire (QoL Compilation)","Replay The Spire","StSLib"],"gold_per_floor":[99,99,47,115,115,115,140,140,140,140],"floor_reached":8,"language":"ENG","playtime":319,"items_purged":[],"score":40,"play_id":"74fe7321-76a9-47c0-8287-62e027833e42","local_time":"20210125190202","is_ascension_mode":false,"campfire_choices":[{"floor":1,"key":"DIG"}],"circlet_count":0,"master_deck":["bronze:Strike","bronze:Strike","bronze:Strike","bronze:Strike","bronze:Defend","bronze:Defend","bronze:Defend","bronze:Defend","bronze:Replicate","bronze:Goto","bronze:ClassDefault","bronze:NullPointer+1","bronze:Branch+1","bronze:BronzeOrb+1","bronze:Turbo"],"relics":["bronze:BronzeCore","downfall:HeartsMalice","Molten Egg 2","Shuriken","hubris:Towel","Lantern"],"acts_visited":["Exordium"],"potions_floor_usage":[8],"damage_taken":[{"damage":0,"enemies":"Small Slimes","floor":2,"turns":1},{"damage":0,"enemies":"downfall:FleeingMerchant","floor":3,"turns":1},{"damage":0,"enemies":"Jaw Worm","floor":6,"turns":1},{"damage":53,"enemies":"Gremlin Nob","floor":8,"turns":5}],"seed_played":"-5214368795028086031","potions_obtained":[{"floor":4,"key":"Fire Potion"}],"is_trial":false,"path_per_floor":["R","M","$","?","?","M","T","E"],"character_chosen":"THE_AUTOMATON","items_purchased":["bronze:Branch+1"],"campfire_rested":0,"item_purchase_floors":[3],"current_hp_per_floor":[70,70,70,53,53,53,53,0,0,0],"gold":140,"neow_bonus":"THREE_ENEMY_KILL","is_daily":false,"chose_seed":false,"campfire_upgraded":0,"win_rate":0.0,"timestamp":1611597722,"path_taken":["R","M","$","?","?","M","T","E"],"items_purchased_type":["Card"],"build_version":"2020-12-22","purchased_purges":0,"victory":false,"max_hp_per_floor":[70,70,70,70,70,70,70,70,70,70],"card_choices":[{"not_picked":["bronze:BugBarrage+1","bronze:Overload"],"picked":"bronze:ClassDefault","floor":2},{"not_picked":["bronze:Shield","bronze:Iterate+1"],"picked":"bronze:NullPointer+1","floor":3},{"not_picked":["bronze:Deprecate","bronze:WildBeam+1"],"picked":"bronze:BronzeOrb+1","floor":4},{"not_picked":["bronze:WildBeam+1","bronze:FineTuning"],"picked":"bronze:Turbo","floor":6}],"player_experience":309775,"relics_obtained":[{"floor":1,"key":"Molten Egg 2"},{"floor":4,"key":"Shuriken"},{"floor":7,"key":"Lantern"}],"event_choices":[],"is_beta":false,"boss_relics":[],"items_purged_floors":[],"is_endless":false,"potions_floor_spawned":[],"killed_by":"Gremlin Nob","ascension_level":0}}