{"host":"mydft8i2zzydgggw","time":1611542453,"event":{"mods":["AchievementEnabler","BaseMod","BetterRewards","Colored Map","Colored Powertips","DeckTracker","Keyboard Shortcuts","Minty Spire (QoL Compilation)","Rare Cards Sparkle","StSLib","SuperFastMode","everything is the same but u backflip on backflip"],"gold_per_floor":[109,109,129,147,166,201,214,139,139,172,172,191,191,202,202,305,305,315,415,88,105,116,151,0,0,0,0,19,50,60,72,72,175,175,193,193,193,51,71,104,0,0,50,50,50,64,75,75,75,75],"floor_reached":51,"language":"KOR","playtime":1409,"items_purged":["Strike_P","Strike_P"],"score":1169,"play_id":"7705cad7-58e7-46f6-a975-06de57730df0","local_time":"20210125114053","is_ascension_mode":true,"campfire_choices":[{"floor":11.0,"key":"REST"},{"floor":13.0,"key":"REST"},{"data":"Eruption","floor":15.0,"key":"SMITH"},{"floor":25.0,"key":"REST"},{"floor":27.0,"key":"REST"},{"floor":32.0,"key":"REST"},{"data":"Strike_P","floor":42,"key":"PURGE"},{"data":"Strike_P","floor":45,"key":"PURGE"},{"floor":49,"key":"REST"}],"circlet_count":0,"master_deck":["AscendersBane","Defend_P","Defend_P","Defend_P","Eruption+1","Vigilance","Tantrum","EmptyBody","FlurryOfBlows","Ragnarok","EmptyMind+1","WheelKick+1","MentalFortress+1","Perseverance","DevaForm+1","InnerPeace","Adaptation+1","Evaluate+1"],"relics":["HolyWater","Art of War","Bottled Flame","Happy Flower","Runic Pyramid","Melange","Frozen Egg 2","Juzu Bracelet","Gremlin Horn","Toxic Egg 2","Peace Pipe","Red Mask","Vajra"],"acts_visited":["Exordium","TheCity","TheBeyond"],"potions_floor_usage":[33,33,39,40,40,50,50],"damage_taken":[{"damage":0.0,"enemies":"Jaw Worm","floor":1.0,"turns":3.0},{"damage":0.0,"enemies":"Cultist","floor":3.0,"turns":2.0},{"damage":0.0,"enemies":"Small Slimes","floor":4.0,"turns":2.0},{"damage":11.0,"enemies":"Blue Slaver","floor":5.0,"turns":3.0},{"damage":2.0,"enemies":"3 Sentries","floor":6.0,"turns":3.0},{"damage":6.0,"enemies":"3 Louse","floor":7.0,"turns":3.0},{"damage":36.0,"enemies":"Lagavulin","floor":10.0,"turns":8.0},{"damage":15.0,"enemies":"Lots of Slimes","floor":12.0,"turns":4.0},{"damage":0.0,"enemies":"Exordium Wildlife","floor":14.0,"turns":2.0},{"damage":24.0,"enemies":"Slime Boss","floor":16.0,"turns":6.0},{"damage":22.0,"enemies":"2 Thieves","floor":18.0,"turns":3.0},{"damage":1.0,"enemies":"Spheric Guardian","floor":21.0,"turns":3.0},{"damage":0.0,"enemies":"3 Cultists","floor":22.0,"turns":3.0},{"damage":30.0,"enemies":"Book of Stabbing","floor":23.0,"turns":5.0},{"damage":19.0,"enemies":"Snake Plant","floor":28.0,"turns":3.0},{"damage":34.0,"enemies":"Slavers","floor":29.0,"turns":3.0},{"damage":0.0,"enemies":"Snecko","floor":30.0,"turns":2.0},{"damage":18.0,"enemies":"Centurion and Healer","floor":31.0,"turns":3.0},{"damage":8,"enemies":"Collector","floor":33,"turns":6},{"damage":15,"enemies":"3 Shapes","floor":35,"turns":2},{"damage":0,"enemies":"Orb Walker","floor":39,"turns":1},{"damage":10,"enemies":"Reptomancer","floor":40,"turns":5},{"damage":31,"enemies":"Transient","floor":46,"turns":5},{"damage":21,"enemies":"4 Shapes","floor":47,"turns":3},{"damage":10,"enemies":"Donu and Deca","floor":50,"turns":8}],"seed_played":"-4708176811577797106","potions_obtained":[{"floor":3.0,"key":"Ambrosia"},{"floor":7.0,"key":"LiquidBronze"},{"floor":12.0,"key":"Weak Potion"},{"floor":14.0,"key":"Fire Potion"},{"floor":16.0,"key":"FairyPotion"},{"floor":29.0,"key":"SkillPotion"},{"floor":30.0,"key":"BottledMiracle"},{"floor":31.0,"key":"CultistPotion"},{"floor":35,"key":"BottledMiracle"},{"floor":39,"key":"StancePotion"},{"floor":48,"key":"FairyPotion"},{"floor":48,"key":"Ancient Potion"},{"floor":48,"key":"PowerPotion"}],"is_trial":false,"path_per_floor":["M","?","M","M","M","E","M","$","T","E","R","M","R","M","R","B",null,"M","?","$","M","M","E","?","R","T","R","M","E","M","M","R","B",null,"M","?","?","$","M","E","?","R","T","?","R","M","M","?","R","B",null],"character_chosen":"WATCHER","items_purchased":["Melange","LiquidMemories","Adaptation+1","Regen Potion"],"campfire_rested":6,"item_purchase_floors":[20,20,38,38],"current_hp_per_floor":[65,70,70,70,59,57,51,51,51,15,38,23,46,46,46,22,63,41,41,41,40,40,10,10,33,33,56,37,3,3,9,32,24,64,49,49,49,49,49,53,53,53,53,53,53,22,1,1,22,12],"gold":75,"neow_bonus":"TRANSFORM_CARD","is_daily":false,"chose_seed":false,"campfire_upgraded":1,"win_rate":0.0,"timestamp":1611542453,"path_taken":["M","?","M","M","M","E","M","$","T","E","R","M","R","M","R","BOSS","M","?","?","M","M","E","?","R","T","R","M","E","M","M","R","BOSS","M","?","?","$","M","E","?","R","T","?","R","M","M","?","R","BOSS"],"items_purchased_type":["Relic","Potion","Card","Potion"],"build_version":"2020-12-22","purchased_purges":2,"victory":true,"max_hp_per_floor":[72,77,77,77,77,77,77,77,77,77,77,77,77,77,77,77,77,77,77,77,77,77,77,77,77,77,77,77,77,77,77,77,77,77,77,77,77,77,77,77,77,77,77,73,73,73,73,73,73,73],"card_choices":[{"not_picked":["FollowUp","Crescendo"],"picked":"CrushJoints","floor":1.0},{"not_picked":["SashWhip","PathToVictory"],"picked":"EmptyBody","floor":3.0},{"not_picked":["Halt","Swivel","PathToVictory"],"picked":"SKIP","floor":4.0},{"not_picked":["WindmillStrike","Nirvana","ConjureBlade"],"picked":"SKIP","floor":5.0},{"not_picked":["CutThroughFate","ThirdEye"],"picked":"FlurryOfBlows","floor":6.0},{"not_picked":["BowlingBash","Nirvana"],"picked":"DeusExMachina","floor":7.0},{"not_picked":["BattleHymn","CrushJoints","Protect"],"picked":"SKIP","floor":10.0},{"not_picked":["Vault","PathToVictory","JustLucky"],"picked":"SKIP","floor":12.0},{"not_picked":["FollowUp","Protect","JustLucky"],"picked":"SKIP","floor":14.0},{"not_picked":["Judgement","ConjureBlade"],"picked":"Ragnarok","floor":16.0},{"not_picked":["Prostrate","Indignation","JustLucky+1"],"picked":"SKIP","floor":18.0},{"not_picked":["FlurryOfBlows+1","ClearTheMind+1"],"picked":"EmptyMind+1","floor":21.0},{"not_picked":["EmptyMind+1","FlyingSleeves","PathToVictory"],"picked":"SKIP","floor":22.0},{"not_picked":["SpiritShield","EmptyFist"],"picked":"WheelKick+1","floor":23.0},{"not_picked":["CrushJoints","ForeignInfluence","BattleHymn+1"],"picked":"SKIP","floor":28.0},{"not_picked":["PathToVictory","Prostrate+1","BowlingBash"],"picked":"SKIP","floor":29.0},{"not_picked":["CrushJoints","Consecrate"],"picked":"MentalFortress+1","floor":30.0},{"not_picked":["Wireheading+1","BattleHymn+1"],"picked":"Perseverance","floor":31.0},{"not_picked":["Ragnarok","Alpha"],"picked":"DevaForm+1","floor":33},{"not_picked":["CarveReality","Meditate+1"],"picked":"InnerPeace","floor":35},{"not_picked":["PathToVictory+1","Prostrate+1"],"picked":"Evaluate+1","floor":39},{"not_picked":["Nirvana+1","WaveOfTheHand+1","ThirdEye+1"],"picked":"SKIP","floor":40},{"not_picked":["BowlingBash","ClearTheMind+1","Collect+1"],"picked":"SKIP","floor":46},{"not_picked":["Prostrate+1","Crescendo+1","FollowUp"],"picked":"SKIP","floor":47}],"player_experience":219438,"relics_obtained":[{"floor":6.0,"key":"Art of War"},{"floor":9.0,"key":"Bottled Flame"},{"floor":10.0,"key":"Happy Flower"},{"floor":23.0,"key":"Frozen Egg 2"},{"floor":26.0,"key":"Juzu Bracelet"},{"floor":29.0,"key":"Gremlin Horn"},{"floor":40,"key":"Peace Pipe"},{"floor":43,"key":"Vajra"}],"event_choices":[{"damage_healed":0.0,"max_hp_gain":5.0,"max_hp_loss":0.0,"gold_gain":0.0,"event_name":"Big Fish","player_choice":"Donut","floor":2.0,"gold_loss":0.0,"damage_taken":0.0},{"damage_healed":0.0,"max_hp_gain":0.0,"max_hp_loss":0.0,"gold_gain":100.0,"event_name":"Golden Shrine","player_choice":"Pray","floor":19.0,"gold_loss":0.0,"damage_taken":0.0},{"damage_healed":0.0,"max_hp_gain":0.0,"max_hp_loss":0.0,"gold_gain":0.0,"event_name":"Masked Bandits","player_choice":"Paid Fearfully","floor":24.0,"gold_loss":151.0,"damage_taken":0.0},{"cards_removed":["CrushJoints"],"damage_healed":0,"gold_gain":0,"player_choice":"Removed Attack","damage_taken":0,"max_hp_gain":0,"max_hp_loss":0,"event_name":"Falling","floor":36,"gold_loss":0},{"cards_removed":["DeusExMachina"],"damage_healed":0,"gold_gain":0,"player_choice":"Gave Card","damage_taken":0,"relics_obtained":["Toxic Egg 2"],"max_hp_gain":0,"max_hp_loss":0,"event_name":"WeMeetAgain","floor":37,"gold_loss":0},{"damage_healed":0,"gold_gain":0,"player_choice":"Paid","damage_taken":0,"relics_obtained":["Red Mask"],"max_hp_gain":0,"max_hp_loss":0,"event_name":"Tomb of Lord Red Mask","floor":41,"gold_loss":104},{"damage_healed":0,"gold_gain":0,"player_choice":"Max HP","damage_taken":0,"max_hp_gain":0,"max_hp_loss":4,"event_name":"Winding Halls","floor":44,"gold_loss":0},{"damage_healed":0,"gold_gain":0,"player_choice":"Got Potions","damage_taken":0,"max_hp_gain":0,"max_hp_loss":0,"event_name":"Lab","floor":48,"gold_loss":0}],"is_beta":false,"boss_relics":[{"not_picked":["Astrolabe","Calling Bell"],"picked":"Runic Pyramid"},{"not_picked":["Pandora\u0027s Box","Coffee Dripper"],"picked":"HolyWater"}],"items_purged_floors":[8,20],"is_endless":false,"potions_floor_spawned":[3,7,12,14,16,21,29,30,31,35,39],"ascension_level":10}}