{"host":"zrtolk9726p85qr7","time":1611612122,"event":{"mods":["BaseMod","Colored Powertips","Minty Spire (QoL Compilation)","Permanent Neow","Quick Restart","Spire Arcade","StSLib","The Animator","The Necromancer"],"gold_per_floor":[209,225,225,300,317,347,347,347,347,374,392,152,152,152,152,152,152],"floor_reached":16,"language":"ENG","playtime":2670,"items_purged":[],"score":108,"play_id":"c5c5a4e5-4161-4ce6-ba31-0c89a505e1a3","local_time":"20210125230202","is_ascension_mode":false,"campfire_choices":[{"floor":7,"key":"REST"},{"floor":13,"key":"RECALL"},{"floor":15,"key":"REST"}],"circlet_count":0,"master_deck":["Strike_R","Strike_R","Strike_R","Strike_R","Strike_R","Defend_R","Defend_R","Defend_R","Defend_R","Bash","Anger","Infernal Blade","Iron Wave","Iron Wave","Flex","Cleave"],"relics":["Burning Blood","Meat on the Bone","Shuriken","The Courier","Anchor","Bag of Marbles"],"acts_visited":["Exordium"],"potions_floor_usage":[6,10],"damage_taken":[{"damage":0.0,"enemies":"Small Slimes","floor":1.0,"turns":3.0},{"damage":0.0,"enemies":"2 Louse","floor":2.0,"turns":3.0},{"damage":11.0,"enemies":"Jaw Worm","floor":5.0,"turns":2.0},{"damage":37,"enemies":"3 Sentries","floor":6,"turns":9},{"damage":23,"enemies":"Lagavulin","floor":10,"turns":5},{"damage":20,"enemies":"Gremlin Gang","floor":11,"turns":4},{"damage":66,"enemies":"The Guardian","floor":16,"turns":7}],"seed_played":"-4474401982292194548","potions_obtained":[{"floor":1.0,"key":"SkillPotion"},{"floor":5.0,"key":"EssenceOfSteel"}],"is_trial":false,"path_per_floor":["M","M","$","?","M","E","R","?","T","E","M","$","R","$","R","B"],"character_chosen":"IRONCLAD","items_purchased":["Anchor","Bag of Marbles"],"campfire_rested":2,"item_purchase_floors":[12,12],"current_hp_per_floor":[80,80,80,69,64,33,57,57,57,52,50,50,50,50,74,8,8],"gold":152,"neow_bonus":"HUNDRED_GOLD","is_daily":false,"chose_seed":false,"campfire_upgraded":0,"win_rate":0.0,"timestamp":1611612122,"path_taken":["M","M","$","?","M","E","R","?","T","E","M","$","R","?","R","BOSS"],"items_purchased_type":["Relic","Relic"],"build_version":"2020-12-22","purchased_purges":0,"victory":false,"max_hp_per_floor":[80,80,80,80,80,80,80,80,80,80,80,80,80,80,80,80,80],"card_choices":[{"not_picked":["Seeing Red","Clothesline"],"picked":"Anger","floor":1.0},{"not_picked":["Thunderclap","Rupture"],"picked":"Infernal Blade","floor":2.0},{"not_picked":["Heavy Blade","Flame Barrier"],"picked":"Iron Wave","floor":5.0},{"not_picked":["Clothesline","Seeing Red"],"picked":"Iron Wave","floor":6},{"not_picked":["Ghostly Armor","Entrench"],"picked":"Flex","floor":10},{"not_picked":["Shrug It Off","Anger"],"picked":"Cleave","floor":11}],"player_experience":93633,"relics_obtained":[{"floor":6,"key":"Meat on the Bone"},{"floor":9,"key":"Shuriken"},{"floor":10,"key":"The Courier"}],"event_choices":[{"damage_healed":0.0,"max_hp_gain":0.0,"max_hp_loss":0.0,"gold_gain":75.0,"event_name":"World of Goop","player_choice":"Gather Gold","floor":4.0,"gold_loss":0.0,"damage_taken":11.0},{"damage_healed":0,"gold_gain":0,"player_choice":"Ignored","damage_taken":0,"max_hp_gain":0,"max_hp_loss":0,"event_name":"Liars Game","floor":8,"gold_loss":0}],"is_beta":false,"boss_relics":[],"items_purged_floors":[],"is_endless":false,"potions_floor_spawned":[1,5],"killed_by":"The Guardian","ascension_level":0}}