{"host":"lte3xujvwediduij","time":1611613448,"event":{"mods":["Aspiration","BaseMod","Better-Laid Plans","Challenge The Spire","Energized Spire","Minty Spire (QoL Compilation)","Permanent Neow","Replay The Spire","Spicy Shops","StSLib","¡¾ÒÅÎï¿¨ÅÆ¡¿REMEMod","óô»ðÖ¸ÄÏ"],"gold_per_floor":[388,10,174,312,449,449,11,11,132,262,383,383,22,22,163,285,416,557],"floor_reached":19,"language":"ZHS","playtime":2509,"items_purged":["REME_ShadowForm","Pain","Strike_B"],"score":2715,"play_id":"89cb57ac-c54d-4e20-9aab-7f4219b9e0ce","local_time":"20210126062408","daily_mods":["challengethespire:Bronze Difficulty","challengethespire:Boss Rush","Uncertain Future"],"is_ascension_mode":false,"campfire_choices":[],"circlet_count":0,"master_deck":["Strike_B","Strike_B","Strike_B+1","Defend_B+2","Defend_B+1","Defend_B+1","Defend_B+1","Zap","Dualcast","Conserve Battery+1","Barricade+1","Redo+1","Loop+1","BasicCrystalCard+1","aspiration:Polymerization+1","Defragment+1","Redo+1","Sweeping Beam+1","Scorching Beam+1","FIFO Queue+1","Defragment+1","Sadistic Nature+1","Mirror Shield+1","Rainbow+1","Crystallizer+1","Loop+1"],"relics":["FrozenCore","The Courier","Molten Egg 2","Toxic Egg 2","Frozen Egg 2","REME_ComplimentaryCards","Membership Card","aspiration:HummingbirdHeart","aspiration:Nostalgia","Iron Core","REME_ArchaeologicalTools","aspiration:Lifesprig","Chameleon Ring","Anchor","Kunai","Replay:Bandana","Geode","Replay:Antivirus Software","REME_CardOfGreed","aspiration:ArtOfWarUpgrade","aspiration:AnachronicSnailShell","MealTicket","Oddly Smooth Stone","Lantern","aspiration:FaultyCoupler","Meat on the Bone","Replay:Bottled Eggs","Replay:Baseball","Mummified Hand","Quantum Egg","Ornamental Fan","Runic Dome","BargainBundle","Blue Doll","Lizard Tail","Replay:Rubber Ducky","Replay:Bottled Snecko","Bottled Tornado","Simple Rune","Pondfish Scales"],"acts_visited":["Exordium"],"potions_floor_usage":[18,18,18,18,18,18],"damage_taken":[{"damage":14.0,"enemies":"Slime Boss","floor":3.0,"turns":8.0},{"damage":9.0,"enemies":"Hexaghost","floor":4.0,"turns":6.0},{"damage":18.0,"enemies":"The Guardian","floor":5.0,"turns":13.0},{"damage":0.0,"enemies":"Collector","floor":9.0,"turns":8.0},{"damage":0.0,"enemies":"Collector","floor":10.0,"turns":6.0},{"damage":0.0,"enemies":"Champ","floor":11.0,"turns":6.0},{"damage":0.0,"enemies":"Awakened One","floor":15.0,"turns":6.0},{"damage":0,"enemies":"Time Eater","floor":16,"turns":6},{"damage":0,"enemies":"Awakened One","floor":17,"turns":6},{"damage":0,"enemies":"The Heart","floor":18,"turns":8}],"seed_played":"4828384808596771659","potions_obtained":[{"floor":4.0,"key":"Weak Potion"},{"floor":5.0,"key":"PotionOfCapacity"},{"floor":9.0,"key":"SpeedPotion"},{"floor":11.0,"key":"EntropicBrew"},{"floor":18,"key":"SpeedPotion"}],"is_trial":true,"path_per_floor":["$","$","M","M","M","T","$","R","M","M","M","T","$","R","M","M","M","M",null],"character_chosen":"DEFECT","items_purchased":["Membership Card","aspiration:HummingbirdHeart","aspiration:Nostalgia","Conserve Battery+1","REME_ArchaeologicalTools","aspiration:Lifesprig","Chameleon Ring","Anchor","Kunai","Replay:Bandana","Barricade+1","Redo+1","Geode","Replay:Antivirus Software","REME_CardOfGreed","Art of War","Lantern","aspiration:FaultyCoupler","Meat on the Bone","Replay:Bottled Eggs","Replay:Baseball","BargainBundle","Scorching Beam+1","FIFO Queue+1","Defragment+1","Sadistic Nature+1","Blue Doll","Lizard Tail","Replay:Rubber Ducky"],"campfire_rested":0,"item_purchase_floors":[1,1,1,1,1,1,1,1,2,2,2,2,2,2,2,2,7,7,7,7,7,13,13,13,13,13,13,13,13],"current_hp_per_floor":[75,75,61,52,34,34,49,49,49,49,49,49,64,64,64,64,64,64],"gold":557,"neow_bonus":"","is_daily":false,"chose_seed":false,"campfire_upgraded":0,"win_rate":0.0,"timestamp":1611613448,"path_taken":["$","$","M","M","M","T","$","R","M","M","M","T","$","R","M","M","M","M"],"items_purchased_type":["Relic","Relic","Relic","Card","Relic","Relic","Relic","Relic","Relic","Relic","Card","Card","Relic","Relic","Relic","Relic","Relic","Relic","Relic","Relic","Relic","Relic","Card","Card","Card","Card","Relic","Relic","Relic"],"build_version":"2020-12-22","purchased_purges":3,"victory":true,"max_hp_per_floor":[75,75,75,75,75,75,75,75,75,75,75,75,75,75,75,75,75,75],"card_choices":[],"player_experience":49920,"relics_obtained":[{"floor":3.0,"key":"aspiration:AnachronicSnailShell"},{"floor":4.0,"key":"MealTicket"},{"floor":5.0,"key":"Oddly Smooth Stone"},{"floor":9.0,"key":"Mummified Hand"},{"floor":10.0,"key":"Quantum Egg"},{"floor":11.0,"key":"Ornamental Fan"},{"floor":15,"key":"Replay:Bottled Snecko"},{"floor":16,"key":"Bottled Tornado"},{"floor":17,"key":"Simple Rune"},{"floor":18,"key":"Pondfish Scales"}],"event_choices":[],"is_beta":false,"boss_relics":[{"not_picked":["REME_LowDesire","aspiration:Stellarator"],"picked":"FrozenCore"},{"not_picked":["Calling Bell","Replay:Drink Me"],"picked":"Runic Dome"}],"items_purged_floors":[1,7,13],"is_endless":false,"potions_floor_spawned":[4,5,9,11,18],"ascension_level":0}}