{"host":"0nx4xnj8k8h60evy","time":1611593583,"event":{"mods":["Act Like it!","BaseMod","Highlight Path","Marisa£®ÏF”Í°°ƒß¿Ì…≥£©","Minty Spire (QoL Compilation)","Reimu£®≤©¿ˆ¡È√Œ£©","Remilia£®¿Ÿ√◊¿Ú—«£©","SOS£®Àπ∞Õ¥Ô÷Æ◊”£©","StSLib","Youmu£®ªÍ∆«—˝√Œ£©"],"gold_per_floor":[154,165,92,103,138,184,184,210,210,220,220,235,248,296,296,410,410,425,81,81,91,6,6,6],"floor_reached":23,"language":"ZHS","playtime":1545,"items_purged":[],"score":256,"play_id":"da76fc43-292f-43b0-87c1-972cecdad10e","local_time":"20210126005303","is_ascension_mode":true,"campfire_choices":[{"data":"Gilgamesh","floor":11,"key":"SMITH"},{"floor":15,"key":"REST"}],"circlet_count":0,"master_deck":["Attack_a","Attack_a","Attack_b","Shoot","Shoot","Provocation","Defend_Dante","Defend_Dante","Defend_Dante","Defend_Dante","Redorb","Gilgamesh+1","LucifercomboC","Straight","Doubleshoot","Millionkick","Lucifer","BeastUppercut","Weaponchange+1","Millionkick","Rebellion","Swordmaster+1","BeastUppercut","Stylechange+1","GilgameshcomboA","Stinger","LucifercomboC","SSScard+1"],"relics":["SSS","Combocheck","Toxic Egg 2","Meat on the Bone","InkBottle","Kunai","Black Star","Shuriken","FossilizedHelix"],"acts_visited":["Exordium","TheCity"],"potions_floor_usage":[16],"damage_taken":[{"damage":16,"enemies":"Cultist","floor":1,"turns":6},{"damage":5,"enemies":"Small Slimes","floor":2,"turns":3},{"damage":3,"enemies":"2 Louse","floor":4,"turns":2},{"damage":4,"enemies":"2 Fungi Beasts","floor":5,"turns":3},{"damage":6,"enemies":"Gremlin Nob","floor":6,"turns":3},{"damage":16,"enemies":"Lagavulin","floor":8,"turns":3},{"damage":6,"enemies":"Blue Slaver","floor":10,"turns":2},{"damage":3,"enemies":"Lots of Slimes","floor":12,"turns":2},{"damage":27,"enemies":"Large Slime","floor":13,"turns":7},{"damage":6,"enemies":"3 Louse","floor":14,"turns":2},{"damage":32,"enemies":"Hexaghost","floor":16,"turns":4},{"damage":10,"enemies":"Chosen","floor":18,"turns":2},{"damage":19,"enemies":"2 Thieves","floor":21,"turns":3},{"damage":50,"enemies":"Slavers","floor":23,"turns":2}],"seed_played":"6500547758648255174","potions_obtained":[{"floor":1,"key":"LiquidMemories"},{"floor":6,"key":"FearPotion"},{"floor":8,"key":"SneckoOil"},{"floor":13,"key":"SmokeBomb"},{"floor":21,"key":"BlessingOfTheForge"}],"is_trial":false,"path_per_floor":["M","M","$","M","M","E","?","E","T","M","R","M","M","M","R","B",null,"M","$","?","M","?","E"],"character_chosen":"DANTE","items_purchased":["Straight","Doubleshoot","Shuriken","Stinger","LucifercomboC"],"campfire_rested":1,"item_purchase_floors":[3,3,19,19,19],"current_hp_per_floor":[72,67,67,64,60,54,54,50,50,56,56,53,38,44,70,50,79,69,69,69,50,50,0,0],"gold":6,"neow_bonus":"TEN_PERCENT_HP_BONUS","is_daily":false,"chose_seed":false,"campfire_upgraded":1,"win_rate":0.0,"timestamp":1611593583,"path_taken":["M","M","$","M","M","E","?","E","T","M","R","M","M","M","R","BOSS","M","$","?","M","?","E"],"items_purchased_type":["Card","Card","Relic","Card","Card"],"build_version":"2020-12-22","purchased_purges":0,"victory":false,"max_hp_per_floor":[88,88,88,88,88,88,88,88,88,88,88,88,88,88,88,88,88,88,88,88,88,88,88,88],"card_choices":[{"not_picked":["Honeycombofire","Lucifer"],"picked":"Gilgamesh","floor":1},{"not_picked":["Chargeshoot","Airhike"],"picked":"LucifercomboC","floor":2},{"not_picked":["Shock","Greenorb"],"picked":"Millionkick","floor":4},{"not_picked":["Gilgamesh","Airhike"],"picked":"Lucifer","floor":5},{"not_picked":["Shock","VitalstarM+1"],"picked":"BeastUppercut","floor":6},{"not_picked":["Stinger","Goldorb+1"],"picked":"Weaponchange+1","floor":8},{"not_picked":["Chargeshoot2","Holywater+1"],"picked":"Millionkick","floor":10},{"not_picked":["Dash1+1","Airhike+1"],"picked":"Rebellion","floor":12},{"not_picked":["Unrisingdragon","LucifercomboC"],"picked":"Swordmaster+1","floor":13},{"not_picked":["Gilgamesh","Splesh"],"picked":"BeastUppercut","floor":14},{"not_picked":["Airtrick+1","Weaponreturn+1"],"picked":"Stylechange+1","floor":16},{"not_picked":["DT+1","LucifercomboA+1"],"picked":"GilgameshcomboA","floor":18},{"not_picked":["LucifercomboD","Whiteorb+1"],"picked":"SSScard+1","floor":21}],"player_experience":240423,"relics_obtained":[{"floor":6,"key":"Toxic Egg 2"},{"floor":8,"key":"InkBottle"},{"floor":9,"key":"Kunai"}],"event_choices":[{"damage_healed":0,"gold_gain":0,"player_choice":"Searched \u00272\u0027 times","damage_taken":0,"relics_obtained":["Meat on the Bone"],"max_hp_gain":0,"max_hp_loss":0,"event_name":"Dead Adventurer","floor":7,"gold_loss":0},{"damage_healed":0,"gold_gain":0,"player_choice":"Ignored","damage_taken":0,"max_hp_gain":0,"max_hp_loss":0,"event_name":"Vampires","floor":20,"gold_loss":0},{"damage_healed":0,"gold_gain":0,"player_choice":"Obtained Relic","damage_taken":0,"relics_obtained":["FossilizedHelix"],"max_hp_gain":0,"max_hp_loss":0,"event_name":"Addict","floor":22,"gold_loss":85}],"is_beta":false,"boss_relics":[{"not_picked":["SacredBark","Sozu"],"picked":"Black Star"}],"items_purged_floors":[],"is_endless":false,"potions_floor_spawned":[1,6,8,10,12,13,21],"killed_by":"Slavers","ascension_level":5}}