{"host":"yaxsefyig1et0yi2","time":1611553515,"event":{"mods":["Aspiration","BaseMod","BetterRewards","Colored Powertips","Conspire","Displayed Cursed Tome","Downfall","Halation","Hubris","Infinite Spire","JesterMod","Minty Spire (QoL Compilation)","Quick Restart","RatMod","Replay The Spire","Reworked Bosses","Spikes Relics","StSLib","The Bug Knight","The Jungle"],"gold_per_floor":[109,119,67,81,81,81,96,153,202,202,227,84,96,96,96,96,96],"floor_reached":16,"language":"ENG","playtime":1665,"items_purged":[],"score":100,"play_id":"eb3d8a76-199a-4cb3-98ec-d8b5652c9137","local_time":"20210125004515","is_ascension_mode":false,"campfire_choices":[{"data":"HollowMod:SoulStrike","floor":6,"key":"SMITH"},{"floor":10,"key":"REST"},{"floor":15,"key":"REST"}],"circlet_count":0,"master_deck":["HollowMod:NailStrikeStart","HollowMod:NailStrikeStart","HollowMod:NailStrikeStart","HollowMod:NailStrikeStart","HollowMod:QuickDashStart","HollowMod:QuickDashStart","HollowMod:QuickDashStart+1","HollowMod:QuickDashStart","HollowMod:FocusHealStart","HollowMod:PogoStrike","Impatience","HollowMod:HowlingWraiths","HollowMod:SoulStrike+1","HollowMod:FastStrike","HollowMod:BaldurShell","HollowMod:Weaversong","HollowMod:GreatSlash"],"relics":["HollowMod:VesselMask","infinitespire:EmpoweringShard","ReplayTheSpireMod:TigerMarble","Peace Pipe"],"acts_visited":["Exordium"],"potions_floor_usage":[16,16],"damage_taken":[{"damage":3,"enemies":"Small Slimes","floor":1,"turns":3},{"damage":2,"enemies":"2 Louse","floor":2,"turns":2},{"damage":6,"enemies":"Jaw Worm","floor":4,"turns":2},{"damage":17,"enemies":"3 Louse","floor":7,"turns":3},{"damage":51,"enemies":"Lagavulin Event","floor":8,"turns":6},{"damage":8,"enemies":"Lagavulin","floor":11,"turns":4},{"damage":7,"enemies":"Blue Slaver","floor":13,"turns":3},{"damage":45,"enemies":"Hexaghost","floor":16,"turns":7}],"seed_played":"2354694962452906483","potions_obtained":[{"floor":1,"key":"Guardian:BlockOnCardUsePotion"},{"floor":4,"key":"Elixir"},{"floor":11,"key":"SkillPotion"}],"is_trial":false,"path_per_floor":["M","M","$","M","?","R","M","?","T","R","E","$","M","?","R","B"],"character_chosen":"THE_BUGKNIGHT","items_purchased":["HollowMod:SoulStrike","HollowMod:Weaversong"],"campfire_rested":2,"item_purchase_floors":[3,12],"current_hp_per_floor":[72,70,70,64,64,64,47,2,2,24,22,22,15,15,37,0,0],"gold":96,"neow_bonus":"RANDOM_COLORLESS","is_daily":false,"chose_seed":false,"campfire_upgraded":1,"win_rate":0.0,"timestamp":1611553515,"path_taken":["M","M","$","M","?","R","M","?","T","R","E","$","M","?","R","BOSS"],"items_purchased_type":["Card","Card"],"build_version":"2020-12-22","purchased_purges":0,"victory":false,"max_hp_per_floor":[75,75,75,75,75,75,75,75,75,75,75,75,75,75,75,75,75],"card_choices":[{"not_picked":["Jack Of All Trades","hubris:Ssssneak"],"picked":"Impatience","floor":0},{"not_picked":["HollowMod:InfectedAttack","HollowMod:FastStrike"],"picked":"HollowMod:HowlingWraiths","floor":1},{"not_picked":["HollowMod:DescendingDark","HollowMod:ShapeofUnn","HollowMod:SharpenedNail"],"picked":"SKIP","floor":2},{"not_picked":["HollowMod:CloakDash","HollowMod:SharpenedNail","HollowMod:LifebloodCocoon"],"picked":"SKIP","floor":4},{"not_picked":["HollowMod:TaintedHusks","HollowMod:SiblingsSouls","HollowMod:WraithStrike"],"picked":"SKIP","floor":7},{"not_picked":["HollowMod:DungDefenderAura","HollowMod:LifebloodCocoon"],"picked":"HollowMod:FastStrike","floor":8},{"not_picked":["HollowMod:Grubsong","HollowMod:SiblingsShadow"],"picked":"HollowMod:BaldurShell","floor":11},{"not_picked":["HollowMod:SoulShaman","HollowMod:AbyssShriek"],"picked":"HollowMod:GreatSlash","floor":13}],"player_experience":265789,"relics_obtained":[{"floor":8,"key":"infinitespire:EmpoweringShard"},{"floor":9,"key":"ReplayTheSpireMod:TigerMarble"},{"floor":11,"key":"Peace Pipe"}],"event_choices":[{"damage_healed":0,"gold_gain":0,"player_choice":"Searched \u00271\u0027 times","damage_taken":0,"max_hp_gain":0,"max_hp_loss":0,"event_name":"Dead Adventurer","floor":8,"gold_loss":0}],"is_beta":false,"boss_relics":[],"items_purged_floors":[],"is_endless":false,"potions_floor_spawned":[1,4,11],"killed_by":"Hexaghost","ascension_level":0}}