{"host":"j0rajrfs2q3wozdq","time":1611588679,"event":{"mods":["BaseMod","Colored Powertips","HololiveMod","Koishi","Lobotomy","LobotomyExtend","Minty Spire (QoL Compilation)","Prisma Mod","Quick Restart","Remilia¡]Á¢¦Ì²ú?¡^","Replay The Spire","Shop Mod","StSLib","The Alterego","WarShipGirlsR/??¤Ö¤kR mod","Yakumo Yukari mod","Youmu¡]»î¾z§¯?¡^"],"gold_per_floor":[113,78,68,68,83,83,83],"floor_reached":6,"language":"ZHS","playtime":271,"items_purged":[],"score":34,"play_id":"bf6bfea9-2518-43b3-88d8-a7b14b0eb3cb","local_time":"20210125233119","is_ascension_mode":false,"campfire_choices":[],"circlet_count":0,"master_deck":["alterego_mod:Strike","alterego_mod:Strike","alterego_mod:Strike","alterego_mod:Strike","alterego_mod:Defend","alterego_mod:Defend","alterego_mod:Defend","alterego_mod:Defend","alterego_mod:Impale","alterego_mod:BigMeatyClaws","alterego_mod:BrynhildrsRune","alterego_mod:Vow","Bloodbath","alterego_mod:ChallengeComplete"],"relics":["alterego_mod:MasochisticConstitution","CogitoBucket","LetterFromLob"],"acts_visited":["Exordium"],"potions_floor_usage":[],"damage_taken":[{"damage":0,"enemies":"Small Slimes","floor":1,"turns":4},{"damage":6,"enemies":"2 Louse","floor":5,"turns":3},{"damage":91,"enemies":"Gremlin Nob","floor":6,"turns":7}],"seed_played":"-286070571310529894","potions_obtained":[{"floor":5,"key":"GamblersBrew"}],"is_trial":false,"path_per_floor":["M","?","?","?","M","E"],"character_chosen":"The_Alterego","items_purchased":[],"campfire_rested":0,"item_purchase_floors":[],"current_hp_per_floor":[70,70,70,70,71,0,0],"gold":83,"neow_bonus":"","is_daily":false,"chose_seed":false,"campfire_upgraded":0,"win_rate":0.0,"timestamp":1611588679,"path_taken":["M","?","?","?","M","E"],"items_purchased_type":[],"build_version":"2020-12-22","purchased_purges":0,"victory":false,"max_hp_per_floor":[70,70,70,70,71,71,71],"card_choices":[{"not_picked":["alterego_mod:Smother","alterego_mod:Skirt"],"picked":"alterego_mod:Vow","floor":1},{"not_picked":["Wellcheers","MHz"],"picked":"Bloodbath","floor":5},{"not_picked":["alterego_mod:BoobPocket","alterego_mod:BusterCard"],"picked":"alterego_mod:ChallengeComplete","floor":5}],"player_experience":33787,"relics_obtained":[{"floor":1,"key":"LetterFromLob"}],"event_choices":[{"damage_healed":17,"gold_gain":0,"player_choice":"Healed","damage_taken":0,"max_hp_gain":0,"max_hp_loss":0,"event_name":"The Cleric","floor":2,"gold_loss":35}],"is_beta":false,"boss_relics":[],"items_purged_floors":[],"is_endless":false,"potions_floor_spawned":[5],"killed_by":"Gremlin Nob","ascension_level":0}}