{"host":"9slw7l0ws16384qq","time":1611593691,"event":{"mods":["A Penny For Your Troubles","BaseMod","Clockwork Mod","Colored Map","Evolution","Hubris","Minty Spire (QoL Compilation)","Replay The Spire","Shedinja","StS++","StSLib","The Dragon Tamer","The Marked"],"gold_per_floor":[112,37,37,56,66,98,154,154,181,136,136,148,158,171,171,270,270,284,383,383,383,394,394,414,432,432,460,460,478,297,312,312,414,514,525,540,415,329,348,375,375,394,466,478,478,495,513,531,531,532],"floor_reached":51,"language":"FRA","playtime":5547,"items_purged":["Clockwork:Friction","Clockwork:Friction","Clockwork:Friction"],"score":1155,"play_id":"ec56eec8-0893-4d70-a1ea-53c78ed1352c","local_time":"20210125175451","is_ascension_mode":false,"campfire_choices":[{"data":"Clockwork:OccamsRazor","floor":8,"key":"SMITH"},{"data":"Clockwork:Friction","floor":15,"key":"PURGE"},{"data":"Clockwork:RitualDaggerMk0","floor":23,"key":"SMITH"},{"data":"Clockwork:LogisticRegression","floor":28,"key":"SMITH"},{"data":"Clockwork:RevUp","floor":32,"key":"SMITH"},{"data":"Clockwork:TimeWalk","floor":41,"key":"SMITH"},{"data":"Clockwork:LogisticRegression","floor":45,"key":"SMITH"},{"data":"Clockwork:CogShield","floor":49,"key":"PURGE"}],"circlet_count":0,"master_deck":["Clockwork:CogShield","Clockwork:CogShield","Clockwork:CogShield+1","Clockwork:Tinker+1","Clockwork:WarmUp","Clockwork:OccamsRazor+1","Clockwork:RitualDaggerMk0+1","Clockwork:LogisticRegression+1","Clockwork:RevUp+1","Clockwork:TimeWalk+1","Clockwork:RevUp+1","Clockwork:LogisticRegression+1","Clockwork:DefectiveParts"],"relics":["Clockwork:MomentumEngine","EVO:Axolotl","Replay:Rubber Ducky","Clockwork:BloodPhial","Bird Faced Urn","Nunchaku","hubris:SlimyHat","Sozu","MutagenicStrength","StSpp:Monolith","Akabeko","Replay:Wanted Poster","Replay:Wax Seal","Clockwork:SomewhatSmoothStone","Replay:Ringing Soul","Singing Bowl"],"acts_visited":["Exordium","TheCity","TheBeyond"],"potions_floor_usage":[22],"damage_taken":[{"damage":6.0,"enemies":"2 Louse","floor":1.0,"turns":3.0},{"damage":6.0,"enemies":"Small Slimes","floor":4.0,"turns":9.0},{"damage":2.0,"enemies":"Jaw Worm","floor":5.0,"turns":4.0},{"damage":0.0,"enemies":"Lagavulin","floor":6.0,"turns":10.0},{"damage":30,"enemies":"Gremlin Nob","floor":7,"turns":5},{"damage":15,"enemies":"Large Slime","floor":12,"turns":11},{"damage":3,"enemies":"2 Fungi Beasts","floor":13,"turns":6},{"damage":13,"enemies":"Blue Slaver","floor":14,"turns":16},{"damage":5,"enemies":"Slime Boss","floor":16,"turns":16},{"damage":2,"enemies":"Shell Parasite","floor":18,"turns":10},{"damage":9,"enemies":"Chosen","floor":22,"turns":12},{"damage":0,"enemies":"Centurion and Healer","floor":24,"turns":6},{"damage":31,"enemies":"Snecko","floor":25,"turns":15},{"damage":0,"enemies":"Book of Stabbing","floor":27,"turns":6},{"damage":7,"enemies":"Snake Plant","floor":29,"turns":6},{"damage":0,"enemies":"Cultist and Chosen","floor":31,"turns":10},{"damage":0,"enemies":"Pondfish","floor":33,"turns":7},{"damage":0,"enemies":"3 Shapes","floor":35,"turns":5},{"damage":0,"enemies":"Orb Walker","floor":36,"turns":5},{"damage":0,"enemies":"Maw","floor":39,"turns":5},{"damage":0,"enemies":"Reptomancer","floor":40,"turns":6},{"damage":0,"enemies":"Writhing Mass","floor":42,"turns":4},{"damage":0,"enemies":"Jaw Worm Horde","floor":44,"turns":4},{"damage":0,"enemies":"Spire Growth","floor":46,"turns":5},{"damage":0,"enemies":"Sphere and 2 Shapes","floor":47,"turns":5},{"damage":0,"enemies":"Maw","floor":48,"turns":5},{"damage":0,"enemies":"Awakened One","floor":50,"turns":7}],"seed_played":"5412056640897415072","potions_obtained":[{"floor":1.0,"key":"BlessingOfTheForge"},{"floor":5.0,"key":"GamblersBrew"},{"floor":7,"key":"Elixir"}],"is_trial":false,"path_per_floor":["M","$","?","M","M","E","?","R","T","?","?","M","M","M","R_BF","B",null,"M","?","?","?","M","R","M","M","T","E","R","M","$","M","R","B",null,"M","M","$","?","M","E","R","M","T","M","R","M","M","M","R_BF","B",null],"character_chosen":"CLOCKWORK","items_purchased":["Clockwork:RevUp"],"campfire_rested":0,"item_purchase_floors":[30],"current_hp_per_floor":[89,89,89,89,89,91,65,65,65,65,65,54,55,46,46,45,95,93,93,93,93,86,86,92,66,66,72,72,71,71,79,79,87,95,95,95,95,95,95,95,95,95,95,98,98,100,103,105,105,105],"gold":532,"neow_bonus":"TEN_PERCENT_HP_BONUS","is_daily":false,"chose_seed":false,"campfire_upgraded":6,"win_rate":0.0,"timestamp":1611593691,"path_taken":["M","$","?","M","M","E","?","R","T","?","?","M","M","M","R_BF","BOSS","M","?","?","?","M","R","M","M","T","E","R","?","$","M","R","BOSS","M","M","$","?","M","E","R","M","T","M","R","M","?","M","R_BF","BOSS"],"items_purchased_type":["Card"],"build_version":"2020-12-22","purchased_purges":3,"victory":true,"max_hp_per_floor":[95,95,95,95,95,95,95,95,95,95,95,95,95,95,95,95,95,95,95,95,95,95,95,95,95,95,95,95,95,95,95,95,95,95,95,95,95,95,95,95,95,95,95,98,98,100,103,105,105,105],"card_choices":[{"not_picked":["Clockwork:CraftCopperScales","Clockwork:ForgeStrike"],"picked":"Clockwork:CraftBloodPhial","floor":1.0},{"not_picked":["Clockwork:ChargingBlade","Clockwork:RampUp","Clockwork:HeadStart"],"picked":"SKIP","floor":4.0},{"not_picked":["Clockwork:SystemScan","Clockwork:ChargingBlade"],"picked":"Clockwork:SmithsMallet","floor":5.0},{"not_picked":["Clockwork:Selectivity","Clockwork:Improve"],"picked":"Clockwork:OccamsRazor","floor":6.0},{"not_picked":["Clockwork:Redundancy","Clockwork:Selectivity","Clockwork:SystemHardening"],"picked":"SKIP","floor":12},{"not_picked":["Clockwork:TestingEnvironment","Clockwork:Roundhouse","Clockwork:MechanicalBulk"],"picked":"SKIP","floor":13},{"not_picked":["Clockwork:TestingEnvironment","Clockwork:ForgeStrike","Clockwork:Pluck"],"picked":"SKIP","floor":14},{"not_picked":["Clockwork:Inspiration","Clockwork:TimeWalk"],"picked":"Clockwork:CraftMomentumEngine","floor":16},{"not_picked":["Clockwork:SearchingStrike","Clockwork:ReserveSystems+1"],"picked":"Clockwork:RitualDaggerMk0","floor":18},{"not_picked":["Clockwork:Enhance","Clockwork:AdaptiveShield","Clockwork:Minimalism"],"picked":"SKIP","floor":22},{"not_picked":["Clockwork:ChargingBlade+1","Clockwork:AdaptiveCannon","Clockwork:Enhance"],"picked":"SKIP","floor":24},{"not_picked":["Clockwork:AdaptiveCannon","Clockwork:ChargingBlade","Clockwork:InertialShield"],"picked":"SKIP","floor":25},{"not_picked":["Clockwork:CogBarrier+1","Clockwork:ZeroPointEnergy","Clockwork:LiteraryArmor"],"picked":"SKIP","floor":27},{"not_picked":["Clockwork:Clone+1","Clockwork:ChargingShield","Clockwork:AdaptiveShield+1"],"picked":"SKIP","floor":29},{"not_picked":["Clockwork:PerfectedShield","Clockwork:CogBarrier","Clockwork:Pluck+1"],"picked":"SKIP","floor":31},{"not_picked":["Clockwork:UnlimitedCogworks","Clockwork:SiegeStrike"],"picked":"Clockwork:TimeWalk","floor":33},{"not_picked":["Clockwork:SearingStrike","Clockwork:Selectivity+1","Clockwork:ReserveSystems+1"],"picked":"SKIP","floor":35},{"not_picked":["Clockwork:CogToss+1","Clockwork:CogShield"],"picked":"Clockwork:CraftSomewhatSmoothStone+1","floor":36},{"not_picked":["Clockwork:Redundancy","Clockwork:ElasticNanites"],"picked":"Clockwork:RevUp+1","floor":39},{"not_picked":["Clockwork:SystemScan","Clockwork:TimeOut+1","Clockwork:MechanicalBulk"],"picked":"SKIP","floor":40},{"not_picked":["Clockwork:CogBarrier","Clockwork:Roundhouse","Clockwork:SearchingStrike+1"],"picked":"SKIP","floor":42},{"not_picked":["Clockwork:AdaptiveCannon+1","Clockwork:ElasticNanites"],"picked":"Clockwork:LogisticRegression","floor":44},{"not_picked":["Clockwork:Redundancy","Clockwork:RampUp","Clockwork:SystemHardening"],"picked":"Singing Bowl","floor":46},{"not_picked":["Clockwork:Pluck","Clockwork:SpringShield"],"picked":"Clockwork:DefectiveParts","floor":47},{"not_picked":["Clockwork:Friction","Clockwork:SystemHardening+1","Clockwork:LogisticRegression"],"picked":"Singing Bowl","floor":48}],"player_experience":1792229,"relics_obtained":[{"floor":6.0,"key":"Bird Faced Urn"},{"floor":9,"key":"hubris:SlimyHat"},{"floor":26,"key":"StSpp:Monolith"},{"floor":27,"key":"Akabeko"},{"floor":40,"key":"Replay:Ringing Soul"},{"floor":43,"key":"Singing Bowl"}],"event_choices":[{"damage_healed":0,"gold_gain":0,"player_choice":"Searched \u00273\u0027 times","damage_taken":0,"relics_obtained":["Nunchaku"],"max_hp_gain":0,"max_hp_loss":0,"event_name":"Dead Adventurer","floor":7,"gold_loss":0},{"damage_healed":0,"gold_gain":99,"player_choice":"Stole From Cult","damage_taken":0,"max_hp_gain":0,"max_hp_loss":0,"event_name":"Nest","floor":19,"gold_loss":0},{"damage_healed":0,"gold_gain":0,"player_choice":"Inject Mutagens","damage_taken":0,"relics_obtained":["MutagenicStrength"],"max_hp_gain":0,"max_hp_loss":0,"event_name":"Drug Dealer","floor":20,"gold_loss":0},{"damage_healed":0,"gold_gain":0,"player_choice":"Read","damage_taken":0,"max_hp_gain":0,"max_hp_loss":0,"event_name":"The Library","floor":21,"gold_loss":0,"cards_obtained":["Clockwork:LogisticRegression"]},{"damage_healed":0,"gold_gain":0,"player_choice":"Paid Gold","damage_taken":0,"relics_obtained":["Replay:Wax Seal"],"max_hp_gain":0,"max_hp_loss":0,"event_name":"WeMeetAgain","floor":38,"gold_loss":86}],"is_beta":false,"boss_relics":[{"not_picked":["Clockwork:BootleggersToolkit","Velvet Choker"],"picked":"Sozu"},{"not_picked":["Replay:Bronze Core","hubris:TerracottaHorce"],"picked":"Replay:Wanted Poster"}],"items_purged_floors":[2,30,37],"is_endless":false,"potions_floor_spawned":[1,5,7,18,22,24,31,33,39,40,47,48],"ascension_level":0}}