{"host":"qxt9611uhnemh1bn","time":1611616812,"event":{"mods":["AchievementEnabler","BaseMod","Minty Spire (QoL Compilation)","StSLib"],"gold_per_floor":[117,192,207,6,6,35,35,35,35,66,66,76,76,31,31,127,127,95,95,109,62,81,81,110,110,135,135,135],"floor_reached":27,"language":"ENG","playtime":1008,"items_purged":["Strike_G"],"score":262,"play_id":"1f87b2a6-a549-42ec-ab20-0acd03af4d8a","local_time":"20210125172012","is_ascension_mode":false,"campfire_choices":[{"data":"Neutralize","floor":8.0,"key":"SMITH"},{"data":"Quick Slash","floor":11.0,"key":"SMITH"},{"floor":13.0,"key":"REST"},{"data":"Poisoned Stab","floor":15.0,"key":"SMITH"},{"data":"Deadly Poison","floor":23,"key":"SMITH"},{"floor":25,"key":"REST"}],"circlet_count":0,"master_deck":["Strike_G","Strike_G","Strike_G","Defend_G","Defend_G","Defend_G","Defend_G","Defend_G","Survivor","Neutralize+1","Poisoned Stab+1","Dodge and Roll","Well Laid Plans+1","PiercingWail","Quick Slash+1","Backflip","Poisoned Stab+1","Acrobatics","Deflect","Deadly Poison+1","Leg Sweep"],"relics":["Ring of the Snake","NeowsBlessing","Vajra","Lizard Tail","Tiny Chest","Sozu","Juzu Bracelet","PreservedInsect"],"acts_visited":["Exordium","TheCity"],"potions_floor_usage":[16,16],"damage_taken":[{"damage":0.0,"enemies":"Small Slimes","floor":1.0,"turns":1.0},{"damage":0.0,"enemies":"2 Louse","floor":3.0,"turns":1.0},{"damage":0.0,"enemies":"3 Sentries","floor":6.0,"turns":2.0},{"damage":9.0,"enemies":"Lagavulin","floor":10.0,"turns":7.0},{"damage":0.0,"enemies":"Jaw Worm","floor":12.0,"turns":4.0},{"damage":11,"enemies":"Hexaghost","floor":16,"turns":8},{"damage":5,"enemies":"2 Thieves","floor":18,"turns":5},{"damage":14,"enemies":"Spheric Guardian","floor":20,"turns":6},{"damage":0,"enemies":"Snake Plant","floor":22,"turns":5},{"damage":35,"enemies":"Slavers","floor":24,"turns":8},{"damage":18,"enemies":"Gremlin Leader","floor":27,"turns":7}],"seed_played":"-4507125924342739780","potions_obtained":[{"floor":3.0,"key":"CultistPotion"},{"floor":12.0,"key":"Block Potion"}],"is_trial":false,"path_per_floor":["M","?","M","$","?","E","?","R","T","E","R","M","R","$","R","B",null,"M","?","M","$","M","R","E","R","T","E"],"character_chosen":"THE_SILENT","items_purchased":["Well Laid Plans","PiercingWail","Poisoned Stab","Deflect"],"campfire_rested":2,"item_purchase_floors":[4,4,14,21],"current_hp_per_floor":[70,59,59,59,45,45,50,50,50,41,41,41,63,63,63,52,75,70,70,56,56,56,56,21,43,43,25,25],"gold":135,"neow_bonus":"THREE_ENEMY_KILL","is_daily":false,"chose_seed":false,"campfire_upgraded":4,"win_rate":0.0,"timestamp":1611616812,"path_taken":["M","?","M","$","?","E","?","R","T","E","R","M","R","$","R","BOSS","M","?","M","$","M","R","E","R","T","E"],"items_purchased_type":["Card","Card","Card","Card"],"build_version":"2020-12-22","purchased_purges":1,"victory":false,"max_hp_per_floor":[70,70,70,70,70,70,75,75,75,75,75,75,75,75,75,75,75,75,75,75,75,75,75,75,75,75,75,75],"card_choices":[{"not_picked":["Outmaneuver","Acrobatics"],"picked":"Poisoned Stab","floor":1.0},{"not_picked":["Flechettes","Masterful Stab"],"picked":"Dodge and Roll","floor":3.0},{"not_picked":["Storm of Steel","Riddle With Holes","Cloak And Dagger"],"picked":"SKIP","floor":6.0},{"not_picked":["Bullet Time","Caltrops"],"picked":"Quick Slash","floor":10.0},{"not_picked":["Acrobatics","Skewer"],"picked":"Backflip","floor":12.0},{"not_picked":["Caltrops","Dodge and Roll+1"],"picked":"Acrobatics","floor":18},{"not_picked":["Sucker Punch","Bane","Finisher+1"],"picked":"SKIP","floor":20},{"not_picked":["Deflect+1","Riddle With Holes"],"picked":"Deadly Poison","floor":22},{"not_picked":["Grand Finale","Heel Hook"],"picked":"Leg Sweep","floor":24}],"player_experience":215925,"relics_obtained":[{"floor":6.0,"key":"Vajra"},{"floor":9.0,"key":"Lizard Tail"},{"floor":10.0,"key":"Tiny Chest"},{"floor":24,"key":"Juzu Bracelet"},{"floor":26,"key":"PreservedInsect"}],"event_choices":[{"damage_healed":0.0,"max_hp_gain":0.0,"max_hp_loss":0.0,"gold_gain":75.0,"event_name":"World of Goop","player_choice":"Gather Gold","floor":2.0,"gold_loss":0.0,"damage_taken":11.0},{"damage_healed":0.0,"max_hp_gain":0.0,"max_hp_loss":0.0,"gold_gain":0.0,"event_name":"Shining Light","player_choice":"Entered Light","floor":5.0,"gold_loss":0.0,"damage_taken":14.0,"cards_upgraded":["Poisoned Stab","Well Laid Plans"]},{"damage_healed":0.0,"max_hp_gain":5.0,"max_hp_loss":0.0,"gold_gain":0.0,"event_name":"Big Fish","player_choice":"Donut","floor":7.0,"gold_loss":0.0,"damage_taken":0.0},{"cards_removed":["Strike_G"],"damage_healed":0,"gold_gain":0,"player_choice":"Elegance","damage_taken":0,"max_hp_gain":0,"max_hp_loss":0,"event_name":"Back to Basics","floor":19,"gold_loss":0}],"is_beta":false,"boss_relics":[{"not_picked":["Astrolabe","Pandora\u0027s Box"],"picked":"Sozu"}],"items_purged_floors":[4],"is_endless":false,"potions_floor_spawned":[3,12,18,20],"killed_by":"Gremlin Leader","ascension_level":0}}