{"host":"jnjxzd6rarbui4j8","time":1611544333,"event":{"mods":["AchievementEnabler","BaseMod","Colored Map","Highlight Path","Minty Spire (QoL Compilation)","Relic Stats","StSLib"],"gold_per_floor":[119,135,155,155,155,155,195,221,244,282,294,344,42,42,42,124,151,176,176,176,196,225,225,245,280,333,352,352,385,404,436,436,522,522,541,198,223,223,286,318,318,360,386,411,432,441,466,491,491,491,491,491,491,68,103,103],"floor_reached":57,"language":"ENG","playtime":8886,"items_purged":["Strike_G","Quick Slash+1"],"score":3315,"play_id":"38e42924-b33b-4029-93f5-d93b47e4c16f","local_time":"20210124221213","is_ascension_mode":true,"campfire_choices":[{"data":"Blade Dance","floor":6.0,"key":"SMITH"},{"data":"Quick Slash","floor":11.0,"key":"SMITH"},{"data":"Apotheosis","floor":15.0,"key":"SMITH"},{"data":"Accuracy","floor":23.0,"key":"SMITH"},{"data":"Blade Dance","floor":28.0,"key":"SMITH"},{"floor":32.0,"key":"RECALL"},{"data":"Slice","floor":41.0,"key":"PURGE"},{"data":"Neutralize","floor":49.0,"key":"SMITH"},{"data":"Choke+1","floor":53.0,"key":"PURGE"}],"circlet_count":0,"master_deck":["AscendersBane","Defend_G","Defend_G","Defend_G","Defend_G","Defend_G","Survivor","Neutralize+1","Blade Dance+1","PiercingWail","Endless Agony","Venomology","Accuracy+1","Apotheosis+1","Backstab","Storm of Steel","Dagger Spray+1","Deflect+1","Die Die Die+1","Cloak And Dagger+1","Backstab+1","Footwork+1","Blade Dance+1","Deflect+1","Adrenaline","Footwork+1","Dark Shackles","Backflip","Acrobatics+1","Blade Dance+1","Storm of Steel","Well Laid Plans+1","Footwork+1","Backflip","Finesse","Backflip","Noxious Fumes+1","Backflip"],"relics":["Ring of the Snake","Pen Nib","CeramicFish","Bag of Marbles","MawBank","Dead Branch","Frozen Egg 2","Astrolabe","Mercury Hourglass","Peace Pipe","Bird Faced Urn","Philosopher\u0027s Stone","PreservedInsect","Unceasing Top","Anchor","Kunai","Akabeko","Darkstone Periapt","Vajra","White Beast Statue"],"acts_visited":["Exordium","TheCity","TheBeyond","TheEnding"],"potions_floor_usage":[56,56],"damage_taken":[{"damage":1.0,"enemies":"Jaw Worm","floor":1.0,"turns":5.0},{"damage":0.0,"enemies":"Cultist","floor":2.0,"turns":3.0},{"damage":7.0,"enemies":"Small Slimes","floor":3.0,"turns":3.0},{"damage":7.0,"enemies":"3 Sentries","floor":7.0,"turns":9.0},{"damage":0.0,"enemies":"Blue Slaver","floor":8.0,"turns":3.0},{"damage":11.0,"enemies":"Lagavulin","floor":10.0,"turns":5.0},{"damage":0.0,"enemies":"Gremlin Nob","floor":12.0,"turns":2.0},{"damage":5.0,"enemies":"The Guardian","floor":16.0,"turns":8.0},{"damage":0.0,"enemies":"Spheric Guardian","floor":18.0,"turns":1.0},{"damage":1.0,"enemies":"Chosen","floor":21.0,"turns":3.0},{"damage":0.0,"enemies":"3 Cultists","floor":22.0,"turns":1.0},{"damage":0.0,"enemies":"Chosen and Byrds","floor":24.0,"turns":2.0},{"damage":0.0,"enemies":"Gremlin Leader","floor":25.0,"turns":6.0},{"damage":0.0,"enemies":"Snecko","floor":27.0,"turns":1.0},{"damage":0.0,"enemies":"Book of Stabbing","floor":29.0,"turns":1.0},{"damage":0.0,"enemies":"Sentry and Sphere","floor":30.0,"turns":2.0},{"damage":0.0,"enemies":"Gremlin Leader","floor":31.0,"turns":3.0},{"damage":45.0,"enemies":"Automaton","floor":33.0,"turns":7.0},{"damage":2.0,"enemies":"3 Darklings","floor":35.0,"turns":2.0},{"damage":0.0,"enemies":"Orb Walker","floor":37.0,"turns":1.0},{"damage":5.0,"enemies":"2 Orb Walkers","floor":39.0,"turns":3.0},{"damage":0.0,"enemies":"Giant Head","floor":40.0,"turns":3.0},{"damage":0.0,"enemies":"Reptomancer","floor":42.0,"turns":1.0},{"damage":0.0,"enemies":"Writhing Mass","floor":44.0,"turns":2.0},{"damage":0.0,"enemies":"Jaw Worm Horde","floor":45.0,"turns":2.0},{"damage":0.0,"enemies":"Transient","floor":47.0,"turns":6.0},{"damage":0.0,"enemies":"Giant Head","floor":48.0,"turns":3.0},{"damage":5.0,"enemies":"Time Eater","floor":50.0,"turns":6.0},{"damage":7.0,"enemies":"Donu and Deca","floor":51.0,"turns":6.0},{"damage":0,"enemies":"Shield and Spear","floor":55,"turns":3},{"damage":62,"enemies":"The Heart","floor":56,"turns":14}],"seed_played":"-4821033377076427323","potions_obtained":[{"floor":1.0,"key":"SpeedPotion"},{"floor":3.0,"key":"SpeedPotion"},{"floor":16.0,"key":"FearPotion"},{"floor":20.0,"key":"Regen Potion"},{"floor":25.0,"key":"Swift Potion"},{"floor":29.0,"key":"DuplicationPotion"},{"floor":30.0,"key":"ColorlessPotion"},{"floor":31.0,"key":"Weak Potion"},{"floor":33.0,"key":"PowerPotion"},{"floor":39.0,"key":"DistilledChaos"},{"floor":42.0,"key":"GhostInAJar"}],"is_trial":false,"path_per_floor":["M","M","M","?","?","R","E","M","T","E","R","E","$","?","R","B",null,"M","?","?","M","M","R","M","E","T","M","R","E","M","E","R","B",null,"M","$","M","?","?","E","R","E","T","M","M","?","M","E","R","B","B",null,"R","$","E","B",null],"character_chosen":"THE_SILENT","items_purchased":["Apotheosis","Backstab","PreservedInsect","Footwork+1","Dark Shackles","Backflip","Finesse","Vajra","Backflip","Noxious Fumes+1"],"campfire_rested":0,"item_purchase_floors":[13,13,36,36,36,36,54,54,54,54],"current_hp_per_floor":[58,58,51,44,66,66,59,59,59,48,48,48,48,22,22,17,54,54,54,54,62,62,62,62,62,62,62,62,62,62,62,62,21,55,57,57,61,61,60,63,63,63,63,63,63,63,63,63,63,62,63,63,63,63,63,21],"gold":103,"neow_bonus":"RANDOM_COMMON_RELIC","is_daily":false,"chose_seed":false,"campfire_upgraded":6,"win_rate":0.0,"timestamp":1611544333,"path_taken":["M","M","M","?","?","R","E","?","T","E","R","E","$","?","R","BOSS","M","?","?","M","M","R","M","E","T","?","R","E","?","E","R","BOSS","M","$","M","?","?","E","R","E","T","M","M","?","M","E","R","BOSS","BOSS","R","$","E","BOSS"],"items_purchased_type":["Card","Card","Relic","Card","Card","Card","Card","Relic","Card","Card"],"build_version":"2020-12-22","purchased_purges":2,"victory":true,"max_hp_per_floor":[66,66,66,66,66,66,66,66,66,66,66,66,66,66,66,66,66,66,66,66,66,66,66,66,66,66,66,66,66,66,66,66,66,66,66,66,66,63,63,63,63,63,63,63,63,63,63,63,63,63,63,63,63,63,63,63],"relic_stats":{"Darkstone Periapt":0,"counters":[31,116],"CeramicFish":270,"Dead Branch":[350],"Astrolabe":["Dagger Spray","Deflect","Die Die Die"],"Pen Nib":[47],"PreservedInsect":399,"MawBank":36,"Mercury Hourglass":[224],"Peace Pipe":2,"Bird Faced Urn":[51],"Kunai":[48],"obtain_stats":[{"Darkstone Periapt":48,"CeramicFish":7,"Dead Branch":12,"Astrolabe":17,"Vajra":54,"Pen Nib":0,"PreservedInsect":36,"Frozen Egg 2":14,"MawBank":10,"Akabeko":43,"White Beast Statue":55,"Mercury Hourglass":25,"Peace Pipe":29,"Anchor":40,"Bird Faced Urn":31,"Philosopher\u0027s Stone":34,"Bag of Marbles":9,"Kunai":42,"Unceasing Top":39,"Ring of the Snake":0},{"Darkstone Periapt":27,"CeramicFish":4,"Dead Branch":7,"Astrolabe":8,"Vajra":29,"Pen Nib":0,"PreservedInsect":19,"Frozen Egg 2":7,"MawBank":6,"Akabeko":23,"White Beast Statue":30,"Mercury Hourglass":13,"Peace Pipe":15,"Anchor":22,"Bird Faced Urn":17,"Philosopher\u0027s Stone":18,"Bag of Marbles":5,"Kunai":23,"Unceasing Top":21,"Ring of the Snake":0},{"Darkstone Periapt":87,"CeramicFish":20,"Dead Branch":30,"Astrolabe":38,"Vajra":99,"Pen Nib":0,"PreservedInsect":66,"Frozen Egg 2":30,"MawBank":28,"Akabeko":74,"White Beast Statue":102,"Mercury Hourglass":51,"Peace Pipe":53,"Anchor":73,"Bird Faced Urn":58,"Philosopher\u0027s Stone":65,"Bag of Marbles":23,"Kunai":74,"Unceasing Top":70,"Ring of the Snake":0}],"Unceasing Top":[0],"Ring of the Snake":[62]},"card_choices":[{"not_picked":["Heel Hook","Poisoned Stab"],"picked":"Blade Dance","floor":1.0},{"not_picked":["PiercingWail","Outmaneuver"],"picked":"Slice","floor":2.0},{"not_picked":["Setup","Footwork"],"picked":"Quick Slash","floor":3.0},{"not_picked":["Distraction","Flying Knee"],"picked":"PiercingWail","floor":7.0},{"not_picked":["Poisoned Stab","Heel Hook"],"picked":"Endless Agony","floor":8.0},{"not_picked":["Tactician","Quick Slash"],"picked":"Venomology","floor":10.0},{"not_picked":["Quick Slash","Blur"],"picked":"Accuracy","floor":12.0},{"not_picked":["Malaise","Grand Finale"],"picked":"Storm of Steel","floor":16.0},{"not_picked":["Dodge and Roll","Setup"],"picked":"Cloak And Dagger+1","floor":18.0},{"not_picked":["Backflip","Tactician"],"picked":"Backstab+1","floor":21.0},{"not_picked":["Caltrops+1","Flying Knee"],"picked":"Footwork+1","floor":22.0},{"not_picked":["Flechettes","Riddle With Holes","Sucker Punch"],"picked":"SKIP","floor":24.0},{"not_picked":["Deflect","A Thousand Cuts+1","Expertise+1"],"picked":"SKIP","floor":25.0},{"not_picked":["Dagger Throw","Dagger Spray"],"picked":"Blade Dance","floor":27.0},{"not_picked":["Choke","Flying Knee","Masterful Stab"],"picked":"SKIP","floor":29.0},{"not_picked":["Cloak And Dagger","Quick Slash"],"picked":"Deflect+1","floor":30.0},{"not_picked":["Tactician","Slice","Underhanded Strike"],"picked":"SKIP","floor":31.0},{"not_picked":["Burst","Venomology"],"picked":"Adrenaline","floor":33.0},{"not_picked":["Deflect","Underhanded Strike","Deadly Poison"],"picked":"SKIP","floor":35.0},{"not_picked":["Dodge and Roll","Slice"],"picked":"Choke+1","floor":37.0},{"not_picked":["Flying Knee","Dodge and Roll"],"picked":"Acrobatics+1","floor":39.0},{"not_picked":["Dash+1","Bane","Dodge and Roll"],"picked":"SKIP","floor":40.0},{"not_picked":["Backstab","Sucker Punch+1"],"picked":"Blade Dance+1","floor":42.0},{"not_picked":["Terror","Sucker Punch"],"picked":"Storm of Steel","floor":44.0},{"not_picked":["Quick Slash","Dagger Throw"],"picked":"Well Laid Plans+1","floor":45.0},{"not_picked":["Acrobatics","Endless Agony+1"],"picked":"Backflip","floor":47.0},{"not_picked":["Flying Knee+1","Endless Agony","Blade Dance"],"picked":"SKIP","floor":48.0},{"not_picked":["Prepared","Poisoned Stab"],"picked":"Backflip","floor":55}],"player_experience":2520015,"relics_obtained":[{"floor":7.0,"key":"CeramicFish"},{"floor":9.0,"key":"Bag of Marbles"},{"floor":10.0,"key":"MawBank"},{"floor":12.0,"key":"Dead Branch"},{"floor":25.0,"key":"Mercury Hourglass"},{"floor":29.0,"key":"Peace Pipe"},{"floor":31.0,"key":"Bird Faced Urn"},{"floor":39.0,"key":"Unceasing Top"},{"floor":40.0,"key":"Anchor"},{"floor":42.0,"key":"Kunai"},{"floor":43.0,"key":"Akabeko"},{"floor":48.0,"key":"Darkstone Periapt"},{"floor":55,"key":"White Beast Statue"}],"event_choices":[{"cards_removed":["Strike_G"],"damage_healed":0.0,"max_hp_gain":0.0,"max_hp_loss":0.0,"gold_gain":0.0,"event_name":"Golden Wing","player_choice":"Card Removal","floor":4.0,"gold_loss":0.0,"damage_taken":7.0},{"damage_healed":22.0,"max_hp_gain":0.0,"max_hp_loss":0.0,"gold_gain":0.0,"event_name":"Wheel of Change","player_choice":"Full Heal","floor":5.0,"gold_loss":0.0,"damage_taken":0.0},{"damage_healed":0.0,"max_hp_gain":0.0,"max_hp_loss":0.0,"gold_gain":0.0,"event_name":"Scrap Ooze","player_choice":"Success","floor":14.0,"gold_loss":0.0,"damage_taken":26.0,"relics_obtained":["Frozen Egg 2"]},{"damage_healed":0.0,"max_hp_gain":0.0,"max_hp_loss":0.0,"gold_gain":0.0,"event_name":"Ghosts","player_choice":"Ignored","floor":19.0,"gold_loss":0.0,"damage_taken":0.0},{"damage_healed":0.0,"max_hp_gain":0.0,"max_hp_loss":0.0,"gold_gain":0.0,"event_name":"Lab","player_choice":"Got Potions","floor":20.0,"gold_loss":0.0,"damage_taken":0.0},{"damage_healed":0.0,"max_hp_gain":0.0,"max_hp_loss":3.0,"gold_gain":0.0,"event_name":"Winding Halls","player_choice":"Max HP","floor":38.0,"gold_loss":0.0,"damage_taken":0.0},{"damage_healed":0.0,"max_hp_gain":0.0,"max_hp_loss":0.0,"gold_gain":0.0,"event_name":"Mysterious Sphere","player_choice":"Fight","floor":39.0,"gold_loss":0.0,"damage_taken":0.0},{"damage_healed":0.0,"max_hp_gain":0.0,"max_hp_loss":0.0,"gold_gain":0.0,"event_name":"Duplicator","player_choice":"Copied","floor":46.0,"gold_loss":0.0,"damage_taken":0.0,"cards_obtained":["Footwork"]}],"is_beta":false,"boss_relics":[{"not_picked":["Tiny House","Calling Bell"],"picked":"Astrolabe"},{"not_picked":["Sozu","Busted Crown"],"picked":"Philosopher\u0027s Stone"}],"items_purged_floors":[13,54],"is_endless":false,"potions_floor_spawned":[1,3,16,22,25,29,30,31,33,37,39,42,44],"ascension_level":20}}