{"host":"vahfsrte3c21740v","time":1611610016,"event":{"mods":["AchievementEnabler","BaseMod","Colored Map","Colored Powertips","Downfall","Highlight Path","Mimic Mod","Minty Spire (QoL Compilation)","Quick Restart","Rare Cards Sparkle","StSLib"],"gold_per_floor":[99,111,111,111,129,149,149,12,26,26,56,41,60,78,93,190,190,90,105,118,28,28,28,64,64,95,114,114,145,45,245,261,362,412,412,47,60,52,72,106,106,6,6,25,25,36,51,70,96,96,96,137,38,38,38,38,38,38],"floor_reached":56,"language":"ENG","playtime":6671,"items_purged":["hexamod:Strike","hexamod:RetreatToShadows+1"],"score":846,"play_id":"22d1280a-8bdf-41bc-acd1-ee27ef246002","local_time":"20210125212656","is_ascension_mode":false,"campfire_choices":[{"floor":1.0,"key":"RECALL"},{"floor":10.0,"key":"REST"},{"data":"hexamod:UnlimitedPower","floor":18.0,"key":"SMITH"},{"data":"hexamod:BurningTouch","floor":23.0,"key":"SMITH"},{"data":"hexamod:GhostShield","floor":25.0,"key":"SMITH"},{"data":"hexamod:TimeOfNeed","floor":30.0,"key":"SMITH"},{"data":"hexamod:HexaLevel","floor":35.0,"key":"SMITH"},{"floor":42.0,"key":"DIG"},{"floor":45.0,"key":"DIG"},{"floor":54.0,"key":"REST"}],"circlet_count":0,"master_deck":["hexamod:Sear+1","hexamod:Float+1","hexamod:AdvancingGuard+1","hexamod:FourthSeal","hexamod:ThirdSeal","hexamod:SixthSeal","hexamod:UnlimitedPower+1","hexamod:SoulSteal+1","hexamod:GhostShield+1","hexamod:HauntingEcho+1","hexamod:BurningTouch+1","hexamod:ThermalTransfer+1","hexamod:SkipABeat+1","hexamod:RetreatToShadows+1","hexamod:AdvancingGuard+1","hexamod:NightmareStrike+1","hexamod:HauntingEcho+1","hexamod:Hexaguard+1","hexamod:ForkedFlame+1","hexamod:TimeOfNeed+1","hexamod:RecurringNightmare+1","hexamod:FirstSeal","hexamod:ThermalTransfer+1","hexamod:AdvancingGuard","hexamod:DynamicBlow+1","Ghostly+1","Ghostly","Ghostly+1","hexamod:CouncilsJustice+1","hexamod:CouncilsJustice+1","hexamod:CouncilsJustice+1","hexamod:TimeWarp+1","hexamod:TimeWarp+1","hexamod:GhostShield","expansioncontent:DashGenerateEvil+1","expansioncontent:AwakenDeath+1","hexamod:FastForward+1","hexamod:AdvancingGuard+1","hexamod:SecondSeal","hexamod:RecurringNightmare","hexamod:HeatShield+1","hexamod:HeatCrush+1","hexamod:FastForward"],"relics":["hexamod:SpiritBrand","hexamod:MatchstickCase","downfall:ShatteredFragment","Question Card","Molten Egg 2","Philosopher\u0027s Stone","downfall:HeartBlessingRed","Ornamental Fan","Orichalcum","Omamori","downfall:HeartBlessingGreen","Tiny House","Shovel","Lantern","downfall:HeartBlessingBlue","TungstenRod","War Paint","Mercury Hourglass"],"acts_visited":["Exordium","TheCity","TheBeyond","TheEnding"],"potions_floor_usage":[55],"damage_taken":[{"damage":6.0,"enemies":"2 Louse","floor":2.0,"turns":3.0},{"damage":0.0,"enemies":"Small Slimes","floor":5.0,"turns":3.0},{"damage":0.0,"enemies":"Jaw Worm","floor":6.0,"turns":3.0},{"damage":0.0,"enemies":"downfall:FleeingMerchant","floor":8.0,"turns":4.0},{"damage":3.0,"enemies":"2 Fungi Beasts","floor":9.0,"turns":3.0},{"damage":2.0,"enemies":"Gremlin Nob","floor":11.0,"turns":3.0},{"damage":10.0,"enemies":"downfall:FleeingMerchant","floor":12.0,"turns":4.0},{"damage":0.0,"enemies":"3 Louse","floor":13.0,"turns":8.0},{"damage":3.0,"enemies":"Gremlin Gang","floor":14.0,"turns":3.0},{"damage":8.0,"enemies":"Exordium Wildlife","floor":15.0,"turns":3.0},{"damage":7.0,"enemies":"SI_SHIV_ARCHETYPE","floor":16.0,"turns":5.0},{"damage":11.0,"enemies":"3 Byrds","floor":19.0,"turns":3.0},{"damage":2.0,"enemies":"Shell Parasite","floor":20.0,"turns":3.0},{"damage":0.0,"enemies":"downfall:FleeingMerchant","floor":21.0,"turns":4.0},{"damage":0.0,"enemies":"Shelled Parasite and Fungi","floor":24.0,"turns":3.0},{"damage":22.0,"enemies":"Slavers","floor":26.0,"turns":4.0},{"damage":7.0,"enemies":"Shelled Parasite and Fungi","floor":27.0,"turns":4.0},{"damage":8.0,"enemies":"Book of Stabbing","floor":29.0,"turns":4.0},{"damage":1.0,"enemies":"Sentry and Sphere","floor":32.0,"turns":4.0},{"damage":0.0,"enemies":"WA_ARCHETYPE_CALM","floor":33.0,"turns":7.0},{"damage":0.0,"enemies":"downfall:FleeingMerchant","floor":36.0,"turns":4.0},{"damage":0.0,"enemies":"Orb Walker","floor":37.0,"turns":3.0},{"damage":27.0,"enemies":"3 Shapes","floor":39.0,"turns":3.0},{"damage":13.0,"enemies":"Reptomancer","floor":40.0,"turns":8.0},{"damage":1.0,"enemies":"3 Darklings","floor":44.0,"turns":4.0},{"damage":0.0,"enemies":"Spire Growth","floor":46.0,"turns":3.0},{"damage":0.0,"enemies":"Maw","floor":47.0,"turns":6.0},{"damage":12.0,"enemies":"Jaw Worm Horde","floor":48.0,"turns":3.0},{"damage":0.0,"enemies":"Spire Growth","floor":49.0,"turns":5.0},{"damage":41.0,"enemies":"DF_ARCHETYPE_ORBS","floor":50.0,"turns":12.0},{"damage":21.0,"enemies":"downfall:CharBossMerchant","floor":52.0,"turns":10.0},{"damage":46,"enemies":"downfall:NeowBoss","floor":55,"turns":14},{"damage":56,"enemies":"downfall:NeowBossFinal","floor":56,"turns":5}],"seed_played":"-6551264125580326869","potions_obtained":[{"floor":6.0,"key":"LiquidBronze"},{"floor":6.0,"key":"SmokeBomb"},{"floor":8.0,"key":"GamblersBrew"},{"floor":9.0,"key":"Slimebound:ThreeZeroPotion"},{"floor":9.0,"key":"SpeedPotion"},{"floor":12.0,"key":"Regen Potion"},{"floor":13.0,"key":"Fire Potion"},{"floor":15.0,"key":"Explosive Potion"},{"floor":15.0,"key":"SpeedPotion"},{"floor":21.0,"key":"hexamod:InfernoChargePotion"},{"floor":26.0,"key":"Regen Potion"},{"floor":27.0,"key":"BlessingOfTheForge"},{"floor":27.0,"key":"Regen Potion"},{"floor":29.0,"key":"Explosive Potion"},{"floor":29.0,"key":"SneckoOil"},{"floor":32.0,"key":"Dexterity Potion"},{"floor":33.0,"key":"LiquidBronze"},{"floor":33.0,"key":"EssenceOfSteel"},{"floor":34.0,"key":"FairyPotion"},{"floor":39.0,"key":"GamblersBrew"},{"floor":40.0,"key":"PowerPotion"},{"floor":46.0,"key":"BlessingOfTheForge"},{"floor":46.0,"key":"Block Potion"},{"floor":47.0,"key":"Strength Potion"},{"floor":52.0,"key":"SmokeBomb"}],"is_trial":false,"path_per_floor":["R","M","?","?","M","M","T","$","M","R","E","$","M","M","M","B",null,"R","M","M","$","?","R","MIM","R","E","M","?","E","R","?","M","B",null,"R","$","M","?","M","E","T","R","?","M","R","M","M","M","M","B",null,"E","$","R","B","B"],"character_chosen":"THE_SPIRIT","items_purchased":["hexamod:SoulSteal","hexamod:GhostShield","expansioncontent:DashGenerateEvil","expansioncontent:AwakenDeath","Shovel","hexamod:FastForward","LiquidMemories","hexamod:FastForward"],"campfire_rested":2,"item_purchase_floors":[8,8,36,36,36,36,53,53],"current_hp_per_floor":[77,71,53,32,32,32,32,32,29,52,50,40,55,52,44,37,77,77,66,64,64,64,64,64,64,42,54,38,37,37,37,38,38,43,43,43,43,43,28,22,22,32,63,62,62,62,62,50,57,26,63,42,42,60,21,0,0,0],"gold":38,"neow_bonus":"TEN_PERCENT_HP_BONUS","is_daily":false,"chose_seed":false,"campfire_upgraded":5,"win_rate":0.0,"timestamp":1611610016,"path_taken":["R","M","?","?","M","M","T","$","M","R","E","$","M","M","M","BOSS","R","M","M","$","?","R","MIM","R","E","M","?","E","R","?","M","BOSS","R","$","M","?","M","E","T","R","?","M","R","M","?","M","M","BOSS","E","$","R","BOSS","BOSS"],"items_purchased_type":["Card","Card","Card","Card","Relic","Card","Potion","Card"],"build_version":"2020-12-22","purchased_purges":2,"victory":false,"max_hp_per_floor":[77,77,77,77,77,77,77,77,77,77,77,77,77,77,77,77,77,77,77,77,77,77,77,77,77,77,77,38,38,38,38,38,38,43,43,43,43,43,43,43,43,53,63,63,63,63,63,63,63,63,63,63,63,63,63,63,63,63],"card_choices":[{"not_picked":["hexamod:FastForward","hexamod:GhostLash"],"picked":"hexamod:AdvancingGuard","floor":2.0},{"not_picked":["hexamod:SwordOfDarkness","hexamod:Hexaguard"],"picked":"hexamod:FourthSeal","floor":5.0},{"not_picked":["hexamod:Firestarter","hexamod:FastForward"],"picked":"hexamod:ThirdSeal","floor":6.0},{"not_picked":["hexamod:BacktrackSmack","hexamod:ExtraCrispy","hexamod:AdvancingGuard"],"picked":"hexamod:SixthSeal","floor":8.0},{"not_picked":["hexamod:HauntingEcho","hexamod:HeatMetal","hexamod:ThermalTransfer"],"picked":"hexamod:UnlimitedPower","floor":8.0},{"not_picked":["hexamod:BacktrackSmack","hexamod:Rewind","hexamod:HeatMetal"],"picked":"hexamod:HauntingEcho","floor":9.0},{"not_picked":["hexamod:UnlimitedPower","hexamod:SpectersWail","hexamod:ShieldOfDarkness"],"picked":"hexamod:BurningTouch","floor":9.0},{"not_picked":["hexamod:BacktrackSmack+1","hexamod:Firestarter+1","hexamod:SwordOfDarkness+1"],"picked":"hexamod:ThermalTransfer+1","floor":11.0},{"not_picked":["hexamod:ParanormalForm","hexamod:NightmareGuise","hexamod:NecessarySacrifice"],"picked":"hexamod:SkipABeat","floor":12.0},{"not_picked":["hexamod:EmpoweredFlame","hexamod:FourthSeal","hexamod:ExtraCrispy"],"picked":"hexamod:RetreatToShadows","floor":12.0},{"not_picked":["hexamod:BurningTouch","hexamod:GhostLash+1","hexamod:PhantomCloak"],"picked":"hexamod:AdvancingGuard","floor":13.0},{"not_picked":["hexamod:SwordOfDarkness+1","hexamod:ShieldOfDarkness","hexamod:BurningTouch"],"picked":"hexamod:NightmareStrike+1","floor":13.0},{"not_picked":["hexamod:GhostflameBarrier","hexamod:Haunt","hexamod:ChargedBarrage"],"picked":"hexamod:HauntingEcho+1","floor":14.0},{"not_picked":["hexamod:DynamicBlow+1","hexamod:SkipABeat","hexamod:InspiringFlames"],"picked":"hexamod:Hexaguard","floor":15.0},{"not_picked":["hexamod:SpectralAdrenaline","hexamod:BurningTouch","hexamod:GhostShield","hexamod:CatchUp"],"picked":"SKIP","floor":15.0},{"not_picked":["hexamod:TimeWarp+1","hexamod:UnlimitedPower","hexamod:VolcanoVisage"],"picked":"hexamod:ForkedFlame+1","floor":16.0},{"not_picked":["hexamod:WildfireWeapon","hexamod:SearingWound","hexamod:TimeWarp+1"],"picked":"hexamod:TimeOfNeed","floor":16.0},{"not_picked":["hexamod:InspiringFlames","hexamod:NightmareStrike+1","hexamod:SpectersWail+1"],"picked":"hexamod:RecurringNightmare","floor":19.0},{"not_picked":["hexamod:GhostShield+1","hexamod:BurningTouch","hexamod:ChargedBarrage"],"picked":"hexamod:RetreatToShadows","floor":20.0},{"not_picked":["hexamod:RainOfEmbers+1","hexamod:TimeOfNeed","hexamod:ExtraCrispy"],"picked":"hexamod:FirstSeal","floor":21.0},{"not_picked":["hexamod:ShieldOfDarkness","hexamod:SwordOfDarkness+1","hexamod:FastForward"],"picked":"hexamod:ThermalTransfer+1","floor":24.0},{"not_picked":["hexamod:InspiringFlames","hexamod:NightmareStrike+1","hexamod:FastForward"],"picked":"hexamod:AdvancingGuard","floor":26.0},{"not_picked":["hexamod:ThermalTransfer+1","hexamod:HauntingEcho+1","hexamod:NightmareGuise"],"picked":"hexamod:DynamicBlow+1","floor":27.0},{"not_picked":["hexamod:EmpoweredFlame","hexamod:InspiringFlames","hexamod:GhostShield","hexamod:StepThrough+1"],"picked":"SKIP","floor":27.0},{"not_picked":["hexamod:EmpoweredFlame","hexamod:InspiringFlames","hexamod:GhostShield","hexamod:StepThrough+1"],"picked":"SKIP","floor":27.0},{"not_picked":["hexamod:HauntingEcho+1","hexamod:InspiringFlames","hexamod:SkipABeat"],"picked":"hexamod:TimeWarp+1","floor":29.0},{"not_picked":["hexamod:HeatMetal+1","hexamod:NightmareStrike+1","hexamod:InspiringFlames","hexamod:SpectersWail+1"],"picked":"SKIP","floor":32.0},{"not_picked":["hexamod:WildfireWeapon","hexamod:ParanormalForm","hexamod:UnlimitedPower"],"picked":"hexamod:TimeWarp+1","floor":33.0},{"not_picked":["hexamod:VolcanoVisage","hexamod:TurnItUp","hexamod:ForkedFlame+1"],"picked":"hexamod:HexaLevel","floor":33.0},{"not_picked":["hexamod:BurningTouch","hexamod:BacktrackSmack+1","hexamod:SpectersWail+1"],"picked":"hexamod:GhostShield","floor":34.0},{"not_picked":["hexamod:EtherealExpedition","hexamod:BacktrackSmack+1","hexamod:NightmareStrike+1","hexamod:SwordOfDarkness+1"],"picked":"SKIP","floor":36.0},{"not_picked":["hexamod:ShieldOfDarkness","hexamod:NightmareGuise+1","hexamod:SearingWound","hexamod:AdvancingGuard"],"picked":"SKIP","floor":36.0},{"not_picked":["hexamod:ShieldOfDarkness","hexamod:SpectersWail+1","hexamod:GhostOfSpireFuture"],"picked":"hexamod:AdvancingGuard+1","floor":37.0},{"not_picked":["hexamod:BurningTouch+1","hexamod:HeatCrush+1","hexamod:CatchUp+1","hexamod:ThermalTransfer+1"],"picked":"SKIP","floor":37.0},{"not_picked":["hexamod:SwordOfDarkness+1","hexamod:FastForward+1","hexamod:DynamicBlow+1","hexamod:ShieldOfDarkness"],"picked":"SKIP","floor":39.0},{"not_picked":["hexamod:HeatCrush+1","hexamod:FastForward","hexamod:GhostflameInferno"],"picked":"hexamod:RecurringNightmare","floor":40.0},{"not_picked":["hexamod:HauntingEcho+1","hexamod:WildfireWeapon","hexamod:EmpoweredFlame+1","hexamod:ThermalTransfer+1"],"picked":"SKIP","floor":40.0},{"not_picked":["hexamod:BacktrackSmack+1","hexamod:GhostShield+1","hexamod:BurningTouch","hexamod:FastForward"],"picked":"SKIP","floor":44.0},{"not_picked":["hexamod:NightmareStrike+1","hexamod:WildfireWeapon","hexamod:AdvancingGuard"],"picked":"hexamod:HeatShield+1","floor":46.0},{"not_picked":["hexamod:GhostShield","hexamod:NecessarySacrifice","hexamod:FourthSeal","hexamod:HeatMetal+1"],"picked":"SKIP","floor":47.0},{"not_picked":["hexamod:PhantomFireball+1","hexamod:NightmareGuise+1","hexamod:HauntingEcho+1","hexamod:FastForward+1"],"picked":"SKIP","floor":48.0},{"not_picked":["hexamod:HeatMetal+1","hexamod:RadiantFlame","hexamod:InspiringFlames+1","hexamod:Firestarter+1"],"picked":"SKIP","floor":49.0},{"not_picked":["hexamod:GhostLash+1","hexamod:HauntingEcho+1","hexamod:BacktrackSmack+1"],"picked":"hexamod:HeatCrush+1","floor":52.0}],"player_experience":117399,"relics_obtained":[{"floor":7.0,"key":"Question Card"},{"floor":11.0,"key":"Molten Egg 2"},{"floor":24.0,"key":"Ornamental Fan"},{"floor":26.0,"key":"Orichalcum"},{"floor":29.0,"key":"Omamori"},{"floor":40.0,"key":"Lantern"},{"floor":42.0,"key":"TungstenRod"},{"floor":45.0,"key":"War Paint"},{"floor":52.0,"key":"Mercury Hourglass"}],"event_choices":[{"damage_healed":0.0,"max_hp_gain":0.0,"max_hp_loss":0.0,"gold_gain":0.0,"event_name":"Scrap Ooze","player_choice":"Success","floor":3.0,"gold_loss":0.0,"damage_taken":18.0,"relics_obtained":["hexamod:MatchstickCase"]},{"cards_removed":["hexamod:HexaLevel"],"damage_healed":21.0,"max_hp_gain":10.0,"max_hp_loss":0.0,"gold_gain":0.0,"event_name":"Bonfire Elementals","player_choice":"Offered Rare","floor":43.0,"gold_loss":0.0,"damage_taken":0.0}],"is_beta":false,"boss_relics":[{"not_picked":["Velvet Choker","Cursed Key"],"picked":"Philosopher\u0027s Stone"},{"not_picked":["Black Star","Empty Cage"],"picked":"Tiny House"}],"items_purged_floors":[21,36],"is_endless":false,"potions_floor_spawned":[6,9,15,26,27,29,33,37,39,46,48],"killed_by":"downfall:NeowBossFinal","ascension_level":0}}