{"host":"xmrw7jl1ir2912vf","time":1611607062,"event":{"mods":["BaseMod","Minty Spire (QoL Compilation)","Relic Stats"],"gold_per_floor":[118,118,43,62,62,96,96,130,210,210,244,256,256,256,256,331,331,346,346,74,91,16,16,16],"floor_reached":23,"language":"ENG","playtime":959,"items_purged":["Strike_R"],"score":449,"play_id":"3f1dd190-cbfc-42ee-a0d8-5b261b26e16f","local_time":"20210125153742","is_ascension_mode":true,"campfire_choices":[{"data":"Headbutt","floor":7,"key":"SMITH"},{"data":"Rampage","floor":10,"key":"SMITH"},{"data":"True Grit","floor":13,"key":"SMITH"},{"floor":15,"key":"RECALL"}],"circlet_count":0,"master_deck":["AscendersBane","Strike_R","Strike_R","Defend_R+1","Defend_R","Defend_R","Defend_R+1","Bash","Headbutt+1","Shockwave+1","Rampage+1","Ghostly Armor","True Grit+1","Cleave+1","Fiend Fire","CurseOfTheBell","Infernal Blade","Dark Embrace","Entrench"],"relics":["Burning Blood","NeowsBlessing","War Paint","Bronze Scales","Thread and Needle","Eternal Feather","Pen Nib","Calling Bell","Toy Ornithopter","Kunai","Unceasing Top","Medical Kit"],"acts_visited":["Exordium","TheCity"],"potions_floor_usage":[16],"damage_taken":[{"damage":0,"enemies":"Jaw Worm","floor":1,"turns":1},{"damage":0,"enemies":"Cultist","floor":4,"turns":1},{"damage":0,"enemies":"Gremlin Nob","floor":6,"turns":1},{"damage":9,"enemies":"Lagavulin","floor":8,"turns":7},{"damage":13,"enemies":"3 Sentries","floor":11,"turns":4},{"damage":0,"enemies":"Small Slimes","floor":12,"turns":4},{"damage":22,"enemies":"Slime Boss","floor":16,"turns":9},{"damage":8,"enemies":"Chosen","floor":18,"turns":5},{"damage":18,"enemies":"Spheric Guardian","floor":21,"turns":4},{"damage":61,"enemies":"Gremlin Leader","floor":23,"turns":5}],"seed_played":"-4554471671541608990","potions_obtained":[{"floor":6,"key":"Weak Potion"},{"floor":8,"key":"BlessingOfTheForge"},{"floor":21,"key":"Weak Potion"}],"is_trial":false,"path_per_floor":["M","?","$","M","T","E","R","E","T","R","E","M","R","?","R","B",null,"M","?","$","M","?","E"],"character_chosen":"IRONCLAD","items_purchased":["Medical Kit","Dark Embrace","Entrench"],"campfire_rested":0,"item_purchase_floors":[20,20,20],"current_hp_per_floor":[74,74,74,75,75,75,75,72,72,75,68,74,75,52,61,45,68,66,66,66,54,54,0,0],"gold":16,"neow_bonus":"THREE_ENEMY_KILL","is_daily":false,"chose_seed":false,"campfire_upgraded":3,"win_rate":0.0,"timestamp":1611607062,"path_taken":["M","?","$","M","?","E","R","E","T","R","E","M","R","?","R","BOSS","M","?","$","?","?","E"],"items_purchased_type":["Relic","Card","Card"],"build_version":"2020-12-22","purchased_purges":1,"victory":false,"max_hp_per_floor":[75,75,75,75,75,75,75,75,75,75,75,75,75,75,75,75,75,75,75,75,75,75,75,75],"relic_stats":{"counters":[10,41],"Bronze Scales":[69],"Eternal Feather":13,"Pen Nib":[3],"Kunai":[3],"War Paint":["Defend_R","Shockwave"],"Medical Kit":[0],"obtain_stats":[{"Calling Bell":17,"NeowsBlessing":0,"Bronze Scales":6,"Thread and Needle":8,"Eternal Feather":9,"Pen Nib":11,"Kunai":17,"War Paint":5,"Medical Kit":20,"Burning Blood":0,"Toy Ornithopter":17,"Unceasing Top":17},{"Calling Bell":7,"NeowsBlessing":0,"Bronze Scales":3,"Thread and Needle":4,"Eternal Feather":4,"Pen Nib":5,"Kunai":7,"War Paint":2,"Medical Kit":8,"Burning Blood":0,"Toy Ornithopter":7,"Unceasing Top":7},{"Calling Bell":27,"NeowsBlessing":0,"Bronze Scales":3,"Thread and Needle":10,"Eternal Feather":10,"Pen Nib":14,"Kunai":27,"War Paint":2,"Medical Kit":32,"Burning Blood":0,"Toy Ornithopter":27,"Unceasing Top":27}],"Burning Blood":43,"Toy Ornithopter":0,"Unceasing Top":[1]},"card_choices":[{"not_picked":["Carnage","Blood for Blood"],"picked":"Headbutt","floor":1},{"not_picked":["Disarm","Seeing Red"],"picked":"Shockwave","floor":4},{"not_picked":["Clothesline","Evolve"],"picked":"Rampage","floor":6},{"not_picked":["Thunderclap","Body Slam"],"picked":"Ghostly Armor","floor":8},{"not_picked":["Wild Strike","Shrug It Off"],"picked":"True Grit","floor":11},{"not_picked":["Evolve","Clothesline"],"picked":"Cleave","floor":12},{"not_picked":["Berserk","Reaper"],"picked":"Fiend Fire","floor":16},{"not_picked":["Searing Blow","Havoc","Rupture"],"picked":"SKIP","floor":18},{"not_picked":["Rampage+1","Twin Strike","Thunderclap"],"picked":"SKIP","floor":21}],"player_experience":461172,"relics_obtained":[{"floor":5,"key":"War Paint"},{"floor":6,"key":"Bronze Scales"},{"floor":8,"key":"Thread and Needle"},{"floor":9,"key":"Eternal Feather"},{"floor":11,"key":"Pen Nib"},{"floor":17,"key":"Toy Ornithopter"},{"floor":17,"key":"Kunai"},{"floor":17,"key":"Unceasing Top"}],"event_choices":[{"damage_healed":0,"gold_gain":0,"player_choice":"Leave","damage_taken":0,"max_hp_gain":0,"max_hp_loss":0,"event_name":"The Cleric","floor":2,"gold_loss":0},{"damage_healed":0,"gold_gain":0,"player_choice":"Entered Light","damage_taken":23,"max_hp_gain":0,"max_hp_loss":0,"event_name":"Shining Light","floor":14,"gold_loss":0,"cards_upgraded":["Defend_R","Cleave"]},{"damage_healed":0,"gold_gain":0,"cards_transformed":["Strike_R"],"player_choice":"Transformed","damage_taken":0,"max_hp_gain":0,"max_hp_loss":0,"event_name":"Transmorgrifier","floor":19,"gold_loss":0,"cards_obtained":["Infernal Blade"]},{"cards_removed":["Strike_R"],"damage_healed":0,"gold_gain":0,"player_choice":"Gave Gold","damage_taken":0,"max_hp_gain":0,"max_hp_loss":0,"event_name":"Beggar","floor":22,"gold_loss":75}],"is_beta":false,"boss_relics":[{"not_picked":["Black Blood","Sozu"],"picked":"Calling Bell"}],"items_purged_floors":[3],"is_endless":false,"potions_floor_spawned":[6,8,12,21],"killed_by":"Gremlin Leader","ascension_level":19}}