{"host":"k5yjj86hwv5qv2gx","time":1611606515,"event":{"mods":["BaseMod","BetterRewards","Minty Spire (QoL Compilation)","StSLib"],"gold_per_floor":[113,188,188,208,36,65,65,65,65],"floor_reached":8,"language":"ENG","playtime":183,"items_purged":[],"score":158,"play_id":"effbd214-a07e-4c9d-a289-a616053c2314","local_time":"20210125122835","is_ascension_mode":true,"campfire_choices":[{"data":"Well Laid Plans","floor":7,"key":"SMITH"}],"circlet_count":0,"master_deck":["AscendersBane","Strike_G","Strike_G","Strike_G","Strike_G","Strike_G","Defend_G+1","Defend_G","Defend_G","Defend_G","Defend_G","Survivor+1","Neutralize","Sucker Punch","Well Laid Plans+1","Sucker Punch"],"relics":["Ring of the Snake","NeowsBlessing","StoneCalendar","OrangePellets","War Paint"],"acts_visited":["Exordium"],"potions_floor_usage":[],"damage_taken":[{"damage":0,"enemies":"Jaw Worm","floor":1,"turns":1},{"damage":0,"enemies":"2 Louse","floor":4,"turns":1},{"damage":0,"enemies":"3 Sentries","floor":6,"turns":1},{"damage":44,"enemies":"Gremlin Nob","floor":8,"turns":4}],"seed_played":"-2883414802568158315","potions_obtained":[],"is_trial":false,"path_per_floor":["M","?","?","M","$","E","R","E"],"character_chosen":"THE_SILENT","items_purchased":["OrangePellets"],"campfire_rested":0,"item_purchase_floors":[5],"current_hp_per_floor":[59,48,37,37,37,37,37,0,0],"gold":65,"neow_bonus":"THREE_ENEMY_KILL","is_daily":false,"chose_seed":false,"campfire_upgraded":1,"win_rate":0.0,"timestamp":1611606515,"path_taken":["M","?","?","M","$","E","R","E"],"items_purchased_type":["Relic"],"build_version":"2020-12-22","purchased_purges":0,"victory":false,"max_hp_per_floor":[66,66,66,66,66,66,66,66,66],"card_choices":[{"not_picked":["Flying Knee","Poisoned Stab"],"picked":"Sucker Punch","floor":1},{"not_picked":["Flechettes","Expertise"],"picked":"Well Laid Plans","floor":4},{"not_picked":["Expertise","Glass Knife"],"picked":"Sucker Punch","floor":6}],"player_experience":1123802,"relics_obtained":[{"floor":6,"key":"War Paint"}],"event_choices":[{"damage_healed":0,"gold_gain":75,"player_choice":"Gather Gold","damage_taken":11,"max_hp_gain":0,"max_hp_loss":0,"event_name":"World of Goop","floor":2,"gold_loss":0},{"damage_healed":0,"gold_gain":0,"player_choice":"Success","damage_taken":11,"relics_obtained":["StoneCalendar"],"max_hp_gain":0,"max_hp_loss":0,"event_name":"Scrap Ooze","floor":3,"gold_loss":0}],"is_beta":false,"boss_relics":[],"items_purged_floors":[],"is_endless":false,"potions_floor_spawned":[],"killed_by":"Gremlin Nob","ascension_level":20}}