{"host":"g2yp6paluzgljz05","time":1611586072,"event":{"mods":["BaseMod","Bestiary","Colored Powertips","DeckTracker","Highlight Path","Minty Spire (QoL Compilation)","Quick Restart"],"gold_per_floor":[111,211,224,224,294,322,101,121,169,183,183,196,196,208,208,313,313,325,424,437,437,450,450,483,498,498,498,294,311,311,381,381,477,477,496,542,270,282,129,129,146,146,146,159,159,192,114,39,39,39,39],"floor_reached":50,"language":"ENG","playtime":2500,"items_purged":["Strike_R","Strike_R","Strike_R","Strike_R"],"score":760,"play_id":"d6b2b532-e33b-40c1-aa6e-b7c92abcc32f","local_time":"20210126014752","is_ascension_mode":true,"campfire_choices":[{"data":"Uppercut","floor":11,"key":"SMITH"},{"data":"Shockwave","floor":13,"key":"SMITH"},{"data":"Flame Barrier","floor":15,"key":"SMITH"},{"data":"Immolate","floor":23,"key":"SMITH"},{"data":"True Grit","floor":27,"key":"SMITH"},{"data":"Ghostly Armor","floor":30,"key":"SMITH"},{"data":"Defend_R","floor":32,"key":"SMITH"},{"data":"Fire Breathing","floor":40,"key":"SMITH"},{"data":"Fire Breathing","floor":42,"key":"SMITH"},{"floor":49,"key":"REST"}],"circlet_count":0,"master_deck":["Defend_R+1","Defend_R","Defend_R","Defend_R","Bash","Battle Trance","Shockwave+1","Uppercut+1","Ghostly Armor+1","Flame Barrier+1","Immolate+1","Spot Weakness","True Grit+1","Immolate","True Grit+1","Fire Breathing+1","Sever Soul","Warcry","Fire Breathing+1","Feel No Pain+1","Bash","Demon Form"],"relics":["Burning Blood","NeowsBlessing","Paper Frog","Bag of Marbles","PreservedInsect","Boot","Sozu","Pen Nib","Question Card","Membership Card","Kunai","Mark of Pain","TungstenRod","HornCleat","DollysMirror","Bottled Tornado","Toxic Egg 2","Vajra","Lantern"],"acts_visited":["Exordium","TheCity","TheBeyond"],"potions_floor_usage":[10,16,29,36],"damage_taken":[{"damage":0,"enemies":"Small Slimes","floor":1,"turns":1},{"damage":0,"enemies":"Cultist","floor":3,"turns":1},{"damage":0,"enemies":"3 Sentries","floor":6,"turns":1},{"damage":9,"enemies":"Jaw Worm","floor":8,"turns":2},{"damage":11,"enemies":"Exordium Wildlife","floor":10,"turns":4},{"damage":11,"enemies":"Red Slaver","floor":12,"turns":3},{"damage":20,"enemies":"Lots of Slimes","floor":14,"turns":5},{"damage":44,"enemies":"The Guardian","floor":16,"turns":12},{"damage":0,"enemies":"3 Byrds","floor":18,"turns":2},{"damage":9,"enemies":"2 Thieves","floor":20,"turns":4},{"damage":17,"enemies":"Cultist and Chosen","floor":22,"turns":6},{"damage":0,"enemies":"Slavers","floor":24,"turns":1},{"damage":1,"enemies":"Snecko","floor":25,"turns":4},{"damage":0,"enemies":"Centurion and Healer","floor":29,"turns":2},{"damage":61,"enemies":"Automaton","floor":33,"turns":9},{"damage":0,"enemies":"3 Darklings","floor":35,"turns":2},{"damage":27,"enemies":"2 Orb Walkers","floor":36,"turns":4},{"damage":0,"enemies":"Orb Walker","floor":38,"turns":3},{"damage":0,"enemies":"Sphere and 2 Shapes","floor":41,"turns":2},{"damage":3,"enemies":"4 Shapes","floor":44,"turns":2},{"damage":47,"enemies":"Nemesis","floor":46,"turns":5},{"damage":48,"enemies":"Awakened One","floor":50,"turns":6}],"seed_played":"405877854044874865","potions_obtained":[{"floor":1,"key":"Strength Potion"},{"floor":3,"key":"SpeedPotion"},{"floor":6,"key":"SkillPotion"},{"floor":14,"key":"Fire Potion"},{"floor":16,"key":"ElixirPotion"}],"is_trial":false,"path_per_floor":["M","?","M","?","T","E","$","M","T","M","R","M","R","M","R","B",null,"M","?","M","?","M","R","E","M","T","R","$","M","R","T","R","B",null,"M","?","$","M","$","R","M","R","T","M","?","E","$","$","R","B"],"character_chosen":"IRONCLAD","items_purchased":["PreservedInsect","Membership Card","HornCleat","Fire Breathing","Sever Soul","Warcry","DollysMirror","Vajra","Lantern"],"campfire_rested":1,"item_purchase_floors":[7,28,37,37,37,37,39,47,48],"current_hp_per_floor":[78,78,80,80,80,80,80,77,77,72,72,67,67,53,53,15,64,70,70,67,61,50,50,56,61,61,61,61,67,67,67,67,12,63,69,48,48,54,54,54,60,60,60,63,63,22,22,22,46,0,0],"gold":39,"neow_bonus":"THREE_ENEMY_KILL","is_daily":false,"chose_seed":false,"campfire_upgraded":9,"win_rate":0.0,"timestamp":1611586072,"path_taken":["M","?","?","?","?","E","$","M","T","M","R","M","R","M","R","BOSS","M","?","M","?","?","R","E","M","T","R","$","M","R","?","R","BOSS","M","?","?","?","$","R","M","R","T","M","?","E","?","$","R","BOSS"],"items_purchased_type":["Relic","Relic","Relic","Card","Card","Card","Relic","Relic","Relic"],"build_version":"2020-12-22","purchased_purges":4,"victory":false,"max_hp_per_floor":[80,80,80,80,80,80,80,80,80,80,80,80,80,80,80,80,80,80,80,80,80,80,80,80,80,80,80,80,80,80,80,80,80,80,80,80,80,80,80,80,80,80,80,80,80,80,80,80,80,80,80],"card_choices":[{"not_picked":["Rage","Twin Strike","Disarm"],"picked":"SKIP","floor":1},{"not_picked":["Havoc","Shockwave"],"picked":"Battle Trance","floor":3},{"not_picked":["Thunderclap","Perfected Strike"],"picked":"Uppercut","floor":6},{"not_picked":["Cleave","Clothesline"],"picked":"Ghostly Armor","floor":8},{"not_picked":["Offering","Pommel Strike"],"picked":"Flame Barrier","floor":10},{"not_picked":["Searing Blow","Reckless Charge","Dual Wield"],"picked":"SKIP","floor":12},{"not_picked":["Infernal Blade","Cleave","Flex"],"picked":"SKIP","floor":14},{"not_picked":["Corruption","Feed"],"picked":"Immolate","floor":16},{"not_picked":["Intimidate","Wild Strike","Burning Pact"],"picked":"SKIP","floor":18},{"not_picked":["Combust+1","Clothesline"],"picked":"Spot Weakness","floor":20},{"not_picked":["Entrench","Anger","Headbutt"],"picked":"SKIP","floor":22},{"not_picked":["Pommel Strike","Entrench"],"picked":"True Grit","floor":24},{"not_picked":["Pommel Strike+1","Wild Strike","Clothesline+1"],"picked":"SKIP","floor":25},{"not_picked":["Twin Strike","Iron Wave","Feed","Entrench"],"picked":"SKIP","floor":29},{"not_picked":["Barricade","Juggernaut","Brutality"],"picked":"Immolate","floor":33},{"not_picked":["Heavy Blade+1","Clash+1","Feel No Pain","Twin Strike+1"],"picked":"SKIP","floor":35},{"not_picked":["Infernal Blade","Twin Strike","Heavy Blade+1"],"picked":"True Grit+1","floor":36},{"not_picked":["Rampage","Body Slam+1","Twin Strike+1","Intimidate"],"picked":"SKIP","floor":38},{"not_picked":["Twin Strike","Ghostly Armor","Flex","Carnage"],"picked":"SKIP","floor":41},{"not_picked":["Havoc+1","Shrug It Off+1","Sever Soul+1"],"picked":"Feel No Pain+1","floor":44},{"not_picked":["Feel No Pain+1","Infernal Blade+1","Pommel Strike+1"],"picked":"Demon Form","floor":46}],"player_experience":270518,"relics_obtained":[{"floor":5,"key":"Paper Frog"},{"floor":6,"key":"Bag of Marbles"},{"floor":9,"key":"Boot"},{"floor":24,"key":"Pen Nib"},{"floor":26,"key":"Question Card"},{"floor":31,"key":"Kunai"},{"floor":36,"key":"TungstenRod"},{"floor":43,"key":"Bottled Tornado"},{"floor":46,"key":"Toxic Egg 2"}],"event_choices":[{"damage_healed":0,"gold_gain":100,"player_choice":"Pray","damage_taken":0,"max_hp_gain":0,"max_hp_loss":0,"event_name":"Golden Shrine","floor":2,"gold_loss":0},{"damage_healed":0,"gold_gain":0,"cards_transformed":["Strike_R"],"player_choice":"Change","damage_taken":0,"max_hp_gain":0,"max_hp_loss":0,"event_name":"Living Wall","floor":4,"gold_loss":0,"cards_obtained":["Shockwave"]},{"damage_healed":0,"gold_gain":99,"player_choice":"Stole From Cult","damage_taken":0,"max_hp_gain":0,"max_hp_loss":0,"event_name":"Nest","floor":19,"gold_loss":0},{"damage_healed":0,"gold_gain":0,"player_choice":"","damage_taken":6,"max_hp_gain":0,"max_hp_loss":0,"event_name":"Knowing Skull","floor":21,"potions_obtained":[],"gold_loss":0,"cards_obtained":[]},{"damage_healed":0,"gold_gain":0,"player_choice":"Fight","damage_taken":0,"max_hp_gain":0,"max_hp_loss":0,"event_name":"Mysterious Sphere","floor":36,"gold_loss":0},{"damage_healed":0,"gold_gain":0,"player_choice":"1 cards matched","damage_taken":0,"max_hp_gain":0,"max_hp_loss":0,"event_name":"Match and Keep!","floor":45,"gold_loss":0,"cards_obtained":["Bash"]}],"is_beta":false,"boss_relics":[{"not_picked":["Black Blood","Runic Dome"],"picked":"Sozu"},{"not_picked":["Coffee Dripper","Pandora\u0027s Box"],"picked":"Mark of Pain"}],"items_purged_floors":[7,28,37,39],"is_endless":false,"potions_floor_spawned":[1,3,6,14,16,24,29,33,35,36,38,41],"killed_by":"Awakened One","ascension_level":6}}