{"host":"c44ey07ufggfw2m8","time":1611589915,"event":{"mods":["2.2 Compatiblity","BaseMod","Colored Map","DeckTracker","Highlight Path","Keyboard Shortcuts","Minty Spire (QoL Compilation)","Permanent Neow","Quick Restart","StSLib","SuperFastMode","UnlockEverythingMod"],"gold_per_floor":[114,129,140,65,80,80,109,109,109,109,123,139,139,153,153,256,256,270,288,288,302,124,39,51,66,66,93,93,106,106,139,139,240,240,260,260,277,55,68,118,118,152,231,231,259,272,117,136,136,136,136],"floor_reached":50,"language":"KOR","playtime":2959,"items_purged":["Strike_G","Dagger Throw"],"score":863,"play_id":"8e5f7d10-f7d0-45d8-9028-dbb442cb9d1f","local_time":"20210126005155","is_ascension_mode":true,"campfire_choices":[{"data":"Poisoned Stab","floor":6.0,"key":"SMITH"},{"data":"Footwork","floor":10.0,"key":"SMITH"},{"data":"Cloak And Dagger","floor":13.0,"key":"SMITH"},{"floor":15.0,"key":"REST"},{"data":"Adrenaline","floor":30.0,"key":"SMITH"},{"data":"Blade Dance","floor":32.0,"key":"SMITH"},{"data":"Bullet Time","floor":44,"key":"SMITH"},{"data":"Apotheosis","floor":49,"key":"SMITH"}],"circlet_count":0,"master_deck":["Survivor","Neutralize+1","Leg Sweep","Footwork+1","Acrobatics","Poisoned Stab+1","PiercingWail","Burst","Cloak And Dagger+1","Flying Knee","Blade Dance+1","Adrenaline+1","Malaise","Bouncing Flask","Calculated Gamble","Blade Dance","Leg Sweep","Escape Plan","Terror","Prepared","Accuracy","Prepared","Blur","Calculated Gamble+1","Storm of Steel","Backflip+1","Bullet Time+1","Prepared+1","Apotheosis+1","Prepared+1","Well Laid Plans","Flash of Steel+1","Adrenaline"],"relics":["Ring of the Snake","Whetstone","Toy Ornithopter","Pandora\u0027s Box","Enchiridion","Letter Opener","Eternal Feather","Boot","Darkstone Periapt","HoveringKite","Medical Kit","Dead Branch","Molten Egg 2","Centennial Puzzle"],"acts_visited":["Exordium","TheCity","TheBeyond"],"potions_floor_usage":[42,50,50],"damage_taken":[{"damage":0.0,"enemies":"Cultist","floor":1.0,"turns":5.0},{"damage":0.0,"enemies":"2 Louse","floor":2.0,"turns":5.0},{"damage":0.0,"enemies":"Jaw Worm","floor":3.0,"turns":6.0},{"damage":6.0,"enemies":"2 Fungi Beasts","floor":5.0,"turns":5.0},{"damage":16.0,"enemies":"Gremlin Nob","floor":7.0,"turns":3.0},{"damage":3.0,"enemies":"Exordium Wildlife","floor":11.0,"turns":5.0},{"damage":0.0,"enemies":"Looter","floor":12.0,"turns":4.0},{"damage":0.0,"enemies":"Lots of Slimes","floor":14.0,"turns":4.0},{"damage":41.0,"enemies":"Slime Boss","floor":16.0,"turns":14.0},{"damage":0.0,"enemies":"3 Byrds","floor":18.0,"turns":5.0},{"damage":10.0,"enemies":"2 Thieves","floor":19.0,"turns":5.0},{"damage":18.0,"enemies":"Cultist and Chosen","floor":21.0,"turns":8.0},{"damage":0.0,"enemies":"Snecko","floor":24.0,"turns":6.0},{"damage":1.0,"enemies":"Snake Plant","floor":25.0,"turns":5.0},{"damage":0.0,"enemies":"Slavers","floor":27.0,"turns":6.0},{"damage":0.0,"enemies":"3 Cultists","floor":29.0,"turns":4.0},{"damage":18.0,"enemies":"Gremlin Leader","floor":31.0,"turns":3.0},{"damage":16.0,"enemies":"Automaton","floor":33.0,"turns":8.0},{"damage":0.0,"enemies":"3 Darklings","floor":35.0,"turns":4.0},{"damage":10.0,"enemies":"3 Shapes","floor":37.0,"turns":3.0},{"damage":6.0,"enemies":"Jaw Worm Horde","floor":39.0,"turns":4.0},{"damage":0.0,"enemies":"Mind Bloom Boss Battle","floor":40.0,"turns":6.0},{"damage":18,"enemies":"Reptomancer","floor":42,"turns":4},{"damage":0,"enemies":"Giant Head","floor":45,"turns":2},{"damage":0,"enemies":"Writhing Mass","floor":46,"turns":3},{"damage":0,"enemies":"Spire Growth","floor":48,"turns":2},{"damage":88,"enemies":"Time Eater","floor":50,"turns":10}],"seed_played":"-3823744078191060525","potions_obtained":[{"floor":2.0,"key":"Energy Potion"},{"floor":3.0,"key":"FearPotion"},{"floor":7.0,"key":"Regen Potion"},{"floor":16.0,"key":"Regen Potion"},{"floor":19.0,"key":"DistilledChaos"},{"floor":24.0,"key":"DistilledChaos"},{"floor":29.0,"key":"Energy Potion"},{"floor":31.0,"key":"FearPotion"},{"floor":33.0,"key":"Swift Potion"},{"floor":40.0,"key":"LiquidMemories"},{"floor":42,"key":"AttackPotion"},{"floor":46,"key":"Energy Potion"}],"is_trial":false,"path_per_floor":["M","M","M","$","M","R","E","?","T","R","M","M","R","M","R","B",null,"M","M","?","M","$","?","M","M","T","E","?","M","R","E","R","B",null,"M","?","M","$","M","?","?","E","T","R","E","M","$","M","R","B"],"character_chosen":"THE_SILENT","items_purchased":["Accuracy","Medical Kit","Bullet Time","Well Laid Plans","Flash of Steel+1"],"campfire_rested":1,"item_purchase_floors":[22,38,38,47,47],"current_hp_per_floor":[45,45,45,45,39,39,23,23,23,23,20,20,20,20,41,25,59,59,49,33,40,40,40,40,39,39,44,31,31,43,25,37,26,63,63,63,53,53,47,47,47,34,34,49,49,49,49,49,67,0,0],"gold":136,"neow_bonus":"TRANSFORM_TWO_CARDS","is_daily":false,"chose_seed":false,"campfire_upgraded":7,"win_rate":0.0,"timestamp":1611589915,"path_taken":["M","M","M","?","M","R","E","?","T","R","M","M","R","?","R","BOSS","M","M","?","M","$","?","M","M","T","E","?","?","R","E","R","BOSS","M","?","M","$","M","?","?","E","T","R","E","M","$","M","R","BOSS"],"items_purchased_type":["Card","Relic","Card","Card","Card"],"build_version":"2020-12-22","purchased_purges":2,"victory":false,"max_hp_per_floor":[70,70,70,70,70,70,70,70,70,70,70,70,70,70,70,70,70,70,70,70,70,70,70,70,70,70,70,75,75,75,75,75,75,75,75,75,75,75,75,75,75,75,75,75,75,75,75,75,75,75,75],"card_choices":[{"not_picked":["Bane","Distraction"],"picked":"Acrobatics","floor":1.0},{"not_picked":["PiercingWail","Bane"],"picked":"Poisoned Stab","floor":2.0},{"not_picked":["PiercingWail","Flying Knee"],"picked":"Dagger Throw","floor":3.0},{"not_picked":["Leg Sweep","Finisher"],"picked":"PiercingWail","floor":5.0},{"not_picked":["Deadly Poison","Deflect"],"picked":"Burst","floor":7.0},{"not_picked":["Prepared","Slice"],"picked":"Cloak And Dagger","floor":11.0},{"not_picked":["Endless Agony","Cloak And Dagger"],"picked":"Flying Knee","floor":12.0},{"not_picked":["Deadly Poison","Escape Plan"],"picked":"Blade Dance","floor":14.0},{"not_picked":["A Thousand Cuts","Corpse Explosion"],"picked":"Adrenaline","floor":16.0},{"not_picked":["Outmaneuver","Catalyst","Blade Dance"],"picked":"SKIP","floor":18.0},{"not_picked":["Underhanded Strike","Catalyst"],"picked":"Terror","floor":19.0},{"not_picked":["Deflect","Bane"],"picked":"Prepared","floor":21.0},{"not_picked":["Sucker Punch+1","Setup+1"],"picked":"Prepared","floor":24.0},{"not_picked":["Leg Sweep","Heel Hook","Dodge and Roll"],"picked":"SKIP","floor":25.0},{"not_picked":["Acrobatics","Flying Knee"],"picked":"Blur","floor":27.0},{"not_picked":["Predator","Acrobatics","Dagger Throw+1"],"picked":"SKIP","floor":29.0},{"not_picked":["Leg Sweep+1","Catalyst"],"picked":"Calculated Gamble+1","floor":31.0},{"not_picked":["Night Terror","Corpse Explosion"],"picked":"Storm of Steel","floor":33.0},{"not_picked":["Distraction+1","Catalyst+1"],"picked":"Backflip+1","floor":35.0},{"not_picked":["Dodge and Roll","Underhanded Strike+1","Flying Knee+1"],"picked":"SKIP","floor":37.0},{"not_picked":["Bane+1","Setup","Bullet Time"],"picked":"SKIP","floor":39.0},{"not_picked":["Blur+1","Cloak And Dagger"],"picked":"Prepared+1","floor":40.0},{"not_picked":["Forethought","Flash of Steel"],"picked":"Apotheosis","floor":41.0},{"not_picked":["Underhanded Strike+1","Distraction","Deflect+1"],"picked":"SKIP","floor":42},{"not_picked":["Dagger Throw+1","Flying Knee+1"],"picked":"Prepared+1","floor":45},{"not_picked":["Dagger Throw+1","Blade Dance","Crippling Poison+1"],"picked":"SKIP","floor":46},{"not_picked":["Underhanded Strike+1","Prepared+1"],"picked":"Adrenaline","floor":48}],"player_experience":64261,"relics_obtained":[{"floor":7.0,"key":"Whetstone"},{"floor":9.0,"key":"Toy Ornithopter"},{"floor":20.0,"key":"Enchiridion"},{"floor":26.0,"key":"Eternal Feather"},{"floor":27.0,"key":"Boot"},{"floor":31.0,"key":"Darkstone Periapt"},{"floor":40.0,"key":"Dead Branch"},{"floor":42,"key":"Molten Egg 2"},{"floor":45,"key":"Centennial Puzzle"}],"event_choices":[{"cards_removed":["Strike_G"],"damage_healed":0.0,"max_hp_gain":0.0,"max_hp_loss":0.0,"gold_gain":0.0,"event_name":"Bonfire Elementals","player_choice":"Offered Basic","floor":8.0,"gold_loss":0.0,"damage_taken":0.0},{"damage_healed":0.0,"max_hp_gain":0.0,"max_hp_loss":0.0,"gold_gain":0.0,"event_name":"Cursed Tome","player_choice":"Obtained Book","floor":20.0,"gold_loss":0.0,"damage_taken":16.0},{"damage_healed":0.0,"max_hp_gain":0.0,"max_hp_loss":0.0,"gold_gain":0.0,"event_name":"Addict","player_choice":"Obtained Relic","floor":23.0,"gold_loss":85.0,"damage_taken":0.0,"relics_obtained":["Letter Opener"]},{"damage_healed":0.0,"max_hp_gain":5.0,"max_hp_loss":0.0,"gold_gain":0.0,"event_name":"Forgotten Altar","player_choice":"Shed Blood","floor":28.0,"gold_loss":0.0,"damage_taken":18.0},{"damage_healed":0.0,"max_hp_gain":0.0,"max_hp_loss":0.0,"gold_gain":0.0,"event_name":"Tomb of Lord Red Mask","player_choice":"Ignored","floor":36.0,"gold_loss":0.0,"damage_taken":0.0},{"damage_healed":0.0,"max_hp_gain":0.0,"max_hp_loss":0.0,"gold_gain":0.0,"event_name":"MindBloom","player_choice":"Fight","floor":40.0,"gold_loss":0.0,"damage_taken":0.0},{"damage_healed":0.0,"max_hp_gain":0.0,"max_hp_loss":0.0,"gold_gain":0.0,"event_name":"SensoryStone","player_choice":"Memory 1","floor":41.0,"gold_loss":0.0,"damage_taken":0.0}],"is_beta":false,"boss_relics":[{"not_picked":["Velvet Choker","Black Star"],"picked":"Pandora\u0027s Box"},{"not_picked":["Empty Cage","Astrolabe"],"picked":"HoveringKite"}],"items_purged_floors":[4,22],"is_endless":false,"potions_floor_spawned":[2,3,7,16,19,24,29,31,33,40,42,45,46,48],"killed_by":"Time Eater","ascension_level":7}}