{"host":"9slw7l0ws16384qq","time":1611588066,"event":{"mods":["A Penny For Your Troubles","BaseMod","Clockwork Mod","Colored Map","Evolution","Hubris","Minty Spire (QoL Compilation)","Replay The Spire","Shedinja","StS++","StSLib","The Dragon Tamer","The Marked"],"gold_per_floor":[116,116,116,132,57,57,92,105,105,105,130,144,172,184,184,288,288,306,4,20,33,49,49,64,64,64,64,17,17,17,17,17,117,117,127,127,127,146,161,186,199,199,224,224,234,234,252,265,265,266],"floor_reached":51,"language":"FRA","playtime":1612,"items_purged":["Dodge and Roll"],"score":999,"play_id":"009ef3f6-6f16-44fc-85fc-b3a078b68f8f","local_time":"20210125162106","is_ascension_mode":false,"campfire_choices":[{"data":"StSpp:PoisonousPunch","floor":6,"key":"SMITH"},{"data":"Neutralize","floor":15,"key":"SMITH"},{"data":"StSpp:PoisonousPunch","floor":23,"key":"SMITH"},{"data":"StSpp:PoisonousPunch","floor":25,"key":"SMITH"},{"data":"Quick Slash","floor":29,"key":"SMITH"},{"data":"StSpp:PoisonousPunch","floor":32,"key":"SMITH"},{"data":"Searing Blow","floor":44,"key":"SMITH"},{"data":"Searing Blow+1","floor":46,"key":"SMITH"},{"data":"Searing Blow+2","floor":49,"key":"SMITH"}],"circlet_count":0,"master_deck":["StSpp:PoisonousPunch+1","StSpp:PoisonousPunch+1","StSpp:PoisonousPunch+1","StSpp:PoisonousPunch+1","StSpp:PoisonousPunch","Dodge and Roll","Dodge and Roll","Dodge and Roll","Dodge and Roll","Survivor","Neutralize+1","Footwork","Corpse Explosion+1","Blade Dance+1","Sucker Punch+1","Blade Dance+1","Poisoned Stab+1","Dash+1","Necronomicurse","Quick Slash+1","Searing Blow+3","Die Die Die","Poisoned Stab+1","Slice+1","Quick Slash+1","Catalyst+1","Blade Dance+1","Catalyst+1","StSpp:ChainedTrap+1","Sucker Punch+1","Envenom"],"relics":["Ring of the Snake","EVO:Axolotl","Orichalcum","Bottled Flame","Bag of Preparation","StSpp:WoodenPendulum","Toxic Egg 2","Replay:Grab Bag","Painkiller Herb","hubris:VirtuousBlindfold","hubris:BlackHole","Strange Spoon","Snake Skull","hubris:PeanutButter","Necronomicon","Runic Pyramid","hubris:Metronome","Replay:Mystery Machine"],"acts_visited":["Exordium","TheCity","TheBeyond"],"potions_floor_usage":[33,50,50,50],"damage_taken":[{"damage":1,"enemies":"2 Louse","floor":1,"turns":2},{"damage":0,"enemies":"Small Slimes","floor":4,"turns":3},{"damage":2,"enemies":"Gremlin Nob","floor":7,"turns":4},{"damage":0,"enemies":"Jaw Worm","floor":8,"turns":4},{"damage":14,"enemies":"3 Sentries","floor":11,"turns":10},{"damage":0,"enemies":"Large Slime","floor":12,"turns":4},{"damage":14,"enemies":"Lagavulin","floor":13,"turns":3},{"damage":0,"enemies":"3 Louse","floor":14,"turns":4},{"damage":14,"enemies":"Fading Forest","floor":16,"turns":11},{"damage":0,"enemies":"Shell Parasite","floor":18,"turns":2},{"damage":0,"enemies":"2 Thieves","floor":20,"turns":2},{"damage":0,"enemies":"Snecko","floor":21,"turns":2},{"damage":0,"enemies":"Shelled Parasite and Fungi","floor":22,"turns":2},{"damage":0,"enemies":"3 Cultists","floor":24,"turns":2},{"damage":27,"enemies":"Pondfish","floor":33,"turns":7},{"damage":0,"enemies":"Orb Walker","floor":35,"turns":1},{"damage":0,"enemies":"3 Darklings","floor":38,"turns":1},{"damage":0,"enemies":"Sphere and 2 Shapes","floor":39,"turns":2},{"damage":6,"enemies":"R_Hoarder","floor":40,"turns":3},{"damage":0,"enemies":"4 Shapes","floor":41,"turns":2},{"damage":0,"enemies":"3 Darklings","floor":45,"turns":1},{"damage":0,"enemies":"Jaw Worm Horde","floor":47,"turns":3},{"damage":0,"enemies":"Transient","floor":48,"turns":5},{"damage":3,"enemies":"hubris:GrandSnecko","floor":50,"turns":3}],"seed_played":"-2351485581921518609","potions_obtained":[{"floor":4,"key":"GamblersBrew"},{"floor":11,"key":"Toxic Potion"},{"floor":13,"key":"PowerPotion"},{"floor":14,"key":"Elixir"},{"floor":18,"key":"Explosive Potion"},{"floor":35,"key":"AttackPotion"}],"is_trial":false,"path_per_floor":["M","?","?","M","$","R","E","M","T","?","E","M","E","M","R","B",null,"?","T","?","?","?","T","?","T","T","?","T","T","?","?","T","B",null,"?","T","?","?","?","E","?","?","T","T","?","T","?","?","T","B",null],"character_chosen":"THE_SILENT","items_purchased":["Strange Spoon","Snake Skull","Quick Slash"],"campfire_rested":0,"item_purchase_floors":[19,19,28],"current_hp_per_floor":[83,83,83,83,83,83,81,81,81,81,67,67,53,53,53,63,84,84,84,84,84,84,84,84,84,84,68,74,80,84,84,84,57,84,84,84,84,84,84,78,84,84,84,84,84,84,84,84,84,81],"gold":266,"neow_bonus":"TEN_PERCENT_HP_BONUS","is_daily":false,"chose_seed":false,"campfire_upgraded":9,"win_rate":0.0,"timestamp":1611588066,"path_taken":["M","?","?","M","$","R","E","M","T","?","E","M","E","?","R","BOSS","?","T","?","?","?","T","?","T","T","?","T","T","?","?","T","BOSS","?","T","?","?","?","E","?","?","T","T","?","T","?","?","T","BOSS"],"items_purchased_type":["Relic","Relic","Card"],"build_version":"2020-12-22","purchased_purges":1,"victory":true,"max_hp_per_floor":[84,84,84,84,84,84,84,84,84,84,84,84,84,84,84,84,84,84,84,84,84,84,84,84,84,84,84,84,84,84,84,84,84,84,84,84,84,84,84,84,84,84,84,84,84,84,84,84,84,84],"card_choices":[{"not_picked":["Deflect","Prepared","Bane"],"picked":"SKIP","floor":1},{"not_picked":["Deflect","Cloak And Dagger"],"picked":"Footwork","floor":4},{"not_picked":["Concentrate","Endless Agony","StSpp:Dive"],"picked":"SKIP","floor":7},{"not_picked":["Deflect","Concentrate","Reflex"],"picked":"SKIP","floor":8},{"not_picked":["Caltrops","Hidden Blade","Slice"],"picked":"SKIP","floor":11},{"not_picked":["Flechettes","Quick Slash","Heel Hook","Expertise","Bane"],"picked":"SKIP","floor":12},{"not_picked":["Distraction+1","StSpp:Throw+1","StSpp:StrikeFirst","All Out Attack","Bane"],"picked":"SKIP","floor":13},{"not_picked":["Underhanded Strike","Tools of the Trade","StSpp:PoisonousPunch","Masterful Stab","Finisher"],"picked":"SKIP","floor":14},{"not_picked":["Grand Finale","Night Terror+1","A Thousand Cuts","Glass Knife"],"picked":"Corpse Explosion+1","floor":16},{"not_picked":["Reflex+1","Cloak And Dagger+1","Dodge and Roll+1","Fluid Movement"],"picked":"Blade Dance+1","floor":18},{"not_picked":["Footwork+1","StSpp:FiercePoison+1","Dagger Throw","Deflect+1"],"picked":"Sucker Punch+1","floor":20},{"not_picked":["hubris:TrickCloak+1","Poisoned Stab","StSpp:Dive+1","Sneak Up+1"],"picked":"Blade Dance+1","floor":21},{"not_picked":["PiercingWail+1","Accuracy","Flying Knee+1","StSpp:Anticipation+1"],"picked":"Poisoned Stab+1","floor":22},{"not_picked":["Dodge and Roll+1","Prepared+1","StSpp:Dive+1","Finisher"],"picked":"Dash+1","floor":24},{"not_picked":["Replay:Bag of Tricks+1","Envenom","A Thousand Cuts","StSpp:AbandonFlesh+1"],"picked":"Die Die Die","floor":33},{"not_picked":["ReplayTheSpireMod:Tripwire+1","StSpp:Dive+1","Cloak And Dagger+1","Dagger Throw"],"picked":"Poisoned Stab+1","floor":35},{"not_picked":["ReplayTheSpireMod:Tripwire+1","StSpp:Dive+1","StSpp:TimeParadox+1","Dodge and Roll+1"],"picked":"Slice+1","floor":38},{"not_picked":["Doppelganger+1","Fluid Movement+1","Slice","Bane+1"],"picked":"Quick Slash+1","floor":39},{"not_picked":["Footwork+1","Poisoned Stab","Riddle With Holes","Quick Slash"],"picked":"Catalyst+1","floor":40},{"not_picked":["Dagger Throw","PiercingWail+1","Acrobatics+1","Cloak And Dagger+1"],"picked":"Blade Dance+1","floor":41},{"not_picked":["Outmaneuver+1","Tactician+1","Distraction+1","Acrobatics+1"],"picked":"StSpp:ChainedTrap+1","floor":45},{"not_picked":["Prepared+1","Flying Knee","Outmaneuver+1","hubris:SlightOfHand+1"],"picked":"Sucker Punch+1","floor":47},{"not_picked":["hubris:SlightOfHand+1","Acrobatics+1","Dagger Spray","Dagger Throw+1"],"picked":"Envenom","floor":48}],"player_experience":1790586,"relics_obtained":[{"floor":7,"key":"Orichalcum"},{"floor":9,"key":"Bottled Flame"},{"floor":11,"key":"StSpp:WoodenPendulum"},{"floor":13,"key":"Toxic Egg 2"},{"floor":26,"key":"hubris:PeanutButter"},{"floor":27,"key":"Necronomicon"},{"floor":40,"key":"hubris:Metronome"},{"floor":43,"key":"Replay:Mystery Machine"}],"event_choices":[{"damage_healed":0,"gold_gain":0,"player_choice":"Obtained Book","damage_taken":16,"max_hp_gain":0,"max_hp_loss":0,"event_name":"Cursed Tome","floor":27,"gold_loss":0},{"damage_healed":0,"gold_gain":0,"player_choice":"Simplicity","damage_taken":0,"max_hp_gain":0,"max_hp_loss":0,"event_name":"Back to Basics","floor":30,"gold_loss":0,"cards_upgraded":[]},{"damage_healed":0,"gold_gain":0,"player_choice":"Read","damage_taken":0,"max_hp_gain":0,"max_hp_loss":0,"event_name":"The Library","floor":31,"gold_loss":0,"cards_obtained":["Searing Blow"]},{"damage_healed":0,"gold_gain":0,"player_choice":"Copied","damage_taken":0,"max_hp_gain":0,"max_hp_loss":0,"event_name":"Duplicator","floor":42,"gold_loss":0,"cards_obtained":["Catalyst"]}],"is_beta":false,"boss_relics":[{"not_picked":["Runic Dome","Philosopher\u0027s Stone"],"picked":"Replay:Grab Bag"},{"not_picked":["Replay:Wanted Poster","Cursed Key"],"picked":"Painkiller Herb"},{"not_picked":["Coffee Dripper","hubris:RunicObelisk"],"picked":"hubris:VirtuousBlindfold"},{"not_picked":["StSpp:PileOfSugar","Snecko Scales"],"picked":"hubris:BlackHole"},{"not_picked":["Abe\u0027s Treasure","Astrolabe"],"picked":"Runic Pyramid"}],"items_purged_floors":[5],"is_endless":false,"potions_floor_spawned":[4,11,13,14,18,20,35,39,40,41],"ascension_level":0}}