{"host":"70zhvo5nwrhp1mbg","time":1611610639,"event":{"mods":["BaseMod","Colored Map","Colored Powertips","Filter the Spire","Highlight Path","Minty Spire (QoL Compilation)","Rare Cards Sparkle","StSLib"],"gold_per_floor":[116,116,126,91,111,146,146,157,157,8,34,47,47,0,0,0,0],"floor_reached":16,"language":"ENG","playtime":964,"items_purged":[],"score":174,"play_id":"1901bb85-4871-4a3c-b6a4-2a6dcffcfdad","local_time":"20210125163719","is_ascension_mode":true,"campfire_choices":[{"data":"Bash","floor":7,"key":"SMITH"},{"data":"Shockwave","floor":15,"key":"SMITH"}],"circlet_count":0,"master_deck":["Strike_R","Strike_R","Strike_R","Strike_R","Strike_R","Defend_R","Defend_R","Defend_R","Defend_R","Bash+1","Shrug It Off","Anger","Perfected Strike","Iron Wave","Headbutt","Heavy Blade","Shockwave+1"],"relics":["Burning Blood","Boot","Pear","Sling","Thread and Needle"],"acts_visited":["Exordium"],"potions_floor_usage":[11,16],"damage_taken":[{"damage":24,"enemies":"Jaw Worm","floor":1,"turns":5},{"damage":8,"enemies":"2 Louse","floor":3,"turns":3},{"damage":0,"enemies":"Small Slimes","floor":5,"turns":4},{"damage":24,"enemies":"Gremlin Nob","floor":6,"turns":4},{"damage":16,"enemies":"3 Louse","floor":8,"turns":4},{"damage":33,"enemies":"Lagavulin","floor":11,"turns":5},{"damage":8,"enemies":"Large Slime","floor":12,"turns":6},{"damage":48,"enemies":"Slime Boss","floor":16,"turns":8}],"seed_played":"-8946045463980434723","potions_obtained":[{"floor":8,"key":"SkillPotion"},{"floor":11,"key":"FearPotion"}],"is_trial":false,"path_per_floor":["M","?","M","?","M","E","R","M","T","$","E","M","$","?","R","B"],"character_chosen":"IRONCLAD","items_purchased":["Sling"],"campfire_rested":0,"item_purchase_floors":[10],"current_hp_per_floor":[62,62,60,82,88,70,70,60,70,70,43,41,41,41,41,0,0],"gold":0,"neow_bonus":"TEN_PERCENT_HP_BONUS","is_daily":false,"chose_seed":false,"campfire_upgraded":2,"win_rate":0.0,"timestamp":1611610639,"path_taken":["M","?","M","?","M","E","R","M","T","$","E","M","?","?","R","BOSS"],"items_purchased_type":["Relic"],"build_version":"2020-12-22","purchased_purges":0,"victory":false,"max_hp_per_floor":[88,88,88,88,88,88,88,88,98,98,98,98,98,98,98,98,98],"card_choices":[{"not_picked":["Body Slam","Dual Wield"],"picked":"Shrug It Off","floor":1},{"not_picked":["Carnage","Entrench"],"picked":"Anger","floor":3},{"not_picked":["Havoc","Twin Strike"],"picked":"Perfected Strike","floor":5},{"not_picked":["Dropkick","Pommel Strike"],"picked":"Iron Wave","floor":6},{"not_picked":["Perfected Strike","Cleave"],"picked":"Headbutt","floor":8},{"not_picked":["Havoc","Body Slam"],"picked":"Heavy Blade","floor":11},{"not_picked":["Armaments","Clash"],"picked":"Shockwave","floor":12}],"player_experience":483085,"relics_obtained":[{"floor":6,"key":"Boot"},{"floor":9,"key":"Pear"},{"floor":11,"key":"Thread and Needle"}],"event_choices":[{"damage_healed":0,"gold_gain":0,"player_choice":"Ignored","damage_taken":0,"max_hp_gain":0,"max_hp_loss":0,"event_name":"Golden Wing","floor":2,"gold_loss":0},{"damage_healed":22,"gold_gain":0,"player_choice":"Healed","damage_taken":0,"max_hp_gain":0,"max_hp_loss":0,"event_name":"The Cleric","floor":4,"gold_loss":35},{"damage_healed":0,"gold_gain":0,"player_choice":"Left Gold","damage_taken":0,"max_hp_gain":0,"max_hp_loss":0,"event_name":"World of Goop","floor":14,"gold_loss":47}],"is_beta":false,"boss_relics":[],"items_purged_floors":[],"is_endless":false,"potions_floor_spawned":[8,11],"killed_by":"Slime Boss","ascension_level":7}}