{"host":"4mwxwqvoirj3cq7x","time":1611616621,"event":{"mods":["BaseMod","Downfall","Minty Spire (QoL Compilation)","Quick Restart","StSLib","The Marked"],"gold_per_floor":[99,114,389,403,132,164,164,195,213,229,257,319,219,230,241,241,241,241],"floor_reached":16,"language":"ZHS","playtime":912,"items_purged":["Regret"],"score":169,"play_id":"56a903c1-3162-4a35-92be-60aa58b0c29b","local_time":"20210126071701","is_ascension_mode":true,"campfire_choices":[{"data":"hexamod:Float","floor":1,"key":"SMITH"},{"data":"expansioncontent:QuickStudy","floor":13,"key":"SMITH"}],"circlet_count":0,"master_deck":["hexamod:Strike","hexamod:Strike","hexamod:Strike","hexamod:Strike","hexamod:Defend","hexamod:Defend","hexamod:Defend","hexamod:Defend","hexamod:Sear","hexamod:Float+1","hexamod:Haunt","hexamod:NightmareStrike","hexamod:SkipABeat","hexamod:StepThrough","expansioncontent:QuickStudy+1","hexamod:AdvancingGuard","hexamod:GhostOfSpireFuture","hexamod:FirstSeal","hexamod:PhantomCloak","hexamod:GhostOfSpirePast"],"relics":["hexamod:SpiritBrand","Juzu Bracelet","Mummified Hand","Gremlin Horn","Akabeko","Shuriken","downfall:HeartBlessingGreen"],"acts_visited":["Exordium"],"potions_floor_usage":[12,16,16],"damage_taken":[{"damage":5,"enemies":"2 Louse","floor":2,"turns":2},{"damage":0,"enemies":"Cultist","floor":4,"turns":3},{"damage":5,"enemies":"downfall:FleeingMerchant","floor":5,"turns":4},{"damage":8,"enemies":"Gremlin Nob","floor":6,"turns":4},{"damage":0,"enemies":"3 Sentries","floor":8,"turns":6},{"damage":0,"enemies":"Jaw Worm","floor":9,"turns":2},{"damage":0,"enemies":"Exordium Thugs","floor":10,"turns":3},{"damage":4,"enemies":"Lagavulin","floor":11,"turns":5},{"damage":0,"enemies":"3 Sentries","floor":12,"turns":1},{"damage":0,"enemies":"Red Slaver","floor":14,"turns":2},{"damage":0,"enemies":"Blue Slaver","floor":15,"turns":1},{"damage":96,"enemies":"DF_ARCHETYPE_STREAMLINE","floor":16,"turns":14}],"seed_played":"7389014969116402968","potions_obtained":[{"floor":6,"key":"Weak Potion"},{"floor":8,"key":"SkillPotion"},{"floor":9,"key":"Ancient Potion"},{"floor":14,"key":"SpeedPotion"}],"is_trial":false,"path_per_floor":["R","M","?","M","$","E","T","E","M","M","E","?","R","M","M","B"],"character_chosen":"THE_SPIRIT","items_purchased":["expansioncontent:QuickStudy"],"campfire_rested":0,"item_purchase_floors":[5],"current_hp_per_floor":[70,65,65,65,60,52,52,52,52,59,62,62,62,69,69,0,0,0],"gold":241,"neow_bonus":"THREE_CARDS","is_daily":false,"chose_seed":false,"campfire_upgraded":2,"win_rate":0.0,"timestamp":1611616621,"path_taken":["R","M","?","M","$","E","T","E","M","M","E","?","R","M","M","BOSS"],"items_purchased_type":["Card"],"build_version":"2020-12-22","purchased_purges":1,"victory":false,"max_hp_per_floor":[70,70,70,70,70,70,70,70,70,70,70,70,70,70,70,70,70,70],"card_choices":[{"not_picked":["hexamod:NecessarySacrifice","hexamod:GhostLash"],"picked":"hexamod:Haunt","floor":0},{"not_picked":["hexamod:AdvancingGuard","hexamod:Haunt"],"picked":"hexamod:NightmareStrike","floor":2},{"not_picked":["hexamod:StepThrough","hexamod:GhostOfSpirePast"],"picked":"hexamod:SkipABeat","floor":4},{"not_picked":["hexamod:ShieldOfDarkness","hexamod:NightmareStrike"],"picked":"hexamod:StepThrough","floor":5},{"not_picked":["hexamod:GhostShield","hexamod:SwordOfDarkness"],"picked":"hexamod:AdvancingGuard","floor":6},{"not_picked":["hexamod:GhostLash","hexamod:Rewind"],"picked":"hexamod:GhostOfSpireFuture","floor":8},{"not_picked":["hexamod:Firestarter","hexamod:ShieldOfDarkness"],"picked":"hexamod:FirstSeal","floor":9},{"not_picked":["hexamod:PhantomFireball","hexamod:SuperheatedStrike"],"picked":"hexamod:PhantomCloak","floor":10},{"not_picked":["hexamod:GhostShield","hexamod:BurningTouch","hexamod:HauntingEcho"],"picked":"SKIP","floor":11},{"not_picked":["hexamod:GhostShield","hexamod:SuperheatedStrike"],"picked":"hexamod:GhostOfSpirePast","floor":12},{"not_picked":["hexamod:GhostflameInferno","hexamod:CatchUp","hexamod:InspiringFlames"],"picked":"SKIP","floor":14},{"not_picked":["hexamod:NecessarySacrifice","hexamod:BurningTouch","hexamod:GhostLash"],"picked":"SKIP","floor":15}],"player_experience":625624,"relics_obtained":[{"floor":6,"key":"Juzu Bracelet"},{"floor":7,"key":"Mummified Hand"},{"floor":8,"key":"Gremlin Horn"},{"floor":11,"key":"Akabeko"},{"floor":12,"key":"Shuriken"}],"event_choices":[],"is_beta":false,"boss_relics":[],"items_purged_floors":[5],"is_endless":false,"potions_floor_spawned":[6,8,9,14,15],"killed_by":"DF_ARCHETYPE_STREAMLINE","ascension_level":3}}