{"host":"q206iib20se9i6w7","time":1611615391,"event":{"mods":["AchievementEnabler","BaseMod","Bestiary","Block Reminder","Colored Map","Colored Powertips","Curses Come First","Highlight Path","Key Reminder","Minty Spire (QoL Compilation)","Quick Restart","Random Character Button","Relic Stats","StSLib","SuperFastMode","Unceasing Turn Reminder"],"gold_per_floor":[114,114,126,44,63,95,95,123,123,223,238,256,282,302,302,403,403,420,439,449,449,449],"floor_reached":21,"language":"ENG","playtime":1153,"items_purged":[],"score":294,"play_id":"b322fa76-1eb4-46f3-9f11-834582a57be3","local_time":"20210125165631","is_ascension_mode":true,"campfire_choices":[{"floor":7,"key":"REST"},{"data":"Establishment","floor":15,"key":"SMITH"}],"circlet_count":0,"master_deck":["Strike_P","Strike_P","Strike_P","Strike_P","Defend_P","Defend_P","Defend_P","Defend_P","Eruption","Vigilance","Establishment+1","Consecrate","EmptyBody","Tantrum","ClearTheMind","Indignation","WheelKick","Protect","DeceiveReality","FlurryOfBlows","Scrawl","SandsOfTime","EmptyFist+1","WindmillStrike+1"],"relics":["PureWater","Pantograph","StrikeDummy","Singing Bowl","FossilizedHelix","VioletLotus"],"acts_visited":["Exordium","TheCity"],"potions_floor_usage":[6,16,16,19,20,21,21],"damage_taken":[{"damage":1,"enemies":"2 Louse","floor":1,"turns":4},{"damage":1,"enemies":"Jaw Worm","floor":3,"turns":5},{"damage":0,"enemies":"Cultist","floor":5,"turns":3},{"damage":48,"enemies":"Gremlin Nob","floor":6,"turns":4},{"damage":15,"enemies":"3 Sentries","floor":8,"turns":4},{"damage":10,"enemies":"Gremlin Gang","floor":11,"turns":3},{"damage":5,"enemies":"Exordium Wildlife","floor":12,"turns":4},{"damage":4,"enemies":"Lagavulin","floor":13,"turns":7},{"damage":0,"enemies":"Red Slaver","floor":14,"turns":2},{"damage":7,"enemies":"Hexaghost","floor":16,"turns":7},{"damage":12,"enemies":"2 Thieves","floor":18,"turns":3},{"damage":4,"enemies":"3 Byrds","floor":19,"turns":4},{"damage":15,"enemies":"Shelled Parasite and Fungi","floor":20,"turns":5},{"damage":46,"enemies":"Chosen and Byrds","floor":21,"turns":6}],"seed_played":"-8300888668009855520","potions_obtained":[{"floor":1,"key":"Swift Potion"},{"floor":6,"key":"StancePotion"},{"floor":11,"key":"Energy Potion"},{"floor":14,"key":"SteroidPotion"},{"floor":16,"key":"BottledMiracle"},{"floor":18,"key":"Weak Potion"},{"floor":20,"key":"Explosive Potion"}],"is_trial":false,"path_per_floor":["M","?","M","$","M","E","R","E","T","?","M","M","E","M","R","B",null,"M","M","M","M"],"character_chosen":"WATCHER","items_purchased":["Tantrum","ClearTheMind"],"campfire_rested":1,"item_purchase_floors":[4,4],"current_hp_per_floor":[64,69,68,68,68,20,43,28,28,28,18,15,13,13,13,31,69,57,53,38,0,0],"gold":449,"neow_bonus":"ONE_RANDOM_RARE_CARD","is_daily":false,"chose_seed":false,"campfire_upgraded":1,"win_rate":0.0,"timestamp":1611615391,"path_taken":["M","?","M","$","M","E","R","E","T","?","?","M","E","M","R","BOSS","M","M","?","M"],"items_purchased_type":["Card","Card"],"build_version":"2020-12-22","purchased_purges":0,"victory":false,"max_hp_per_floor":[72,77,77,77,77,77,77,77,77,77,77,79,81,81,81,81,81,81,81,81,81,81],"relic_stats":{"Singing Bowl":4,"counters":[14,61],"Pantograph":25,"VioletLotus":[6],"obtain_stats":[{"Singing Bowl":9,"Pantograph":6,"VioletLotus":17,"PureWater":0,"StrikeDummy":8,"FossilizedHelix":13},{"Singing Bowl":5,"Pantograph":4,"VioletLotus":10,"PureWater":0,"StrikeDummy":5,"FossilizedHelix":8},{"Singing Bowl":20,"Pantograph":16,"VioletLotus":43,"PureWater":0,"StrikeDummy":20,"FossilizedHelix":34}]},"card_choices":[{"not_picked":["Prostrate","Halt"],"picked":"Consecrate","floor":1},{"not_picked":["Protect","FollowUp"],"picked":"EmptyBody","floor":3},{"not_picked":["JustLucky","PathToVictory"],"picked":"Indignation","floor":5},{"not_picked":["Wireheading","SashWhip"],"picked":"WheelKick","floor":6},{"not_picked":["Vengeance","LikeWater"],"picked":"Protect","floor":8},{"not_picked":["Alpha","Vengeance"],"picked":"DeceiveReality","floor":11},{"not_picked":["SandsOfTime","Consecrate","WreathOfFlame"],"picked":"Singing Bowl","floor":12},{"not_picked":["ClearTheMind","Halt","Consecrate"],"picked":"Singing Bowl","floor":13},{"not_picked":["SashWhip","ThirdEye"],"picked":"FlurryOfBlows","floor":14},{"not_picked":["SpiritShield","Judgement"],"picked":"Scrawl","floor":16},{"not_picked":["FlurryOfBlows","MentalFortress"],"picked":"SandsOfTime","floor":18},{"not_picked":["CrushJoints","ForeignInfluence"],"picked":"EmptyFist+1","floor":19},{"not_picked":["Consecrate","Halt"],"picked":"WindmillStrike+1","floor":20}],"player_experience":275798,"relics_obtained":[{"floor":6,"key":"Pantograph"},{"floor":8,"key":"StrikeDummy"},{"floor":9,"key":"Singing Bowl"},{"floor":13,"key":"FossilizedHelix"}],"event_choices":[{"damage_healed":0,"gold_gain":0,"player_choice":"Donut","damage_taken":0,"max_hp_gain":5,"max_hp_loss":0,"event_name":"Big Fish","floor":2,"gold_loss":0},{"damage_healed":0,"gold_gain":100,"player_choice":"Pray","damage_taken":0,"max_hp_gain":0,"max_hp_loss":0,"event_name":"Golden Shrine","floor":10,"gold_loss":0}],"is_beta":false,"boss_relics":[{"not_picked":["Fusion Hammer","Runic Pyramid"],"picked":"VioletLotus"}],"items_purged_floors":[],"is_endless":false,"potions_floor_spawned":[1,6,11,14,16,18,20],"killed_by":"Chosen and Byrds","ascension_level":9}}