{"host":"8p5c6x4qt9411139","time":1611559762,"event":{"mods":["Aspiration","BaseMod","Infinite Spire","Minty Spire (QoL Compilation)","Replay The Spire","Shop Mod","StSLib","The Animator"],"gold_per_floor":[118,118,118,118,218,218,243,243,263,263,263,263,274,274,274,287,314,325,325,420,420,430,440,365,380,380,380],"floor_reached":26,"language":"ENG","playtime":646,"items_purged":[],"score":346,"play_id":"2f2c274f-8b6c-406f-b3a3-c20c11bae506","local_time":"20210124232922","is_ascension_mode":true,"campfire_choices":[{"data":"Perfected Strike","floor":6,"key":"SMITH"},{"floor":8,"key":"REST"},{"data":"Bash","floor":10,"key":"SMITH"},{"data":"Perfected Strike","floor":12,"key":"SMITH"},{"floor":19,"key":"REST"}],"circlet_count":0,"master_deck":["AscendersBane","Strike_R","Strike_R","Strike_R","Strike_R","Strike_R","Defend_R","Defend_R","Defend_R","Bash+1","Perfected Strike+1","Hemogenesis","Perfected Strike+1","Shockwave","Twin Strike","Demonic Infusion","Headbutt","Twin Strike","Anger"],"relics":["Burning Blood","aspiration:Nostalgia","infinitespire:DarkRift","Bag of Preparation","Bottled Flame","InkBottle","White Beast Statue","Fusion Hammer"],"acts_visited":["Exordium","TheCity"],"potions_floor_usage":[16,16,20,25],"damage_taken":[{"damage":4.0,"enemies":"Small Slimes","floor":1.0,"turns":4.0},{"damage":60,"enemies":"Lagavulin","floor":7,"turns":8},{"damage":7,"enemies":"2 Louse","floor":9,"turns":3},{"damage":1,"enemies":"infinitespire:Voidling","floor":13,"turns":2},{"damage":2,"enemies":"3 Louse","floor":16,"turns":4},{"damage":42,"enemies":"3 Sentries","floor":17,"turns":8},{"damage":7,"enemies":"Looter","floor":18,"turns":3},{"damage":46,"enemies":"Hexaghost","floor":20,"turns":9},{"damage":3,"enemies":"Spheric Guardian","floor":22,"turns":3},{"damage":2,"enemies":"Chosen","floor":23,"turns":3},{"damage":14,"enemies":"Centurion and Healer","floor":25,"turns":3},{"damage":71,"enemies":"Sentry and Sphere","floor":26,"turns":6}],"seed_played":"1438043788","potions_obtained":[{"floor":9,"key":"Elixir"},{"floor":13,"key":"LifebloodPotion"},{"floor":18,"key":"Venom Potion"},{"floor":20,"key":"Energy Potion"},{"floor":22,"key":"Swift Potion"},{"floor":25,"key":"Doom Potion"}],"is_trial":false,"path_per_floor":["M","?","?","?","?","R","E","R","M","R","T","R","M","PTL","PTL","M","E","M","R","B",null,"M","M","?","M","M"],"character_chosen":"IRONCLAD","items_purchased":[],"campfire_rested":2,"item_purchase_floors":[],"current_hp_per_floor":[74,62,62,62,62,62,8,32,36,36,36,36,41,41,41,50,19,18,42,7,62,65,69,69,61,0,0],"gold":380,"neow_bonus":"NOSTALGIA","is_daily":false,"chose_seed":true,"campfire_upgraded":3,"win_rate":0.0,"timestamp":1611559762,"path_taken":["M","?","?","?","?","R","E","R","M","R","T","R","M","PTL","PTL","M","E","M","R","BOSS","M","?","?","M","M"],"items_purchased_type":[],"build_version":"2020-12-22","purchased_purges":0,"victory":false,"max_hp_per_floor":[80,80,80,80,80,80,80,80,80,80,80,80,80,80,80,80,80,80,80,80,80,80,80,80,80,80,80],"card_choices":[{"not_picked":["Pommel Strike","Armaments"],"picked":"Perfected Strike","floor":1.0},{"not_picked":["Spot Weakness","Life Link"],"picked":"Hemogenesis","floor":7},{"not_picked":["Disarm","Bloodletting"],"picked":"Perfected Strike","floor":9},{"not_picked":["Seeing Red","Clothesline"],"picked":"Shockwave","floor":13},{"not_picked":["Armaments","Flex","Iron Wave"],"picked":"SKIP","floor":16},{"not_picked":["Power Through","Rampage","Feel No Pain"],"picked":"SKIP","floor":17},{"not_picked":["Inflame","Cleave"],"picked":"Twin Strike","floor":18},{"not_picked":["Corruption","Barricade"],"picked":"Demonic Infusion","floor":20},{"not_picked":["Heavy Blade","Run Through"],"picked":"Headbutt","floor":22},{"not_picked":["Wild Strike","Feel No Pain"],"picked":"Twin Strike","floor":23},{"not_picked":["Headbutt","Armaments"],"picked":"Anger","floor":25}],"player_experience":393395,"relics_obtained":[{"floor":7,"key":"Bottled Flame"},{"floor":11,"key":"InkBottle"},{"floor":17,"key":"White Beast Statue"}],"event_choices":[{"damage_healed":0.0,"max_hp_gain":0.0,"max_hp_loss":0.0,"gold_gain":0.0,"event_name":"Scrap Ooze","player_choice":"Success","floor":2.0,"gold_loss":0.0,"damage_taken":12.0,"relics_obtained":["Bag of Preparation"]},{"damage_healed":0,"gold_gain":0,"player_choice":"Ignored","damage_taken":0,"max_hp_gain":0,"max_hp_loss":0,"event_name":"Liars Game","floor":4,"gold_loss":0},{"damage_healed":0,"gold_gain":100,"player_choice":"Gold","damage_taken":0,"max_hp_gain":0,"max_hp_loss":0,"event_name":"Wheel of Change","floor":5,"gold_loss":0},{"cards_removed":["Defend_R"],"damage_healed":0,"gold_gain":0,"player_choice":"Gave Gold","damage_taken":0,"max_hp_gain":0,"max_hp_loss":0,"event_name":"Beggar","floor":24,"gold_loss":75}],"is_beta":false,"boss_relics":[{"not_picked":["Black Star","Calling Bell"],"picked":"Fusion Hammer"}],"items_purged_floors":[],"is_endless":false,"potions_floor_spawned":[9,13,18,20,22,23,25],"killed_by":"Sentry and Sphere","ascension_level":12}}