{"host":"6rz02yiipefhcw4r","time":1611540286,"event":{"mods":["2.2 Compatiblity","BaseMod","Block Reminder","Colored Map","Curses Come First","DeckTracker","Googly Eyes","Minty Spire (QoL Compilation)","Quick Restart","Rare Cards Sparkle","StSLib"],"gold_per_floor":[109,109,109,109,34,73,93,132,183,203,247,265,104,139,139,234,234,254,273,273,298,268,268,289,325,325,325,348,258,293,151,151,151,151],"floor_reached":33,"language":"ENG","playtime":1754,"items_purged":["Regret","Brutality"],"score":676,"play_id":"abbc6019-198d-4d0d-ab00-904de916d4c7","local_time":"20210125000446","is_ascension_mode":true,"campfire_choices":[{"data":"1","floor":15.0,"key":"LIFT"},{"floor":23.0,"key":"REST"},{"data":"2","floor":27.0,"key":"LIFT"},{"data":"Feel No Pain","floor":32,"key":"SMITH"}],"circlet_count":0,"master_deck":["AscendersBane","Bash","Disarm","Whirlwind","Fiend Fire","True Grit","Thunderclap","Battle Trance","Exhume","Spot Weakness","Offering","Burning Pact","Corruption","Iron Wave","Body Slam","Burning Pact","Headbutt","Anger","Anger+1","Spot Weakness","Iron Wave","Power Through","Pummel","Inflame","Feel No Pain+1"],"relics":["Burning Blood","NeowsBlessing","Akabeko","Golden Idol","Question Card","Potion Belt","Blood Vial","Bottled Lightning","Bronze Scales","Girya","Pandora\u0027s Box","Anchor","StrikeDummy","Orichalcum"],"acts_visited":["Exordium","TheCity"],"potions_floor_usage":[33,33,33,33],"damage_taken":[{"damage":0.0,"enemies":"Jaw Worm","floor":1.0,"turns":1.0},{"damage":0.0,"enemies":"Gremlin Nob","floor":6.0,"turns":1.0},{"damage":0.0,"enemies":"Small Slimes","floor":7.0,"turns":1.0},{"damage":7.0,"enemies":"3 Sentries","floor":8.0,"turns":5.0},{"damage":6.0,"enemies":"Cultist","floor":10.0,"turns":3.0},{"damage":8.0,"enemies":"Gremlin Nob","floor":11.0,"turns":3.0},{"damage":12.0,"enemies":"Large Slime","floor":12.0,"turns":5.0},{"damage":20.0,"enemies":"3 Sentries","floor":14.0,"turns":7.0},{"damage":20.0,"enemies":"The Guardian","floor":16.0,"turns":12.0},{"damage":11.0,"enemies":"2 Thieves","floor":18.0,"turns":2.0},{"damage":12.0,"enemies":"3 Byrds","floor":19.0,"turns":2.0},{"damage":29.0,"enemies":"Centurion and Healer","floor":21.0,"turns":4.0},{"damage":6.0,"enemies":"Cultist and Chosen","floor":24.0,"turns":3.0},{"damage":17.0,"enemies":"Slavers","floor":25.0,"turns":2.0},{"damage":7,"enemies":"Snecko","floor":28,"turns":3},{"damage":13,"enemies":"Book of Stabbing","floor":30,"turns":3},{"damage":44,"enemies":"Champ","floor":33,"turns":10}],"seed_played":"1554266503255783784","potions_obtained":[{"floor":6.0,"key":"LiquidMemories"},{"floor":7.0,"key":"SteroidPotion"},{"floor":11.0,"key":"PowerPotion"},{"floor":14.0,"key":"ElixirPotion"},{"floor":16.0,"key":"SteroidPotion"},{"floor":21.0,"key":"DistilledChaos"},{"floor":22.0,"key":"EntropicBrew"},{"floor":22.0,"key":"DistilledChaos"},{"floor":30,"key":"Block Potion"}],"is_trial":false,"path_per_floor":["M","?","?","?","$","E","M","E","T","M","E","M","$","E","R","B",null,"M","M","?","M","?","R","M","E","T","R","M","$","E","$","R","B"],"character_chosen":"IRONCLAD","items_purchased":["Bronze Scales","Inflame","Feel No Pain"],"campfire_rested":1,"item_purchase_floors":[13,29,31],"current_hp_per_floor":[74,51,51,51,51,57,63,62,62,64,64,60,60,48,48,36,60,57,53,53,32,32,52,54,45,45,45,46,46,41,41,41,0,0],"gold":151,"neow_bonus":"THREE_ENEMY_KILL","is_daily":false,"chose_seed":false,"campfire_upgraded":1,"win_rate":0.0,"timestamp":1611540286,"path_taken":["M","?","?","?","$","E","M","E","T","M","E","M","?","E","R","BOSS","M","?","?","M","?","R","?","E","T","R","M","$","E","$","R","BOSS"],"items_purchased_type":["Relic","Card","Card"],"build_version":"2020-12-22","purchased_purges":2,"victory":false,"max_hp_per_floor":[75,75,75,68,68,68,68,68,68,68,68,68,68,68,68,68,68,68,68,68,68,68,68,68,68,68,68,68,68,68,68,68,68,68],"card_choices":[{"not_picked":["Armaments","Body Slam"],"picked":"Disarm","floor":1.0},{"not_picked":["Flex","Clash"],"picked":"Whirlwind","floor":6.0},{"not_picked":["Armaments","Iron Wave","Clash"],"picked":"Fiend Fire","floor":7.0},{"not_picked":["Warcry","Sever Soul","Clothesline"],"picked":"True Grit","floor":8.0},{"not_picked":["Havoc","Wild Strike","Cleave"],"picked":"Thunderclap","floor":10.0},{"not_picked":["True Grit","Body Slam","Dual Wield"],"picked":"Battle Trance","floor":11.0},{"not_picked":["Clothesline","Headbutt","Perfected Strike"],"picked":"Exhume","floor":12.0},{"not_picked":["Armaments","Havoc","Thunderclap"],"picked":"Spot Weakness","floor":14.0},{"not_picked":["Juggernaut","Immolate","Impervious"],"picked":"Offering","floor":16.0},{"not_picked":["Fire Breathing","Dropkick","Cleave"],"picked":"Anger+1","floor":18.0},{"not_picked":["Cleave","Armaments","Warcry"],"picked":"Spot Weakness","floor":19.0},{"not_picked":["Cleave","Flex","Wild Strike+1","Pommel Strike"],"picked":"SKIP","floor":21.0},{"not_picked":["Headbutt","Burning Pact","Evolve"],"picked":"Iron Wave","floor":24.0},{"not_picked":["Juggernaut","Rampage","Sever Soul"],"picked":"Power Through","floor":25.0},{"not_picked":["Thunderclap","Perfected Strike","Iron Wave"],"picked":"Pummel","floor":28},{"not_picked":["Body Slam","Dropkick","Power Through","Dark Embrace"],"picked":"SKIP","floor":30}],"player_experience":731261,"relics_obtained":[{"floor":6.0,"key":"Question Card"},{"floor":8.0,"key":"Potion Belt"},{"floor":9.0,"key":"Blood Vial"},{"floor":11.0,"key":"Bottled Lightning"},{"floor":14.0,"key":"Girya"},{"floor":25.0,"key":"Anchor"},{"floor":26.0,"key":"StrikeDummy"},{"floor":30,"key":"Orichalcum"}],"event_choices":[{"damage_healed":0.0,"max_hp_gain":0.0,"max_hp_loss":0.0,"gold_gain":0.0,"event_name":"Shining Light","player_choice":"Entered Light","floor":2.0,"gold_loss":0.0,"damage_taken":23.0,"cards_upgraded":["Defend_R","Strike_R"]},{"damage_healed":0.0,"max_hp_gain":0.0,"max_hp_loss":0.0,"gold_gain":0.0,"event_name":"Big Fish","player_choice":"Box","floor":3.0,"gold_loss":0.0,"damage_taken":0.0,"relics_obtained":["Akabeko"],"cards_obtained":["Regret"]},{"damage_healed":0.0,"max_hp_gain":0.0,"max_hp_loss":7.0,"gold_gain":0.0,"event_name":"Golden Idol","player_choice":"Lose Max HP","floor":4.0,"gold_loss":0.0,"damage_taken":0.0,"relics_obtained":["Golden Idol"]},{"cards_removed":["Berserk"],"damage_healed":0.0,"max_hp_gain":0.0,"max_hp_loss":0.0,"gold_gain":0.0,"event_name":"Back to Basics","player_choice":"Elegance","floor":20.0,"gold_loss":0.0,"damage_taken":0.0},{"damage_healed":0.0,"max_hp_gain":0.0,"max_hp_loss":0.0,"gold_gain":0.0,"event_name":"The Woman in Blue","player_choice":"Bought 2 Potions","floor":22.0,"gold_loss":0.0,"damage_taken":0.0}],"is_beta":false,"boss_relics":[{"not_picked":["Astrolabe","Mark of Pain"],"picked":"Pandora\u0027s Box"}],"items_purged_floors":[5,31],"is_endless":false,"potions_floor_spawned":[6,7,11,14,16,21,30],"killed_by":"Champ","ascension_level":20}}