{"host":"lte3xujvwediduij","time":1611570551,"event":{"mods":["Aspiration","BaseMod","Better-Laid Plans","Minty Spire (QoL Compilation)","Spicy Shops","StSLib","¡¾ÒÅÎï¿¨ÅÆ¡¿REMEMod","óô»ðÖ¸ÄÏ"],"gold_per_floor":[113,113,123,136,151,177,192,211,238,238,238],"floor_reached":10,"language":"ZHS","playtime":513,"items_purged":[],"score":72,"play_id":"40d3b7f2-7b44-4929-9fed-06726ab834c8","local_time":"20210125182911","is_ascension_mode":false,"campfire_choices":[],"circlet_count":0,"master_deck":["Strike_B","Strike_B","Strike_B","Strike_B","Defend_B","Defend_B","Defend_B","Defend_B","Zap","Dualcast","REME_ForAll","Sweeping Beam","Injury","Tempest+1","REME_Whirling+1","Barrage"],"relics":["Cracked Core","REME_ComplimentaryCards","aspiration:HiddenCompartment","Toxic Egg 2","MealTicket"],"acts_visited":["Exordium"],"potions_floor_usage":[5,6,8],"damage_taken":[{"damage":1,"enemies":"Cultist","floor":1,"turns":3},{"damage":0,"enemies":"Small Slimes","floor":3,"turns":2},{"damage":6,"enemies":"2 Louse","floor":4,"turns":2},{"damage":11,"enemies":"Large Slime","floor":5,"turns":4},{"damage":27,"enemies":"3 Sentries","floor":6,"turns":5},{"damage":22,"enemies":"Exordium Thugs","floor":7,"turns":4},{"damage":4,"enemies":"2 Fungi Beasts","floor":8,"turns":2},{"damage":16,"enemies":"Gremlin Nob","floor":10,"turns":2}],"seed_played":"-9165291288706586027","potions_obtained":[{"floor":4,"key":"Regen Potion"},{"floor":5,"key":"SteroidPotion"},{"floor":7,"key":"Fire Potion"}],"is_trial":false,"path_per_floor":["M","?","M","M","M","E","M","M","T","E"],"character_chosen":"DEFECT","items_purchased":[],"campfire_rested":0,"item_purchase_floors":[],"current_hp_per_floor":[74,74,74,68,66,39,17,13,13,0,0],"gold":238,"neow_bonus":"RANDOM_COMMON_RELIC","is_daily":false,"chose_seed":false,"campfire_upgraded":0,"win_rate":0.0,"timestamp":1611570551,"path_taken":["M","?","M","M","M","E","M","M","T","E"],"items_purchased_type":[],"build_version":"2020-12-22","purchased_purges":0,"victory":false,"max_hp_per_floor":[75,75,75,75,75,75,75,75,75,75,75],"card_choices":[{"not_picked":["Hologram","Gash"],"picked":"Sweeping Beam","floor":1},{"not_picked":["Streamline","Scrape"],"picked":"Tempest+1","floor":3},{"not_picked":["Compile Driver","aspiration:Polymerization+1"],"picked":"REME_Whirling+1","floor":4},{"not_picked":["Hologram+1","Compile Driver"],"picked":"Barrage","floor":5},{"not_picked":["Ball Lightning","Chill+1","Sunder"],"picked":"SKIP","floor":6},{"not_picked":["Static Discharge","Undo+1","Sweeping Beam"],"picked":"SKIP","floor":7},{"not_picked":["Go for the Eyes","Hello World","Streamline"],"picked":"SKIP","floor":8}],"player_experience":34425,"relics_obtained":[{"floor":6,"key":"MealTicket"}],"event_choices":[],"is_beta":false,"boss_relics":[],"items_purged_floors":[],"is_endless":false,"potions_floor_spawned":[4,5,7],"killed_by":"Gremlin Nob","ascension_level":0}}