{"host":"ndqo0ze3xqwwg5zo","time":1611600086,"event":{"mods":["BaseMod","Colored Powertips","Downfall","Hermit","Koishi","Marisa????????","Minty Spire (QoL Compilation)","Permanent Neow","Replay The Spire","Shop Mod","StSLib","Td1madao Mod","The Cursed","The Disciple","The Hierophant","The Necromancer","The Runesmith","The Servant 0.9.4","The Wild Card"],"gold_per_floor":[117,131,49,66,84,84,84,84],"floor_reached":7,"language":"ENG","playtime":528,"items_purged":[],"score":43,"play_id":"e97a1b43-3123-4851-8e05-ab24ad3e6e00","local_time":"20210125124126","is_ascension_mode":false,"campfire_choices":[{"data":"Runesmith:Grindstone","floor":6,"key":"SMITH"}],"circlet_count":0,"master_deck":["Runesmith:Strike_RS","Runesmith:Strike_RS","Runesmith:Strike_RS","Runesmith:Defend_RS","Runesmith:Defend_RS","Runesmith:Defend_RS","Runesmith:Defend_RS","Runesmith:CraftFirestone","Runesmith:Fortify","Runesmith:Grindstone+1","Runesmith:EarthShield","Runesmith:Refine","Runesmith:CraftMagma","Runesmith:Permafrost"],"relics":["Runesmith:BrokenRuby"],"acts_visited":["Exordium"],"potions_floor_usage":[],"damage_taken":[{"damage":0,"enemies":"Jaw Worm","floor":1,"turns":4},{"damage":1,"enemies":"Small Slimes","floor":2,"turns":4},{"damage":0,"enemies":"Cultist","floor":4,"turns":4},{"damage":0,"enemies":"Blue Slaver","floor":5,"turns":5},{"damage":6,"enemies":"Gremlin Nob","floor":7,"turns":5}],"seed_played":"180310780880825575","potions_obtained":[{"floor":1,"key":"Fruit Juice"},{"floor":5,"key":"Fire Potion"}],"is_trial":false,"path_per_floor":["M","M","$","M","M","R","E"],"character_chosen":"RUNESMITH_CLASS","items_purchased":["Runesmith:Refine"],"campfire_rested":0,"item_purchase_floors":[3],"current_hp_per_floor":[70,69,69,69,69,69,63,63],"gold":84,"neow_bonus":"REMOVE_CARD","is_daily":false,"chose_seed":false,"campfire_upgraded":1,"win_rate":0.0,"timestamp":1611600086,"path_taken":["M","M","$","M","M","R","E"],"items_purchased_type":["Card"],"build_version":"2020-12-22","purchased_purges":0,"victory":false,"max_hp_per_floor":[70,70,70,70,70,70,70,70],"card_choices":[{"not_picked":["Runesmith:Superposition","Runesmith:MakeshiftArmor"],"picked":"Runesmith:Grindstone","floor":1},{"not_picked":["Runesmith:HeatExchange","Runesmith:RuneHurl"],"picked":"Runesmith:EarthShield","floor":2},{"not_picked":["Runesmith:MakeshiftArmor","Runesmith:CraftProtectio"],"picked":"Runesmith:CraftMagma","floor":4},{"not_picked":["Runesmith:ShiftingStrike","Runesmith:GenerateForcefield"],"picked":"Runesmith:Permafrost","floor":5}],"player_experience":21216,"relics_obtained":[],"event_choices":[],"is_beta":false,"boss_relics":[],"items_purged_floors":[],"is_endless":false,"potions_floor_spawned":[1,5],"killed_by":"Gremlin Nob","ascension_level":0}}