{"host":"m7hmf0kk5ackmwlk","time":1611585436,"event":{"mods":["AchievementEnabler","BaseMod","Downfall","Minty Spire (QoL Compilation)","Shop Mod","StSLib"],"gold_per_floor":[99,119,137,155,155,169,195,205,221,256,256,256,56,156,166,166,166,166],"floor_reached":16,"language":"ENG","playtime":1503,"items_purged":[],"score":104,"play_id":"3fd073c0-6693-4b77-b2aa-d4258a45ed4c","local_time":"20210125200716","is_ascension_mode":false,"campfire_choices":[{"floor":1,"key":"RECALL"},{"floor":13,"key":"REST"}],"circlet_count":0,"master_deck":["champ:Strike","champ:Strike","champ:Strike","champ:Defend","champ:Defend","champ:Defend","champ:Defend","champ:Execute","champ:Taunt","champ:BringItOn","champ:DancingMaster","champ:Encircle","champ:Circumvent","champ:CrownThrow","champ:RecklessLeap","champ:AdrenalArmor","champ:GutPunch","champ:BerserkersShout"],"relics":["champ:ChampionCrown","Pen Nib","downfall:HeartBlessingRed","downfall:HeartBlessingGreen","WristBlade"],"acts_visited":["Exordium"],"potions_floor_usage":[10,10,14],"damage_taken":[{"damage":29,"enemies":"Cultist","floor":2,"turns":5},{"damage":10,"enemies":"Jaw Worm","floor":3,"turns":3},{"damage":10,"enemies":"2 Louse","floor":4,"turns":4},{"damage":22,"enemies":"Exordium Wildlife","floor":6,"turns":5},{"damage":17,"enemies":"3 Louse","floor":8,"turns":4},{"damage":36,"enemies":"Large Slime","floor":9,"turns":7},{"damage":36,"enemies":"Gremlin Nob","floor":10,"turns":3},{"damage":66,"enemies":"Gremlin Nob","floor":14,"turns":7},{"damage":3,"enemies":"Gremlin Gang","floor":15,"turns":4},{"damage":22,"enemies":"IC_STATUS_ARCHETYPE","floor":16,"turns":1}],"seed_played":"-8288761308785001042","potions_obtained":[{"floor":2,"key":"champ:CounterPotion"},{"floor":3,"key":"Explosive Potion"},{"floor":10,"key":"champ:OpenerPotion"},{"floor":14,"key":"SpeedPotion"}],"is_trial":false,"path_per_floor":["R","M","M","M","?","M","T","M","M","E","?","?","R","?","M","B"],"character_chosen":"THE_CHAMP","items_purchased":[],"campfire_rested":1,"item_purchase_floors":[],"current_hp_per_floor":[99,95,95,95,100,88,88,81,55,29,29,29,60,24,21,0,0,0],"gold":166,"neow_bonus":"TEN_PERCENT_HP_BONUS","is_daily":false,"chose_seed":false,"campfire_upgraded":0,"win_rate":0.0,"timestamp":1611585436,"path_taken":["R","M","M","M","?","M","T","M","M","E","?","?","R","?","M","BOSS"],"items_purchased_type":[],"build_version":"2020-12-22","purchased_purges":0,"victory":false,"max_hp_per_floor":[99,99,99,99,104,104,104,104,104,104,104,104,104,104,104,104,104,104],"card_choices":[{"not_picked":["champ:EnGarde","champ:PerfectedStrike"],"picked":"champ:BringItOn","floor":2},{"not_picked":["champ:SkillfulDodge","champ:DefensiveShout"],"picked":"champ:DancingMaster","floor":3},{"not_picked":["champ:ShieldSlam","champ:FlashCut"],"picked":"champ:Encircle","floor":4},{"not_picked":["champ:Shatter","champ:FlashCut"],"picked":"champ:Circumvent","floor":6},{"not_picked":["champ:Shatter","champ:RapidStrikes"],"picked":"champ:CrownThrow","floor":8},{"not_picked":["champ:PerfectedStrike","champ:ShieldWall"],"picked":"champ:RecklessLeap","floor":9},{"not_picked":["champ:PerfectedStrike","champ:PreciseThrust"],"picked":"champ:AdrenalArmor","floor":10},{"not_picked":["champ:PerfectedStrike","champ:FancyFootwork"],"picked":"champ:GutPunch","floor":14},{"not_picked":["champ:Shatter","champ:Lariat"],"picked":"champ:BerserkersShout","floor":15}],"player_experience":46405,"relics_obtained":[{"floor":10,"key":"Pen Nib"},{"floor":14,"key":"WristBlade"}],"event_choices":[{"damage_healed":0,"gold_gain":0,"player_choice":"Donut","damage_taken":0,"max_hp_gain":5,"max_hp_loss":0,"event_name":"Big Fish","floor":5,"gold_loss":0}],"is_beta":false,"boss_relics":[],"items_purged_floors":[],"is_endless":false,"potions_floor_spawned":[2,3,10,14],"killed_by":"IC_STATUS_ARCHETYPE","ascension_level":0}}