{"host":"l84l8xigz5v5foa2","time":1611601754,"event":{"mods":["2.2 Compatiblity","AchievementEnabler","BaseMod","Better Note","Better Vampires","Card Filter","Colored Map","DeckTracker","Gremlin Skip","Highlight Path","Keyboard Shortcuts","Minty Spire (QoL Compilation)","Permanent Neow","Quick Restart","Relic Filter","Relic Stats","Shop Mod","StSLib","SuperFastMode","Transform Curses","Unknown Chances"],"gold_per_floor":[115,40,40,50,63,63,79,79,79,95,107,117,148,165,165,165,165],"floor_reached":16,"language":"KOR","playtime":603,"items_purged":[],"score":186,"play_id":"2043bfbe-9f67-43e4-be13-0a1f2e91268a","local_time":"20210126040914","is_ascension_mode":true,"campfire_choices":[{"data":"Impatience","floor":6.0,"key":"SMITH"},{"data":"Skewer","floor":8.0,"key":"SMITH"},{"data":"Cloak And Dagger","floor":15.0,"key":"SMITH"}],"circlet_count":0,"master_deck":["AscendersBane","Strike_G","Strike_G","Strike_G","Strike_G","Defend_G","Defend_G","Defend_G","Defend_G","Defend_G","Survivor","Neutralize+1","Impatience+1","Backflip","Skewer+1","Cloak And Dagger+1","Blade Dance","PiercingWail","Footwork"],"relics":["Ring of the Snake","Omamori","Paper Crane"],"acts_visited":["Exordium"],"potions_floor_usage":[16],"damage_taken":[{"damage":4.0,"enemies":"Small Slimes","floor":1.0,"turns":5.0},{"damage":0.0,"enemies":"Jaw Worm","floor":4.0,"turns":5.0},{"damage":0.0,"enemies":"Cultist","floor":5.0,"turns":4.0},{"damage":15.0,"enemies":"Gremlin Gang","floor":7.0,"turns":8.0},{"damage":0.0,"enemies":"2 Fungi Beasts","floor":10.0,"turns":4.0},{"damage":1.0,"enemies":"Blue Slaver","floor":11.0,"turns":3.0},{"damage":6.0,"enemies":"Exordium Wildlife","floor":12.0,"turns":5.0},{"damage":13.0,"enemies":"3 Sentries","floor":13.0,"turns":8.0},{"damage":0.0,"enemies":"Looter","floor":14.0,"turns":3.0},{"damage":28,"enemies":"Slime Boss","floor":16,"turns":11}],"seed_played":"4400531662864623325","potions_obtained":[{"floor":5.0,"key":"Poison Potion"},{"floor":10.0,"key":"Fruit Juice"},{"floor":13.0,"key":"GhostInAJar"}],"is_trial":false,"path_per_floor":["M","?","?","M","M","R","M","R","T","M","M","M","E","M","R","B"],"character_chosen":"THE_SILENT","items_purchased":[],"campfire_rested":0,"item_purchase_floors":[],"current_hp_per_floor":[55,55,55,55,55,55,40,40,40,45,44,38,25,25,25,0,0],"gold":165,"neow_bonus":"RANDOM_COLORLESS","is_daily":false,"chose_seed":false,"campfire_upgraded":3,"win_rate":0.0,"timestamp":1611601754,"path_taken":["M","?","?","M","M","R","M","R","T","M","M","?","E","?","R","BOSS"],"items_purchased_type":[],"build_version":"2020-12-22","purchased_purges":0,"victory":false,"max_hp_per_floor":[66,66,66,66,66,66,66,66,66,71,71,71,71,71,71,71,71],"relic_stats":{"counters":[10,56],"obtain_stats":[{"Omamori":9,"Paper Crane":13,"Ring of the Snake":0},{"Omamori":4,"Paper Crane":8,"Ring of the Snake":0},{"Omamori":22,"Paper Crane":42,"Ring of the Snake":0}],"Ring of the Snake":[20]},"card_choices":[{"not_picked":["Purity","Good Instincts"],"picked":"Impatience","floor":0.0},{"not_picked":["Crippling Poison","Acrobatics","Dodge and Roll"],"picked":"SKIP","floor":1.0},{"not_picked":["Endless Agony","Acrobatics","Dagger Spray"],"picked":"SKIP","floor":4.0},{"not_picked":["Prepared","Caltrops"],"picked":"Backflip","floor":5.0},{"not_picked":["All Out Attack","Backflip"],"picked":"Skewer","floor":7.0},{"not_picked":["Crippling Poison","Night Terror"],"picked":"Cloak And Dagger","floor":10.0},{"not_picked":["Cloak And Dagger","Riddle With Holes"],"picked":"Blade Dance","floor":11.0},{"not_picked":["Flying Knee","Sucker Punch"],"picked":"PiercingWail","floor":12.0},{"not_picked":["Cloak And Dagger","Flying Knee"],"picked":"Footwork","floor":13.0},{"not_picked":["Poisoned Stab","Caltrops","Quick Slash"],"picked":"SKIP","floor":14.0}],"player_experience":1471973,"relics_obtained":[{"floor":9.0,"key":"Omamori"},{"floor":13.0,"key":"Paper Crane"}],"event_choices":[{"cards_removed":["Strike_G"],"damage_healed":0.0,"max_hp_gain":0.0,"max_hp_loss":0.0,"gold_gain":0.0,"event_name":"The Cleric","player_choice":"Card Removal","floor":2.0,"gold_loss":75.0,"damage_taken":0.0},{"damage_healed":0.0,"max_hp_gain":0.0,"max_hp_loss":0.0,"gold_gain":0.0,"event_name":"Accursed Blacksmith","player_choice":"Forge","floor":3.0,"gold_loss":0.0,"damage_taken":0.0,"cards_upgraded":["Neutralize"]}],"is_beta":false,"boss_relics":[],"items_purged_floors":[],"is_endless":false,"potions_floor_spawned":[5,10,13],"killed_by":"Slime Boss","ascension_level":15}}