{"host":"1mdoazogr9tl4b3g","time":1611614267,"event":{"mods":["Act Like it!","Aspiration","Bard","BaseMod","Beaked The Cultist","BetterRewards","Block Reminder","Conspire","Glutton Mod","Hermit","Hubris","Infinite Spire","Marisa????????","Mimic Mod","Minty Spire (QoL Compilation)","Rare Cards Sparkle","Relic Sorter","Replay The Spire","Shop Mod","StSLib","The Animator","The Blackbeard","The Bladedancer","The Bug Knight","The Construct","The Cursed","The Disciple","The Hierophant","The Mystic","The Necromancer","The Runesmith","The Servant 0.9.4","The Spell Scribe","Uncapped","Wandering Minibosses"],"gold_per_floor":[114,114,114,114,132,162,162,191,191,55,67,84,84,95,95,204,254,271,271,281,206,226,226,256,221,221,221,221],"floor_reached":27,"language":"ENG","playtime":2147,"items_purged":["animator:Strike","animator:Kazuma","animator:Strike+1"],"score":266,"play_id":"695b7af0-fe37-453e-9fca-53b67501969f","local_time":"20210125163747","is_ascension_mode":false,"campfire_choices":[{"data":"animator:Benimaru","floor":7,"key":"SMITH"},{"data":"animator:Vesta","floor":13,"key":"SMITH"},{"floor":15,"key":"DIG"},{"data":"animator:Eve","floor":23,"key":"SMITH"}],"circlet_count":0,"master_deck":["animator:Strike_Konosuba+1","animator:Defend_Konosuba","animator:Defend","animator:Aqua+1","animator:Kaijin+1","animator:Hakurou","animator:Benimaru+1","animator:Vesta+1","animator:Benimaru","animator:Hakurou","animator:Eve+1","animator:Kaijin+1","animator:Benimaru","animator:Millim"],"relics":["beaked:MendingPlumage","animator:TheMissingPiece","NeowsBlessing","infinitespire:Cubic Diamond","Bag of Preparation","MerchantsRug","Sozu","hubris:FunFungus","infinitespire:FocusingShard","Guide Book","animator:WornHelmet"],"acts_visited":["Exordium","TheCity"],"potions_floor_usage":[20],"damage_taken":[{"damage":0,"enemies":"Cultist","floor":1,"turns":1},{"damage":0,"enemies":"2 Louse","floor":5,"turns":1},{"damage":0,"enemies":"3 Sentries","floor":6,"turns":2},{"damage":41,"enemies":"Lagavulin","floor":8,"turns":7},{"damage":18,"enemies":"Jaw Worm","floor":11,"turns":3},{"damage":19,"enemies":"3 Louse","floor":12,"turns":3},{"damage":23,"enemies":"Lots of Slimes","floor":14,"turns":4},{"damage":15,"enemies":"Hexaghost","floor":16,"turns":8},{"damage":19,"enemies":"Spheric Guardian","floor":18,"turns":4},{"damage":33,"enemies":"2 Thieves","floor":20,"turns":4},{"damage":27,"enemies":"Snecko","floor":22,"turns":4},{"damage":47,"enemies":"Nightmare","floor":24,"turns":6},{"damage":46,"enemies":"Gremlin Leader","floor":27,"turns":3}],"seed_played":"-4387042154975700160","potions_obtained":[{"floor":1,"key":"Elixir"},{"floor":11,"key":"construct:ShiftPotion"},{"floor":12,"key":"Strength Potion"},{"floor":14,"key":"Adrenaline Potion"},{"floor":16,"key":"DuplicationPotion"},{"floor":17,"key":"Death Potion"}],"is_trial":false,"path_per_floor":["M","?","?","?","M","E","R","E","T","$","M","M","R","M","R","B",null,"M","AVR","M","?","M","R","NM","$","T","E"],"character_chosen":"THE_ANIMATOR","items_purchased":["MerchantsRug","Guide Book"],"campfire_rested":0,"item_purchase_floors":[10,25],"current_hp_per_floor":[66,66,59,59,61,66,66,41,41,41,34,26,26,19,19,29,71,59,59,44,44,39,39,17,17,17,0,0],"gold":221,"neow_bonus":"THREE_ENEMY_KILL","is_daily":false,"chose_seed":false,"campfire_upgraded":3,"win_rate":0.0,"timestamp":1611614267,"path_taken":["M","?","?","?","?","E","R","E","T","$","M","M","R","M","R","BOSS","M","AVR","?","?","M","R","NM","$","T","E"],"items_purchased_type":["Relic","Relic"],"build_version":"2020-12-22","purchased_purges":3,"victory":false,"max_hp_per_floor":[66,66,66,66,66,66,66,66,66,66,66,66,66,66,66,66,71,71,71,71,71,71,71,71,71,71,71,71],"card_choices":[{"not_picked":["animator:Genos","animator:DolaStephanie"],"picked":"animator:Kaijin","floor":1},{"not_picked":["animator:Jibril","animator:Sonic"],"picked":"animator:Hakurou","floor":5},{"not_picked":["animator:FielNirvalen","animator:DolaSchwi"],"picked":"animator:Benimaru","floor":6},{"not_picked":["animator:Millim","animator:Benimaru"],"picked":"animator:Vesta","floor":8},{"not_picked":["animator:Vesta","animator:Shion"],"picked":"animator:Benimaru","floor":11},{"not_picked":["animator:Scar","animator:Demiurge"],"picked":"animator:Hakurou","floor":12},{"not_picked":["animator:Elsword","animator:DolaRiku","animator:IzunaHatsuse"],"picked":"SKIP","floor":14},{"not_picked":["animator:Shiro","animator:Rimuru"],"picked":"animator:Eve","floor":16},{"not_picked":["animator:DolaSchwi","animator:Darkness"],"picked":"animator:Kaijin","floor":17},{"not_picked":["animator:Millim","animator:Vesta"],"picked":"animator:Benimaru","floor":18},{"not_picked":["animator:Vanir","animator:Aisha+1","animator:YunYun"],"picked":"SKIP","floor":20},{"not_picked":["animator:Genos+1","animator:Benimaru","animator:Cocytus"],"picked":"SKIP","floor":22},{"not_picked":["animator:ElricEdward","animator:DolaSchwi+1"],"picked":"animator:Millim","floor":24}],"player_experience":394084,"relics_obtained":[{"floor":6,"key":"Ginger"},{"floor":8,"key":"Bag of Preparation"},{"floor":9,"key":"White Beast Statue"},{"floor":15,"key":"beaked:ShinyBauble"},{"floor":24,"key":"infinitespire:FocusingShard"},{"floor":26,"key":"animator:WornHelmet"}],"event_choices":[{"cards_removed":["animator:Defend"],"damage_healed":0,"gold_gain":0,"player_choice":"Card Removal","damage_taken":7,"max_hp_gain":0,"max_hp_loss":0,"event_name":"Golden Wing","floor":3,"gold_loss":0},{"cards_removed":["animator:Defend"],"damage_healed":0,"gold_gain":0,"player_choice":"Gave Gold","damage_taken":0,"max_hp_gain":0,"max_hp_loss":0,"event_name":"Beggar","floor":21,"gold_loss":75}],"is_beta":false,"boss_relics":[{"not_picked":["Replay:Bronze Core","beaked:MawFillet"],"picked":"Tiny House"}],"items_purged_floors":[10,19,25],"is_endless":true,"potions_floor_spawned":[1,11,12,14,16,18,20,22,24],"killed_by":"Gremlin Leader","ascension_level":0}}