{"host":"kgfs5ebhusfk1t4t","time":1611563500,"event":{"mods":["BaseMod","Colored Map","DeckTracker","Highlight Path","KOR Keyword Fix","Keyboard Shortcuts","Minty Spire (QoL Compilation)","Permanent Neow","Quick Restart","StSLib","SuperFastMode","everything is the same but u backflip on backflip"],"gold_per_floor":[115,127,127,146,146,146,159,171,219,219,236,124,124,157,157,286,286,307,323,323,344,344,344,344],"floor_reached":23,"language":"KOR","playtime":1067,"items_purged":["Strike_G"],"score":222,"play_id":"65f6fc0e-487e-40a7-b04c-b1e780932fe7","local_time":"20210125173140","is_ascension_mode":true,"campfire_choices":[{"data":"After Image","floor":6,"key":"SMITH"},{"data":"Accuracy","floor":10,"key":"SMITH"},{"floor":15,"key":"REST"}],"circlet_count":0,"master_deck":["Strike_G","Defend_G","Defend_G","Defend_G","Defend_G","Defend_G","Survivor","Neutralize","After Image+1","Blade Dance","Blur","Accuracy+1","Predator","Blade Dance","Backflip","Noxious Fumes","Injury","All Out Attack","Corpse Explosion","Flechettes+1","Adrenaline+1","Burst+1","Outmaneuver","Footwork","Deadly Poison+1","Necronomicurse"],"relics":["Ring of the Snake","Question Card","Akabeko","Ancient Tea Set","Golden Idol","Anchor","Astrolabe","Necronomicon"],"acts_visited":["Exordium","TheCity"],"potions_floor_usage":[],"damage_taken":[{"damage":0,"enemies":"2 Louse","floor":1,"turns":3},{"damage":0,"enemies":"Small Slimes","floor":2,"turns":3},{"damage":1,"enemies":"Cultist","floor":4,"turns":4},{"damage":4,"enemies":"Exordium Wildlife","floor":7,"turns":6},{"damage":6,"enemies":"Looter","floor":8,"turns":3},{"damage":0,"enemies":"2 Fungi Beasts","floor":11,"turns":3},{"damage":10,"enemies":"Lagavulin","floor":14,"turns":4},{"damage":8,"enemies":"Hexaghost","floor":16,"turns":9},{"damage":0,"enemies":"Spheric Guardian","floor":18,"turns":3},{"damage":8,"enemies":"Shell Parasite","floor":19,"turns":5},{"damage":15,"enemies":"3 Cultists","floor":21,"turns":3},{"damage":33,"enemies":"Slavers","floor":23,"turns":2}],"seed_played":"-6244754689353631455","potions_obtained":[{"floor":4,"key":"SkillPotion"},{"floor":8,"key":"AttackPotion"},{"floor":11,"key":"Fire Potion"}],"is_trial":false,"path_per_floor":["M","M","?","M","?","R","M","M","T","R","M","$","?","E","R","B",null,"M","M","?","M","?","E"],"character_chosen":"THE_SILENT","items_purchased":["Noxious Fumes"],"campfire_rested":1,"item_purchase_floors":[12],"current_hp_per_floor":[70,70,67,66,66,66,62,56,56,56,56,56,56,46,67,59,70,70,62,62,47,31,0,0],"gold":344,"neow_bonus":"ONE_RANDOM_RARE_CARD","is_daily":false,"chose_seed":false,"campfire_upgraded":2,"win_rate":0.0,"timestamp":1611563500,"path_taken":["M","M","?","M","?","R","M","?","T","R","M","$","?","E","R","BOSS","M","M","?","M","?","E"],"items_purchased_type":["Card"],"build_version":"2020-12-22","purchased_purges":1,"victory":false,"max_hp_per_floor":[70,70,70,70,70,70,70,70,70,70,70,70,70,70,70,70,70,70,70,70,70,70,70,70],"card_choices":[{"not_picked":["Sucker Punch","PiercingWail"],"picked":"Blade Dance","floor":1},{"not_picked":["Footwork","Poisoned Stab"],"picked":"Blur","floor":2},{"not_picked":["Slice","Sucker Punch","Dodge and Roll"],"picked":"Accuracy","floor":4},{"not_picked":["Deadly Poison","Expertise","Flechettes"],"picked":"Predator","floor":7},{"not_picked":["Quick Slash","Deflect","Sucker Punch"],"picked":"Blade Dance","floor":8},{"not_picked":["Slice","Dash","Riddle With Holes"],"picked":"Backflip","floor":11},{"not_picked":["Underhanded Strike","A Thousand Cuts","Grand Finale"],"picked":"All Out Attack","floor":14},{"not_picked":["A Thousand Cuts","After Image","Die Die Die"],"picked":"Corpse Explosion","floor":16},{"not_picked":["Dagger Throw","PiercingWail+1","Slice"],"picked":"Outmaneuver","floor":18},{"not_picked":["Outmaneuver","Deflect+1","Eviscerate"],"picked":"Footwork","floor":19},{"not_picked":["Flying Knee","Infinite Blades","Slice+1"],"picked":"Deadly Poison+1","floor":21}],"player_experience":156185,"relics_obtained":[{"floor":9,"key":"Ancient Tea Set"},{"floor":14,"key":"Anchor"},{"floor":22,"key":"Necronomicon"}],"event_choices":[{"damage_healed":0,"gold_gain":0,"player_choice":"Success","damage_taken":3,"relics_obtained":["Question Card"],"max_hp_gain":0,"max_hp_loss":0,"event_name":"Scrap Ooze","floor":3,"gold_loss":0},{"damage_healed":0,"gold_gain":0,"player_choice":"Gave Potion","damage_taken":0,"relics_obtained":["Akabeko"],"max_hp_gain":0,"max_hp_loss":0,"event_name":"WeMeetAgain","floor":5,"gold_loss":0},{"damage_healed":0,"gold_gain":0,"player_choice":"Take Wound","damage_taken":0,"relics_obtained":["Golden Idol"],"max_hp_gain":0,"max_hp_loss":0,"event_name":"Golden Idol","floor":13,"gold_loss":0,"cards_obtained":["Injury"]},{"damage_healed":0,"gold_gain":0,"player_choice":"Ignored","damage_taken":0,"max_hp_gain":0,"max_hp_loss":0,"event_name":"Vampires","floor":20,"gold_loss":0},{"damage_healed":0,"gold_gain":0,"player_choice":"Obtained Book","damage_taken":16,"max_hp_gain":0,"max_hp_loss":0,"event_name":"Cursed Tome","floor":22,"gold_loss":0}],"is_beta":false,"boss_relics":[{"not_picked":["SacredBark","Philosopher\u0027s Stone"],"picked":"Astrolabe"}],"items_purged_floors":[12],"is_endless":false,"potions_floor_spawned":[4,8,11],"killed_by":"Slavers","ascension_level":3}}