{"host":"kiczkwpc36uxnkg8","time":1611595499,"event":{"mods":["AchievementEnabler","Act Like it!","Aspiration","BaseMod","Colored Powertips","Energized Spire","GifTheSpireLib","Hubris","Infinite Spire","Koishi","Minty Spire (QoL Compilation)","Pale of the Ancients","Permanent Neow","Quick Restart","Relic Filter","Remilia??????","Replay The Spire","Spicy Shops","StSLib","Stuff the Spire","The Bug Knight","The Servant 0.9.4","Wandering Minibosses"],"gold_per_floor":[360,360,205,205,105,124,158,158,158,158,33,76,92,110,110,110,110],"floor_reached":16,"language":"ENG","playtime":1038,"items_purged":["Dualcast","Strike_B","Strike_B"],"score":146,"play_id":"2987eb2d-508d-4464-b317-fdd5ceff46e5","local_time":"20210125172459","is_ascension_mode":true,"campfire_choices":[{"floor":8,"key":"REST"},{"data":"Gash","floor":10,"key":"SMITH"},{"floor":15,"key":"REST"}],"circlet_count":0,"master_deck":["Strike_B","Strike_B","Defend_B","Defend_B","Defend_B","Defend_B","Zap","Melter","Go for the Eyes","Gash+1","Conserve Battery"],"relics":["Cracked Core","Golden Idol","Chameleon Ring","HollowMod:LifeEnderRelic"],"acts_visited":["Exordium"],"potions_floor_usage":[6,16],"damage_taken":[{"damage":9,"enemies":"Small Slimes","floor":1,"turns":4},{"damage":3,"enemies":"2 Louse","floor":6,"turns":3},{"damage":27,"enemies":"HollowMod:MossKnight","floor":7,"turns":9},{"damage":13,"enemies":"Replay:BlueRogue","floor":12,"turns":5},{"damage":9,"enemies":"Jaw Worm","floor":13,"turns":3},{"damage":9,"enemies":"3 Louse","floor":14,"turns":3},{"damage":65,"enemies":"Fading Forest","floor":16,"turns":11}],"seed_played":"7215117705687538931","potions_obtained":[{"floor":1,"key":"Fruit Juice"},{"floor":13,"key":"BlessingOfTheForge"},{"floor":14,"key":"SteroidPotion"}],"is_trial":false,"path_per_floor":["M","?","$","?","$","M","E","R","T","R","$","E","M","M","R","B"],"character_chosen":"DEFECT","items_purchased":["Melter"],"campfire_rested":2,"item_purchase_floors":[3],"current_hp_per_floor":[59,59,59,59,59,61,34,54,54,54,54,41,32,23,43,0,0],"gold":110,"neow_bonus":"TWO_FIFTY_GOLD","is_daily":false,"chose_seed":false,"campfire_upgraded":1,"win_rate":0.0,"timestamp":1611595499,"path_taken":["M","?","$","?","?","M","E","R","T","R","$","E","M","M","R","BOSS"],"items_purchased_type":["Card"],"build_version":"2020-12-22","purchased_purges":3,"victory":false,"max_hp_per_floor":[68,63,63,63,63,68,68,68,68,68,68,68,68,68,68,68,68],"card_choices":[{"not_picked":["StuffTheSpire:SnapShoot","Undo","StuffTheSpire:GlassShard"],"picked":"SKIP","floor":1},{"not_picked":["Leap","Ball Lightning"],"picked":"Go for the Eyes","floor":6},{"not_picked":["Compile Driver","Redo"],"picked":"Gash","floor":7},{"not_picked":["StuffTheSpire:EventHorizon","Fusion","Ball Lightning"],"picked":"SKIP","floor":12},{"not_picked":["StuffTheSpire:LoadUp","Panic Button","StuffTheSpire:Plugnplay"],"picked":"SKIP","floor":13},{"not_picked":["Cold Snap","Ball Lightning"],"picked":"Conserve Battery","floor":14}],"player_experience":640479,"relics_obtained":[{"floor":7,"key":"Chameleon Ring"},{"floor":9,"key":"HollowMod:LifeEnderRelic"}],"event_choices":[{"damage_healed":0,"gold_gain":0,"player_choice":"Lose Max HP","damage_taken":0,"relics_obtained":["Golden Idol"],"max_hp_gain":0,"max_hp_loss":5,"event_name":"Golden Idol","floor":2,"gold_loss":0},{"damage_healed":0,"gold_gain":0,"player_choice":"Ignored","damage_taken":0,"max_hp_gain":0,"max_hp_loss":0,"event_name":"Liars Game","floor":4,"gold_loss":0}],"is_beta":false,"boss_relics":[],"items_purged_floors":[3,5,11],"is_endless":false,"potions_floor_spawned":[1,13,14],"killed_by":"Fading Forest","ascension_level":7}}