{"host":"1c52r9kaxdyo25eq","time":1611585584,"event":{"mods":["AchievementEnabler","BaseMod","Minty Spire (QoL Compilation)","Rare Cards Sparkle","SuperFastMode","everything is the same but u backflip on backflip"],"gold_per_floor":[111,126,138,152,169,169,186,186,210,210,225,150,184,199,199,276,276,291,302,133,133,133,133],"floor_reached":22,"language":"KOR","playtime":585,"items_purged":["Strike_R","Strike_R"],"score":333,"play_id":"227afe77-4bae-4d0d-928e-43c12d1fc391","local_time":"20210125233944","is_ascension_mode":true,"campfire_choices":[{"data":"Rampage","floor":6.0,"key":"SMITH"},{"data":"Pommel Strike","floor":8.0,"key":"SMITH"},{"floor":15,"key":"REST"}],"circlet_count":0,"master_deck":["AscendersBane","Strike_R+1","Defend_R","Defend_R","Bash","Rampage+1","Pommel Strike+1","Second Wind","Shrug It Off","Anger+1","Dark Embrace","Battle Trance","Immolate","Body Slam","Feel No Pain","Sever Soul","Uppercut"],"relics":["Burning Blood","Potion Belt","Whetstone","Philosopher\u0027s Stone"],"acts_visited":["Exordium","TheCity"],"potions_floor_usage":[11,16,19],"damage_taken":[{"damage":0.0,"enemies":"Small Slimes","floor":1.0,"turns":3.0},{"damage":1.0,"enemies":"Cultist","floor":2.0,"turns":4.0},{"damage":12.0,"enemies":"Jaw Worm","floor":3.0,"turns":3.0},{"damage":19.0,"enemies":"Blue Slaver","floor":4.0,"turns":4.0},{"damage":6.0,"enemies":"2 Fungi Beasts","floor":5.0,"turns":3.0},{"damage":26.0,"enemies":"Large Slime","floor":7.0,"turns":9.0},{"damage":0,"enemies":"Lots of Slimes","floor":11,"turns":2},{"damage":35,"enemies":"Lagavulin","floor":13,"turns":7},{"damage":11,"enemies":"Exordium Wildlife","floor":14,"turns":4},{"damage":27,"enemies":"Slime Boss","floor":16,"turns":7},{"damage":4,"enemies":"Spheric Guardian","floor":18,"turns":3},{"damage":31,"enemies":"3 Byrds","floor":19,"turns":4},{"damage":19,"enemies":"Shelled Parasite and Fungi","floor":22,"turns":3}],"seed_played":"-4532894576682039965","potions_obtained":[{"floor":3.0,"key":"Fire Potion"},{"floor":4.0,"key":"Explosive Potion"},{"floor":13,"key":"GamblersBrew"},{"floor":16,"key":"Explosive Potion"}],"is_trial":false,"path_per_floor":["M","M","M","M","M","R","M","R","T","?","M","$","E","M","R","B",null,"M","M","$","?","M"],"character_chosen":"IRONCLAD","items_purchased":["Feel No Pain"],"campfire_rested":1,"item_purchase_floors":[20],"current_hp_per_floor":[74,75,69,56,56,56,36,36,36,36,42,42,13,8,30,9,59,61,36,36,36,17,17],"gold":133,"neow_bonus":"REMOVE_CARD","is_daily":false,"chose_seed":false,"campfire_upgraded":2,"win_rate":0.0,"timestamp":1611585584,"path_taken":["M","M","M","M","M","R","M","R","T","?","M","$","E","?","R","BOSS","M","M","$","?","M"],"items_purchased_type":["Card"],"build_version":"2020-12-22","purchased_purges":2,"victory":false,"max_hp_per_floor":[75,75,75,75,75,75,75,75,75,75,75,75,75,75,75,75,75,75,75,75,75,75,75],"card_choices":[{"not_picked":["Sword Boomerang","Thunderclap"],"picked":"Rampage","floor":1.0},{"not_picked":["Body Slam","Thunderclap"],"picked":"Pommel Strike","floor":2.0},{"not_picked":["Hemokinesis","Rage","Anger"],"picked":"SKIP","floor":3.0},{"not_picked":["Cleave","Metallicize"],"picked":"Second Wind","floor":4.0},{"not_picked":["Warcry","Body Slam"],"picked":"Shrug It Off","floor":5.0},{"not_picked":["Sentinel","Rupture","Searing Blow"],"picked":"SKIP","floor":7.0},{"not_picked":["Rupture","Cleave"],"picked":"Dark Embrace","floor":11},{"not_picked":["Rage","Wild Strike"],"picked":"Battle Trance","floor":13},{"not_picked":["Spot Weakness","Combust","Rampage"],"picked":"SKIP","floor":14},{"not_picked":["Bludgeon","Fiend Fire"],"picked":"Immolate","floor":16},{"not_picked":["Twin Strike","Bloodletting","Heavy Blade"],"picked":"SKIP","floor":18},{"not_picked":["Flame Barrier+1","Intimidate"],"picked":"Body Slam","floor":19}],"player_experience":608864,"relics_obtained":[{"floor":9.0,"key":"Potion Belt"},{"floor":13,"key":"Whetstone"}],"event_choices":[{"damage_healed":0.0,"max_hp_gain":0.0,"max_hp_loss":0.0,"gold_gain":0.0,"cards_transformed":["Strike_R"],"event_name":"Transmorgrifier","player_choice":"Transformed","floor":10.0,"gold_loss":0.0,"damage_taken":0.0,"cards_obtained":["Anger"]},{"damage_healed":0,"gold_gain":0,"cards_transformed":["Strike_R","Defend_R"],"player_choice":"Became Test Subject","damage_taken":0,"max_hp_gain":0,"max_hp_loss":0,"event_name":"Drug Dealer","floor":21,"gold_loss":0,"cards_obtained":["Sever Soul","Uppercut"]}],"is_beta":false,"boss_relics":[{"not_picked":["SacredBark","Fusion Hammer"],"picked":"Philosopher\u0027s Stone"}],"items_purged_floors":[12,20],"is_endless":false,"potions_floor_spawned":[3,4,13,16],"killed_by":"Shelled Parasite and Fungi","ascension_level":15}}