{"host":"9xv6exvwmlpefxuw","time":1611570114,"event":{"mods":["ATMod(阿瑾Mod)","AchievementEnabler","Act Like it!","Aspiration","BaseMod","Chen","Colored Powertips","Conspire","Downfall","Friendly Minions","Gensokyo","GifTheSpireLib","KinomotoSakuraMod(木之本樱)","Koishi","KomeijiMod","Lobotomy","LobotomyExtend","Marisa（F雨　魔理沙）","Minty Spire (QoL Compilation)","MostiFishMod","Pale of the Ancients","Rare Cards Sparkle","Reimu（博丽灵梦）","Remilia_Scarlet Moed（蕾米莉亚・斯卡雷特）3.3.5","Remilia（蕾米莉亚）","RumiaBox-露米娅的神秘盒子","StSLib","The Administrix","The Mystic","The Servant 0.9.4","WarShipGirlsR/战舰少女R mod","Yakumo Yukari mod","Youmu（魂魄妖梦）","Yuyuko","[IsaacMod]以撒尖塔","[功能]功能增强和修复MOD","【功能Mod】混沌之环修复补丁","【功能Mod】聪明的最终Boss","【遗物卡牌】REMEMod"],"gold_per_floor":[111,131,53,71,71,102,114,132,132,132,0,14,41,57,57,162,162,180,199,211,45,65,97,97,112,112,132,117,152,164,192,192,291,291,306,358,191,204,224,250,262,297,297,297,329,344,344,358,358,358,358,358,315,347,347],"floor_reached":56,"language":"ZHS","playtime":2394,"items_purged":["Strike_G","Strike_G","Strike_G","Neutralize","Advance","Survivor","Defend_G","Defend_G","Defend_G","Tools of the Trade+1","Exhaustion","Predator","Acrobatics","Bomb","Defend_G"],"score":1765,"play_id":"6ebd1c54-4483-496b-a700-208bac67c7b2","local_time":"20210125182154","is_ascension_mode":false,"campfire_choices":[{"data":"Dagger Spray","floor":10,"key":"SMITH"},{"data":"conspire:DoublingDagger","floor":15,"key":"SMITH"},{"floor":32,"key":"REST"},{"floor":47,"key":"RECALL"},{"floor":49,"key":"REST"},{"data":"Dagger Spray","floor":52,"key":"SMITH"}],"circlet_count":0,"master_deck":["EpicFetus+1","Dagger Spray+1","Dagger Spray+1","conspire:DoublingDagger+1","Outmaneuver","Adrenaline+1","Dagger Spray+1","Dagger Spray+1","Unload+1","Dagger Spray+1","Enlightenment"],"relics":["Ring of the Snake","AT_ATBox","HushsDoor","REME_ComplimentaryCards","DaveBox","BirthdayGift-Icosahedron","AnarchistCookbook","SynthV:TestCard","BrkXgEgg","Paper Crane","Bottled Tornado","GodSword5","ImprovedEquipment","Empty Cage","AT_ForceNature","Oddly Smooth Stone","Vajra","Mummified Hand","Philosopher\u0027s Stone","GuppysCollar","CatCart","Mango","SumBook","GodSword7","PillsDrop","AT_DeathDance","conspire:Dentures"],"acts_visited":["Exordium","TheCity","TheBeyond","TheEnding"],"potions_floor_usage":[],"damage_taken":[{"damage":0,"enemies":"Cultist","floor":1,"turns":3},{"damage":0,"enemies":"Small Slimes","floor":2,"turns":3},{"damage":0,"enemies":"2 Louse","floor":4,"turns":2},{"damage":0,"enemies":"Lagavulin","floor":6,"turns":2},{"damage":4,"enemies":"Gremlin Gang","floor":7,"turns":2},{"damage":0,"enemies":"3 Louse","floor":8,"turns":1},{"damage":6,"enemies":"2 Fungi Beasts","floor":12,"turns":2},{"damage":0,"enemies":"Gremlin Nob","floor":13,"turns":2},{"damage":0,"enemies":"Lots of Slimes","floor":14,"turns":1},{"damage":0,"enemies":"Slime Boss","floor":16,"turns":2},{"damage":0,"enemies":"Chosen","floor":18,"turns":2},{"damage":0,"enemies":"Spheric Guardian","floor":19,"turns":2},{"damage":0,"enemies":"Chosen and Byrds","floor":20,"turns":2},{"damage":0,"enemies":"Shelled Parasite and Fungi","floor":22,"turns":2},{"damage":0,"enemies":"Slavers","floor":23,"turns":2},{"damage":32,"enemies":"Cultist and Chosen","floor":25,"turns":4},{"damage":0,"enemies":"Centurion and Healer","floor":27,"turns":2},{"damage":0,"enemies":"Gremlin Leader","floor":29,"turns":2},{"damage":0,"enemies":"Snecko","floor":30,"turns":2},{"damage":13,"enemies":"Slavers","floor":31,"turns":2},{"damage":0,"enemies":"Collector","floor":33,"turns":3},{"damage":3,"enemies":"3 Shapes","floor":35,"turns":1},{"damage":9,"enemies":"Orin","floor":36,"turns":4},{"damage":0,"enemies":"Orb Walker","floor":38,"turns":2},{"damage":0,"enemies":"Sphere and 2 Shapes","floor":39,"turns":1},{"damage":0,"enemies":"Nemesis","floor":40,"turns":3},{"damage":2,"enemies":"4 Shapes","floor":41,"turns":1},{"damage":0,"enemies":"Reptomancer","floor":42,"turns":2},{"damage":0,"enemies":"Giant Head","floor":45,"turns":2},{"damage":0,"enemies":"Writhing Mass","floor":46,"turns":2},{"damage":0,"enemies":"Jaw Worm Horde","floor":48,"turns":1},{"damage":0,"enemies":"Awakened One","floor":50,"turns":5},{"damage":0,"enemies":"Shield and Spear","floor":54,"turns":2},{"damage":30,"enemies":"The Heart","floor":55,"turns":5}],"seed_played":"-8741292614572234566","potions_obtained":[{"floor":1,"key":"Fire Potion"},{"floor":29,"key":"BlessingOfTheForge"}],"is_trial":false,"path_per_floor":["M","M","$","M","$","E","M","M","T","R","$","M","E","M","R","B",null,"M","M","M","$","M","E","?","M","T","M","$","E","M","E","R","B",null,"M","?","$","M","M","E","M","E","T","?","E","M","R","M","R","B",null,"R","$","E","B",null],"character_chosen":"THE_SILENT","items_purchased":["BrkXgEgg","GodSword5","AT_ForceNature","GuppysCollar","Damocles","Mango","Enlightenment"],"campfire_rested":2,"item_purchase_floors":[3,11,21,34,34,37,53],"current_hp_per_floor":[70,70,70,70,70,70,67,68,68,68,68,63,64,65,65,66,70,70,70,70,70,70,70,70,39,39,40,40,41,42,30,56,57,47,2,2,19,20,21,22,21,22,22,22,23,24,24,25,45,46,56,56,56,59,30],"gold":347,"neow_bonus":"UPGRADE_CARD","is_daily":false,"chose_seed":false,"campfire_upgraded":3,"win_rate":0.0,"timestamp":1611570114,"path_taken":["M","M","$","M","$","E","?","M","T","R","$","M","E","M","R","BOSS","M","M","M","$","M","E","?","M","T","M","$","E","M","E","R","BOSS","M","?","$","M","M","E","?","E","T","?","E","?","R","M","R","BOSS","R","$","E","BOSS"],"items_purchased_type":["Relic","Relic","Relic","Relic","Relic","Relic","Card"],"build_version":"2020-12-22","purchased_purges":15,"victory":true,"max_hp_per_floor":[70,70,70,70,70,70,70,70,70,70,70,70,70,70,70,70,70,70,70,70,70,70,70,70,70,70,70,70,70,70,70,70,70,47,47,47,61,61,61,61,61,61,61,61,61,61,61,56,56,56,56,56,56,59,59],"card_choices":[{"not_picked":[],"picked":"EpicFetus","floor":0},{"not_picked":["Prepared","Bane"],"picked":"Bomb","floor":1},{"not_picked":["Reflex","Acrobatics","Bomb","AT_WindFlip"],"picked":"Predator","floor":2},{"not_picked":["Endless Agony","AT_WindFlip","Backflip","Well Laid Plans"],"picked":"Dagger Spray","floor":4},{"not_picked":["Deflect","Leg Sweep","Glass Knife+1","Blur"],"picked":"Tools of the Trade+1","floor":6},{"not_picked":["Blade Dance","PiercingWail","Slice","Flying Knee"],"picked":"Dagger Spray","floor":7},{"not_picked":["REME_GreenPollution","Underhanded Strike","Masterful Stab","Outmaneuver"],"picked":"Acrobatics","floor":8},{"not_picked":["Sucker Punch","Deflect","MostiFishMod:PerfectParry","Glass Knife+1","REME_ShadowStrike"],"picked":"SKIP","floor":12},{"not_picked":["Noxious Fumes","conspire:PoisonWeapons","AT_Desolate","Backflip"],"picked":"conspire:DoublingDagger","floor":13},{"not_picked":["AT_ShadowStep","Bomb","Prepared","Slice"],"picked":"Outmaneuver","floor":14},{"not_picked":["Venomology+1","MostiFishMod:AdrenalineArouse+1","aspiration:Lunge+1","Malaise+1"],"picked":"Adrenaline+1","floor":16},{"not_picked":["Poisoned Stab","AT_TwilightShroud+1","Dagger Spray","Bane+1","REME_GreenPollution"],"picked":"SKIP","floor":18},{"not_picked":["Leg Sweep","AT_WindFlip","Calculated Gamble","Dodge and Roll","Poisoned Stab"],"picked":"SKIP","floor":19},{"not_picked":["Backflip+1","Heel Hook","Acrobatics+1","Flying Knee","Bane"],"picked":"SKIP","floor":20},{"not_picked":["Dagger Throw","MostiFishMod:PerfectParry","Crippling Poison","Deflect","Sucker Punch+1"],"picked":"SKIP","floor":22},{"not_picked":["Skewer","Deflect+1","Footwork","All Out Attack","Corpse Explosion+1"],"picked":"SKIP","floor":23},{"not_picked":["Well Laid Plans","Crippling Poison","Choke","Blade Dance+1","Tactician+1"],"picked":"SKIP","floor":25},{"not_picked":["Catalyst","Deflect","Outmaneuver+1","Deadly Poison","Quick Slash"],"picked":"SKIP","floor":27},{"not_picked":["MostiFishMod:InvigoratingSolution","Poisoned Stab","Corpse Explosion+1","Prepared","Terror"],"picked":"SKIP","floor":29},{"not_picked":["Backstab","Infinite Blades+1","Backflip+1","All Out Attack"],"picked":"Dagger Spray+1","floor":30},{"not_picked":["Caltrops","conspire:DoublingDagger","Infinite Blades","Terror+1","Quick Slash"],"picked":"SKIP","floor":31},{"not_picked":["Poisoned Stab","AT_WindFlip+1","Quick Slash","Expertise+1","Leg Sweep"],"picked":"SKIP","floor":35},{"not_picked":["AT_ThistleTea+1","Heel Hook","Sucker Punch+1","Dagger Throw+1"],"picked":"Dagger Spray+1","floor":38},{"not_picked":["Tactician","Heel Hook","conspire:PoisonWeapons+1","Choke","PiercingWail+1"],"picked":"SKIP","floor":39},{"not_picked":["A Thousand Cuts+1","AT_TwilightShroud","Underhanded Strike","Dagger Throw+1","AT_KneejerkReflex"],"picked":"SKIP","floor":40},{"not_picked":["AT_WindFlip","Slice","Dagger Throw+1","Escape Plan","PiercingWail"],"picked":"SKIP","floor":41},{"not_picked":["Underhanded Strike","AT_WindRun+1","Bane","Deflect","Prepared"],"picked":"SKIP","floor":42},{"not_picked":["Bane+1","Blade Dance","MostiFishMod:InvigoratingSolution+1","Reflex+1","Calculated Gamble"],"picked":"SKIP","floor":45},{"not_picked":["conspire:DoublingDagger+1","Flying Knee","Dodge and Roll+1","Sucker Punch+1"],"picked":"Dagger Spray+1","floor":46},{"not_picked":["All Out Attack","Masterful Stab+1","Blade Dance+1","Caltrops","Deadly Poison+1"],"picked":"SKIP","floor":48},{"not_picked":["Bane+1","Dagger Throw+1","Backflip+1","Dash+1","Endless Agony"],"picked":"SKIP","floor":54}],"player_experience":151558,"relics_obtained":[{"floor":1,"key":"SynthV:TestCard"},{"floor":6,"key":"Paper Crane"},{"floor":9,"key":"Bottled Tornado"},{"floor":13,"key":"ImprovedEquipment"},{"floor":23,"key":"Oddly Smooth Stone"},{"floor":29,"key":"Vajra"},{"floor":31,"key":"Mummified Hand"},{"floor":36,"key":"CatCart"},{"floor":40,"key":"SumBook"},{"floor":42,"key":"GodSword7"},{"floor":43,"key":"PillsDrop"},{"floor":45,"key":"AT_DeathDance"},{"floor":54,"key":"conspire:Dentures"}],"event_choices":[{"damage_healed":0,"gold_gain":0,"player_choice":"Fight","damage_taken":0,"max_hp_gain":0,"max_hp_loss":0,"event_name":"OrinTheCat","floor":36,"gold_loss":0}],"is_beta":false,"boss_relics":[{"not_picked":["SlaversCollar","aspiration:RitualDagger"],"picked":"Empty Cage"},{"not_picked":[]},{"not_picked":["AT_TrinityForce","Ring of the Serpent"],"picked":"Philosopher\u0027s Stone"},{"not_picked":[]}],"items_purged_floors":[11,11,21,21,21,21,21,21,21,21,28,28,28,37,37],"is_endless":false,"potions_floor_spawned":[1,2,6,7,12,14,14,20,25,27,29,29,29,33,33,35,38,39,40,41,42,45,45,45,48],"ascension_level":0}}