{"host":"8is2j71l4wmybkoi","time":1611563543,"event":{"mods":["AchievementEnabler","BaseMod","Colored Map","Minty Spire (QoL Compilation)","Rare Cards Sparkle","StSLib","SuperFastMode"],"gold_per_floor":[115,127,21,21,21,21,64,64,115,115,129,170,170,206,206,301,301,326,307,330,97,117,117,32,32,32,32,32,71,71,95,95,191,191,216,232,252,21,21,57,57,57],"floor_reached":41,"language":"KOR","playtime":2162,"items_purged":["Strike_G"],"score":964,"play_id":"feafd080-72c5-43ec-b268-913507250cb1","local_time":"20210125173223","is_ascension_mode":true,"campfire_choices":[{"data":"Poisoned Stab","floor":6,"key":"SMITH"},{"data":"Neutralize","floor":8,"key":"SMITH"},{"data":"Footwork","floor":10,"key":"SMITH"},{"data":"Caltrops","floor":13,"key":"SMITH"},{"data":"Acrobatics","floor":15,"key":"SMITH"},{"floor":23,"key":"REST"},{"floor":25,"key":"REST"},{"data":"Envenom","floor":28,"key":"SMITH"},{"floor":32,"key":"REST"}],"circlet_count":0,"master_deck":["AscendersBane","Strike_G","Strike_G","Strike_G","Defend_G+1","Defend_G","Defend_G","Defend_G","Defend_G","Survivor","Neutralize+1","Flechettes","Footwork+1","Poisoned Stab+1","Escape Plan","Adrenaline","Caltrops+1","Acrobatics+1","Backstab","After Image","Blur+1","Noxious Fumes+1","Envenom+1","Blade Dance","Crippling Poison+1","Burst","Adrenaline","Backflip","PiercingWail","Blade Dance+1"],"relics":["Ring of the Snake","NeowsBlessing","Golden Idol","Orichalcum","Toy Ornithopter","Nunchaku","Dream Catcher","SacredBark","MealTicket","War Paint","Pear","Vajra","Fusion Hammer","Membership Card"],"acts_visited":["Exordium","TheCity","TheBeyond"],"potions_floor_usage":[12,14,20,22,22,29,31,40],"damage_taken":[{"damage":0,"enemies":"Cultist","floor":1,"turns":1},{"damage":0,"enemies":"Jaw Worm","floor":2,"turns":1},{"damage":0,"enemies":"Lagavulin","floor":7,"turns":1},{"damage":0,"enemies":"2 Louse","floor":11,"turns":3},{"damage":10,"enemies":"3 Sentries","floor":12,"turns":9},{"damage":9,"enemies":"Lagavulin","floor":14,"turns":7},{"damage":40,"enemies":"The Guardian","floor":16,"turns":12},{"damage":0,"enemies":"3 Byrds","floor":18,"turns":1},{"damage":22,"enemies":"2 Thieves","floor":19,"turns":4},{"damage":19,"enemies":"Shelled Parasite and Fungi","floor":20,"turns":7},{"damage":0,"enemies":"Cultist and Chosen","floor":22,"turns":7},{"damage":31,"enemies":"Book of Stabbing","floor":29,"turns":6},{"damage":0,"enemies":"Snake Plant","floor":31,"turns":4},{"damage":34,"enemies":"Champ","floor":33,"turns":13},{"damage":3,"enemies":"3 Shapes","floor":35,"turns":5},{"damage":0,"enemies":"Orb Walker","floor":36,"turns":4},{"damage":20,"enemies":"Sphere and 2 Shapes","floor":37,"turns":6},{"damage":46,"enemies":"Reptomancer","floor":40,"turns":8},{"damage":19,"enemies":"3 Darklings","floor":41,"turns":3}],"seed_played":"-2472946435803275834","potions_obtained":[{"floor":7,"key":"Poison Potion"},{"floor":14,"key":"SpeedPotion"},{"floor":18,"key":"Swift Potion"},{"floor":20,"key":"ColorlessPotion"},{"floor":22,"key":"BlessingOfTheForge"},{"floor":29,"key":"Explosive Potion"},{"floor":37,"key":"GamblersBrew"}],"is_trial":false,"path_per_floor":["M","M","$","?","?","R","E","R","T","R","M","E","R","E","R","B",null,"M","M","M","$","M","R","?","R","T","?","R","E","?","M","R","B",null,"M","M","M","$","?","E","M"],"character_chosen":"THE_SILENT","items_purchased":["Poisoned Stab","AttackPotion","MealTicket","Membership Card","Adrenaline","Backflip"],"campfire_rested":3,"item_purchase_floors":[3,3,21,38,38,38],"current_hp_per_floor":[59,59,59,59,59,59,59,59,59,59,59,50,50,46,46,6,47,47,25,11,11,21,39,39,57,67,67,67,41,41,46,67,33,61,58,58,38,53,53,12,0,0],"gold":57,"neow_bonus":"THREE_ENEMY_KILL","is_daily":false,"chose_seed":false,"campfire_upgraded":6,"win_rate":0.0,"timestamp":1611563543,"path_taken":["M","M","$","?","?","R","E","R","T","R","?","E","R","E","R","BOSS","M","?","M","$","M","R","?","R","T","?","R","E","?","M","R","BOSS","M","M","M","$","?","E","M"],"items_purchased_type":["Card","Potion","Relic","Relic","Card","Card"],"build_version":"2020-12-22","purchased_purges":1,"victory":false,"max_hp_per_floor":[66,66,66,60,60,60,60,60,60,60,60,60,60,60,60,60,60,60,60,60,60,60,60,60,60,70,70,70,70,70,70,70,70,70,70,70,70,70,70,70,70,70],"card_choices":[{"not_picked":["Prepared","Bane"],"picked":"Flechettes","floor":1},{"not_picked":["Sucker Punch","Acrobatics"],"picked":"Footwork","floor":2},{"not_picked":["Slice","Blur"],"picked":"Adrenaline","floor":7},{"not_picked":["Eviscerate","Prepared"],"picked":"Caltrops","floor":11},{"not_picked":["Poisoned Stab","Dodge and Roll"],"picked":"Acrobatics","floor":12},{"not_picked":["Prepared","Setup"],"picked":"Backstab","floor":14},{"not_picked":["Glass Knife","Tools of the Trade"],"picked":"After Image","floor":16},{"not_picked":["PiercingWail","Endless Agony","Cloak And Dagger"],"picked":"SKIP","floor":18},{"not_picked":["Bane","Slice","Blade Dance"],"picked":"SKIP","floor":19},{"not_picked":["Heel Hook","Bane","Deadly Poison"],"picked":"SKIP","floor":20},{"not_picked":["Terror","Dagger Spray+1"],"picked":"Blur","floor":22},{"not_picked":["Slice","Dodge and Roll"],"picked":"Noxious Fumes+1","floor":23},{"not_picked":["Quick Slash","Riddle With Holes+1"],"picked":"Envenom","floor":25},{"not_picked":["Quick Slash","Flying Knee","Deadly Poison"],"picked":"SKIP","floor":29},{"not_picked":["Underhanded Strike","Sucker Punch","Predator"],"picked":"SKIP","floor":31},{"not_picked":["Well Laid Plans","Doppelganger"],"picked":"Crippling Poison+1","floor":32},{"not_picked":["Tools of the Trade","A Thousand Cuts"],"picked":"Burst","floor":33},{"not_picked":["Deadly Poison+1","PiercingWail","Dash+1"],"picked":"SKIP","floor":35},{"not_picked":["Setup","Caltrops","Deadly Poison"],"picked":"SKIP","floor":36},{"not_picked":["Leg Sweep","Accuracy+1","Deflect"],"picked":"SKIP","floor":37},{"not_picked":["Deflect","Slice+1"],"picked":"Blade Dance+1","floor":40}],"player_experience":779645,"relics_obtained":[{"floor":7,"key":"Orichalcum"},{"floor":9,"key":"Toy Ornithopter"},{"floor":12,"key":"Nunchaku"},{"floor":14,"key":"Dream Catcher"},{"floor":26,"key":"Pear"},{"floor":29,"key":"Vajra"}],"event_choices":[{"damage_healed":0,"gold_gain":0,"player_choice":"Lose Max HP","damage_taken":0,"relics_obtained":["Golden Idol"],"max_hp_gain":0,"max_hp_loss":6,"event_name":"Golden Idol","floor":4,"gold_loss":0},{"damage_healed":0,"gold_gain":0,"cards_transformed":["Strike_G"],"player_choice":"Transformed","damage_taken":0,"max_hp_gain":0,"max_hp_loss":0,"event_name":"Transmorgrifier","floor":5,"gold_loss":0,"cards_obtained":["Escape Plan"]},{"damage_healed":0,"gold_gain":0,"player_choice":"Obtained Relic","damage_taken":0,"relics_obtained":["War Paint"],"max_hp_gain":0,"max_hp_loss":0,"event_name":"Addict","floor":24,"gold_loss":85},{"damage_healed":0,"gold_gain":0,"player_choice":"Read","damage_taken":0,"max_hp_gain":0,"max_hp_loss":0,"event_name":"The Library","floor":27,"gold_loss":0,"cards_obtained":["Blade Dance"]},{"damage_healed":0,"gold_gain":0,"player_choice":"Ignored","damage_taken":0,"max_hp_gain":0,"max_hp_loss":0,"event_name":"The Mausoleum","floor":30,"gold_loss":0},{"damage_healed":0,"gold_gain":0,"player_choice":"1 cards matched","damage_taken":0,"max_hp_gain":0,"max_hp_loss":0,"event_name":"Match and Keep!","floor":39,"gold_loss":0,"cards_obtained":["PiercingWail"]}],"is_beta":false,"boss_relics":[{"not_picked":["Ring of the Serpent","Cursed Key"],"picked":"SacredBark"},{"not_picked":["Coffee Dripper","Astrolabe"],"picked":"Fusion Hammer"}],"items_purged_floors":[21],"is_endless":false,"potions_floor_spawned":[7,14,18,20,22,29,37],"killed_by":"3 Darklings","ascension_level":20}}