{"host":"ml2ro5l6hu6y0pll","time":1611609644,"event":{"mods":["AchievementEnabler","BaseMod","Colored Map","Colored Powertips","Custom Start","Googly Eyes","Minty Spire (QoL Compilation)","Quick Restart","Rare Cards Sparkle","Relic Stats","Reliquary","StSLib","everything is the same but u backflip on backflip"],"gold_per_floor":[113,36,52,64,83,111,111,141,141,155,188,202,235,59,59,130,130,142,158,177,189,128,154,181,209,232,264,275,275,310,310,310,384,384,398,398,212,225,51,78,78,109,164,164,196,18,45,58,58,58,58],"floor_reached":52,"language":"ENG","playtime":3764,"items_purged":["Strike_P","Strike_P"],"score":2571,"play_id":"184a22cf-f7ce-4c08-9ac8-d31d46dde652","local_time":"20210125212044","daily_mods":["Flight"],"is_ascension_mode":true,"campfire_choices":[{"data":"Fasting2","floor":7,"key":"SMITH"},{"data":"TalkToTheHand","floor":15,"key":"SMITH"},{"floor":29,"key":"REST"},{"data":"LessonLearned","floor":32,"key":"SMITH"},{"data":"Weave","floor":41,"key":"SMITH"},{"data":"SpiritShield","floor":44,"key":"SMITH"},{"floor":49,"key":"REST"}],"circlet_count":0,"master_deck":["Fasting2+1","TalkToTheHand+1","Halt+1","Halt","Vigilance","Defend_P","Defend_P","Defend_P","Weave+1","CutThroughFate","Consecrate","JustLucky","Eruption+1","FlyingSleeves","Conclude","EmptyBody","CutThroughFate","CutThroughFate","WheelKick","SpiritShield+1","ThirdEye","BattleHymn","JustLucky","JustLucky","CutThroughFate+1","Halt","LessonLearned+1","JustLucky","Perseverance+1","JustLucky","SandsOfTime+1","Protect+1","Weave","SpiritShield","Tantrum+1","WaveOfTheHand+1","Fasting2+1"],"relics":["PureWater","OrangePellets","Membership Card","TeardropLocket","CaptainsWheel","Mercury Hourglass","Yang","The Courier","Ornamental Fan","Gremlin Horn","Orrery","reliquary:Ember","reliquary:IridiumChain","reliquary:OuijaBoard","Smiling Mask","Regal Pillow","InkBottle","reliquary:MudwinsCradle","reliquary:WritOfMandamus","Strange Spoon","Mango","reliquary:BoilingFlask","Nunchaku","Ancient Tea Set","Art of War","Orichalcum","reliquary:Boomerang","HornCleat","DollysMirror","StrikeDummy"],"acts_visited":["Exordium","TheCity","TheBeyond"],"potions_floor_usage":[16,23,50],"damage_taken":[{"damage":0,"enemies":"Cultist","floor":1,"turns":4},{"damage":7,"enemies":"Jaw Worm","floor":3,"turns":3},{"damage":0,"enemies":"2 Louse","floor":4,"turns":3},{"damage":3,"enemies":"Looter","floor":5,"turns":2},{"damage":0,"enemies":"Lagavulin","floor":6,"turns":6},{"damage":0,"enemies":"Gremlin Nob","floor":8,"turns":2},{"damage":0,"enemies":"Exordium Wildlife","floor":10,"turns":2},{"damage":0,"enemies":"3 Sentries","floor":11,"turns":3},{"damage":0,"enemies":"Exordium Thugs","floor":12,"turns":3},{"damage":0,"enemies":"Lagavulin","floor":13,"turns":4},{"damage":1,"enemies":"Slime Boss","floor":16,"turns":5},{"damage":4,"enemies":"3 Byrds","floor":18,"turns":4},{"damage":0,"enemies":"Spheric Guardian","floor":19,"turns":4},{"damage":8,"enemies":"Snecko","floor":20,"turns":4},{"damage":0,"enemies":"Snake Plant","floor":21,"turns":4},{"damage":0,"enemies":"Book of Stabbing","floor":23,"turns":4},{"damage":0,"enemies":"Gremlin Leader","floor":24,"turns":5},{"damage":2,"enemies":"Book of Stabbing","floor":25,"turns":4},{"damage":0,"enemies":"Gremlin Leader","floor":27,"turns":5},{"damage":17,"enemies":"Centurion and Healer","floor":28,"turns":4},{"damage":2,"enemies":"Book of Stabbing","floor":30,"turns":5},{"damage":16,"enemies":"Champ","floor":33,"turns":11},{"damage":0,"enemies":"Orb Walker","floor":35,"turns":3},{"damage":17,"enemies":"3 Darklings","floor":38,"turns":4},{"damage":2,"enemies":"Reptomancer","floor":40,"turns":3},{"damage":12,"enemies":"Nemesis","floor":42,"turns":3},{"damage":1,"enemies":"Reptomancer","floor":45,"turns":7},{"damage":2,"enemies":"Nemesis","floor":47,"turns":5},{"damage":0,"enemies":"Sphere and 2 Shapes","floor":48,"turns":4},{"damage":21,"enemies":"Donu and Deca","floor":50,"turns":6},{"damage":48,"enemies":"Awakened One","floor":51,"turns":12}],"seed_played":"-2608993073385066275","potions_obtained":[{"floor":4,"key":"AttackPotion"},{"floor":8,"key":"Fire Potion"},{"floor":10,"key":"LiquidMemories"},{"floor":12,"key":"Ancient Potion"},{"floor":18,"key":"SkillPotion"},{"floor":25,"key":"SkillPotion"},{"floor":30,"key":"SteroidPotion"},{"floor":33,"key":"SteroidPotion"}],"is_trial":true,"path_per_floor":["M","$","M","M","M","E","R","E","T","M","E","M","E","$","R","B",null,"M","M","M","M","$","E","E","E","T","E","M","R","E","?","R","B",null,"M","?","$","M","$","E","R","E","T","R","E","$","E","M","R","B","B",null],"character_chosen":"WATCHER","items_purchased":["Conclude","Gremlin Horn","Orrery","JustLucky","Strange Spoon","Mango","reliquary:BoilingFlask","Nunchaku","HornCleat","DollysMirror"],"campfire_rested":2,"item_purchase_floors":[2,14,14,22,37,37,39,39,46,46],"current_hp_per_floor":[61,61,54,54,51,51,51,51,51,51,51,51,51,51,51,50,64,60,60,52,52,52,52,52,50,50,50,33,68,66,66,66,50,64,64,64,78,61,61,59,59,47,47,47,46,46,44,44,82,61,13],"gold":58,"neow_bonus":"","is_daily":false,"chose_seed":false,"campfire_upgraded":5,"win_rate":0.0,"timestamp":1611609644,"path_taken":["M","?","M","M","M","E","R","E","T","M","E","M","E","?","R","BOSS","M","M","M","M","$","E","E","E","T","E","M","R","E","?","R","BOSS","M","?","$","M","$","E","R","E","T","R","E","$","E","?","R","BOSS","BOSS"],"items_purchased_type":["Card","Relic","Relic","Card","Relic","Relic","Relic","Relic","Relic","Relic"],"build_version":"2020-12-22","purchased_purges":2,"victory":true,"max_hp_per_floor":[68,68,68,68,68,68,68,68,68,68,68,68,68,68,68,68,68,68,68,68,68,68,68,68,68,68,68,68,68,68,68,68,68,68,68,68,82,82,82,82,82,82,82,82,82,82,82,82,82,82,82],"relic_stats":{"Regal Pillow":29,"Gremlin Horn":[31,31],"counters":[31,136],"Yang":[482],"Orichalcum":[6],"Smiling Mask":0,"Mercury Hourglass":[470],"OrangePellets":[64],"Strange Spoon":[22],"Nunchaku":[20],"Ornamental Fan":[456],"Art of War":[1],"obtain_stats":[{"reliquary:OuijaBoard":24,"Regal Pillow":26,"reliquary:Boomerang":45,"Gremlin Horn":14,"reliquary:BoilingFlask":39,"Yang":9,"Mango":37,"TeardropLocket":0,"Smiling Mask":25,"Ancient Tea Set":40,"Nunchaku":39,"HornCleat":46,"DollysMirror":46,"InkBottle":27,"The Courier":11,"Orichalcum":43,"reliquary:IridiumChain":23,"Mercury Hourglass":8,"OrangePellets":0,"Strange Spoon":37,"CaptainsWheel":6,"Ornamental Fan":13,"Orrery":14,"reliquary:Ember":17,"Art of War":42,"Membership Card":0,"PureWater":0,"reliquary:MudwinsCradle":30,"reliquary:WritOfMandamus":34,"StrikeDummy":47},{"reliquary:OuijaBoard":17,"Regal Pillow":18,"reliquary:Boomerang":27,"Gremlin Horn":10,"reliquary:BoilingFlask":24,"Yang":6,"Mango":23,"TeardropLocket":0,"Smiling Mask":18,"Ancient Tea Set":25,"Nunchaku":24,"HornCleat":27,"DollysMirror":27,"InkBottle":19,"The Courier":8,"Orichalcum":26,"reliquary:IridiumChain":16,"Mercury Hourglass":6,"OrangePellets":0,"Strange Spoon":23,"CaptainsWheel":5,"Ornamental Fan":10,"Orrery":10,"reliquary:Ember":11,"Art of War":26,"Membership Card":0,"PureWater":0,"reliquary:MudwinsCradle":21,"reliquary:WritOfMandamus":22,"StrikeDummy":28},{"reliquary:OuijaBoard":60,"Regal Pillow":64,"reliquary:Boomerang":109,"Gremlin Horn":31,"reliquary:BoilingFlask":96,"Yang":20,"Mango":92,"TeardropLocket":0,"Smiling Mask":64,"Ancient Tea Set":99,"Nunchaku":96,"HornCleat":109,"DollysMirror":109,"InkBottle":69,"The Courier":24,"Orichalcum":102,"reliquary:IridiumChain":55,"Mercury Hourglass":20,"OrangePellets":0,"Strange Spoon":92,"CaptainsWheel":18,"Ornamental Fan":31,"Orrery":31,"reliquary:Ember":36,"Art of War":102,"Membership Card":0,"PureWater":0,"reliquary:MudwinsCradle":78,"reliquary:WritOfMandamus":89,"StrikeDummy":114}],"InkBottle":[44]},"card_choices":[{"not_picked":["CrushJoints","Crescendo"],"picked":"FlyingSleeves","floor":1},{"not_picked":["FollowUp","Consecrate"],"picked":"EmptyBody","floor":3},{"not_picked":["WreathOfFlame","Sanctity","ClearTheMind"],"picked":"SKIP","floor":4},{"not_picked":["FlyingSleeves","Consecrate"],"picked":"CutThroughFate","floor":5},{"not_picked":["Crescendo","Prostrate"],"picked":"CutThroughFate","floor":6},{"not_picked":["Evaluate","Devotion"],"picked":"WheelKick","floor":8},{"not_picked":["Halt","SashWhip","EmptyBody"],"picked":"SKIP","floor":10},{"not_picked":["Collect","SashWhip"],"picked":"SpiritShield","floor":11},{"not_picked":["FollowUp","EmptyBody"],"picked":"ThirdEye","floor":12},{"not_picked":["BowlingBash","Conclude"],"picked":"BattleHymn","floor":13},{"not_picked":["CarveReality","Adaptation"],"picked":"JustLucky","floor":14},{"not_picked":["Crescendo","ThirdEye"],"picked":"JustLucky","floor":14},{"not_picked":["Indignation","Crescendo"],"picked":"CutThroughFate","floor":14},{"not_picked":["Brilliance","ReachHeaven"],"picked":"Halt","floor":14},{"not_picked":["DevaForm","Brilliance"],"picked":"LessonLearned","floor":16},{"not_picked":["CrushJoints","Swivel","SashWhip"],"picked":"SKIP","floor":18},{"not_picked":["Adaptation","Evaluate","Perseverance"],"picked":"SKIP","floor":19},{"not_picked":["Protect","ClearTheMind"],"picked":"JustLucky","floor":20},{"not_picked":["Pray+1","CarveReality"],"picked":"Perseverance+1","floor":21},{"not_picked":["EmptyBody","ForeignInfluence","Crescendo"],"picked":"SKIP","floor":23},{"not_picked":["DeceiveReality","Pray+1","BowlingBash"],"picked":"SKIP","floor":24},{"not_picked":["FollowUp","ReachHeaven"],"picked":"SandsOfTime","floor":25},{"not_picked":["Protect+1","FlurryOfBlows","PathToVictory"],"picked":"SKIP","floor":27},{"not_picked":["FlurryOfBlows","PathToVictory"],"picked":"Protect+1","floor":27},{"not_picked":["SashWhip","FollowUp"],"picked":"Weave","floor":28},{"not_picked":["Evaluate","Indignation","WreathOfFlame"],"picked":"SKIP","floor":30},{"not_picked":["DeusExMachina","DevaForm"],"picked":"SpiritShield","floor":33},{"not_picked":["FlurryOfBlows","EmptyBody"],"picked":"Tantrum+1","floor":35},{"not_picked":["BowlingBash","WheelKick+1","Perseverance"],"picked":"SKIP","floor":38},{"not_picked":["Conclude","Vengeance","ForeignInfluence+1"],"picked":"SKIP","floor":40},{"not_picked":["Establishment","JustLucky+1"],"picked":"WaveOfTheHand+1","floor":42},{"not_picked":["PathToVictory","Indignation","MentalFortress"],"picked":"SKIP","floor":45},{"not_picked":["PathToVictory","Indignation","MentalFortress"],"picked":"SKIP","floor":45},{"not_picked":["BowlingBash","ClearTheMind","EmptyFist+1"],"picked":"SKIP","floor":47},{"not_picked":["Halt","FollowUp+1","Worship+1"],"picked":"SKIP","floor":48}],"player_experience":845075,"relics_obtained":[{"floor":6,"key":"CaptainsWheel"},{"floor":8,"key":"Mercury Hourglass"},{"floor":9,"key":"Yang"},{"floor":11,"key":"The Courier"},{"floor":13,"key":"Ornamental Fan"},{"floor":23,"key":"reliquary:IridiumChain"},{"floor":24,"key":"reliquary:OuijaBoard"},{"floor":25,"key":"Smiling Mask"},{"floor":26,"key":"Regal Pillow"},{"floor":27,"key":"InkBottle"},{"floor":30,"key":"reliquary:MudwinsCradle"},{"floor":40,"key":"Ancient Tea Set"},{"floor":42,"key":"Art of War"},{"floor":43,"key":"Orichalcum"},{"floor":45,"key":"reliquary:Boomerang"},{"floor":47,"key":"StrikeDummy"}],"event_choices":[{"cards_removed":["Strike_P"],"damage_healed":0,"gold_gain":0,"player_choice":"Purged","damage_taken":0,"max_hp_gain":0,"max_hp_loss":0,"event_name":"Purifier","floor":31,"gold_loss":0},{"cards_removed":["Defend_P"],"damage_healed":0,"gold_gain":0,"player_choice":"Purged","damage_taken":0,"max_hp_gain":0,"max_hp_loss":0,"event_name":"Purifier","floor":36,"gold_loss":0}],"is_beta":false,"boss_relics":[{"not_picked":["Astrolabe","Coffee Dripper"],"picked":"reliquary:Ember"},{"not_picked":["Black Star","Calling Bell"],"picked":"reliquary:WritOfMandamus"}],"items_purged_floors":[2,22],"is_endless":false,"potions_floor_spawned":[4,8,10,11,12,18,19,25,28,30,33,42,45,47],"ascension_level":20}}