{"host":"np9ouipdmi0bkas5","time":1611588353,"event":{"mods":["AchievementEnabler","Aspiration","BaseMod","Colored Map","Downfall","Highlight Path","Hubris","Infinite Spire","Minty Spire (QoL Compilation)","Replay The Spire","StSLib"],"gold_per_floor":[118,118,136,136,55,55,85,95,95,95,108,140,140,15,15,114,114,129,54,54,72,72,98,98,123,169,169,6,16,29,29,29],"floor_reached":31,"language":"ENG","playtime":1689,"items_purged":["Defend_G"],"score":321,"play_id":"9f526ba7-b086-4861-b140-ae5608cb2531","local_time":"20210125072553","is_ascension_mode":true,"campfire_choices":[{"data":"ReplayTheSpireMod:Scrap Shanks","floor":6,"key":"SMITH"},{"floor":13,"key":"REST"},{"floor":15,"key":"REST"},{"floor":24,"key":"REST"},{"floor":27,"key":"REST"}],"circlet_count":0,"master_deck":["Strike_G","Strike_G+1","Strike_G+1","Strike_G","Defend_G","Defend_G","Defend_G","Defend_G","Survivor","Neutralize","Acrobatics","Hidden Blade","ReplayTheSpireMod:Scrap Shanks+1","Blade Dance","Dagger Spray","Prepared+1","Dodge and Roll+1","Caltrops","Hidden Blade","Storm of Steel","Cloak And Dagger","Cloak And Dagger","Backflip","Footwork","Backstab","Cloak And Dagger+1"],"relics":["Ring of the Snake","NeowsBlessing","hubris:Towel","Quantum Egg","Juzu Bracelet","Gremlin Food","Sozu","The Courier","Bottled Lightning","PreservedInsect"],"acts_visited":["Exordium","TheCity"],"potions_floor_usage":[11,12,23],"damage_taken":[{"damage":0,"enemies":"Small Slimes","floor":1,"turns":1},{"damage":0,"enemies":"Jaw Worm","floor":3,"turns":1},{"damage":0,"enemies":"Lagavulin","floor":7,"turns":1},{"damage":12,"enemies":"2 Louse","floor":8,"turns":2},{"damage":4,"enemies":"Large Slime","floor":11,"turns":5},{"damage":22,"enemies":"3 Sentries","floor":12,"turns":6},{"damage":41,"enemies":"The Guardian","floor":16,"turns":16},{"damage":1,"enemies":"Shell Parasite","floor":18,"turns":3},{"damage":10,"enemies":"2 Thieves","floor":21,"turns":3},{"damage":30,"enemies":"Book of Stabbing","floor":23,"turns":4},{"damage":31,"enemies":"Gremlin Leader","floor":25,"turns":6},{"damage":7,"enemies":"Snecko","floor":29,"turns":4},{"damage":29,"enemies":"Snake Plant","floor":30,"turns":4},{"damage":5,"enemies":"Replay:Snechameleon","floor":31,"turns":3}],"seed_played":"-8664888456672944724","potions_obtained":[{"floor":3,"key":"Reflective Coating"},{"floor":8,"key":"SkillPotion"},{"floor":16,"key":"Venom Potion"}],"is_trial":false,"path_per_floor":["M","?","M","?","$","R","E","M","T","?","M","E","R","$","R","B",null,"M","?","?","M","$","E","R","E","T","R","$","M","M","E"],"character_chosen":"THE_SILENT","items_purchased":["ReplayTheSpireMod:Scrap Shanks","Caltrops","Hidden Blade","Backflip","Footwork"],"campfire_rested":4,"item_purchase_floors":[5,14,14,28,28],"current_hp_per_floor":[70,70,70,70,70,70,70,58,58,51,47,25,46,46,67,26,70,69,69,69,59,59,29,50,19,19,40,40,33,4,0,0],"gold":29,"neow_bonus":"THREE_ENEMY_KILL","is_daily":false,"chose_seed":false,"campfire_upgraded":1,"win_rate":0.0,"timestamp":1611588353,"path_taken":["M","?","M","?","?","R","E","M","T","?","M","E","R","$","R","BOSS","M","?","?","M","$","E","R","E","T","R","$","M","M","E"],"items_purchased_type":["Card","Card","Card","Card","Card"],"build_version":"2020-12-22","purchased_purges":1,"victory":false,"max_hp_per_floor":[70,70,70,70,70,70,70,70,70,70,70,70,70,70,70,70,70,70,70,70,70,70,70,70,70,70,70,70,70,70,70,70],"card_choices":[{"not_picked":["Predator","Endless Agony"],"picked":"Acrobatics","floor":1},{"not_picked":["Quick Slash","Skewer"],"picked":"Hidden Blade","floor":3},{"not_picked":["Endless Agony","hubris:Sniper"],"picked":"Blade Dance","floor":7},{"not_picked":["hubris:TrickCloak","Endless Agony"],"picked":"Dagger Spray","floor":8},{"not_picked":["Well Laid Plans","Heel Hook"],"picked":"Prepared","floor":11},{"not_picked":["Expertise","Well Laid Plans"],"picked":"Dodge and Roll","floor":12},{"not_picked":["aspiration:Lunge","ReplayTheSpireMod:From All Sides"],"picked":"Storm of Steel","floor":16},{"not_picked":["Terror","Riddle With Holes"],"picked":"Cloak And Dagger","floor":18},{"not_picked":["Well Laid Plans","PiercingWail+1","Hidden Blade"],"picked":"SKIP","floor":21},{"not_picked":["Choke","Deadly Poison","Glass Knife"],"picked":"SKIP","floor":23},{"not_picked":["Draining Mist+1","Tactician"],"picked":"Cloak And Dagger","floor":25},{"not_picked":["Sucker Punch","Quick Slash"],"picked":"Backstab","floor":29},{"not_picked":["Sneak Up","Distraction"],"picked":"Cloak And Dagger+1","floor":30}],"player_experience":64984,"relics_obtained":[{"floor":7,"key":"Quantum Egg"},{"floor":9,"key":"Juzu Bracelet"},{"floor":12,"key":"Gremlin Food"},{"floor":23,"key":"The Courier"},{"floor":25,"key":"Bottled Lightning"},{"floor":26,"key":"PreservedInsect"}],"event_choices":[{"cards_removed":["Sickly"],"damage_healed":0,"gold_gain":0,"player_choice":"Card Removal","damage_taken":7,"max_hp_gain":0,"max_hp_loss":0,"event_name":"Golden Wing","floor":10,"gold_loss":0},{"cards_removed":["Strike_G"],"damage_healed":0,"gold_gain":0,"player_choice":"Gave Gold","damage_taken":0,"max_hp_gain":0,"max_hp_loss":0,"event_name":"Beggar","floor":19,"gold_loss":75}],"is_beta":false,"boss_relics":[{"not_picked":["hubris:HollowSoul","aspiration:DefectSkillbook"],"picked":"Sozu"}],"items_purged_floors":[28],"is_endless":false,"potions_floor_spawned":[3,8,16,23,29,30],"killed_by":"Replay:Snechameleon","ascension_level":1}}