{"host":"59cc6k4ir9ghxqag","time":1611577077,"event":{"mods":["100% Spire Juice","Arknights The Spire","BaseMod","Colored Powertips","Hermit","Infinite Spire","Lobotomy","Marisa£®ÏF”Í°°ƒß¿Ì…≥£©","Minty Spire (QoL Compilation)","Remilia£®¿Ÿ√◊¿Ú—«£©","Replay The Spire","Robot Space Explorer","Shop Mod","StSLib","The Bug Knight","The Cursed","The Dragon Tamer","The Jungle","°æ“≈ŒÔø®≈∆°øREMEMod"],"gold_per_floor":[414,514,614,614,614,645,745,745,771,771,771,300,325,342,342,443,443,453,453,703,703,750,762,874,886,966,978,990,1037,1049,1087,1099,1216,1228,1260,1272,1296,1308,729,729,756,756,756,63,63,63,63,63,63,63],"floor_reached":51,"language":"ZHS","playtime":1368,"items_purged":["FinalSpark+1","Delirium","ats:Hammer On"],"score":780,"play_id":"48aaee47-499c-4683-bdb3-617ffdf631e9","local_time":"20210125201757","daily_mods":["SealedDeck","Diverse","Heirloom","Flight","Lethality"],"is_ascension_mode":false,"campfire_choices":[{"data":"Moonworks:IndiscriminateFireSupport","floor":15,"key":"SMITH"},{"data":"hermit:Magnum","floor":23,"key":"SMITH"},{"data":"ats:Closed Bolt Burst Fire","floor":25,"key":"SMITH"},{"data":"UnstableBomb","floor":27,"key":"SMITH"},{"data":"Replay:Undeath\u0027s Touch","floor":32,"key":"SMITH"},{"data":"Replay:Undeath\u0027s Touch","floor":40,"key":"SMITH"},{"data":"Seeing Red","floor":42,"key":"SMITH"},{"data":"WitchOfGreed","floor":45,"key":"SMITH"},{"data":"hermit:WideOpen","floor":49,"key":"SMITH"}],"circlet_count":0,"master_deck":["DoubleSpark","EmptyBody","Moonworks:IndiscriminateFireSupport+1","Replay:Undeath\u0027s Touch+1","Pommel Strike+1","hermit:WideOpen+1","hermit:FlashPowder","Replay:BluntJabs+1","Auto Shields","Violence","hermit:Magnum+1","ats:Closed Bolt Burst Fire+1","UnstableBomb+1","FIFO Queue","Replay:Undeath\u0027s Touch+1","ats:Red Shift+1","TheCursedMod:SurpriseAttack","WitchOfGreed+1","Seeing Red+1","FIFO Queue"],"relics":["Unceasing Top","replay:Trail_Library","REME_ComplimentaryCards","Old Coin","ReplayTheSpireMod:Ring of Collecting","Iron Hammer","PreservedInsect","Sundial","TheAbacus","Thread and Needle","Philosopher\u0027s Stone","Potion Belt","MawBank","Red Mask","Ring of Fangs","Pantograph","REME_PuzzleBoxRelic","TungstenRod","SlaversCollar","Torii","HollowMod:JonisBlessing","Happy Flower","infinitespire:PuzzleCube","HornCleat","Ring of Peace","The Courier","Oddly Smooth Stone","Strawberry","Omamori","Pet Ghost","Whetstone"],"acts_visited":["Exordium","TheCity","TheBeyond"],"potions_floor_usage":[50,50],"damage_taken":[{"damage":0,"enemies":"2 Louse","floor":1,"turns":1},{"damage":8,"enemies":"HollowMod:MossKnight","floor":6,"turns":3},{"damage":0,"enemies":"Gremlin Nob","floor":13,"turns":1},{"damage":0,"enemies":"Small Slimes","floor":14,"turns":1},{"damage":0,"enemies":"Slime Boss","floor":16,"turns":3},{"damage":0,"enemies":"Spheric Guardian","floor":18,"turns":1},{"damage":0,"enemies":"Masked Bandits","floor":22,"turns":1},{"damage":0,"enemies":"Gremlin Leader","floor":29,"turns":3},{"damage":0,"enemies":"Replay:Snechameleon","floor":31,"turns":2},{"damage":12,"enemies":"Automaton","floor":33,"turns":4},{"damage":3,"enemies":"3 Darklings","floor":35,"turns":3},{"damage":9,"enemies":"Orb Walker","floor":37,"turns":2},{"damage":0,"enemies":"Giant Head","floor":41,"turns":3},{"damage":0,"enemies":"Time Eater","floor":50,"turns":9}],"seed_played":"-5420157348350975158","potions_obtained":[{"floor":1,"key":"EssenceOfSteel"},{"floor":6,"key":"SkillPotion"},{"floor":16,"key":"Swift Potion"},{"floor":22,"key":"BottledMiracle"},{"floor":29,"key":"Regen Potion"}],"is_trial":true,"path_per_floor":["M","WH","WH","?","?","E","WH","WH","T","WH","WH","$","E","M","R","B",null,"M","WH","WH","WH","?","R","WH","R","T","R","WH","E","WH","E","R","B",null,"M","WH","M","WH","$","R","E","R","T","$","R","WH","?","WH","R","B",null],"character_chosen":"WATCHER","items_purchased":["Sundial","TheAbacus","HollowMod:JonisBlessing","Happy Flower","WitchOfGreed","infinitespire:PuzzleCube","Oddly Smooth Stone","Strawberry","Omamori","Pet Ghost","Whetstone"],"campfire_rested":0,"item_purchase_floors":[12,12,39,39,39,39,44,44,44,44,44],"current_hp_per_floor":[72,72,72,72,54,46,46,48,48,48,36,36,36,36,36,36,86,86,86,62,62,62,62,62,62,62,62,62,62,62,62,62,74,86,83,83,79,87,87,87,87,87,87,94,94,104,104,104,104,104],"gold":63,"neow_bonus":"REMOVE_CARD","is_daily":false,"chose_seed":false,"campfire_upgraded":9,"win_rate":0.0,"timestamp":1611577077,"path_taken":["M","WH","WH","?","?","E","WH","WH","T","WH","WH","$","E","M","R","BOSS","M","WH","WH","WH","?","R","WH","R","T","R","WH","E","WH","E","R","BOSS","M","WH","M","WH","$","R","E","R","T","$","R","WH","?","WH","R","BOSS"],"items_purchased_type":["Relic","Relic","Relic","Relic","Card","Relic","Relic","Relic","Relic","Relic","Relic"],"build_version":"2020-12-22","purchased_purges":3,"victory":true,"max_hp_per_floor":[72,72,72,72,72,72,72,86,86,86,86,86,86,86,86,86,86,86,86,86,86,86,86,86,86,86,86,86,86,86,86,86,86,86,86,86,86,94,94,94,94,94,94,101,101,111,111,111,111,111],"card_choices":[{"not_picked":["EmptyFist","TheCursedMod:WearCloak","Heatsinks"],"picked":"SKIP","floor":1},{"not_picked":["TheCursedMod:Stretching","Moonworks:FullSpeedAlicianrone","ReplaySolidLightProjector"],"picked":"SKIP","floor":6},{"not_picked":["REME_AllRoundStrike","REME_ProfessionalPlagiarism"],"picked":"Violence","floor":11},{"not_picked":["HollowMod:ChannelNail","DTMod:Punisher","ChargeUpSpray"],"picked":"SKIP","floor":13},{"not_picked":["Evaluate","HollowMod:GoodIntentions","RobotSpaceExplorer:SurgingShield"],"picked":"SKIP","floor":14},{"not_picked":["BloodRain","KillingBlow"],"picked":"hermit:Magnum","floor":16},{"not_picked":["ReplayTheSpireMod:GoodbyeWorld","RobotSpaceExplorer:SelfCleaning"],"picked":"ats:Closed Bolt Burst Fire","floor":18},{"not_picked":["Replay:AtTheReady","RobotSpaceExplorer:RigExplosive"],"picked":"Replay:Undeath\u0027s Touch","floor":29},{"not_picked":["HollowMod:VengefulVoid","hermit:Showdown"],"picked":"ats:Red Shift+1","floor":31},{"not_picked":["Carnage","Chaos+1","DTMod:MagicField+1"],"picked":"SKIP","floor":35},{"not_picked":["HollowMod:InfectedCysts+1","ats:Ignite"],"picked":"TheCursedMod:SurpriseAttack","floor":37},{"not_picked":["TheCursedMod:WearCloak","Moonworks:ForcedRevival+1"],"picked":"Seeing Red","floor":41}],"player_experience":513461,"relics_obtained":[{"floor":4,"key":"ReplayTheSpireMod:Ring of Collecting"},{"floor":6,"key":"Iron Hammer"},{"floor":9,"key":"PreservedInsect"},{"floor":13,"key":"Thread and Needle"},{"floor":22,"key":"Red Mask"},{"floor":26,"key":"Ring of Fangs"},{"floor":26,"key":"Pantograph"},{"floor":29,"key":"REME_PuzzleBoxRelic"},{"floor":31,"key":"TungstenRod"},{"floor":41,"key":"HornCleat"},{"floor":43,"key":"Ring of Peace"},{"floor":43,"key":"The Courier"}],"event_choices":[{"damage_healed":0,"gold_gain":0,"player_choice":"Fought Bandits","damage_taken":0,"max_hp_gain":0,"max_hp_loss":0,"event_name":"Masked Bandits","floor":22,"gold_loss":0},{"damage_healed":0,"gold_gain":0,"player_choice":"Memory 1","damage_taken":0,"max_hp_gain":0,"max_hp_loss":0,"event_name":"SensoryStone","floor":47,"gold_loss":0}],"is_beta":false,"boss_relics":[{"not_picked":["VioletLotus","REME_DuelDisc"],"picked":"Philosopher\u0027s Stone"},{"not_picked":["SacredBark","ReplayTheSpireMod:DimensionalGlitch"],"picked":"SlaversCollar"}],"items_purged_floors":[12,39,44],"is_endless":false,"potions_floor_spawned":[1,6,16,22,29,35],"ascension_level":0}}