{"host":"2yhbarjh4s9lrrzt","time":1611562504,"event":{"mods":["2.2 Compatiblity","BaseMod","Better Note","Better Third Choice","Block Reminder","Hubris","Marked Mod","Minty Spire (QoL Compilation)","Replay The Spire","StSLib"],"gold_per_floor":[110,129,9,9,19,19,29,29,29,29,45,45,73,89,89,187,187,197,38,38,38,48,48,60,26,26,26,42,42,42,54,54,54,54],"floor_reached":33,"language":"ENG","playtime":2143,"items_purged":[],"score":247,"play_id":"98e47ab7-740e-48ce-b00b-90acd916347b","local_time":"20210125031504","is_ascension_mode":false,"campfire_choices":[{"data":"Eruption","floor":6,"key":"SMITH"},{"data":"Vigilance","floor":8,"key":"SMITH"},{"data":"WheelKick","floor":10,"key":"SMITH"},{"floor":12,"key":"REST"},{"floor":15,"key":"REST"},{"floor":23,"key":"REST"},{"floor":30,"key":"REST"}],"circlet_count":0,"master_deck":["Strike_P","Strike_P","Strike_P","Strike_P","Defend_P","Defend_P","Defend_P","Defend_P","Eruption+1","Vigilance+1","WheelKick+1","Replay:Vibes","WreathOfFlame","Halt","FearNoEvil+1","Replay:BluntJabs","Meditate","Weave","TalkToTheHand","LessonLearned+1","Prostrate+1","MentalFortress+1","DeceiveReality","FollowUp","Replay:LoomingThreat","EmptyFist","ForeignInfluence","Pot Of Greed","Wallop+1","Protect"],"relics":["PureWater","NeowsBlessing","HornCleat","Velvet Choker","Nloth\u0027s Gift"],"acts_visited":["Exordium","TheCity"],"potions_floor_usage":[13,16,24,31,33,33],"damage_taken":[{"damage":0,"enemies":"2 Louse","floor":1,"turns":2},{"damage":0,"enemies":"Cultist","floor":2,"turns":1},{"damage":0,"enemies":"Small Slimes","floor":5,"turns":1},{"damage":6,"enemies":"Blue Slaver","floor":7,"turns":4},{"damage":3,"enemies":"Looter","floor":11,"turns":4},{"damage":27,"enemies":"Gremlin Nob","floor":13,"turns":4},{"damage":10,"enemies":"Lots of Slimes","floor":14,"turns":3},{"damage":39,"enemies":"Slime Boss","floor":16,"turns":11},{"damage":17,"enemies":"Spheric Guardian","floor":18,"turns":4},{"damage":11,"enemies":"2 Thieves","floor":22,"turns":5},{"damage":16,"enemies":"Snake Plant","floor":24,"turns":7},{"damage":43,"enemies":"Chosen and Byrds","floor":28,"turns":10},{"damage":8,"enemies":"Cultist and Chosen","floor":31,"turns":7},{"damage":50,"enemies":"Automaton","floor":33,"turns":10}],"seed_played":"-484005960888984940","potions_obtained":[{"floor":5,"key":"Ambrosia"},{"floor":7,"key":"Venom Potion"},{"floor":16,"key":"Block Potion"},{"floor":18,"key":"PowerPotion"},{"floor":24,"key":"StancePotion"},{"floor":28,"key":"Elixir"},{"floor":31,"key":"Fire Potion"}],"is_trial":false,"path_per_floor":["M","M","$","?","M","R","M","R","T","R","M","R","E","M","R","B",null,"M","$","?","?","M","R","M","$","T","?","M","$","R","M","R","B"],"character_chosen":"WATCHER","items_purchased":["WreathOfFlame","Halt","MentalFortress","DeceiveReality","FollowUp","ForeignInfluence"],"campfire_rested":4,"item_purchase_floors":[3,3,19,19,19,25],"current_hp_per_floor":[72,72,72,72,72,72,66,66,66,66,63,72,45,35,56,17,72,55,55,55,55,44,65,49,49,49,49,6,6,27,19,40,0,0],"gold":54,"neow_bonus":"THREE_ENEMY_KILL","is_daily":false,"chose_seed":false,"campfire_upgraded":3,"win_rate":0.0,"timestamp":1611562504,"path_taken":["M","M","$","?","M","R","M","R","T","R","M","R","E","M","R","BOSS","M","?","?","?","M","R","M","$","T","?","M","$","R","M","R","BOSS"],"items_purchased_type":["Card","Card","Card","Card","Card","Card"],"build_version":"2020-12-22","purchased_purges":0,"victory":false,"max_hp_per_floor":[72,72,72,72,72,72,72,72,72,72,72,72,72,72,72,72,72,72,72,72,72,72,72,72,72,72,72,72,72,72,72,72,72,72],"card_choices":[{"not_picked":["EmptyBody","FlurryOfBlows"],"picked":"WheelKick","floor":1},{"not_picked":["Replay:AtTheReady","FollowUp"],"picked":"Replay:Vibes","floor":2},{"not_picked":["Replay:Hum","Crescendo"],"picked":"FearNoEvil","floor":5},{"not_picked":["MarkedMod:GracefulMovements","Crescendo"],"picked":"Replay:BluntJabs","floor":7},{"not_picked":["ThirdEye","FlyingSleeves"],"picked":"Meditate","floor":11},{"not_picked":["Replay:Hum","Conclude"],"picked":"Weave","floor":13},{"not_picked":["Crescendo","MarkedMod:FirstStrike"],"picked":"TalkToTheHand","floor":14},{"not_picked":["Alpha","Vault"],"picked":"LessonLearned","floor":16},{"not_picked":["Evaluate","Replay:AtTheReady"],"picked":"Prostrate+1","floor":18},{"not_picked":["Replay:Hum","MarkedMod:GentlePulse+1"],"picked":"Replay:LoomingThreat","floor":22},{"not_picked":["MentalFortress","SashWhip"],"picked":"EmptyFist","floor":24},{"not_picked":["Halt","MarkedMod:GracefulMovements"],"picked":"Wallop","floor":28},{"not_picked":["ClearTheMind","MarkedMod:GracefulMovements+1"],"picked":"Protect","floor":31}],"player_experience":253840,"relics_obtained":[{"floor":13,"key":"HornCleat"}],"event_choices":[{"damage_healed":0,"gold_gain":0,"player_choice":"Trade","damage_taken":0,"relics_obtained":["NlothsMask"],"max_hp_gain":0,"max_hp_loss":0,"event_name":"FaceTrader","floor":4,"gold_loss":0},{"damage_healed":0,"gold_gain":0,"player_choice":"Traded Relic","damage_taken":0,"relics_obtained":["Nloth\u0027s Gift"],"max_hp_gain":0,"max_hp_loss":0,"event_name":"N\u0027loth","floor":20,"relics_lost":["NlothsMask"],"gold_loss":0},{"damage_healed":0,"gold_gain":0,"player_choice":"Forge","damage_taken":0,"max_hp_gain":0,"max_hp_loss":0,"event_name":"Accursed Blacksmith","floor":21,"gold_loss":0,"cards_upgraded":["LessonLearned"]},{"cards_removed":["ForeignInfluence"],"damage_healed":0,"gold_gain":0,"player_choice":"Take \u0026 Give","damage_taken":0,"max_hp_gain":0,"max_hp_loss":0,"event_name":"betterNote:BetterNote","floor":27,"gold_loss":0,"cards_obtained":["Pot Of Greed"]}],"is_beta":false,"boss_relics":[{"not_picked":["hubris:TerracottaHorce","Replay:Bronze Core"],"picked":"Velvet Choker"}],"items_purged_floors":[],"is_endless":false,"potions_floor_spawned":[5,7,16,18,24,28,31],"killed_by":"Automaton","ascension_level":0}}