{"host":"v3jf26dbm2nq3y14","time":1611588692,"event":{"mods":["100% Spire Juice","2.2 Compatiblity","Act Like it!","BaseMod","BetterRewards","Block Reminder","CapriCore","Card Filter","Chen","Colored Map","Colored Powertips","Custom Start","DeckTracker","Defuse TimeMaze Blight","Exacting","FoggyMod","Gensokyo","Highlight Path","Keyboard Shortcuts","Koishi","KomeijiMod","Marisa（霧雨　魔理沙）","Minty Spire (QoL Compilation)","Permanent Neow","Quick Restart","RNG Fix","Reimu（博??梦）","Relic Filter","Relic Sorter","Remove Card Discount Mod","SpireExporter+","StSLib","Synergy Search","The Administrix","The Immortal","Transform Curses","Unceasing Turn Reminder","WarShipGirlsR/??少女R mod","Yakumo Yukari mod","Yuyuko"],"gold_per_floor":[147,147,107,194,224,224,224,224,248,348,408,530,370,14,14,14,14,14],"floor_reached":16,"language":"ENG","playtime":944,"items_purged":[],"score":127,"play_id":"a8cbb162-a6c7-4332-9c31-ff54102aadfe","local_time":"20210125153132","daily_mods":["SealedDeck","Vintage","Heirloom","Flight","Elite Swarm","Midas"],"is_ascension_mode":true,"campfire_choices":[{"floor":6.0,"key":"REST"},{"floor":15,"key":"REST"}],"circlet_count":0,"master_deck":["MokouMod:ScorchingColumn","MokouMod:TemporalFireSeal","MokouMod:TemporalFireSeal","MokouMod:BurningDraft","MokouMod:TemporalFireSeal","MokouMod:TemporalFireSeal","MokouMod:RisingSunBarrier","MokouMod:IllusoryBattlefield","MokouMod:ResonanceReactor","MokouMod:RisingSunBarrier","MokouMod:IgnitionBlast","Clumsy","MokouMod:Rekindle","Gensokyo:LockedMedkit","Gensokyo:TarnishedGold","Gensokyo:DepletedGenerator","Gensokyo:MenInBlack"],"relics":["MokouMod:PhoenixFeather","Ginger","Prayer Wheel","Question Card","The Courier","Gensokyo:NagashiBinaDoll","PureWhite:ReiMu","Tea:ReiMu","Frozen Egg 2","Enchiridion"],"acts_visited":["Gensokyo:Gensokyo"],"potions_floor_usage":[],"damage_taken":[{"damage":5.0,"enemies":"Gensokyo:Python","floor":1.0,"turns":4.0},{"damage":17.0,"enemies":"Gensokyo:3_Fairies","floor":4.0,"turns":5.0},{"damage":8.0,"enemies":"Gensokyo:Gryphon","floor":5.0,"turns":4.0},{"damage":11.0,"enemies":"Gensokyo:Kitsune","floor":11.0,"turns":4.0},{"damage":95.0,"enemies":"Gensokyo:Mamizou","floor":12.0,"turns":19.0},{"damage":8,"enemies":"Gensokyo:Kokoro","floor":16,"turns":8}],"seed_played":"-6112106063619140005","potions_obtained":[{"floor":5.0,"key":"Fire Potion"},{"floor":12.0,"key":"Strength Potion"}],"is_trial":true,"path_per_floor":["M","?","$","M","M","R","?","?","T","?","M","M","M","COS","R","B"],"character_chosen":"MKU","items_purchased":["MokouMod:IgnitionBlast"],"campfire_rested":2,"item_purchase_floors":[3],"current_hp_per_floor":[70,70,70,53,45,67,67,74,74,74,63,19,19,19,67,59,59,59],"gold":14,"neow_bonus":"","is_daily":false,"chose_seed":false,"campfire_upgraded":0,"win_rate":0.0,"timestamp":1611588692,"path_taken":["M","?","?","?","?","R","?","?","T","?","?","?","?","COS","R","BOSS"],"items_purchased_type":["Card"],"build_version":"2020-12-22","purchased_purges":0,"victory":false,"max_hp_per_floor":[75,75,75,75,75,75,75,82,82,82,82,82,82,82,82,82,82,82],"card_choices":[{"not_picked":["MokouMod:Rebirth+1","MokouMod:HouraiForge+1","MokouMod:RadiantBlade"],"picked":"MokouMod:Rekindle","floor":12.0}],"player_experience":417706,"relics_obtained":[{"floor":1.0,"key":"Prayer Wheel"},{"floor":4.0,"key":"Question Card"},{"floor":5.0,"key":"The Courier"},{"floor":9.0,"key":"PureWhite:ReiMu"},{"floor":11.0,"key":"Tea:ReiMu"},{"floor":12.0,"key":"Frozen Egg 2"}],"event_choices":[],"is_beta":false,"boss_relics":[],"items_purged_floors":[],"is_endless":true,"potions_floor_spawned":[5,12],"killed_by":"Gensokyo:Kokoro","ascension_level":1}}