{"host":"f6w7z8zvb0mi4wy9","time":1611616827,"event":{"mods":["BaseMod","Colored Map","Minty Spire (QoL Compilation)","READ ME - Guardian Mod","StSLib","SuperFastMode","The Jungle"],"gold_per_floor":[115,95,109,122,46,74,92,117,117,117,117,117,128,191,191,287,287,306,405,405,416,691,691,318,348,372,391,391,408,435,445,445,549,549,566,566,586,1585,1598,1632,1632,1661,1661,1661,1693,1693,1793,1793,1793,1793,1793,1793,51,76,76],"floor_reached":56,"language":"KOR","playtime":1614,"items_purged":["Regret"],"score":2029,"play_id":"7b4f5f73-fedd-478a-ab04-5929973e94d7","local_time":"20210126082027","is_ascension_mode":true,"campfire_choices":[{"data":"Zap","floor":10.0,"key":"SMITH"},{"data":"Dualcast","floor":12.0,"key":"SMITH"},{"floor":15.0,"key":"REST"},{"data":"Creative AI","floor":23.0,"key":"SMITH"},{"data":"Apotheosis","floor":28.0,"key":"SMITH"},{"floor":32.0,"key":"RECALL"},{"data":"Heatsinks","floor":41.0,"key":"SMITH"},{"data":"Defragment","floor":44.0,"key":"SMITH"},{"data":"Magnetism","floor":49.0,"key":"SMITH"},{"data":"Echo Form","floor":52.0,"key":"SMITH"}],"circlet_count":0,"master_deck":["Strike_B","Strike_B","Strike_B","Strike_B","Defend_B","Defend_B","Defend_B","Zap+1","Dualcast+1","FTL","Beam Cell","Ball Lightning","Static Discharge","Electrodynamics","Coolheaded","Creative AI+1","Buffer","Heatsinks+1","Apotheosis+1","Self Repair","Defragment+1","White Noise","Steam+1","Static Discharge+1","Echo Form+1","Echo Form","Glacier+1","Core Surge","White Noise+1","Madness+1","Madness+1","Panache","Master of Strategy","Magnetism+1","Machine Learning","Storm","Storm","Heatsinks","Heatsinks","Self Repair","Loop","Loop"],"relics":["Cracked Core","Mummified Hand","Bag of Preparation","The Courier","Bird Faced Urn","Sozu","Nloth\u0027s Gift","Omamori","Lantern","Juzu Bracelet","Coffee Dripper","Potion Belt","Shuriken","Anchor","PreservedInsect","Kunai","Oddly Smooth Stone","InkBottle","Mango","War Paint","Bottled Tornado","Akabeko","Art of War"],"acts_visited":["Exordium","TheCity","TheBeyond","TheEnding"],"potions_floor_usage":[],"damage_taken":[{"damage":0.0,"enemies":"Jaw Worm","floor":1.0,"turns":1.0},{"damage":0.0,"enemies":"Cultist","floor":3.0,"turns":1.0},{"damage":0.0,"enemies":"Small Slimes","floor":4.0,"turns":1.0},{"damage":20.0,"enemies":"Lagavulin","floor":6.0,"turns":7.0},{"damage":11.0,"enemies":"Looter","floor":7.0,"turns":2.0},{"damage":5.0,"enemies":"3 Sentries","floor":8.0,"turns":2.0},{"damage":8.0,"enemies":"Large Slime","floor":13.0,"turns":4.0},{"damage":13.0,"enemies":"3 Sentries","floor":14.0,"turns":4.0},{"damage":29.0,"enemies":"The Guardian","floor":16.0,"turns":10.0},{"damage":0.0,"enemies":"3 Byrds","floor":18.0,"turns":2.0},{"damage":11.0,"enemies":"2 Thieves","floor":21.0,"turns":3.0},{"damage":38.0,"enemies":"Slavers","floor":25.0,"turns":3.0},{"damage":28.0,"enemies":"Cultist and Chosen","floor":27.0,"turns":4.0},{"damage":0.0,"enemies":"3 Cultists","floor":29.0,"turns":3.0},{"damage":12.0,"enemies":"Gremlin Leader","floor":30.0,"turns":4.0},{"damage":25.0,"enemies":"Snake Plant","floor":31.0,"turns":2.0},{"damage":0.0,"enemies":"Collector","floor":33.0,"turns":7.0},{"damage":53.0,"enemies":"3 Darklings","floor":35.0,"turns":2.0},{"damage":1.0,"enemies":"3 Shapes","floor":37.0,"turns":2.0},{"damage":7.0,"enemies":"Jaw Worm Horde","floor":39.0,"turns":4.0},{"damage":12.0,"enemies":"Nemesis","floor":40.0,"turns":4.0},{"damage":0.0,"enemies":"Reptomancer","floor":42.0,"turns":4.0},{"damage":0.0,"enemies":"Nemesis","floor":45.0,"turns":5.0},{"damage":35.0,"enemies":"Donu and Deca","floor":50.0,"turns":4.0},{"damage":0,"enemies":"Shield and Spear","floor":54,"turns":2},{"damage":13,"enemies":"The Heart","floor":55,"turns":4}],"seed_played":"1988015692880046620","potions_obtained":[{"floor":1.0,"key":"PotionOfCapacity"},{"floor":2.0,"key":"Strength Potion"},{"floor":4.0,"key":"LiquidBronze"},{"floor":7.0,"key":"AttackPotion"},{"floor":14.0,"key":"Energy Potion"},{"floor":16.0,"key":"Explosive Potion"}],"is_trial":false,"path_per_floor":["M","?","M","M","$","E","M","E","T","R","?","R","M","?","R","B",null,"M","?","?","M","?","R","$","E","T","M","R","M","E","M","R","B",null,"M","?","M","?","M","E","R","E","T","R","E","?","?","?","R","B",null,"R","$","E","B",null],"character_chosen":"DEFECT","items_purchased":["Static Discharge","Omamori","Apotheosis","Self Repair","Kunai","Oddly Smooth Stone","Machine Learning","Storm","Storm","Heatsinks","InkBottle","Mango","War Paint","Bottled Tornado","Heatsinks","Akabeko","Self Repair","Loop","Loop"],"campfire_rested":1,"item_purchase_floors":[5,24,24,24,53,53,53,53,53,53,53,53,53,53,53,53,53,53,53],"current_hp_per_floor":[68,68,68,68,68,48,37,32,32,32,37,37,29,16,40,33,68,76,76,76,73,73,73,73,43,43,40,40,57,77,59,59,80,80,35,35,42,42,80,80,80,80,80,80,80,70,70,60,60,77,79,79,93,94,94],"gold":76,"neow_bonus":"THREE_ENEMY_KILL","is_daily":false,"chose_seed":false,"campfire_upgraded":8,"win_rate":0.0,"timestamp":1611616827,"path_taken":["M","?","?","?","$","E","M","E","T","R","?","R","M","?","R","BOSS","M","?","?","?","?","R","$","E","T","M","R","?","E","M","R","BOSS","M","?","M","?","M","E","R","E","T","R","E","?","?","?","R","BOSS","R","$","E","BOSS"],"items_purchased_type":["Card","Relic","Card","Card","Relic","Relic","Card","Card","Card","Card","Relic","Relic","Relic","Relic","Card","Relic","Card","Card","Card"],"build_version":"2020-12-22","purchased_purges":1,"victory":true,"max_hp_per_floor":[75,75,75,75,75,75,75,75,75,75,80,80,80,80,80,80,80,80,80,80,80,80,80,80,80,80,80,80,80,80,80,80,80,80,80,80,80,80,80,80,80,80,80,80,80,80,80,80,80,80,80,80,94,94,94],"card_choices":[{"not_picked":["Leap","Undo"],"picked":"FTL","floor":1.0},{"not_picked":["Go for the Eyes","Barrage"],"picked":"Beam Cell","floor":3.0},{"not_picked":["Force Field","Redo"],"picked":"Ball Lightning","floor":4.0},{"not_picked":["Coolheaded","Steam"],"picked":"Electrodynamics","floor":6.0},{"not_picked":["Cold Snap","Ball Lightning","Streamline"],"picked":"SKIP","floor":7.0},{"not_picked":["Aggregate","Redo"],"picked":"Coolheaded","floor":8.0},{"not_picked":["Hologram","Coolheaded"],"picked":"Creative AI","floor":13.0},{"not_picked":["Reboot","Meteor Strike"],"picked":"Buffer","floor":16.0},{"not_picked":["Tempest","Fusion","Conserve Battery"],"picked":"SKIP","floor":18.0},{"not_picked":["Coolheaded","Streamline"],"picked":"Heatsinks","floor":21.0},{"not_picked":["Fusion+1","Core Surge"],"picked":"Defragment","floor":25.0},{"not_picked":["Stack","Rebound"],"picked":"White Noise","floor":27.0},{"not_picked":["Barrage","Gash+1"],"picked":"Steam+1","floor":29.0},{"not_picked":["Blizzard","Compile Driver"],"picked":"Static Discharge+1","floor":30.0},{"not_picked":["Beam Cell+1","Scrape+1"],"picked":"Echo Form","floor":31.0},{"not_picked":["Thunder Strike","Core Surge"],"picked":"Echo Form","floor":33.0},{"not_picked":["Rip and Tear","Gash+1"],"picked":"Glacier+1","floor":35.0},{"not_picked":["Compile Driver+1","Undo+1","Streamline+1"],"picked":"SKIP","floor":37.0},{"not_picked":["Gash+1","Stack"],"picked":"Core Surge","floor":39.0},{"not_picked":["Stack","Buffer","Cold Snap"],"picked":"SKIP","floor":40.0},{"not_picked":["Double Energy","Auto Shields+1","Barrage+1"],"picked":"SKIP","floor":42.0},{"not_picked":["Chaos+1","Consume"],"picked":"White Noise+1","floor":45.0},{"not_picked":["Thinking Ahead","Swift Strike"],"picked":"Panache","floor":48.0},{"not_picked":["Mind Blast","Dark Shackles"],"picked":"Master of Strategy","floor":48.0},{"not_picked":["Madness","Jack Of All Trades"],"picked":"Magnetism","floor":48.0},{"not_picked":["Biased Cognition","Darkness+1","Rebound+1"],"picked":"SKIP","floor":54}],"player_experience":899197,"relics_obtained":[{"floor":6.0,"key":"Mummified Hand"},{"floor":8.0,"key":"Bag of Preparation"},{"floor":9.0,"key":"The Courier"},{"floor":14.0,"key":"Bird Faced Urn"},{"floor":25.0,"key":"Lantern"},{"floor":30.0,"key":"Juzu Bracelet"},{"floor":40.0,"key":"Potion Belt"},{"floor":42.0,"key":"Shuriken"},{"floor":43.0,"key":"Anchor"},{"floor":45.0,"key":"PreservedInsect"},{"floor":54,"key":"Art of War"}],"event_choices":[{"damage_healed":0.0,"max_hp_gain":0.0,"max_hp_loss":0.0,"gold_gain":0.0,"event_name":"The Woman in Blue","player_choice":"Bought 1 Potion","floor":2.0,"gold_loss":0.0,"damage_taken":0.0},{"damage_healed":0.0,"max_hp_gain":5.0,"max_hp_loss":0.0,"gold_gain":0.0,"event_name":"Big Fish","player_choice":"Donut","floor":11.0,"gold_loss":0.0,"damage_taken":0.0},{"damage_healed":0.0,"max_hp_gain":0.0,"max_hp_loss":0.0,"gold_gain":0.0,"event_name":"Dead Adventurer","player_choice":"Searched \u00272\u0027 times","floor":14.0,"gold_loss":0.0,"damage_taken":0.0},{"damage_healed":0.0,"max_hp_gain":0.0,"max_hp_loss":0.0,"gold_gain":99.0,"event_name":"Nest","player_choice":"Stole From Cult","floor":19.0,"gold_loss":0.0,"damage_taken":0.0},{"damage_healed":0.0,"max_hp_gain":0.0,"max_hp_loss":0.0,"gold_gain":0.0,"event_name":"N\u0027loth","player_choice":"Traded Relic","floor":20.0,"relics_lost":["NeowsBlessing"],"gold_loss":0.0,"damage_taken":0.0,"relics_obtained":["Nloth\u0027s Gift"]},{"damage_healed":0.0,"max_hp_gain":0.0,"max_hp_loss":0.0,"gold_gain":275.0,"event_name":"Golden Shrine","player_choice":"Desecrate","floor":22.0,"gold_loss":0.0,"damage_taken":0.0,"cards_obtained":["Regret"]},{"cards_removed":["Defend_B"],"damage_healed":0.0,"max_hp_gain":0.0,"max_hp_loss":0.0,"gold_gain":0.0,"event_name":"Falling","player_choice":"Removed Skill","floor":36.0,"gold_loss":0.0,"damage_taken":0.0},{"damage_healed":0.0,"max_hp_gain":0.0,"max_hp_loss":0.0,"gold_gain":999.0,"event_name":"MindBloom","player_choice":"Gold","floor":38.0,"gold_loss":0.0,"damage_taken":0.0,"cards_obtained":["Normality","Normality"]},{"damage_healed":0.0,"max_hp_gain":0.0,"max_hp_loss":0.0,"gold_gain":0.0,"event_name":"Winding Halls","player_choice":"Embrace Madness","floor":46.0,"gold_loss":0.0,"damage_taken":10.0,"cards_obtained":["Madness","Madness"]},{"damage_healed":0.0,"max_hp_gain":0.0,"max_hp_loss":0.0,"gold_gain":100.0,"event_name":"Golden Shrine","player_choice":"Pray","floor":47.0,"gold_loss":0.0,"damage_taken":0.0},{"damage_healed":0.0,"max_hp_gain":0.0,"max_hp_loss":0.0,"gold_gain":0.0,"event_name":"SensoryStone","player_choice":"Memory 3","floor":48.0,"gold_loss":0.0,"damage_taken":10.0}],"is_beta":false,"boss_relics":[{"not_picked":["Tiny House","FrozenCore"],"picked":"Sozu"},{"not_picked":["Calling Bell","Runic Dome"],"picked":"Coffee Dripper"}],"items_purged_floors":[24],"is_endless":false,"potions_floor_spawned":[1,4,7,14,16,27,30,33,35,39],"ascension_level":9}}