{"host":"fryfo77ohj8mj5x2","time":1611606131,"event":{"mods":["BaseMod","Downfall","Minty Spire (QoL Compilation)","Rare Cards Sparkle","Replay The Spire","StSLib","The Jungle"],"gold_per_floor":[99,99,114,126,184,284,309,326,341,369,385,400,413,80,93,194,194,194,204,214,227,227,327,327,338,165,285,304,104,130,145,163,267,267,167,167,179,204,204,254,254,268,155,155,155,185,205,220,64,64,78,78,78,108,6,6,6,6,6,6],"floor_reached":58,"language":"ENG","playtime":5584,"items_purged":["Doubt"],"score":890,"play_id":"dfd38145-9cc6-41f9-b820-a09503d6e246","local_time":"20210125142211","is_ascension_mode":false,"campfire_choices":[{"floor":1.0,"key":"RECALL"},{"data":"bronze:SpaghettiCode","floor":18.0,"key":"SMITH"},{"floor":29.0,"key":"REST"},{"floor":35.0,"key":"REST"},{"floor":56,"key":"REST"}],"circlet_count":0,"master_deck":["bronze:Strike","bronze:Strike","bronze:Strike","bronze:Strike","bronze:Defend","bronze:Defend","bronze:Defend","bronze:Replicate+1","bronze:Goto","bronze:DelayedGuard","bronze:SpaghettiCode+1","bronze:Iterate","bronze:CutThrough","bronze:ChosenStrike+1","bronze:DelayedSlice","bronze:Separator","bronze:ChildClass","bronze:NullPointer","bronze:ChosenStrike+1","bronze:WildBeam","bronze:InfiniteLoop","bronze:Constructor","bronze:WhirlingStrike","bronze:Philosophize+1","bronze:CleanCode","ReplayTheSpireMod:Splinters","bronze:Optimize","bronze:Assembly","Dark Shackles","bronze:DelayedSlice","bronze:Shell+1","bronze:CloningBeam","bronze:AlphaBuild","bronze:RecursiveStrike","expansioncontent:AwakenDeath","expansioncontent:PrepareCrush","Replay:SS_fish_1","bronze:BugBarrage+1","bronze:Shield+1","bronze:FineTuning+1","bronze:WhirlingStrike+1","Magnetism","Discovery","bronze:WhirlingStrike","bronze:BugBarrage+1","bronze:WhirlingStrike+1","Forethought","bronze:InfiniteLoop","bronze:Philosophize+1","bronze:Fortify","bronze:FineTuning"],"relics":["bronze:BronzeCore","Divine Protection","Potion Belt","ReplayTheSpireMod:TigerMarble","Replay:Bottled Eggs","Mummified Hand","ChewingGum","bronze:BottledCode","Darkstone Periapt","downfall:HeartBlessingBlue","downfall:HeartBlessingRed","Calipers","Replay:Grab Bag","ReplayTheSpireMod:Onyx Gauntlets","Fusion Hammer","Replay:Drink Me","downfall:HeartBlessingGreen","Simple Rune","Incense Burner","Replay:PocketPolymizer","Toy Ornithopter","Pocketwatch","Shuriken","Ice Cream"],"acts_visited":["Exordium","Exordium","TheBeyond","TheEnding"],"potions_floor_usage":[],"damage_taken":[{"damage":0.0,"enemies":"Small Slimes","floor":3.0,"turns":3.0},{"damage":0.0,"enemies":"Cultist","floor":4.0,"turns":4.0},{"damage":2.0,"enemies":"downfall:LadyInBlue","floor":6.0,"turns":10.0},{"damage":0.0,"enemies":"2 Louse","floor":8.0,"turns":2.0},{"damage":0.0,"enemies":"Exordium Thugs","floor":9.0,"turns":3.0},{"damage":14.0,"enemies":"Lagavulin","floor":10.0,"turns":3.0},{"damage":0.0,"enemies":"Blue Slaver","floor":11.0,"turns":2.0},{"damage":0.0,"enemies":"Gremlin Gang","floor":12.0,"turns":3.0},{"damage":0.0,"enemies":"Lots of Slimes","floor":13.0,"turns":1.0},{"damage":0.0,"enemies":"downfall:FleeingMerchant","floor":14.0,"turns":4.0},{"damage":0.0,"enemies":"2 Fungi Beasts","floor":15.0,"turns":2.0},{"damage":14.0,"enemies":"WA_ARCHETYPE_RETAIN","floor":16.0,"turns":3.0},{"damage":38.0,"enemies":"theJungle:Flameango_and_Byrd","floor":19.0,"turns":3.0},{"damage":0.0,"enemies":"theJungle:GiantWrat","floor":20.0,"turns":3.0},{"damage":0.0,"enemies":"theJungle:JungleHuntersEncounter","floor":21.0,"turns":3.0},{"damage":17.0,"enemies":"theJungle:2_Flameangoes","floor":25.0,"turns":4.0},{"damage":0.0,"enemies":"downfall:FleeingMerchant","floor":26.0,"turns":4.0},{"damage":0.0,"enemies":"theJungle:Snecko_Cultist_And_Trap","floor":28.0,"turns":4.0},{"damage":6.0,"enemies":"theJungle:Cassacara","floor":30.0,"turns":5.0},{"damage":0.0,"enemies":"theJungle:Lyon","floor":31.0,"turns":3.0},{"damage":3.0,"enemies":"theJungle:SlimyTreeVines","floor":32.0,"turns":3.0},{"damage":35.0,"enemies":"SI_MIRROR_ARCHETYPE","floor":33.0,"turns":7.0},{"damage":0.0,"enemies":"Orb Walker","floor":37.0,"turns":1.0},{"damage":0.0,"enemies":"Orb Walker","floor":40.0,"turns":3.0},{"damage":0.0,"enemies":"3 Darklings","floor":42.0,"turns":2.0},{"damage":0.0,"enemies":"downfall:FleeingMerchant","floor":43.0,"turns":2.0},{"damage":0.0,"enemies":"Giant Head","floor":46.0,"turns":3.0},{"damage":0.0,"enemies":"Jaw Worm Horde","floor":47.0,"turns":3.0},{"damage":2.0,"enemies":"Writhing Mass","floor":48.0,"turns":3.0},{"damage":1.0,"enemies":"4 Shapes","floor":51.0,"turns":1.0},{"damage":0.0,"enemies":"DF_ARCHETYPE_ORBS","floor":52.0,"turns":5.0},{"damage":7.0,"enemies":"downfall:CharBossMerchant","floor":54.0,"turns":4.0},{"damage":0,"enemies":"downfall:NeowBoss","floor":57,"turns":7},{"damage":85,"enemies":"downfall:NeowBossFinal","floor":58,"turns":2}],"seed_played":"8972928241060119405","potions_obtained":[{"floor":4.0,"key":"Swift Potion"},{"floor":5.0,"key":"Death Potion"},{"floor":6.0,"key":"LiquidMemories"},{"floor":6.0,"key":"BlessingOfTheForge"},{"floor":6.0,"key":"FearPotion"},{"floor":10.0,"key":"ColorlessPotion"},{"floor":12.0,"key":"EssenceOfSteel"},{"floor":13.0,"key":"Energy Potion"},{"floor":16.0,"key":"champ:CounterPotion"},{"floor":28.0,"key":"bronze:CleanCodePotion"},{"floor":31.0,"key":"Fire Potion"},{"floor":33.0,"key":"Ancient Potion"},{"floor":46.0,"key":"SkillPotion"}],"is_trial":false,"path_per_floor":["R","?","M","M","?","?","T","M","M","E","M","M","M","$","M","B",null,"R","M","M","M","?","?","T","M","$","?","M","R","E","M","M","B",null,"R","?","M","?","?","?","T","M","$","PTL","PTL","E","M","M","$","?","M","B",null,"E","$","R","B","B"],"character_chosen":"THE_AUTOMATON","items_purchased":["Mummified Hand","bronze:ChosenStrike","Dark Shackles","Magnetism","Discovery","Toy Ornithopter","Forethought","bronze:InfiniteLoop","Ice Cream"],"campfire_rested":3,"item_purchase_floors":[14,14,26,43,43,43,49,49,55],"current_hp_per_floor":[77,77,77,77,77,75,75,75,75,61,61,61,61,61,61,47,77,77,39,39,39,39,74,74,57,57,42,42,85,79,79,79,44,84,84,74,74,74,74,74,74,74,74,74,74,79,79,77,77,77,76,76,84,77,74,74,74,0,0,0],"gold":6,"neow_bonus":"TEN_PERCENT_HP_BONUS","is_daily":false,"chose_seed":false,"campfire_upgraded":1,"win_rate":0.0,"timestamp":1611606131,"path_taken":["R","?","M","?","?","?","T","?","M","E","?","M","M","$","M","BOSS","R","M","M","M","?","?","T","M","$","?","M","R","E","M","M","BOSS","R","?","M","?","?","?","T","M","$","PTL","PTL","E","M","?","$","?","M","BOSS","E","$","R","BOSS","BOSS"],"items_purchased_type":["Relic","Card","Card","Card","Card","Relic","Card","Card","Relic"],"build_version":"2020-12-22","purchased_purges":1,"victory":false,"max_hp_per_floor":[77,77,77,77,77,77,77,77,77,77,77,77,77,77,77,77,77,77,77,77,77,67,102,102,102,102,102,102,112,112,112,112,112,84,84,84,84,84,84,84,84,84,84,84,84,84,84,84,84,84,84,84,84,84,74,74,74,74,74,74],"card_choices":[{"not_picked":["bronze:Turbo","bronze:BronzeArmor","bronze:Overheat"],"picked":"SKIP","floor":3.0},{"not_picked":["bronze:Shield","bronze:OilSpill"],"picked":"bronze:DelayedGuard","floor":4.0},{"not_picked":["bronze:Iterate","bronze:Separator"],"picked":"bronze:SpaghettiCode","floor":5.0},{"not_picked":["bronze:WildBeam","bronze:OilSpill"],"picked":"bronze:Iterate","floor":6.0},{"not_picked":["bronze:Branch","bronze:Safeguard"],"picked":"bronze:CutThrough","floor":8.0},{"not_picked":["bronze:Deprecate","bronze:BitShift"],"picked":"bronze:ChosenStrike","floor":9.0},{"not_picked":["bronze:BuggyMess","bronze:FindAndReplace"],"picked":"bronze:DelayedSlice","floor":10.0},{"not_picked":["bronze:ClassDefault","bronze:BitShift"],"picked":"bronze:Separator","floor":11.0},{"not_picked":["bronze:Turbo","bronze:BitShift"],"picked":"bronze:ChildClass","floor":12.0},{"not_picked":["bronze:BugBarrage","bronze:BronzeOrb"],"picked":"bronze:Terminator","floor":13.0},{"not_picked":["bronze:ClassDefault","bronze:CutThrough"],"picked":"bronze:NullPointer","floor":14.0},{"not_picked":["bronze:Overheat","bronze:Repulsor"],"picked":"bronze:WildBeam","floor":15.0},{"not_picked":["bronze:ThunderWave","bronze:Format"],"picked":"bronze:InfiniteLoop","floor":16.0},{"not_picked":["bronze:Safeguard","bronze:Fortify"],"picked":"bronze:Constructor","floor":19.0},{"not_picked":["bronze:Overheat+1","bronze:Return+1"],"picked":"bronze:WhirlingStrike","floor":20.0},{"not_picked":["bronze:Invalidate","bronze:FineTuning"],"picked":"bronze:Philosophize+1","floor":21.0},{"not_picked":["bronze:Fortify","bronze:Constructor+1"],"picked":"bronze:Optimize","floor":25.0},{"not_picked":["bronze:CloningBeam","bronze:Constructor"],"picked":"bronze:Assembly","floor":26.0},{"not_picked":["bronze:Overheat","bronze:Frontload"],"picked":"bronze:DelayedSlice","floor":28.0},{"not_picked":["bronze:Deprecate","bronze:Overheat+1"],"picked":"bronze:Shell+1","floor":30.0},{"not_picked":["bronze:Refactor+1","bronze:Safeguard"],"picked":"bronze:CloningBeam","floor":31.0},{"not_picked":["bronze:ChosenStrike","bronze:BitShift"],"picked":"bronze:AlphaBuild","floor":32.0},{"not_picked":["bronze:CleanCode","bronze:Format"],"picked":"bronze:RecursiveStrike","floor":33.0},{"not_picked":["Replay:SS_forest_2","expansioncontent:GuardianWhirl"],"picked":"expansioncontent:AwakenDeath","floor":36.0},{"not_picked":["Replay:SS_fish_1","expansioncontent:YouAreMine"],"picked":"expansioncontent:PrepareCrush","floor":36.0},{"not_picked":["expansioncontent:YouAreMine","expansioncontent:GuardianWhirl"],"picked":"Replay:SS_fish_1","floor":36.0},{"not_picked":["bronze:Allocate","bronze:Fortify"],"picked":"bronze:BugBarrage+1","floor":37.0},{"not_picked":["bronze:BuggyMess","bronze:ChildClass+1"],"picked":"bronze:Shield+1","floor":40.0},{"not_picked":["bronze:BronzeArmor","bronze:CutThrough"],"picked":"bronze:FineTuning+1","floor":42.0},{"not_picked":["bronze:Terminator+1","bronze:Branch+1"],"picked":"bronze:WhirlingStrike+1","floor":43.0},{"not_picked":["bronze:Safeguard","bronze:Shell"],"picked":"bronze:WhirlingStrike","floor":46.0},{"not_picked":["bronze:Deprecate+1","bronze:WildBeam"],"picked":"bronze:BugBarrage+1","floor":47.0},{"not_picked":["bronze:CutThrough","bronze:NullPointer"],"picked":"bronze:WhirlingStrike+1","floor":48.0},{"not_picked":["bronze:BronzeArmor","bronze:Iterate+1"],"picked":"bronze:Philosophize+1","floor":51.0},{"not_picked":["bronze:BuggyMess+1","bronze:Constructor"],"picked":"bronze:Fortify","floor":54.0}],"player_experience":154295,"relics_obtained":[{"floor":5.0,"key":"Divine Protection"},{"floor":6.0,"key":"Potion Belt"},{"floor":7.0,"key":"ReplayTheSpireMod:TigerMarble"},{"floor":10.0,"key":"Replay:Bottled Eggs"},{"floor":30.0,"key":"Calipers"},{"floor":38.0,"key":"Simple Rune"},{"floor":40.0,"key":"Incense Burner"},{"floor":41.0,"key":"Replay:PocketPolymizer"},{"floor":46.0,"key":"Pocketwatch"},{"floor":54.0,"key":"Shuriken"}],"event_choices":[{"cards_removed":["bronze:Terminator"],"damage_healed":0.0,"max_hp_gain":0.0,"max_hp_loss":0.0,"gold_gain":0.0,"event_name":"Falling","player_choice":"Removed Skill","floor":39.0,"gold_loss":0.0,"damage_taken":0.0}],"is_beta":false,"boss_relics":[{"not_picked":["SacredBark","ReplayTheSpireMod:DimensionalGlitch"],"picked":"ChewingGum"},{"not_picked":["Snecko Eye","SlaversCollar"],"picked":"Replay:Grab Bag"},{"not_picked":["Replay:Fungal Core","Busted Crown"],"picked":"ReplayTheSpireMod:Onyx Gauntlets"},{"not_picked":["Painkiller Herb","Replay:Wanted Poster"],"picked":"Fusion Hammer"},{"not_picked":["Astrolabe","Empty Cage"],"picked":"Replay:Drink Me"}],"items_purged_floors":[26],"is_endless":false,"potions_floor_spawned":[4,10,12,13,15,16,21,28,31,33,46,47,51],"killed_by":"downfall:NeowBossFinal","ascension_level":0}}