{"host":"vm3f1ccwgbs4oygt","time":1611545919,"event":{"mods":["BaseMod","BetterRewards","Colored Powertips","Minty Spire (QoL Compilation)","Permanent Neow","Shop Mod","StSLib"],"gold_per_floor":[116,133,133,153,78,113,124,149,149,165,179,144,144,162,162,259,259,225,225,225,225,241,241,259,259,259],"floor_reached":25,"language":"ENG","playtime":2214,"items_purged":["Strike_R"],"score":247,"play_id":"4ed5f299-ff36-4362-9734-a43192b028b0","local_time":"20210125043839","is_ascension_mode":true,"campfire_choices":[{"floor":13,"key":"REST"},{"data":"Armaments","floor":15,"key":"SMITH"},{"data":"Fire Breathing","floor":23,"key":"SMITH"}],"circlet_count":0,"master_deck":["Strike_R","Strike_R","Strike_R","Defend_R","Defend_R","Defend_R","Defend_R","Bash","Clothesline","Burning Pact","Bludgeon","Fire Breathing+1","Shrug It Off","Blood for Blood","Armaments+1","Juggernaut","Shame","Shrug It Off","Wild Strike+1","Whirlwind"],"relics":["Black Blood","Bronze Scales","Bag of Marbles","Sundial","FossilizedHelix","MutagenicStrength"],"acts_visited":["Exordium","TheCity"],"potions_floor_usage":[6,8,16,22],"damage_taken":[{"damage":6,"enemies":"Cultist","floor":1,"turns":4},{"damage":0,"enemies":"Small Slimes","floor":2,"turns":3},{"damage":0,"enemies":"2 Louse","floor":4,"turns":3},{"damage":30,"enemies":"3 Sentries","floor":6,"turns":5},{"damage":9,"enemies":"2 Fungi Beasts","floor":7,"turns":4},{"damage":33,"enemies":"Lagavulin","floor":8,"turns":8},{"damage":18,"enemies":"Large Slime","floor":10,"turns":3},{"damage":8,"enemies":"3 Louse","floor":11,"turns":3},{"damage":13,"enemies":"2 Fungi Beasts","floor":14,"turns":4},{"damage":45,"enemies":"The Guardian","floor":16,"turns":8},{"damage":49,"enemies":"2 Thieves","floor":18,"turns":5},{"damage":6,"enemies":"Chosen","floor":22,"turns":3},{"damage":26,"enemies":"Snake Plant","floor":24,"turns":3},{"damage":48,"enemies":"Shelled Parasite and Fungi","floor":25,"turns":3}],"seed_played":"-1366161389328674937","potions_obtained":[{"floor":4,"key":"AttackPotion"},{"floor":7,"key":"Swift Potion"},{"floor":10,"key":"FearPotion"},{"floor":18,"key":"BlessingOfTheForge"},{"floor":22,"key":"BlessingOfTheForge"}],"is_trial":false,"path_per_floor":["M","M","?","M","$","E","M","E","T","M","M","?","R","M","R","B",null,"M","?","?","?","M","R","M","M"],"character_chosen":"IRONCLAD","items_purchased":[],"campfire_rested":1,"item_purchase_floors":[],"current_hp_per_floor":[88,88,88,88,88,64,61,34,34,22,20,42,68,61,61,22,88,51,51,51,51,57,57,43,0,0],"gold":259,"neow_bonus":"TEN_PERCENT_HP_BONUS","is_daily":false,"chose_seed":false,"campfire_upgraded":2,"win_rate":0.0,"timestamp":1611545919,"path_taken":["M","M","?","M","$","E","?","E","T","M","M","?","R","M","R","BOSS","M","?","?","?","M","R","M","?"],"items_purchased_type":[],"build_version":"2020-12-22","purchased_purges":1,"victory":false,"max_hp_per_floor":[88,88,88,88,88,88,88,88,88,88,88,88,88,88,88,88,88,88,88,88,88,88,88,88,88,88],"card_choices":[{"not_picked":["Perfected Strike","Metallicize"],"picked":"Clothesline","floor":1},{"not_picked":["Heavy Blade","Wild Strike"],"picked":"Burning Pact","floor":2},{"not_picked":["Warcry","Havoc"],"picked":"Fire Breathing","floor":4},{"not_picked":["Havoc","Body Slam","Intimidate"],"picked":"SKIP","floor":6},{"not_picked":["Warcry","Cleave"],"picked":"Shrug It Off","floor":7},{"not_picked":["Shrug It Off","Evolve"],"picked":"Blood for Blood","floor":8},{"not_picked":["Uppercut","Hemokinesis"],"picked":"Armaments","floor":10},{"not_picked":["Dark Embrace","Warcry","Clothesline"],"picked":"SKIP","floor":11},{"not_picked":["Warcry","Whirlwind","Combust"],"picked":"SKIP","floor":14},{"not_picked":["Barricade","Impervious"],"picked":"Juggernaut","floor":16},{"not_picked":["Entrench","Burning Pact","Body Slam"],"picked":"SKIP","floor":18},{"not_picked":["Cleave","Armaments"],"picked":"Wild Strike+1","floor":22},{"not_picked":["Pommel Strike","Hemokinesis"],"picked":"Whirlwind","floor":24}],"player_experience":825569,"relics_obtained":[{"floor":6,"key":"Bronze Scales"},{"floor":8,"key":"Bag of Marbles"},{"floor":9,"key":"Sundial"}],"event_choices":[{"damage_healed":0,"gold_gain":0,"cards_transformed":["Strike_R"],"player_choice":"Transformed","damage_taken":0,"max_hp_gain":0,"max_hp_loss":0,"event_name":"Transmorgrifier","floor":3,"gold_loss":0,"cards_obtained":["Bludgeon"]},{"damage_healed":22,"gold_gain":0,"player_choice":"Healed","damage_taken":0,"max_hp_gain":0,"max_hp_loss":0,"event_name":"The Cleric","floor":12,"gold_loss":35},{"damage_healed":0,"gold_gain":0,"player_choice":"Stole Relic","damage_taken":0,"relics_obtained":["FossilizedHelix"],"max_hp_gain":0,"max_hp_loss":0,"event_name":"Addict","floor":19,"gold_loss":0,"cards_obtained":["Shame"]},{"damage_healed":0,"gold_gain":0,"player_choice":"Inject Mutagens","damage_taken":0,"relics_obtained":["MutagenicStrength"],"max_hp_gain":0,"max_hp_loss":0,"event_name":"Drug Dealer","floor":20,"gold_loss":0},{"damage_healed":0,"gold_gain":0,"player_choice":"1 cards matched","damage_taken":0,"max_hp_gain":0,"max_hp_loss":0,"event_name":"Match and Keep!","floor":21,"gold_loss":0,"cards_obtained":["Shrug It Off"]}],"is_beta":false,"boss_relics":[{"not_picked":["Philosopher\u0027s Stone","Cursed Key"],"picked":"Black Blood"}],"items_purged_floors":[5],"is_endless":false,"potions_floor_spawned":[4,7,10,18,22],"killed_by":"Shelled Parasite and Fungi","ascension_level":3}}