{"host":"lxihx0b6awoz2w1j","time":1611585363,"event":{"mods":["Act Like it!","BaseMod","Better Third Choice","CapriCore","Colored Powertips","Conspire","Downfall","Fox Events","Gensokyo","Hermit","Hubris","Infinite Spire","JesterMod","Luminous","Marisa????????","Melee Mod","Minty Spire (QoL Compilation)","Prisma Mod","Quick Restart","Relic Stats","Replay The Spire","Shade Mod","Spicy Shops","StSLib","The Alterego","The Blue Laboratory","The Cursed","The Disciple","The Forsaken","The Gatherer","The Immortal","The Jungle","The Marked","The Runesmith","The Senshi","The Servant 0.9.4","The Spell Scribe","Waifu the Spire"],"gold_per_floor":[119,136,168,184,184,216,216,229,229,254,254,429,449,449,449,546,546,562,53,70,70,11,39,39,39,39,39,39,59,59,59,59,158,158,168,168,362,362,414,446,446,459,459,459,459,483,511,511,511],"floor_reached":48,"language":"ENG","playtime":2226,"items_purged":["Doubt"],"score":611,"play_id":"5e3a0014-60df-4660-946f-55c5a4e9e12e","local_time":"20210125153603","is_ascension_mode":true,"campfire_choices":[{"floor":7.0,"key":"REST"},{"floor":15.0,"key":"REST"},{"floor":24.0,"key":"DIG"},{"floor":28.0,"key":"DIG"},{"floor":30.0,"key":"DIG"},{"floor":32.0,"key":"REST"},{"floor":41.0,"key":"REST"},{"floor":45.0,"key":"DIG"}],"circlet_count":0,"master_deck":["Strike_B+1","Strike_B","Defend_B+1","Defend_B","Defend_B+1","Defend_B","Zap","Dualcast+1","BootSequence","Ball Lightning","Capacitor+1","Static Discharge","hubris:PowerSurge","Ball Lightning","Echo Form","Turbo+1","Hello World+1","ReplayTheSpireMod:System Scan+1","Steam","Crystallizer","hubris:Ukulele","infinitespire:SevenWalls","ReplayTheSpireMod:Calculation Training+1","Compile Driver+1","Creative AI+1","Static Discharge","Streamline+1","Conserve Battery","Lockon","Consume+1","downfall:Bewildered","hubris:Despair","Conserve Battery+1"],"relics":["Cracked Core","Tiny Chest","hubris:Icosahedron","Solar Panel","Gremlin Food","War Paint","infinitespire:BottledMercury","Astrolabe","hubris:Zylophone","infinitespire:Satchel","Happy Flower","Shovel","Nunchaku","hubris:PeanutButter","hubris:64BitClover","Bag of Preparation","infinitespire:Eraser","Black Star","ReplayTheSpireMod:Shallot","Medical Kit","Cursed Key","Replay:PocketPolymizer","hubris:TenFootPole","DataDisk","Simple Rune","Bag of Marbles","Geode","Cables","hubris:BottledRain"],"acts_visited":["Exordium","TheCity","TheBeyond"],"potions_floor_usage":[],"damage_taken":[{"damage":0.0,"enemies":"2 Louse","floor":1.0,"turns":2.0},{"damage":0.0,"enemies":"Small Slimes","floor":2.0,"turns":2.0},{"damage":25.0,"enemies":"conspire:MimicChest","floor":3.0,"turns":5.0},{"damage":1.0,"enemies":"Jaw Worm","floor":4.0,"turns":3.0},{"damage":12.0,"enemies":"Replay:BlueRogue","floor":6.0,"turns":5.0},{"damage":11.0,"enemies":"2 Fungi Beasts","floor":8.0,"turns":4.0},{"damage":16.0,"enemies":"3 Sentries","floor":10.0,"turns":6.0},{"damage":2.0,"enemies":"Looter","floor":13.0,"turns":3.0},{"damage":32.0,"enemies":"The Guardian","floor":16.0,"turns":6.0},{"damage":6.0,"enemies":"conspire:FuzzyDice","floor":18.0,"turns":5.0},{"damage":5.0,"enemies":"Chosen","floor":20.0,"turns":4.0},{"damage":17.0,"enemies":"conspire:Head Lice","floor":23.0,"turns":4.0},{"damage":10.0,"enemies":"Centurion and Healer","floor":29.0,"turns":5.0},{"damage":28.0,"enemies":"Champ","floor":33.0,"turns":8.0},{"damage":0.0,"enemies":"Orb Walker","floor":35.0,"turns":3.0},{"damage":27.0,"enemies":"2 Orb Walkers","floor":39.0,"turns":4.0},{"damage":45.0,"enemies":"Giant Head","floor":40.0,"turns":7.0},{"damage":3.0,"enemies":"3 Shapes","floor":42.0,"turns":4.0},{"damage":5.0,"enemies":"Nemesis","floor":47.0,"turns":7.0},{"damage":0,"enemies":"Writhing Mass","floor":48,"turns":1}],"seed_played":"-3641316828477386635","potions_obtained":[{"floor":4.0,"key":"blueLaboratory:SystemWipe"},{"floor":8.0,"key":"DuplicationPotion"},{"floor":16.0,"key":"LiquidBronze"},{"floor":33.0,"key":"blueLaboratory:BubblePotion"},{"floor":39.0,"key":"SmokeBomb"}],"is_trial":false,"path_per_floor":["M","M","?","M","?","E","R","M","T","E","?","?","M","T","R","B",null,"M","$","M","AVR","?","E","R","$","T","$","R","M","R","?","R","B",null,"M","T","?","AVR","?","E","R","M","T","?","R","T","E","M"],"character_chosen":"DEFECT","items_purchased":["hubris:Zylophone","Crystallizer","infinitespire:Satchel"],"campfire_rested":4,"item_purchase_floors":[19,19,19],"current_hp_per_floor":[82,82,57,56,56,44,68,65,65,59,59,59,59,59,82,62,82,82,82,82,82,82,73,73,73,73,73,73,75,75,59,85,67,87,87,87,87,87,66,52,78,79,79,79,79,79,86,86,86],"gold":511,"neow_bonus":"TEN_PERCENT_HP_BONUS","is_daily":false,"chose_seed":false,"campfire_upgraded":0,"win_rate":0.0,"timestamp":1611585363,"path_taken":["M","M","?","M","?","E","R","M","T","E","?","?","M","?","R","BOSS","M","$","M","AVR","?","E","R","?","T","$","R","M","R","?","R","BOSS","M","?","?","AVR","?","E","R","M","T","?","R","?","E","M"],"items_purchased_type":["Relic","Card","Relic"],"build_version":"2020-12-22","purchased_purges":1,"victory":false,"max_hp_per_floor":[82,82,82,82,82,82,82,82,82,82,82,82,82,82,82,82,82,82,82,82,82,82,82,82,82,82,82,82,82,82,87,87,87,87,87,87,87,87,87,87,87,87,87,87,87,87,87,87,87],"relic_stats":{"Happy Flower":[14],"counters":[20,88],"Astrolabe":["Turbo","Hello World","ReplayTheSpireMod:System Scan"],"Bag of Preparation":[16],"War Paint":["Defend_B","Dualcast"],"Medical Kit":[0],"Cursed Key":2,"Cables":[0,0,0,0,0],"Nunchaku":[5],"Shovel":4,"Tiny Chest":3,"Black Star":2,"obtain_stats":[{"Solar Panel":6,"infinitespire:BottledMercury":14,"Replay:PocketPolymizer":39,"Bag of Preparation":28,"Cursed Key":38,"Nunchaku":23,"hubris:Icosahedron":5,"Shovel":22,"Tiny Chest":3,"infinitespire:Eraser":30,"Cracked Core":0,"Gremlin Food":9,"Happy Flower":21,"hubris:64BitClover":26,"Astrolabe":17,"Geode":46,"War Paint":10,"Medical Kit":38,"Cables":47,"hubris:Zylophone":19,"DataDisk":40,"ReplayTheSpireMod:Shallot":36,"infinitespire:Satchel":19,"hubris:PeanutButter":24,"Simple Rune":43,"Black Star":34,"hubris:TenFootPole":40,"Bag of Marbles":45,"hubris:BottledRain":47},{"Solar Panel":5,"infinitespire:BottledMercury":8,"Replay:PocketPolymizer":16,"Bag of Preparation":12,"Cursed Key":15,"Nunchaku":12,"hubris:Icosahedron":4,"Shovel":11,"Tiny Chest":3,"infinitespire:Eraser":13,"Cracked Core":0,"Gremlin Food":6,"Happy Flower":11,"hubris:64BitClover":12,"Astrolabe":9,"Geode":18,"War Paint":7,"Medical Kit":15,"Cables":19,"hubris:Zylophone":10,"DataDisk":17,"ReplayTheSpireMod:Shallot":15,"infinitespire:Satchel":10,"hubris:PeanutButter":12,"Simple Rune":18,"Black Star":14,"hubris:TenFootPole":17,"Bag of Marbles":18,"hubris:BottledRain":19},{"Solar Panel":17,"infinitespire:BottledMercury":30,"Replay:PocketPolymizer":69,"Bag of Preparation":49,"Cursed Key":65,"Nunchaku":49,"hubris:Icosahedron":12,"Shovel":45,"Tiny Chest":9,"infinitespire:Eraser":54,"Cracked Core":0,"Gremlin Food":21,"Happy Flower":45,"hubris:64BitClover":49,"Astrolabe":36,"Geode":80,"War Paint":27,"Medical Kit":65,"Cables":87,"hubris:Zylophone":41,"DataDisk":76,"ReplayTheSpireMod:Shallot":65,"infinitespire:Satchel":41,"hubris:PeanutButter":49,"Simple Rune":80,"Black Star":62,"hubris:TenFootPole":76,"Bag of Marbles":80,"hubris:BottledRain":87}]},"card_choices":[{"not_picked":["Streamline","Hologram"],"picked":"BootSequence","floor":1.0},{"not_picked":["Undo","Melter"],"picked":"Barrage","floor":2.0},{"not_picked":["Coolheaded","Consume"],"picked":"Ball Lightning","floor":3.0},{"not_picked":["Barrage","Buffer"],"picked":"Capacitor","floor":4.0},{"not_picked":["BasicCrystalCard","Heatsinks"],"picked":"Static Discharge","floor":6.0},{"not_picked":["Time Bomb","Cold Snap"],"picked":"hubris:PowerSurge","floor":8.0},{"not_picked":["Consume","Gash"],"picked":"Go for the Eyes","floor":10.0},{"not_picked":["Sweeping Beam","Rebound"],"picked":"Ball Lightning","floor":13.0},{"not_picked":["Mirror Shield","hubris:Prefetch"],"picked":"Echo Form","floor":16.0},{"not_picked":["Go for the Eyes","Blizzard+1"],"picked":"Steam","floor":18.0},{"not_picked":["Panic Button","Force Field"],"picked":"hubris:Ukulele","floor":20.0},{"not_picked":["Reprogram","Barrage"],"picked":"ReplayTheSpireMod:Calculation Training","floor":23.0},{"not_picked":["Panic Button","Doom and Gloom"],"picked":"Compile Driver+1","floor":29.0},{"not_picked":["All For One","Mirror Shield"],"picked":"Creative AI","floor":33.0},{"not_picked":["Beam Cell","Panic Button"],"picked":"Static Discharge","floor":35.0},{"not_picked":["Beam Cell","Cold Snap"],"picked":"Streamline+1","floor":37.0},{"not_picked":["Sunder+1","Hologram"],"picked":"Conserve Battery","floor":39.0},{"not_picked":["Turbo+1","ReplayTheSpireMod:Repulse"],"picked":"Lockon","floor":40.0},{"not_picked":["Turbo+1","Ball Lightning"],"picked":"Consume+1","floor":42.0},{"not_picked":["Machine Learning","Barrage+1"],"picked":"Conserve Battery+1","floor":47.0}],"player_experience":666573,"relics_obtained":[{"floor":3.0,"key":"Tiny Chest"},{"floor":6.0,"key":"Solar Panel"},{"floor":9.0,"key":"Gremlin Food"},{"floor":10.0,"key":"War Paint"},{"floor":14.0,"key":"infinitespire:BottledMercury"},{"floor":23.0,"key":"Nunchaku"},{"floor":24.0,"key":"hubris:PeanutButter"},{"floor":26.0,"key":"hubris:64BitClover"},{"floor":28.0,"key":"Bag of Preparation"},{"floor":30.0,"key":"infinitespire:Eraser"},{"floor":36.0,"key":"ReplayTheSpireMod:Shallot"},{"floor":39.0,"key":"Replay:PocketPolymizer"},{"floor":40.0,"key":"hubris:TenFootPole"},{"floor":40.0,"key":"DataDisk"},{"floor":43.0,"key":"Simple Rune"},{"floor":45.0,"key":"Bag of Marbles"},{"floor":46.0,"key":"Geode"},{"floor":47.0,"key":"Cables"},{"floor":47.0,"key":"hubris:BottledRain"}],"event_choices":[{"damage_healed":0.0,"max_hp_gain":0.0,"max_hp_loss":0.0,"gold_gain":175.0,"event_name":"betterThird:BetterSerpent","player_choice":"AGREE","floor":12.0,"gold_loss":0.0,"damage_taken":254.0},{"damage_healed":0.0,"max_hp_gain":0.0,"max_hp_loss":0.0,"gold_gain":0.0,"event_name":"WeMeetAgain","player_choice":"Paid Gold","floor":22.0,"gold_loss":59.0,"damage_taken":0.0,"relics_obtained":["Shovel"]},{"damage_healed":0.0,"max_hp_gain":5.0,"max_hp_loss":0.0,"gold_gain":0.0,"event_name":"Forgotten Altar","player_choice":"Shed Blood","floor":31.0,"gold_loss":0.0,"damage_taken":21.0},{"damage_healed":0.0,"max_hp_gain":0.0,"max_hp_loss":0.0,"gold_gain":0.0,"event_name":"Mysterious Sphere","player_choice":"Fight","floor":39.0,"gold_loss":0.0,"damage_taken":0.0},{"cards_removed":["Strike_B"],"damage_healed":0.0,"max_hp_gain":0.0,"max_hp_loss":0.0,"gold_gain":0.0,"event_name":"Falling","player_choice":"Removed Attack","floor":44.0,"gold_loss":0.0,"damage_taken":0.0}],"is_beta":false,"boss_relics":[{"not_picked":["conspire:RunicOctahedron","hubris:CrackedHourglass"],"picked":"Astrolabe"},{"not_picked":["Runesmith:UraniumAnvil","Pandora\u0027s Box"],"picked":"Black Star"}],"items_purged_floors":[21],"is_endless":false,"potions_floor_spawned":[4,8,16,18,20,33,39,47],"killed_by":"Writhing Mass","ascension_level":1}}