{"host":"kpyoctgc7jne3jiy","time":1611571526,"event":{"mods":["AchievementEnabler","BaseMod","Minty Spire (QoL Compilation)","Relic Stats"],"gold_per_floor":[114,129,61,76,76,76,91,121,146,161,176,191,221,236,236,336,336,351,366,190,205,220,250,265,265,265,280,280,310,310,310,310,410,410,425,440,455,455,193,223,223,238,238,253,3,18,0,30,30,30],"floor_reached":51,"language":"ENG","playtime":1325,"items_purged":[],"score":940,"play_id":"0efb0e12-e7ef-46a7-a6b4-a9bd8625ff16","local_time":"20210125114526","daily_mods":["Chimera","Time Dilation","Lethality"],"is_ascension_mode":false,"campfire_choices":[{"data":"Whirlwind","floor":6.0,"key":"SMITH"},{"data":"Seeing Red","floor":15.0,"key":"SMITH"},{"floor":25.0,"key":"REST"},{"floor":32.0,"key":"REST"},{"data":"Spot Weakness","floor":41,"key":"SMITH"},{"data":"Demon Form","floor":49,"key":"SMITH"}],"circlet_count":0,"master_deck":["Bash","Survivor","Zap+1","Defend_R","Defend_G","Defend_P","Whirlwind+1","Seeing Red+1","Metallicize","Clothesline","Ghostly Armor+1","Flex","Sword Boomerang","Iron Wave","Shockwave","Demon Form+1","Heavy Blade+1","Body Slam+1","Shrug It Off","Dropkick+1","Barricade","Cleave+1","Necronomicurse","Battle Trance+1","Bite","Bite","Bite","Bite","Bite","Reaper","Spot Weakness+1","Heavy Blade+1","Pummel","Flex","Mayhem","Flame Barrier+1","Writhe","Pommel Strike+1","Shrug It Off+1"],"relics":["Burning Blood","Darkstone Periapt","Du-Vu Doll","Sozu","Whetstone","Gremlin Horn","Necronomicon","Bronze Scales","Cursed Key","Centennial Puzzle","Smiling Mask","Self Forming Clay","Bottled Tornado","Red Mask","War Paint"],"acts_visited":["Exordium","TheCity","TheBeyond"],"potions_floor_usage":[],"damage_taken":[{"damage":0.0,"enemies":"Cultist","floor":1.0,"turns":2.0},{"damage":0.0,"enemies":"2 Louse","floor":2.0,"turns":1.0},{"damage":0.0,"enemies":"Small Slimes","floor":4.0,"turns":2.0},{"damage":4.0,"enemies":"Exordium Thugs","floor":7.0,"turns":2.0},{"damage":0.0,"enemies":"Gremlin Nob","floor":8.0,"turns":2.0},{"damage":0.0,"enemies":"Exordium Wildlife","floor":10.0,"turns":2.0},{"damage":0.0,"enemies":"Looter","floor":11.0,"turns":2.0},{"damage":11.0,"enemies":"2 Fungi Beasts","floor":12.0,"turns":4.0},{"damage":0.0,"enemies":"Lagavulin","floor":13.0,"turns":4.0},{"damage":4.0,"enemies":"3 Louse","floor":14.0,"turns":3.0},{"damage":0.0,"enemies":"Slime Boss","floor":16.0,"turns":5.0},{"damage":27.0,"enemies":"2 Thieves","floor":18.0,"turns":4.0},{"damage":1.0,"enemies":"Chosen","floor":19.0,"turns":3.0},{"damage":30.0,"enemies":"3 Cultists","floor":21.0,"turns":5.0},{"damage":16.0,"enemies":"Snake Plant","floor":22.0,"turns":3.0},{"damage":33.0,"enemies":"Gremlin Leader","floor":23.0,"turns":4.0},{"damage":0.0,"enemies":"Sentry and Sphere","floor":24.0,"turns":3.0},{"damage":0.0,"enemies":"Cultist and Chosen","floor":27.0,"turns":3.0},{"damage":25.0,"enemies":"Book of Stabbing","floor":29.0,"turns":3.0},{"damage":3.0,"enemies":"Champ","floor":33.0,"turns":4.0},{"damage":8.0,"enemies":"3 Darklings","floor":35.0,"turns":2.0},{"damage":0.0,"enemies":"Orb Walker","floor":36.0,"turns":2.0},{"damage":13.0,"enemies":"Jaw Worm Horde","floor":37.0,"turns":2.0},{"damage":6,"enemies":"Reptomancer","floor":40,"turns":2},{"damage":0,"enemies":"Spire Growth","floor":42,"turns":2},{"damage":0,"enemies":"Sphere and 2 Shapes","floor":44,"turns":3},{"damage":19,"enemies":"4 Shapes","floor":46,"turns":2},{"damage":24,"enemies":"Giant Head","floor":48,"turns":4},{"damage":55,"enemies":"Donu and Deca","floor":50,"turns":4}],"seed_played":"7295166269203286773","potions_obtained":[{"floor":1.0,"key":"FearPotion"},{"floor":2.0,"key":"DistilledChaos"},{"floor":4.0,"key":"SpeedPotion"},{"floor":14.0,"key":"FairyPotion"}],"is_trial":false,"path_per_floor":["M","M","$","M","?","R","M","E","T","M","M","M","E","M","R","B",null,"M","M","$","M","M","E","M","R","T","M","?","E","?","?","R","B",null,"M","M","M","?","$","E","R","M","T","M","$","M","?","E","R","B",null],"character_chosen":"IRONCLAD","items_purchased":["Metallicize","Blood Vial","Shrug It Off","Pummel","Flex","Mayhem","Bottled Tornado"],"campfire_rested":2,"item_purchase_floors":[3,20,20,39,39,39,45],"current_hp_per_floor":[80,80,80,80,85,85,85,85,85,85,85,80,85,85,85,85,85,64,69,69,47,39,14,22,47,47,55,45,28,28,28,55,62,91,91,91,84,84,84,91,91,91,97,97,97,86,86,72,72,62],"gold":30,"neow_bonus":"","is_daily":true,"chose_seed":false,"campfire_upgraded":4,"win_rate":0.0,"timestamp":1611571526,"path_taken":["M","M","$","M","?","R","M","E","T","M","M","M","E","M","R","BOSS","M","M","$","M","M","E","M","R","T","M","?","E","?","?","R","BOSS","M","M","?","?","?","E","R","M","T","?","$","M","?","E","R","BOSS"],"items_purchased_type":["Card","Relic","Card","Card","Card","Card","Relic"],"build_version":"2020-12-22","purchased_purges":0,"victory":true,"max_hp_per_floor":[80,80,80,80,85,85,85,85,85,85,85,85,85,85,85,85,85,85,85,85,85,85,85,85,85,85,85,91,91,91,91,91,91,91,91,91,91,91,91,91,91,91,97,97,97,97,97,97,97,97],"relic_stats":{"Darkstone Periapt":12,"Gremlin Horn":[11,11],"counters":[29,84],"Self Forming Clay":[24],"Whetstone":["Eruption","Strike_R"],"War Paint":["Zap","Ghostly Armor"],"Cursed Key":1,"Smiling Mask":0,"Burning Blood":100,"Sozu":7,"Centennial Puzzle":[12],"Bronze Scales":[42],"Necronomicon":[22],"obtain_stats":[{"Darkstone Periapt":8,"Gremlin Horn":26,"Self Forming Clay":43,"Whetstone":23,"Bottled Tornado":45,"War Paint":48,"Cursed Key":34,"Smiling Mask":40,"Burning Blood":0,"Du-Vu Doll":13,"Sozu":17,"Blood Vial":20,"Centennial Puzzle":38,"Bronze Scales":29,"Necronomicon":28,"Red Mask":47},{"Darkstone Periapt":5,"Gremlin Horn":17,"Self Forming Clay":25,"Whetstone":16,"Bottled Tornado":26,"War Paint":28,"Cursed Key":20,"Smiling Mask":24,"Burning Blood":0,"Du-Vu Doll":9,"Sozu":11,"Blood Vial":13,"Centennial Puzzle":23,"Bronze Scales":19,"Necronomicon":18,"Red Mask":27},{"Darkstone Periapt":9,"Gremlin Horn":51,"Self Forming Clay":71,"Whetstone":48,"Bottled Tornado":74,"War Paint":80,"Cursed Key":61,"Smiling Mask":69,"Burning Blood":0,"Du-Vu Doll":21,"Sozu":29,"Blood Vial":36,"Centennial Puzzle":67,"Bronze Scales":57,"Necronomicon":54,"Red Mask":76}]},"card_choices":[{"not_picked":["Bloodletting","Clothesline"],"picked":"Whirlwind","floor":1.0},{"not_picked":["Pommel Strike","Disarm"],"picked":"Seeing Red","floor":2.0},{"not_picked":["Havoc","Hemokinesis"],"picked":"Clothesline","floor":4.0},{"not_picked":["Headbutt","Warcry"],"picked":"Ghostly Armor","floor":7.0},{"not_picked":["Clothesline","Feel No Pain"],"picked":"Flex","floor":8.0},{"not_picked":["Searing Blow","Wild Strike"],"picked":"Sword Boomerang","floor":10.0},{"not_picked":["Headbutt","Reckless Charge"],"picked":"Iron Wave","floor":11.0},{"not_picked":["Ghostly Armor","Headbutt"],"picked":"Entrench","floor":12.0},{"not_picked":["Clash","Twin Strike"],"picked":"Shockwave","floor":13.0},{"not_picked":["Headbutt","True Grit","Iron Wave"],"picked":"SKIP","floor":14.0},{"not_picked":["Limit Break","Barricade"],"picked":"Demon Form","floor":16.0},{"not_picked":["Burning Pact","Shrug It Off"],"picked":"Heavy Blade+1","floor":18.0},{"not_picked":["Pommel Strike","Uppercut"],"picked":"Body Slam+1","floor":19.0},{"not_picked":["Hemokinesis","Body Slam","Headbutt"],"picked":"SKIP","floor":21.0},{"not_picked":["Body Slam","Warcry+1"],"picked":"Dropkick+1","floor":22.0},{"not_picked":["Perfected Strike+1","Sever Soul","Anger"],"picked":"SKIP","floor":23.0},{"not_picked":["Thunderclap","Body Slam"],"picked":"Barricade","floor":24.0},{"not_picked":["Havoc","Armaments"],"picked":"Cleave+1","floor":27.0},{"not_picked":["Clothesline","Reckless Charge+1"],"picked":"Battle Trance+1","floor":29.0},{"not_picked":["Berserk","Barricade"],"picked":"Reaper","floor":33.0},{"not_picked":["Headbutt+1","Wild Strike"],"picked":"Spot Weakness","floor":35.0},{"not_picked":["Dark Embrace","Clothesline"],"picked":"Heavy Blade+1","floor":36.0},{"not_picked":["Heavy Blade+1","Thunderclap+1","Sword Boomerang"],"picked":"SKIP","floor":37.0},{"not_picked":["Ghostly Armor","Clothesline+1"],"picked":"Flame Barrier+1","floor":40},{"not_picked":["Sever Soul","Sword Boomerang+1","Juggernaut"],"picked":"SKIP","floor":42},{"not_picked":["Flame Barrier+1","Armaments","Whirlwind"],"picked":"SKIP","floor":44},{"not_picked":["Havoc+1","Armaments+1"],"picked":"Pommel Strike+1","floor":46},{"not_picked":["Disarm+1","Sever Soul"],"picked":"Shrug It Off+1","floor":48}],"player_experience":323276,"relics_obtained":[{"floor":8.0,"key":"Darkstone Periapt"},{"floor":13.0,"key":"Du-Vu Doll"},{"floor":23.0,"key":"Whetstone"},{"floor":26.0,"key":"Gremlin Horn"},{"floor":28.0,"key":"Necronomicon"},{"floor":29.0,"key":"Bronze Scales"},{"floor":40,"key":"Smiling Mask"},{"floor":43,"key":"Self Forming Clay"},{"floor":48,"key":"War Paint"}],"event_choices":[{"damage_healed":0.0,"max_hp_gain":5.0,"max_hp_loss":0.0,"gold_gain":0.0,"event_name":"Big Fish","player_choice":"Donut","floor":5.0,"gold_loss":0.0,"damage_taken":0.0},{"damage_healed":0.0,"max_hp_gain":0.0,"max_hp_loss":0.0,"gold_gain":0.0,"event_name":"Cursed Tome","player_choice":"Obtained Book","floor":28.0,"gold_loss":0.0,"damage_taken":16.0},{"damage_healed":0.0,"max_hp_gain":0.0,"max_hp_loss":0.0,"gold_gain":0.0,"event_name":"Vampires","player_choice":"Became a vampire (Vial)","floor":30.0,"relics_lost":["Blood Vial"],"gold_loss":0.0,"damage_taken":0.0,"cards_obtained":["Bite","Bite","Bite","Bite","Bite"]},{"cards_removed":["Eruption"],"damage_healed":0.0,"max_hp_gain":0.0,"max_hp_loss":0.0,"gold_gain":0.0,"event_name":"Wheel of Change","player_choice":"Card Removal","floor":31.0,"gold_loss":0.0,"damage_taken":0.0},{"cards_removed":["Entrench"],"damage_healed":0,"gold_gain":0,"player_choice":"Gave Card","damage_taken":0,"relics_obtained":["Centennial Puzzle"],"max_hp_gain":0,"max_hp_loss":0,"event_name":"WeMeetAgain","floor":38,"gold_loss":0},{"damage_healed":0,"gold_gain":0,"player_choice":"Paid","damage_taken":0,"relics_obtained":["Red Mask"],"max_hp_gain":0,"max_hp_loss":0,"event_name":"Tomb of Lord Red Mask","floor":47,"gold_loss":18}],"is_beta":false,"boss_relics":[{"not_picked":["Pandora\u0027s Box","Fusion Hammer"],"picked":"Sozu"},{"not_picked":["Busted Crown","Velvet Choker"],"picked":"Cursed Key"}],"items_purged_floors":[],"is_endless":false,"potions_floor_spawned":[1,2,4,14,21,22,29,33,35,36,44],"ascension_level":0}}