{"host":"dwyzfvnzfcqffr30","time":1611591490,"event":{"mods":["2.2 Compatiblity","Act Like it!","Aspiration","BaseMod","Beaked The Cultist","Better Altar","Better Match","Better Note","Better Sensory Stone","Better Skull","Better Third Choice","Clockwork Mod","Colored Map","Colored Powertips","Conspire","Elementarium","GifTheSpireLib","Halation","Hermit","Hubris","Infinite Spire","Ironclad Rager","Jedi Mod","Menagerie","Mimic Mod","Minty Spire (QoL Compilation)","Permanent Neow","Random Character Button","Reliquary","Replay The Spire","Spicy Shops","Spikes Relics","StSLib","Stuff the Spire","The Construct","The Disciple","The Druid","The Marked","TheFirefly","Trackpad","Wandering Minibosses"],"gold_per_floor":[122,122,140,172,172,213,213,262,262,306,341,55,55,89,89,172,172,200,229,257,84,108,90,129,154,154,180,221,96,116,155,111,193,193,223,10,23,43,43,79,98,129,165,196,227,271,228,259,246,246,246,244,1,34,34],"floor_reached":56,"language":"ENG","playtime":4234,"items_purged":["Spreading Infection","thefirefly:PhotonBlast+1","thefirefly:Strike+1","thefirefly:Strike+1"],"score":2233,"play_id":"244bba75-1be4-4726-be8e-b26fefebadc5","local_time":"20210125081810","is_ascension_mode":true,"campfire_choices":[{"floor":7,"key":"RECALL"},{"data":"thefirefly:IonizedBarrier+1","floor":13,"key":"SMITH"},{"data":"thefirefly:IonizedBarrier+2","floor":15,"key":"SMITH"},{"data":"thefirefly:IonizedBarrier+1","floor":23,"key":"SMITH"},{"data":"thefirefly:IonizedBarrier+2","floor":32,"key":"SMITH"},{"data":"thefirefly:LaserMail+1","floor":47,"key":"SMITH"},{"data":"thefirefly:LaserMail+2","floor":49,"key":"SMITH"},{"data":"thefirefly:LaserMail+3","floor":52,"key":"SMITH"}],"circlet_count":0,"master_deck":["AscendersBane","thefirefly:Defend+1","thefirefly:Defend+1","thefirefly:Defend+1","thefirefly:Defend+1","thefirefly:StealthMode+1","MasterReality+1","Apotheosis+1","thefirefly:FlareScreen+1","thefirefly:CreateClone+1","thefirefly:MirrorShield+1","thefirefly:QuantumTunneling+1","thefirefly:ShieldArray+1","thefirefly:Boost+1","thefirefly:IonizedBarrier+3","PlatinumSkin+1","thefirefly:LaserMail+4","thefirefly:LustForEternity+1","thefirefly:FlareScreen+1","thefirefly:IonizedBarrier+3","thefirefly:ChargedLaser+1","thefirefly:Lamentation+1","thefirefly:RerouteCircuit+1","thefirefly:PhantomStrike+1","infinitespire:Fortify+1","thefirefly:Quine+1","thefirefly:SearingEnigma+1","thefirefly:IonizedBarrier+1","thefirefly:ShieldArray+1"],"relics":["thefirefly:StealthSystem","Bottled Tornado","conspire:InfiniteJournal","SacredBark","infinitespire:EvilPickle","Quantum Egg","Frozen Egg 2","Molten Egg 2","Toxic Egg 2","Ring of Fangs","Ring of Hypnosis","hubris:Zylophone","Chemical X","SnailShell","reliquary:SharkskinSheath","ClockworkSouvenir","Omamori","Philosopher\u0027s Stone","thefirefly:RepairArm","Replay:Accelerometer","aspiration:SeaSaltIceCream","reliquary:PartyBalloon","Mummified Hand","reliquary:TuningFork","hubris:HollowSoul","Empty Cage","trackpad:ToughGloves","reliquary:FeatherDuster","reliquary:OuijaBoard","hubris:AstralHammer","Kunai","infinitespire:BottledMercury","beaked:ShinyBauble"],"acts_visited":["Menagerie:Menagerie","TheCity","TheBeyond","TheEnding"],"potions_floor_usage":[3,6,20,24,25,27,30,33,35,37,42,50,50],"damage_taken":[{"damage":0,"enemies":"Menagerie:StygianBoar","floor":1,"turns":4},{"damage":1,"enemies":"Menagerie:MonstrousExperiment","floor":3,"turns":4},{"damage":2,"enemies":"conspire:MimicChest","floor":4,"turns":7},{"damage":1,"enemies":"Menagerie:VoidReaper","floor":6,"turns":7},{"damage":0,"enemies":"Menagerie:Hydra","floor":8,"turns":4},{"damage":0,"enemies":"Menagerie:VoidReaper","floor":10,"turns":8},{"damage":0,"enemies":"Menagerie:WhisperingWraith","floor":11,"turns":7},{"damage":0,"enemies":"Menagerie:Hydra","floor":14,"turns":2},{"damage":0,"enemies":"Menagerie:AVATARS","floor":16,"turns":4},{"damage":0,"enemies":"Spheric Guardian","floor":18,"turns":4},{"damage":0,"enemies":"Shell Parasite","floor":19,"turns":4},{"damage":15,"enemies":"Snecko","floor":20,"turns":5},{"damage":1,"enemies":"Centurion and Healer","floor":22,"turns":8},{"damage":25,"enemies":"Slavers","floor":24,"turns":3},{"damage":0,"enemies":"Snake Plant","floor":25,"turns":2},{"damage":9,"enemies":"Chosen and Byrds","floor":27,"turns":4},{"damage":0,"enemies":"Gremlin Leader","floor":28,"turns":3},{"damage":2,"enemies":"3 Cultists","floor":30,"turns":3},{"damage":8,"enemies":"conspire:Head Lice","floor":31,"turns":7},{"damage":0,"enemies":"Champ","floor":33,"turns":8},{"damage":41,"enemies":"3 Shapes","floor":35,"turns":3},{"damage":0,"enemies":"3 Darklings","floor":37,"turns":4},{"damage":31,"enemies":"Transient","floor":38,"turns":5},{"damage":0,"enemies":"Giant Head","floor":40,"turns":6},{"damage":2,"enemies":"Sphere and 2 Shapes","floor":41,"turns":3},{"damage":21,"enemies":"Reptomancer","floor":42,"turns":4},{"damage":0,"enemies":"Jaw Worm Horde","floor":43,"turns":5},{"damage":0,"enemies":"Jaw Worm Horde","floor":44,"turns":2},{"damage":13,"enemies":"Writhing Mass","floor":45,"turns":3},{"damage":5,"enemies":"Nemesis","floor":46,"turns":9},{"damage":13,"enemies":"Spire Growth","floor":48,"turns":5},{"damage":8,"enemies":"Replay:Hell Engine","floor":50,"turns":7},{"damage":15,"enemies":"Shield and Spear","floor":54,"turns":4},{"damage":38,"enemies":"The Heart","floor":55,"turns":6}],"seed_played":"2312162115495838725","potions_obtained":[{"floor":0,"key":"LiquidBronze"},{"floor":0,"key":"jedi:wingpotion"},{"floor":0,"key":"LiquidMemories"},{"floor":6,"key":"LiquidMemories"},{"floor":16,"key":"LiquidBronze"},{"floor":24,"key":"Block Potion"},{"floor":25,"key":"infinitespire:BlackPotion"},{"floor":27,"key":"Ancient Potion"},{"floor":28,"key":"jedi:tentaclejuice"},{"floor":31,"key":"Dexterity Potion"},{"floor":33,"key":"Fire Potion"},{"floor":35,"key":"Languid Potion"},{"floor":40,"key":"PowerPotion"},{"floor":45,"key":"LiquidBronze"}],"is_trial":false,"path_per_floor":["M","?","M","?","?","E","R","E","T","E","M","$","R","E","R","B",null,"M","M","M","$","M","R","E","M","T","M","E","?","M","E","R","B",null,"M","$","M","M","AVR","E","M","E","MIM","M","M","E","R","M","R","B",null,"R","$","E","B",null],"character_chosen":"THE_FIREFLY","items_purchased":["thefirefly:IonizedBarrier+1","ClockworkSouvenir","PlatinumSkin+1","thefirefly:RepairArm","thefirefly:PhantomStrike+1","infinitespire:BottledMercury"],"campfire_rested":0,"item_purchase_floors":[12,12,12,21,36,53],"current_hp_per_floor":[45,45,46,46,46,47,47,49,49,51,53,53,53,55,55,57,64,64,66,53,53,54,72,49,49,49,42,44,44,44,38,82,84,84,45,45,47,18,18,20,20,71,73,73,62,59,102,91,104,98,104,106,106,93,57],"gold":34,"neow_bonus":"THREE_SMALL_POTIONS","is_daily":false,"chose_seed":false,"campfire_upgraded":7,"win_rate":0.0,"timestamp":1611591490,"path_taken":["M","?","?","?","?","E","R","E","T","E","M","?","R","E","R","BOSS","M","M","M","$","M","R","E","M","T","M","E","?","M","E","R","BOSS","M","$","M","M","AVR","E","M","E","MIM","M","M","E","R","M","R","BOSS","R","$","E","BOSS"],"items_purchased_type":["Card","Relic","Card","Relic","Card","Relic"],"build_version":"2020-12-22","purchased_purges":4,"victory":true,"max_hp_per_floor":[50,50,52,54,54,56,56,58,58,60,62,62,62,64,64,66,66,66,68,70,70,72,72,74,74,74,76,78,78,80,82,82,84,84,86,86,88,90,90,92,94,96,98,98,100,102,102,104,104,106,106,106,106,108,110],"card_choices":[{"not_picked":["thefirefly:Preload+1","thefirefly:RollBack+1"],"picked":"thefirefly:FlareScreen+1","floor":1},{"not_picked":["thefirefly:RollBack+1","thefirefly:DecoyShot+1"],"picked":"thefirefly:MirrorShield+1","floor":3},{"not_picked":["thefirefly:Bombardment+1","thefirefly:StoredPower+1"],"picked":"thefirefly:QuantumTunneling+1","floor":4},{"not_picked":["thefirefly:RecollectionSubroutine+1","thefirefly:Ruminate+1","thefirefly:NebulaVeil+1"],"picked":"SKIP","floor":6},{"not_picked":["thefirefly:RollBack+1","thefirefly:ReverseEngine+1"],"picked":"thefirefly:ShieldArray+1","floor":8},{"not_picked":["thefirefly:Rend+1","thefirefly:Preload+1","thefirefly:Boost+1"],"picked":"SKIP","floor":10},{"not_picked":["thefirefly:AccountUncertainty+1","thefirefly:CoveringFire+1"],"picked":"thefirefly:Boost+1","floor":11},{"not_picked":["thefirefly:Rend+1","thefirefly:FlakCannon+1"],"picked":"thefirefly:LaserMail+1","floor":14},{"not_picked":["thefirefly:ParadoxEngine+1","thefirefly:Unweft+1"],"picked":"thefirefly:LustForEternity+1","floor":16},{"not_picked":["thefirefly:RecollectionSubroutine+1","thefirefly:Exile+1"],"picked":"thefirefly:FlareScreen+1","floor":18},{"not_picked":["thefirefly:NebulaVeil+1","thefirefly:LifeSupport+1"],"picked":"thefirefly:IonizedBarrier+1","floor":19},{"not_picked":["thefirefly:AccountUncertainty+1","thefirefly:InterceptingShot+1","thefirefly:Flight+1"],"picked":"SKIP","floor":20},{"not_picked":["thefirefly:InterceptingShot+1","thefirefly:AutoTargeting+1","thefirefly:ArtillleryBeam+1"],"picked":"SKIP","floor":22},{"not_picked":["thefirefly:LifeSupport+1","thefirefly:RecollectionSubroutine+1","thefirefly:Reposition+1"],"picked":"SKIP","floor":24},{"not_picked":["thefirefly:Ruminate+1","thefirefly:DataMiner+1"],"picked":"thefirefly:ChargedLaser+1","floor":25},{"not_picked":["thefirefly:InterceptingShot+1","thefirefly:DecoyShot+1","thefirefly:RecollectionSubroutine+1"],"picked":"SKIP","floor":27},{"not_picked":["thefirefly:Reposition+1","thefirefly:ParadoxEngine+1","thefirefly:Distort+1"],"picked":"SKIP","floor":28},{"not_picked":["thefirefly:Reposition+1","thefirefly:ParadoxEngine+1","thefirefly:Distort+1"],"picked":"SKIP","floor":28},{"not_picked":["thefirefly:EMP+1","thefirefly:SteadyAim+1"],"picked":"thefirefly:Lamentation+1","floor":30},{"not_picked":["thefirefly:Prominence+1","thefirefly:Reposition+1","thefirefly:AuroralDischarge+1"],"picked":"SKIP","floor":31},{"not_picked":["thefirefly:Regeneration+1","thefirefly:SoulStrike+1"],"picked":"thefirefly:RerouteCircuit+1","floor":33},{"not_picked":["thefirefly:Preload+1","thefirefly:QuantumTunneling+1","thefirefly:DataMiner+1"],"picked":"SKIP","floor":35},{"not_picked":["thefirefly:Rend+1","thefirefly:Bombardment+1","thefirefly:InterceptingShot+1"],"picked":"SKIP","floor":37},{"not_picked":["thefirefly:EMP+1","thefirefly:CoveringFire+1","thefirefly:ReverseEngine+1"],"picked":"SKIP","floor":38},{"not_picked":["thefirefly:HyperspaceAssault+1","thefirefly:Boost+1"],"picked":"thefirefly:Quine+1","floor":40},{"not_picked":["thefirefly:CoveringFire+1","thefirefly:EMP+1"],"picked":"thefirefly:SearingEnigma+1","floor":41},{"not_picked":["thefirefly:Bombardment+1","thefirefly:Rend+1"],"picked":"thefirefly:IonizedBarrier+1","floor":42},{"not_picked":["thefirefly:SteadyAim+1","thefirefly:EnergyShield+1"],"picked":"thefirefly:ShieldArray+1","floor":43},{"not_picked":["thefirefly:FlakCannon+1","thefirefly:EvasiveManeuver+1","thefirefly:Rend+1"],"picked":"SKIP","floor":44},{"not_picked":["thefirefly:EvasiveManeuver+1","thefirefly:InterceptingShot+1","thefirefly:Prominence+1"],"picked":"SKIP","floor":45},{"not_picked":["thefirefly:NebulaVeil+1","thefirefly:StoredPower+1","thefirefly:Distort+1"],"picked":"SKIP","floor":46},{"not_picked":["thefirefly:ArtillleryBeam+1","thefirefly:FullProjection+1","thefirefly:RollBack+1"],"picked":"SKIP","floor":48},{"not_picked":["thefirefly:ReverseEngine+1","thefirefly:Teleport+1","thefirefly:Preload+1"],"picked":"SKIP","floor":54}],"player_experience":2245900,"relics_obtained":[{"floor":5,"key":"Ring of Fangs"},{"floor":5,"key":"Ring of Hypnosis"},{"floor":6,"key":"hubris:Zylophone"},{"floor":8,"key":"SnailShell"},{"floor":10,"key":"reliquary:SharkskinSheath"},{"floor":14,"key":"Omamori"},{"floor":24,"key":"Replay:Accelerometer"},{"floor":26,"key":"aspiration:SeaSaltIceCream"},{"floor":28,"key":"reliquary:TuningFork"},{"floor":40,"key":"reliquary:FeatherDuster"},{"floor":42,"key":"reliquary:OuijaBoard"},{"floor":43,"key":"hubris:AstralHammer"},{"floor":46,"key":"Kunai"},{"floor":54,"key":"beaked:ShinyBauble"}],"event_choices":[{"damage_healed":0,"gold_gain":0,"player_choice":"Simplicity","damage_taken":0,"max_hp_gain":0,"max_hp_loss":8,"event_name":"betterThird:BetterWriting","floor":0,"gold_loss":0},{"damage_healed":0,"gold_gain":0,"player_choice":"3","damage_taken":0,"max_hp_gain":0,"max_hp_loss":0,"event_name":"betterMatch:BetterMatch","floor":29,"gold_loss":0,"cards_obtained":[]}],"is_beta":false,"boss_relics":[{"not_picked":["conspire:SlowCooker","aspiration:RunicSpoon"],"picked":"Philosopher\u0027s Stone"},{"not_picked":["Replay:Wanted Poster","halation:MonkeysPaw"],"picked":"hubris:HollowSoul"}],"items_purged_floors":[12,21,36,39],"is_endless":false,"potions_floor_spawned":[1,6,10,16,24,25,27,28,31,33,35,40,41,45,48],"ascension_level":15}}