{"host":"gww6ffkzfofersck","time":1611587218,"event":{"mods":["Astrologer","BaseMod","ChefMod","Colored Powertips","Conspire","Downfall","Hermit","Highlight Path","HololiveMod","Infinite Spire","Ironclad Rager","Minty Spire (QoL Compilation)","Potionbrewer","Quick Restart","Replay The Spire","Shop Mod","StSLib","The Blackbeard","The Necromancer","TheVacant","TheVelvet","Wandering Minibosses","slay the spire mod where everything is the same but ironclad has a cowboy hat"],"gold_per_floor":[82,97,116,133,133,168,168,188,268,305,329,404,424,460,460,571,571,585,685,704,704],"floor_reached":20,"language":"ENG","playtime":1728,"items_purged":[],"score":323,"play_id":"e2f503a5-4d2e-465d-9716-93c4fe20a336","local_time":"20210125100658","is_ascension_mode":false,"campfire_choices":[{"data":"Hololive_CallNatsuiroMatsuri","floor":7,"key":"SMITH"},{"data":"Hololive_CallAZKi","floor":15,"key":"SMITH"}],"circlet_count":0,"master_deck":["Hololive_CallNatsuiroMatsuri+1","Hololive_CallAkaiHaato","Hololive_CallNekomataOkayu","Hololive_CallSpadeEcho","Hololive_CallYogiri","Hololive_FlyingPonyTail+1","Hololive_Strike+1","Hololive_Strike+1","Hololive_Defend","Hololive_Defend","Hololive_CallNatsuiroMatsuri","Hololive_CallAZKi+1","Hololive_BeCareful","Hololive_FlyingPonyTail","Hololive_CallAyundaRisu","Hololive_Psychosis","Hololive_CallTokinoSora","Hololive_Drill","Hololive_Psychosis","Hololive_CallUsadaPekora","Hololive_DiamondStrike","Replay:Hysterical Blindness","Hololive_Recruit","infinitespire:FutureSight","Forethought","Slimebound:Tackle","Hololive_CallTokinoSora+1","downfall:Bewildered","Hololive_IdolExercise","conspire:Blindness"],"relics":["Hololive_TheStar","NeowsBlessing","Whetstone","infinitespire:BottledMercury","Replay:Multitool","potionbrewer:Torch","ReplayTheSpireMod:SealedPack","downfall:ExtraCursedKey"],"acts_visited":["Exordium","TheCity"],"potions_floor_usage":[],"damage_taken":[{"damage":0,"enemies":"2 Louse","floor":1,"turns":1},{"damage":0,"enemies":"conspire:RoseBush","floor":2,"turns":1},{"damage":0,"enemies":"Jaw Worm","floor":3,"turns":1},{"damage":0,"enemies":"Exordium Thugs","floor":4,"turns":4},{"damage":0,"enemies":"Lagavulin","floor":6,"turns":5},{"damage":0,"enemies":"Blue Slaver","floor":8,"turns":3},{"damage":0,"enemies":"Gremlin Nob","floor":10,"turns":4},{"damage":0,"enemies":"Red Slaver","floor":11,"turns":3},{"damage":0,"enemies":"3 Louse","floor":13,"turns":3},{"damage":0,"enemies":"Replay:BlueRogue","floor":14,"turns":4},{"damage":0,"enemies":"Hexaghost","floor":16,"turns":6},{"damage":0,"enemies":"Spheric Guardian","floor":18,"turns":4},{"damage":0,"enemies":"Chosen","floor":20,"turns":3}],"seed_played":"-3558163744252951590","potions_obtained":[{"floor":2,"key":"Weak Potion"},{"floor":3,"key":"SkillPotion"},{"floor":6,"key":"Dexterity Potion"},{"floor":13,"key":"Energy Potion"},{"floor":20,"key":"bronze:BurnAndBuffPotion"}],"is_trial":false,"path_per_floor":["M","M","M","M","?","E","R","M","T","E","M","?","M","E","R","B",null,"M","?","M"],"character_chosen":"Hololive_HololiveCharacter","items_purchased":[],"campfire_rested":0,"item_purchase_floors":[],"current_hp_per_floor":[35,35,35,35,35,35,35,35,35,35,35,24,24,24,24,24,35,35,35,35,35],"gold":704,"neow_bonus":"THREE_ENEMY_KILL","is_daily":false,"chose_seed":false,"campfire_upgraded":2,"win_rate":0.0,"timestamp":1611587218,"path_taken":["M","M","M","M","?","E","R","M","T","E","M","?","?","E","R","BOSS","M","?","M"],"items_purchased_type":[],"build_version":"2020-12-22","purchased_purges":0,"victory":false,"max_hp_per_floor":[35,35,35,35,35,35,35,35,35,35,35,35,35,35,35,35,35,35,35,35,35],"card_choices":[{"not_picked":["Hololive_LuckPotion","Hololive_Sequa","Hololive_Trident"],"picked":"Hololive_CallNatsuiroMatsuri","floor":1},{"not_picked":["Hololive_Drill","Hololive_Psychosis","Hololive_FlyingPonyTail"],"picked":"Hololive_CallAZKi","floor":2},{"not_picked":["Hololive_StrengthChampion","Hololive_Trident","Hololive_BringToTrial"],"picked":"Hololive_BeCareful","floor":3},{"not_picked":["Hololive_CallMomosuzuNene","Hololive_CallYogiri","Hololive_StrengthChampion"],"picked":"Hololive_FlyingPonyTail","floor":4},{"not_picked":["Hololive_Sequa","Hololive_CallYogiri","Hololive_CallMoonaHoshinova"],"picked":"Hololive_CallAyundaRisu","floor":6},{"not_picked":["Hololive_CocoNews","Hololive_OvertimeWork","Hololive_Sequa"],"picked":"Hololive_Psychosis","floor":8},{"not_picked":["Hololive_CallTsunomakiWatame","Hololive_CallShiroganeNoel","Hololive_CallShishiroBotan"],"picked":"Hololive_CallTokinoSora","floor":10},{"not_picked":["Hololive_CallMoonaHoshinova","Hololive_CallUruhaRushia","Hololive_OvertimeWork"],"picked":"Hololive_Drill","floor":11},{"not_picked":["Hololive_CallMoonaHoshinova","Hololive_Rebound","Hololive_CallYogiri"],"picked":"Hololive_Psychosis","floor":13},{"not_picked":["Hololive_Psychosis","Hololive_CallAyundaRisu","Hololive_Thief"],"picked":"Hololive_CallUsadaPekora","floor":14},{"not_picked":["Hololive_IdolExercise","Hololive_Recruit","Hololive_BeCareful"],"picked":"Hololive_DiamondStrike","floor":16},{"not_picked":["Hololive_DDD","Hololive_FlareMind","Hololive_Thief"],"picked":"Hololive_Recruit","floor":17},{"not_picked":["infinitespire:Gouge","infinitespire:UltimateForm","infinitespire:Punishment"],"picked":"infinitespire:FutureSight","floor":17},{"not_picked":["Finesse","Trip","Dark Shackles"],"picked":"Forethought","floor":17},{"not_picked":["Eruption","hadesmod:SwapStrike","chefmod:QuickThaw"],"picked":"Slimebound:Tackle","floor":17},{"not_picked":["Hololive_CallShiranuiFlare","Hololive_DiamondStrike","Hololive_LuckPotion"],"picked":"Hololive_CallTokinoSora+1","floor":18}],"player_experience":203783,"relics_obtained":[{"floor":6,"key":"Whetstone"},{"floor":9,"key":"infinitespire:BottledMercury"},{"floor":10,"key":"Replay:Multitool"},{"floor":14,"key":"potionbrewer:Torch"}],"event_choices":[{"damage_healed":0,"gold_gain":75,"player_choice":"Gather Gold","damage_taken":11,"max_hp_gain":0,"max_hp_loss":0,"event_name":"World of Goop","floor":12,"gold_loss":0}],"is_beta":false,"boss_relics":[{"not_picked":["Painkiller Herb","Kintsugi"],"picked":"ReplayTheSpireMod:SealedPack"}],"items_purged_floors":[],"is_endless":false,"potions_floor_spawned":[2,3,6,8,13,14,20],"killed_by":"Chosen","ascension_level":0}}