{"host":"eae5ll7jplp56zri","time":1611588831,"event":{"mods":["100% Spire Juice","2.2 Compatiblity","Arknights The Spire","BaseMod","CapriCore","Colored Map","Colored Powertips","DeckTracker","Hermit","KOR Keyword Fix","Keyboard Shortcuts","Minty Spire (QoL Compilation)","Permanent Neow","Quick Restart","Replay The Spire","StSLib","The Bug Knight","The Cursed","The Immortal","The Jungle","everything is the same but u backflip on backflip"],"gold_per_floor":[211,211,221,396,396,396,410,410,52,52,52,85,85,85,119,133,133,233,233,251,251,251],"floor_reached":21,"language":"KOR","playtime":1023,"items_purged":["HollowMod:NailStrikeStart"],"score":185,"play_id":"dc9a9d14-dd5f-4972-9f60-f398701abeee","local_time":"20210126003351","is_ascension_mode":false,"campfire_choices":[{"data":"HollowMod:GrimmsGift","floor":8,"key":"SMITH"},{"data":"HollowMod:DashSlash","floor":10,"key":"SMITH"},{"data":"HollowMod:SoulShaman","floor":14,"key":"SMITH"},{"data":"HollowMod:MantisMark","floor":17,"key":"SMITH"}],"circlet_count":0,"master_deck":["HollowMod:NailStrikeStart","HollowMod:NailStrikeStart","HollowMod:NailStrikeStart","HollowMod:QuickDashStart","HollowMod:QuickDashStart","HollowMod:QuickDashStart","HollowMod:QuickDashStart","HollowMod:FocusHealStart","HollowMod:PogoStrike","HollowMod:GrimmsGift+1","Clumsy","HollowMod:DashSlash+1","HollowMod:DoubleDash+1","HollowMod:SoulShaman+1","HollowMod:SoulStrike","HollowMod:MantisMark+1","HollowMod:VoidDash"],"relics":["HollowMod:VesselMask","Ring of Hypnosis","Shuriken","Counterbalance","Pen Nib","Turnip","Sozu"],"acts_visited":["Exordium","TheCity"],"potions_floor_usage":[],"damage_taken":[{"damage":0,"enemies":"Small Slimes","floor":1,"turns":3},{"damage":5,"enemies":"Jaw Worm","floor":3,"turns":2},{"damage":3,"enemies":"2 Louse","floor":7,"turns":4},{"damage":17,"enemies":"3 Sentries","floor":12,"turns":9},{"damage":14,"enemies":"HollowMod:MossKnight","floor":15,"turns":7},{"damage":3,"enemies":"Lots of Slimes","floor":16,"turns":4},{"damage":36,"enemies":"The Guardian","floor":18,"turns":12},{"damage":12,"enemies":"3 Byrds","floor":20,"turns":6},{"damage":0,"enemies":"Spheric Guardian","floor":21,"turns":1}],"seed_played":"7048195466010781915","potions_obtained":[{"floor":1,"key":"Block Potion"},{"floor":12,"key":"SpeedPotion"},{"floor":18,"key":"FearPotion"}],"is_trial":false,"path_per_floor":["M","?","M","?","PTL","PTL","M","R","$","R","T","E","?","R","E","M","R","B",null,"M","M"],"character_chosen":"THE_BUGKNIGHT","items_purchased":["Shuriken","HollowMod:DoubleDash+1"],"campfire_rested":0,"item_purchase_floors":[9,9],"current_hp_per_floor":[75,75,70,70,70,70,73,73,73,73,73,66,66,66,58,55,55,29,75,73,73,73],"gold":251,"neow_bonus":"HUNDRED_GOLD","is_daily":false,"chose_seed":false,"campfire_upgraded":4,"win_rate":0.0,"timestamp":1611588831,"path_taken":["M","?","M","?","PTL","PTL","M","R","$","R","T","E","?","R","E","?","R","BOSS","M","M"],"items_purchased_type":["Relic","Card"],"build_version":"2020-12-22","purchased_purges":1,"victory":false,"max_hp_per_floor":[75,75,75,75,75,75,75,75,75,75,75,75,75,75,75,75,75,75,75,75,75,75],"card_choices":[{"not_picked":["HollowMod:DescendingDark","HollowMod:CornifersMapStart"],"picked":"HollowMod:GrimmsGift","floor":1},{"not_picked":["HollowMod:SharpenedNail","HollowMod:CoiledNail","HollowMod:VengefulVoid"],"picked":"SKIP","floor":3},{"not_picked":["HollowMod:InfectedCysts","HollowMod:SharpenedShadows"],"picked":"HollowMod:DashSlash","floor":7},{"not_picked":["HollowMod:SharpenedNail","HollowMod:CrystalDash"],"picked":"HollowMod:SoulShaman","floor":12},{"not_picked":["HollowMod:CoiledNail","HollowMod:HeavyBlow"],"picked":"HollowMod:SoulStrike","floor":15},{"not_picked":["HollowMod:NewGlowingWomb","HollowMod:TaintedHusks"],"picked":"HollowMod:MantisMark","floor":16},{"not_picked":["HollowMod:ZotesMagnificence","HollowMod:theNailsmith"],"picked":"HollowMod:VoidDash","floor":18},{"not_picked":["HollowMod:NewGlowingWomb","HollowMod:NewJinnsSoul+1","HollowMod:InfectedAttack"],"picked":"SKIP","floor":20}],"player_experience":1025900,"relics_obtained":[{"floor":2,"key":"Ring of Hypnosis"},{"floor":11,"key":"Counterbalance"},{"floor":12,"key":"Pen Nib"},{"floor":15,"key":"Turnip"}],"event_choices":[{"damage_healed":0,"gold_gain":175,"player_choice":"AGREE","damage_taken":0,"max_hp_gain":0,"max_hp_loss":0,"event_name":"Liars Game","floor":4,"gold_loss":0,"cards_obtained":["Doubt"]},{"cards_removed":["Doubt"],"damage_healed":0,"gold_gain":0,"player_choice":"Card Removal","damage_taken":0,"max_hp_gain":0,"max_hp_loss":0,"event_name":"Wheel of Change","floor":13,"gold_loss":0}],"is_beta":false,"boss_relics":[{"not_picked":["Ring of Chaos","Fusion Hammer"],"picked":"Sozu"}],"items_purged_floors":[9],"is_endless":false,"potions_floor_spawned":[1,12,18,20],"killed_by":"Spheric Guardian","ascension_level":0}}