{"host":"ndqo0ze3xqwwg5zo","time":1611552416,"event":{"mods":["BaseMod","Colored Powertips","Downfall","Hermit","Minty Spire (QoL Compilation)","StSLib","The Cursed","The Disciple","The Hierophant","The Necromancer","The Servant 0.9.4"],"gold_per_floor":[113,113,129,105,120,120,150,166,166,184,184,262,262,282,282,380,380,395,395,410,410,20,20,34,34,34,34,50,65,65,13,13,114,114,126,126,140,140,140,140,0,0,77,77,108,118,118,130,130,130,130],"floor_reached":50,"language":"ENG","playtime":6735,"items_purged":[],"score":495,"play_id":"d95325da-e281-4051-bad3-a44bcdd0f86b","local_time":"20210124232656","is_ascension_mode":false,"campfire_choices":[{"data":"Tempo","floor":6,"key":"SMITH"},{"data":"SecondHand","floor":13,"key":"SMITH"},{"data":"Keepsakes","floor":15,"key":"SMITH"},{"data":"Keepsakes","floor":23,"key":"SMITH"},{"data":"PatternShift","floor":25,"key":"SMITH"},{"data":"BlueShift","floor":32,"key":"SMITH"},{"data":"LockedLightning","floor":40,"key":"SMITH"},{"data":"BlueShift","floor":44,"key":"SMITH"},{"data":"DaylightSavings","floor":47,"key":"SMITH"},{"data":"Keepsakes","floor":49,"key":"SMITH"}],"circlet_count":0,"master_deck":["Defend_Br","Defend_Br","Defend_Br","Defend_Br","SecondHand+1","PatternShift+1","BlueShift+1","LockedBlood","HandsUpC","Moderato+1","Keepsakes+1","BlueShift+1","ReapSow","LockedWhetstone+1","Bite","Bite","Bite","Bite","Bite","Keepsakes+1","WindUp+1","BlueShift+1","LockedLightning+1","Decay","Keepsakes+1","Parasite","DaylightSavings+4"],"relics":["Chronometer","NeowsBlessing","HornCleat","Bottled Lightning","Black Star","Ice Cream","Pear","Juzu Bracelet","Coffee Dripper","Red Mask","Kunai","Ginger","Orichalcum"],"acts_visited":["Exordium","TheCity","TheBeyond"],"potions_floor_usage":[16,16,16,33,33,33,45],"damage_taken":[{"damage":0,"enemies":"2 Louse","floor":1,"turns":1},{"damage":0,"enemies":"Cultist","floor":3,"turns":1},{"damage":0,"enemies":"Jaw Worm","floor":5,"turns":1},{"damage":9,"enemies":"Gremlin Nob","floor":7,"turns":8},{"damage":2,"enemies":"Blue Slaver","floor":8,"turns":5},{"damage":0,"enemies":"Exordium Wildlife","floor":10,"turns":6},{"damage":0,"enemies":"Looter","floor":14,"turns":3},{"damage":9,"enemies":"The Guardian","floor":16,"turns":11},{"damage":20,"enemies":"Spheric Guardian","floor":18,"turns":7},{"damage":2,"enemies":"Shell Parasite","floor":20,"turns":5},{"damage":2,"enemies":"Centurion and Healer","floor":24,"turns":7},{"damage":11,"enemies":"Snake Plant","floor":28,"turns":5},{"damage":15,"enemies":"Snecko","floor":29,"turns":6},{"damage":62,"enemies":"Automaton","floor":33,"turns":12},{"damage":7,"enemies":"3 Shapes","floor":35,"turns":8},{"damage":8,"enemies":"Orb Walker","floor":37,"turns":4},{"damage":44,"enemies":"Giant Head","floor":45,"turns":12},{"damage":6,"enemies":"Writhing Mass","floor":46,"turns":11},{"damage":41,"enemies":"Spire Growth","floor":48,"turns":7},{"damage":68,"enemies":"Donu and Deca","floor":50,"turns":6}],"seed_played":"4950482062226224153","potions_obtained":[{"floor":3,"key":"Weak Potion"},{"floor":5,"key":"EssenceOfSteel"},{"floor":7,"key":"champ:CounterPotion"},{"floor":16,"key":"sneckomod:MuddlingPotion"},{"floor":18,"key":"Regen Potion"},{"floor":28,"key":"CultistPotion"},{"floor":33,"key":"Strength Potion"},{"floor":45,"key":"SpeedPotion"},{"floor":48,"key":"WardPotion"}],"is_trial":false,"path_per_floor":["M","?","M","$","M","R","E","M","T","M","?","?","R","M","R","B",null,"M","?","M","?","$","R","M","R","T","?","M","M","?","$","R","B",null,"M","?","M","$","?","R","?","?","T","R","E","M","R","M","R","B"],"character_chosen":"CHRONO_CLASS","items_purchased":["LockedBlood","Ice Cream","Keepsakes","Swift Potion"],"campfire_rested":0,"item_purchase_floors":[4,22,22,31],"current_hp_per_floor":[65,65,65,65,65,65,60,60,60,65,70,70,70,70,70,64,70,52,49,49,49,49,49,49,49,59,59,57,59,59,59,59,41,59,59,59,59,59,59,59,59,59,59,59,46,59,59,42,42,0,0],"gold":130,"neow_bonus":"THREE_ENEMY_KILL","is_daily":false,"chose_seed":false,"campfire_upgraded":10,"win_rate":0.0,"timestamp":1611552416,"path_taken":["M","?","M","$","M","R","E","?","T","M","?","?","R","M","R","BOSS","M","?","M","?","$","R","M","R","T","?","M","M","?","$","R","BOSS","M","?","M","$","?","R","?","?","T","R","E","M","R","M","R","BOSS"],"items_purchased_type":["Card","Relic","Card","Potion"],"build_version":"2020-12-22","purchased_purges":0,"victory":false,"max_hp_per_floor":[65,65,65,65,65,65,65,65,65,65,70,70,70,70,70,70,70,70,49,49,49,49,49,49,49,59,59,59,59,59,59,59,59,59,59,59,59,59,59,59,59,59,59,59,59,59,59,59,59,59,59],"card_choices":[{"not_picked":["BiteCommand","LockedWarPaint"],"picked":"BlueShift","floor":1},{"not_picked":["ExoVibe","LockedMedicine"],"picked":"Tempo","floor":3},{"not_picked":["ExoVibe","LockedScales"],"picked":"HandsUpC","floor":5},{"not_picked":["ExoVibe","LockedBlood"],"picked":"Keepsakes","floor":7},{"not_picked":["Engulf","Accruing"],"picked":"BlueShift","floor":8},{"not_picked":["TiringSlam","BlueShift"],"picked":"HandsUpC","floor":10},{"not_picked":["MasterKey","FormalWear"],"picked":"ReapSow","floor":14},{"not_picked":["BiteCommand","CrunchTime"],"picked":"LockedWhetstone+1","floor":18},{"not_picked":["Echoward","ExoVibe","LockedMedicine"],"picked":"SKIP","floor":20},{"not_picked":["Recurrance","Analog"],"picked":"WindUp+1","floor":24},{"not_picked":["PrimeTime+1","Chronoelasticity"],"picked":"BlueShift","floor":28},{"not_picked":["BiteCommand","SlimeSpray","LockedTurtyl"],"picked":"SKIP","floor":29},{"not_picked":["LockedCalendar","LockedBell"],"picked":"LockedLightning","floor":33},{"not_picked":["LockedUrn+1","CrunchTime+1","Echoward+1"],"picked":"SKIP","floor":35},{"not_picked":["ReapSow","Engulf+1","HandsUpB+1"],"picked":"SKIP","floor":37},{"not_picked":["Stagnate","FormalWear"],"picked":"Keepsakes","floor":45},{"not_picked":["PrimeTime+1","ShortSighted"],"picked":"DaylightSavings","floor":46},{"not_picked":["LockedMedicine+1","ReapSow","ExoVibe"],"picked":"SKIP","floor":48}],"player_experience":12043,"relics_obtained":[{"floor":7,"key":"HornCleat"},{"floor":9,"key":"Bottled Lightning"},{"floor":26,"key":"Pear"},{"floor":43,"key":"Kunai"},{"floor":45,"key":"Ginger"},{"floor":45,"key":"Orichalcum"}],"event_choices":[{"damage_healed":0,"gold_gain":0,"player_choice":"Ignored","damage_taken":0,"max_hp_gain":0,"max_hp_loss":0,"event_name":"Purifier","floor":2,"gold_loss":0},{"damage_healed":0,"gold_gain":0,"player_choice":"Donut","damage_taken":0,"max_hp_gain":5,"max_hp_loss":0,"event_name":"Big Fish","floor":11,"gold_loss":0},{"damage_healed":0,"gold_gain":78,"player_choice":"Gained Gold","damage_taken":0,"max_hp_gain":0,"max_hp_loss":0,"event_name":"Golden Wing","floor":12,"gold_loss":0},{"damage_healed":0,"gold_gain":0,"player_choice":"Became a vampire","damage_taken":0,"max_hp_gain":0,"max_hp_loss":21,"event_name":"Vampires","floor":19,"gold_loss":0,"cards_obtained":["Bite","Bite","Bite","Bite","Bite"]},{"damage_healed":0,"gold_gain":0,"player_choice":"Gave Potion","damage_taken":0,"relics_obtained":["Juzu Bracelet"],"max_hp_gain":0,"max_hp_loss":0,"event_name":"WeMeetAgain","floor":27,"gold_loss":0},{"damage_healed":0,"gold_gain":0,"player_choice":"Cursed","damage_taken":0,"max_hp_gain":0,"max_hp_loss":0,"event_name":"Wheel of Change","floor":36,"gold_loss":0,"cards_obtained":["Decay"]},{"cards_removed":["HandsUpC"],"damage_healed":0,"gold_gain":0,"player_choice":"Removed Attack","damage_taken":0,"max_hp_gain":0,"max_hp_loss":0,"event_name":"Falling","floor":39,"gold_loss":0},{"damage_healed":0,"gold_gain":0,"player_choice":"Paid","damage_taken":0,"relics_obtained":["Red Mask"],"max_hp_gain":0,"max_hp_loss":0,"event_name":"Tomb of Lord Red Mask","floor":41,"gold_loss":140},{"damage_healed":0,"gold_gain":0,"player_choice":"Forge","damage_taken":0,"max_hp_gain":0,"max_hp_loss":0,"event_name":"Accursed Blacksmith","floor":42,"gold_loss":0,"cards_upgraded":["BlueShift"]}],"is_beta":false,"boss_relics":[{"not_picked":["Empty Cage","Astrolabe"],"picked":"Black Star"},{"not_picked":["Cursed Key","HangingClock"],"picked":"Coffee Dripper"}],"items_purged_floors":[],"is_endless":false,"potions_floor_spawned":[3,5,7,10,16,18,28,33,45,48],"killed_by":"Donu and Deca","ascension_level":0}}