{"host":"56ca4ptg876g863r","time":1611548374,"event":{"mods":["100% Spire Juice","Abigail Mod","Alarm Clock","Arknights The Spire","BaseMod","CapriCore","Friendly Minions","GungeonMod","Hermit","HololiveMod","KOR Keyword Fix","Minty Spire (QoL Compilation)","Prisma Mod","READ ME - Guardian Mod","StSLib","The Dragon Tamer","The Gatherer","The Hierophant","The Immortal","The Jungle","The Poker Player","The Runesmith","WarShipGirlsR/??á´Ò³R mod"],"gold_per_floor":[111,111,186,43,62,96,96,110,110,122,102,277,277,288,288,383,383,399,399,412,101,115,148,248,248,248,248,268,268,319,319,319,419,419,432,451,451,236,248,248,282,282,334,334,360,410,420,745,745,745],"floor_reached":51,"language":"KOR","playtime":3486,"items_purged":["Doubt","ats:Strike S"],"score":915,"play_id":"a7c5699c-f4a1-4f33-bbf6-c8cd33ea1dca","local_time":"20210125131934","is_ascension_mode":true,"campfire_choices":[{"data":"ats:Neurotoxin","floor":13.0,"key":"SMITH"},{"floor":15.0,"key":"REST"},{"data":"ats:Flexible Camouflage","floor":25.0,"key":"SMITH"},{"data":"ats:Childhood Dance","floor":27.0,"key":"SMITH"},{"floor":29.0,"key":"REST"},{"data":"ats:Consecutive Shot Auto","floor":32.0,"key":"SMITH"},{"floor":40,"key":"REST"},{"data":"ats:Hook Shot","floor":42,"key":"SMITH"},{"data":"ats:Emotion Absorption","floor":49,"key":"SMITH"}],"circlet_count":0,"master_deck":["ats:Strike C+1","ats:Armor Crushing Shot","ats:Defend","ats:Defend","ats:Emotion Absorption+1","Madness+1","ats:Hook Shot+1","ats:Flexible Camouflage+1","ats:Neurotoxin+1","ats:Consecutive Shot Auto+1","ats:Poison Spread","ats:True Silver Slash","ats:Nebulous Foxfire+1","ats:Poison Spread","Apotheosis+1","ats:Overload+1","ats:Neurotoxin+1","ats:Overload+1","ats:Apocalypse+1","ats:Very Hot Blade","ats:Flexible Camouflage+1","ats:Wolf Pack","Madness+1","Madness+1","ats:Poison Spread+1","ats:Consecutive Shot Auto","ats:Poison Spread+1"],"relics":["ats:Sanity","NeowsBlessing","Membership Card","ats:Originium","Bag of Marbles","Toxic Egg 2","ats:Omniscience","theJungle:SpiritDisease","Turnip","Calipers","DemoMod:Metronome","Kunai","SlaversCollar","Oddly Smooth Stone","DemoMod:WhiteGuonStone","Omamori","Bird Faced Urn","Old Coin"],"acts_visited":["Exordium","Exordium","TheBeyond"],"potions_floor_usage":[35,41,41,47,50,50,50],"damage_taken":[{"damage":0.0,"enemies":"Cultist","floor":1.0,"turns":1.0},{"damage":0.0,"enemies":"2 Louse","floor":5.0,"turns":2.0},{"damage":0.0,"enemies":"3 Sentries","floor":6.0,"turns":2.0},{"damage":0.0,"enemies":"Jaw Worm","floor":8.0,"turns":4.0},{"damage":6.0,"enemies":"2 Fungi Beasts","floor":10.0,"turns":6.0},{"damage":2.0,"enemies":"Exordium Thugs","floor":14.0,"turns":3.0},{"damage":24.0,"enemies":"Slime Boss","floor":16.0,"turns":11.0},{"damage":20.0,"enemies":"theJungle:Flameango_and_Byrd","floor":18.0,"turns":5.0},{"damage":12.0,"enemies":"theJungle:GiantWrat","floor":20.0,"turns":6.0},{"damage":25.0,"enemies":"theJungle:Lyon","floor":22.0,"turns":5.0},{"damage":0.0,"enemies":"theJungle:Cassacara","floor":23.0,"turns":5.0},{"damage":1.0,"enemies":"theJungle:2_Snecko_Cultists","floor":28.0,"turns":4.0},{"damage":10.0,"enemies":"JungleHuntersEvent","floor":31.0,"turns":6.0},{"damage":79.0,"enemies":"theJungle:TotemBoss","floor":33.0,"turns":8.0},{"damage":1,"enemies":"3 Darklings","floor":35,"turns":5},{"damage":30,"enemies":"3 Shapes","floor":36,"turns":4},{"damage":22,"enemies":"Writhing Mass","floor":39,"turns":5},{"damage":22,"enemies":"Reptomancer","floor":41,"turns":4},{"damage":0,"enemies":"Giant Head","floor":45,"turns":6},{"damage":0,"enemies":"Mind Bloom Boss Battle","floor":46,"turns":5},{"damage":0,"enemies":"Jaw Worm Horde","floor":47,"turns":3},{"damage":8,"enemies":"Nemesis","floor":48,"turns":5},{"damage":63,"enemies":"Time Eater","floor":50,"turns":9}],"seed_played":"776890976352412099","potions_obtained":[{"floor":1.0,"key":"DemoMod:LeadSkinPotion"},{"floor":10.0,"key":"Block Potion"},{"floor":14.0,"key":"Block Potion"},{"floor":28.0,"key":"DuplicationPotion"},{"floor":31.0,"key":"SpeedPotion"},{"floor":33.0,"key":"DemoMod:LeadSkinPotion"},{"floor":39,"key":"DemoMod:LeadSkinPotion"},{"floor":45,"key":"ColorlessPotion"},{"floor":48,"key":"PowerPotion"}],"is_trial":false,"path_per_floor":["M","?","?","$","M","E","?","M","T","M","?","?","R","M","R","B",null,"M","?","M","$","M","E","?","R","T","R","M","R","T","?","R","B",null,"M","M","?","$","M","R","E","R","T","?","E","?","M","E","R","B",null],"character_chosen":"DOCTOR_CLASS","items_purchased":["Membership Card","Turnip","AttackPotion","Apotheosis+1","Oddly Smooth Stone","Strength Potion","EssenceOfSteel","ats:Very Hot Blade"],"campfire_rested":3,"item_purchase_floors":[4,21,21,21,38,38,38,38],"current_hp_per_floor":[72,58,47,47,47,47,47,47,47,41,41,41,41,39,60,36,72,55,55,55,55,36,42,42,42,42,42,47,68,68,69,69,8,72,72,48,48,48,33,54,46,46,46,37,61,72,72,68,68,39],"gold":745,"neow_bonus":"THREE_ENEMY_KILL","is_daily":false,"chose_seed":false,"campfire_upgraded":6,"win_rate":0.0,"timestamp":1611548374,"path_taken":["M","?","?","?","M","E","?","M","T","?","?","?","R","M","R","BOSS","M","?","M","$","M","E","?","R","T","R","?","R","?","?","R","BOSS","M","M","?","$","M","R","E","R","T","?","E","?","?","E","R","BOSS"],"items_purchased_type":["Relic","Relic","Potion","Card","Relic","Potion","Potion","Card"],"build_version":"2020-12-22","purchased_purges":2,"victory":true,"max_hp_per_floor":[72,72,72,72,72,72,72,72,72,72,72,72,72,72,72,72,72,72,72,72,72,72,72,72,72,72,72,72,72,72,72,72,72,72,72,72,72,72,72,72,72,72,72,72,72,72,72,72,72,72],"card_choices":[{"not_picked":["ats:Shell Defense","ats:Revitalization"],"picked":"ats:Childhood Dance","floor":1.0},{"not_picked":["ats:Blood Oath","ats:Rapid Magazine"],"picked":"ats:Hook Shot","floor":5.0},{"not_picked":["ats:Childhood Dance","ats:Revitalization"],"picked":"ats:Flexible Camouflage","floor":6.0},{"not_picked":["ats:Explosion Area Strengthen","ats:Apocalypse"],"picked":"ats:Neurotoxin","floor":8.0},{"not_picked":["ats:Rapid Magazine","ats:Shell Defense+1"],"picked":"ats:Consecutive Shot Auto","floor":10.0},{"not_picked":[],"picked":"ats:Poison Spread","floor":11.0},{"not_picked":[],"picked":"ats:True Silver Slash","floor":11.0},{"not_picked":["ats:Disruption Kick","ats:Burning Ground","ats:Hammer On"],"picked":"SKIP","floor":14.0},{"not_picked":["ats:Wolf Pack","ats:Calcification+1"],"picked":"ats:Nebulous Foxfire+1","floor":16.0},{"not_picked":["ats:Assault Order+1","ats:Hook Shot+1","ats:Guardian Obelisk+1"],"picked":"SKIP","floor":18.0},{"not_picked":["ats:Cat Scratch","ats:Thermite Blade"],"picked":"ats:Poison Spread","floor":20.0},{"not_picked":["ats:Ignite","ats:Counter Healing Mode+1","ats:Defend Order+1"],"picked":"SKIP","floor":22.0},{"not_picked":["ats:Phantom+1","ats:Mental Burst"],"picked":"ats:Overload+1","floor":23.0},{"not_picked":["ats:Beaten Up+1","ats:Assault Order+1","ats:Defend Order"],"picked":"SKIP","floor":28.0},{"not_picked":["ats:Hammer On","ats:Encircling Forest+1"],"picked":"ats:Neurotoxin+1","floor":31.0},{"not_picked":["ats:Shell Defense+1","ats:Steam Pump+1"],"picked":"ats:Overload+1","floor":35},{"not_picked":["ats:Hammer On","ats:Automatic Cover+1"],"picked":"ats:Apocalypse+1","floor":36},{"not_picked":["ats:Chain Hook+1","ats:Rapid Magazine+1"],"picked":"ats:Flexible Camouflage+1","floor":39},{"not_picked":["ats:Steam Pump+1","ats:Support Order+1"],"picked":"ats:Wolf Pack","floor":41},{"not_picked":["ats:Ignite+1","ats:Absolute Focus+1"],"picked":"ats:Poison Spread+1","floor":45},{"not_picked":["ats:Closed Bolt Burst Fire+1","ats:Blood Oath"],"picked":"ats:Consecutive Shot Auto","floor":46},{"not_picked":["ats:Very Hot Blade+1","ats:Absolute Focus+1"],"picked":"ats:Poison Spread+1","floor":47},{"not_picked":["ats:Directed Diagnosis+1","ats:Encircling Forest+1","ats:Apocalypse+1"],"picked":"SKIP","floor":48}],"player_experience":337169,"relics_obtained":[{"floor":6.0,"key":"ats:Originium"},{"floor":6.0,"key":"Bag of Marbles"},{"floor":9.0,"key":"Toxic Egg 2"},{"floor":23.0,"key":"ats:Originium"},{"floor":23.0,"key":"Calipers"},{"floor":30.0,"key":"DemoMod:Metronome"},{"floor":31.0,"key":"Kunai"},{"floor":41,"key":"ats:Originium"},{"floor":41,"key":"DemoMod:WhiteGuonStone"},{"floor":45,"key":"ats:Originium"},{"floor":45,"key":"Omamori"},{"floor":46,"key":"Bird Faced Urn"},{"floor":48,"key":"Old Coin"}],"event_choices":[{"damage_healed":0.0,"max_hp_gain":0.0,"max_hp_loss":0.0,"gold_gain":0.0,"event_name":"Shining Light","player_choice":"Entered Light","floor":2.0,"gold_loss":0.0,"damage_taken":14.0,"cards_upgraded":["ats:Strike G","ats:Strike C"]},{"damage_healed":0.0,"max_hp_gain":0.0,"max_hp_loss":0.0,"gold_gain":75.0,"event_name":"World of Goop","player_choice":"Gather Gold","floor":3.0,"gold_loss":0.0,"damage_taken":11.0},{"damage_healed":0.0,"max_hp_gain":0.0,"max_hp_loss":0.0,"gold_gain":0.0,"event_name":"The Woman in Blue","player_choice":"Bought 0 Potions","floor":7.0,"gold_loss":0.0,"damage_taken":0.0},{"damage_healed":0.0,"max_hp_gain":0.0,"max_hp_loss":0.0,"gold_gain":175.0,"event_name":"Liars Game","player_choice":"AGREE","floor":12.0,"gold_loss":0.0,"damage_taken":0.0,"cards_obtained":["Doubt"]},{"damage_healed":0.0,"max_hp_gain":0.0,"max_hp_loss":0.0,"gold_gain":100.0,"event_name":"Golden Shrine","player_choice":"Pray","floor":24.0,"gold_loss":0.0,"damage_taken":0.0},{"cards_removed":["ats:Defend"],"damage_healed":0,"gold_gain":0,"player_choice":"Removed Skill","damage_taken":0,"max_hp_gain":0,"max_hp_loss":0,"event_name":"Falling","floor":37,"gold_loss":0},{"damage_healed":0,"gold_gain":0,"player_choice":"Embrace Madness","damage_taken":9,"max_hp_gain":0,"max_hp_loss":0,"event_name":"Winding Halls","floor":44,"gold_loss":0,"cards_obtained":["Madness","Madness"]},{"damage_healed":0,"gold_gain":0,"player_choice":"Fight","damage_taken":0,"max_hp_gain":0,"max_hp_loss":0,"event_name":"MindBloom","floor":46,"gold_loss":0}],"is_beta":false,"boss_relics":[{"not_picked":["ats:Tactical Delivery","Tiny House"],"picked":"ats:Omniscience"},{"not_picked":["Pandora\u0027s Box","Runesmith:UraniumAnvil"],"picked":"SlaversCollar"}],"items_purged_floors":[21,38],"is_endless":false,"potions_floor_spawned":[1,10,14,28,31,33,39,45,48],"ascension_level":1}}