{"host":"flash","time":1611578633,"event":{"mods":["ATMod(°¢èªMod)","Act Like it!","BaseMod","Jorbs\u0027s Wanderer Trilogy","Luminous","Minty Spire (QoL Compilation)","Shop Mod","StSLib","Td1madao Mod"],"gold_per_floor":[110,129,147,72,83,112,126,161,161,192,204,226,238,260,272,355,367,392,404,434,446,472,511,564,491,579,606,635,647,691,628,640,729,741,763,55,80,94,110,143,143,177,177,177,209,229,229,249,249,249],"floor_reached":51,"language":"ZHS","playtime":2239,"items_purged":["Strike_P","Strike_P"],"score":1778,"play_id":"b41d9f52-a33c-4a0d-b9c4-1cc2add4e611","local_time":"20210125204353","is_ascension_mode":true,"campfire_choices":[{"data":"AT_OneInchPunch","floor":11.0,"key":"SMITH"},{"floor":15.0,"key":"REST"},{"floor":29,"key":"REST"},{"floor":32,"key":"REST"},{"data":"Adaptation","floor":41,"key":"SMITH"},{"data":"AT_FamilyPortrait","floor":44,"key":"SMITH"},{"floor":49,"key":"REST"}],"circlet_count":0,"master_deck":["AscendersBane","Strike_P+1","Defend_P+1","Defend_P+1","Defend_P+1","Eruption+1","Vigilance+1","AT_FamilyPortrait+1","FlurryOfBlows+1","Weave+1","Consecrate+1","AT_OneInchPunch+1","DevaForm+1","ThirdEye+1","FearNoEvil+1","Devotion+1","InnerPeace+1","Adaptation+1","Fasting2+1","Scrawl+1","CurseOfTheBell","EmptyMind+1","Vault"],"relics":["AT_ATBox","Black Star","Matryoshka","Torii","AT_BellDemon","Mercury Hourglass","AT_ChloranthyRing","Orichalcum","MawBank","Damaru","AT_TrinityForce","AT_SeraphEmbrace","Potion Belt","Bag of Preparation","Tiny Chest","AT_RedNoBalance","The Courier","Juzu Bracelet","Blood Vial","Calling Bell","Centennial Puzzle","Kunai","AT_LudenTempest","Sundial","TheAbacus","AT_SunfireAegis","Pear","Vajra","Dream Catcher","AT_Manta","Akabeko","Calipers","TungstenRod","HornCleat","Omamori","Mark of the Bloom","Bag of Marbles"],"acts_visited":["Exordium","TheCity","TheBeyond"],"potions_floor_usage":[33,42,50,50,50,50],"damage_taken":[{"damage":13.0,"enemies":"Jaw Worm","floor":1.0,"turns":5.0},{"damage":1.0,"enemies":"Small Slimes","floor":2.0,"turns":4.0},{"damage":2.0,"enemies":"Cultist","floor":3.0,"turns":3.0},{"damage":12.0,"enemies":"Large Slime","floor":5.0,"turns":5.0},{"damage":10.0,"enemies":"3 Sentries","floor":6.0,"turns":4.0},{"damage":0.0,"enemies":"Exordium Thugs","floor":7.0,"turns":2.0},{"damage":0.0,"enemies":"Gremlin Nob","floor":8.0,"turns":2.0},{"damage":1.0,"enemies":"Lagavulin","floor":10.0,"turns":5.0},{"damage":2.0,"enemies":"Gremlin Gang","floor":12.0,"turns":2.0},{"damage":6.0,"enemies":"Red Slaver","floor":14.0,"turns":3.0},{"damage":15.0,"enemies":"Hexaghost","floor":16.0,"turns":10.0},{"damage":0.0,"enemies":"Spheric Guardian","floor":18.0,"turns":1.0},{"damage":6.0,"enemies":"Chosen","floor":20.0,"turns":2.0},{"damage":17.0,"enemies":"Shelled Parasite and Fungi","floor":22.0,"turns":3.0},{"damage":19,"enemies":"Book of Stabbing","floor":23,"turns":5},{"damage":9,"enemies":"Snake Plant","floor":24,"turns":3},{"damage":0,"enemies":"Chosen and Byrds","floor":27,"turns":3},{"damage":1,"enemies":"Centurion and Healer","floor":28,"turns":4},{"damage":0,"enemies":"Gremlin Leader","floor":30,"turns":3},{"damage":1,"enemies":"Automaton","floor":33,"turns":4},{"damage":1,"enemies":"3 Darklings","floor":35,"turns":6},{"damage":0,"enemies":"3 Shapes","floor":38,"turns":4},{"damage":0,"enemies":"Writhing Mass","floor":39,"turns":3},{"damage":1,"enemies":"Giant Head","floor":40,"turns":5},{"damage":0,"enemies":"Reptomancer","floor":42,"turns":2},{"damage":0,"enemies":"Nemesis","floor":45,"turns":3},{"damage":0,"enemies":"Spire Growth","floor":46,"turns":3},{"damage":0,"enemies":"Maw","floor":48,"turns":3},{"damage":0,"enemies":"Time Eater","floor":50,"turns":5}],"seed_played":"-6690588455321653579","potions_obtained":[{"floor":1.0,"key":"Fruit Juice"},{"floor":2.0,"key":"PowerPotion"},{"floor":3.0,"key":"SpeedPotion"},{"floor":6.0,"key":"LiquidBronze"},{"floor":22.0,"key":"SteroidPotion"},{"floor":23,"key":"AttackPotion"},{"floor":27,"key":"ColorlessPotion"},{"floor":33,"key":"Ancient Potion"},{"floor":39,"key":"EntropicBrew"}],"is_trial":false,"path_per_floor":["M","M","M","$","M","E","M","E","T","E","R","M","$","M","R","B",null,"M","?","M","T","M","E","M","?","T","M","M","R","E","?","R","B",null,"M","$","T","M","M","E","R","E","T","R","E","M","?","M","R","B",null],"character_chosen":"WATCHER","items_purchased":["Sundial","TheAbacus","AT_SunfireAegis","Pear"],"campfire_rested":4,"item_purchase_floors":[36,36,36,36],"current_hp_per_floor":[57,56,54,54,42,32,32,32,32,31,31,29,29,23,46,31,66,66,66,60,60,43,24,15,15,15,38,37,60,38,38,61,39,68,39,49,49,51,53,54,54,56,56,56,58,60,60,60,60,60],"gold":249,"neow_bonus":"BOSS_RELIC","is_daily":false,"chose_seed":false,"campfire_upgraded":3,"win_rate":0.0,"timestamp":1611578633,"path_taken":["M","M","M","$","M","E","M","E","T","E","R","M","$","M","R","BOSS","M","?","M","?","M","E","M","?","T","M","?","R","E","?","R","BOSS","M","$","?","M","M","E","R","E","T","R","E","M","?","M","R","BOSS"],"items_purchased_type":["Relic","Relic","Relic","Relic"],"build_version":"2020-12-18","purchased_purges":2,"victory":true,"max_hp_per_floor":[77,77,77,77,77,77,77,77,77,77,77,77,77,77,77,77,77,77,77,77,77,77,77,77,77,77,77,77,77,77,77,77,77,77,77,87,87,87,87,87,87,87,87,87,87,87,87,87,87,87],"card_choices":[{"not_picked":["FollowUp","Meditate"],"picked":"FlurryOfBlows","floor":1.0},{"not_picked":["Perseverance","ClearTheMind"],"picked":"Weave","floor":2.0},{"not_picked":["ClearTheMind","JustLucky"],"picked":"Consecrate","floor":3.0},{"not_picked":["Consecrate","TalkToTheHand"],"picked":"AT_OneInchPunch","floor":5.0},{"not_picked":["ReachHeaven","CutThroughFate"],"picked":"DevaForm","floor":6.0},{"not_picked":["SashWhip","SignatureMove","BattleHymn"],"picked":"SKIP","floor":7.0},{"not_picked":["Protect","EmptyBody"],"picked":"ThirdEye","floor":8.0},{"not_picked":["EmptyFist","FlyingSleeves","JustLucky"],"picked":"SKIP","floor":10.0},{"not_picked":["ClearTheMind","Protect"],"picked":"FearNoEvil","floor":12.0},{"not_picked":["Vengeance","Protect","CrushJoints"],"picked":"SKIP","floor":14.0},{"not_picked":["Establishment","Omniscience"],"picked":"Devotion","floor":16.0},{"not_picked":["Crescendo","EmptyFist"],"picked":"InnerPeace","floor":18.0},{"not_picked":["EmptyFist","Consecrate","ThirdEye"],"picked":"SKIP","floor":20.0},{"not_picked":["Crescendo","EmptyFist","PathToVictory+1"],"picked":"SKIP","floor":22.0},{"not_picked":["FlyingSleeves","Crescendo"],"picked":"Adaptation","floor":23},{"not_picked":["EmptyBody","ConjureBlade","CarveReality"],"picked":"SKIP","floor":24},{"not_picked":["EmptyFist+1","ClearTheMind","ThirdEye"],"picked":"SKIP","floor":27},{"not_picked":["Indignation+1","Halt","Protect"],"picked":"SKIP","floor":28},{"not_picked":["Halt","MentalFortress+1"],"picked":"Fasting2","floor":30},{"not_picked":["AT_ChampionKick","Ragnarok"],"picked":"Scrawl","floor":33},{"not_picked":["CrushJoints","JustLucky","ReachHeaven"],"picked":"SKIP","floor":35},{"not_picked":["EmptyBody","Collect"],"picked":"EmptyMind","floor":38},{"not_picked":["Collect","ThirdEye","FollowUp"],"picked":"SKIP","floor":39},{"not_picked":["Fasting2","PathToVictory","ThirdEye"],"picked":"SKIP","floor":40},{"not_picked":["PathToVictory","JustLucky+1","AT_SoftenMuscles"],"picked":"SKIP","floor":42},{"not_picked":["Protect+1","Pray","FlyingSleeves"],"picked":"SKIP","floor":45},{"not_picked":["JustLucky","AT_DivineConfetti","SashWhip+1"],"picked":"SKIP","floor":46},{"not_picked":["Wireheading","EmptyFist+1","CrushJoints"],"picked":"SKIP","floor":48},{"not_picked":["BowlingBash","FearNoEvil+1"],"picked":"Vault","floor":49}],"player_experience":656288,"relics_obtained":[{"floor":6.0,"key":"Matryoshka"},{"floor":6.0,"key":"Torii"},{"floor":8.0,"key":"AT_BellDemon"},{"floor":8.0,"key":"Mercury Hourglass"},{"floor":9.0,"key":"AT_ChloranthyRing"},{"floor":9.0,"key":"Orichalcum"},{"floor":10.0,"key":"MawBank"},{"floor":10.0,"key":"Damaru"},{"floor":21.0,"key":"AT_ArchangelStaff"},{"floor":21.0,"key":"Potion Belt"},{"floor":23,"key":"Bag of Preparation"},{"floor":23,"key":"Tiny Chest"},{"floor":26,"key":"The Courier"},{"floor":30,"key":"Juzu Bracelet"},{"floor":30,"key":"Blood Vial"},{"floor":34,"key":"Centennial Puzzle"},{"floor":34,"key":"Kunai"},{"floor":34,"key":"AT_LudenTempest"},{"floor":37,"key":"Vajra"},{"floor":40,"key":"Dream Catcher"},{"floor":40,"key":"AT_Manta"},{"floor":42,"key":"Akabeko"},{"floor":42,"key":"Calipers"},{"floor":43,"key":"TungstenRod"},{"floor":45,"key":"HornCleat"},{"floor":45,"key":"Omamori"},{"floor":48,"key":"Bag of Marbles"}],"event_choices":[{"cards_removed":["Strike_P"],"damage_healed":0.0,"max_hp_gain":0.0,"max_hp_loss":0.0,"gold_gain":0.0,"event_name":"Back to Basics","player_choice":"Elegance","floor":19.0,"gold_loss":0.0,"damage_taken":0.0},{"damage_healed":0,"gold_gain":0,"player_choice":"Obtained Relic","damage_taken":0,"relics_obtained":["AT_SilverBalance"],"max_hp_gain":0,"max_hp_loss":0,"event_name":"Addict","floor":25,"gold_loss":85},{"cards_removed":["Defend_P"],"damage_healed":0,"gold_gain":0,"player_choice":"Gave Gold","damage_taken":0,"max_hp_gain":0,"max_hp_loss":0,"event_name":"Beggar","floor":31,"gold_loss":75},{"damage_healed":0,"gold_gain":0,"player_choice":"Upgrade","damage_taken":0,"relics_obtained":["Mark of the Bloom"],"max_hp_gain":0,"max_hp_loss":0,"event_name":"MindBloom","floor":47,"gold_loss":0,"cards_upgraded":["Strike_P","Defend_P","Defend_P","Defend_P","Eruption","Vigilance","FlurryOfBlows","Weave","Consecrate","DevaForm","ThirdEye","FearNoEvil","Devotion","InnerPeace","Fasting2","Scrawl","EmptyMind"]}],"is_beta":true,"boss_relics":[{"not_picked":["AT_MortalBlade","Pandora\u0027s Box"],"picked":"AT_TrinityForce"},{"not_picked":["SacredBark","Cursed Key"],"picked":"Calling Bell"}],"items_purged_floors":[4,36],"is_endless":false,"potions_floor_spawned":[1,2,3,6,22,23,27,30,33,39,40],"ascension_level":13}}