{"host":"jumrmhf584hajrnz","time":1611612163,"event":{"mods":["BaseMod","Duelist Mod","GifTheSpireLib","Minty Spire (QoL Compilation)","Quick Restart","Replay The Spire","StSLib"],"gold_per_floor":[138,138,138,150,160,160,160,160],"floor_reached":7,"language":"ENG","playtime":278,"items_purged":[],"score":78,"play_id":"32211665-a24d-4f6f-ae07-a76272008aa3","local_time":"20210125230243","is_ascension_mode":true,"campfire_choices":[{"floor":6,"key":"REST"}],"circlet_count":0,"master_deck":["theDuelist:ArchfiendSoldier","theDuelist:ArchfiendSoldier","theDuelist:ArchfiendSoldier","AscendersBane","theDuelist:CastleWalls","theDuelist:CastleWalls","theDuelist:CastleWalls","theDuelist:FiendMegacyber","theDuelist:Sparks","theDuelist:Sparks","theDuelist:SummonedSkull","theDuelist:GoblinKing","Regret","theDuelist:GoblinKing","Pain","theDuelist:HaneHane"],"relics":["theDuelist:MillenniumPuzzle","theDuelist:CardPoolRelic","theDuelist:CardPoolBasicRelic","theDuelist:BoosterPackPoolRelic","theDuelist:CardPoolAddRelic","theDuelist:CardPoolMinusRelic","theDuelist:CardPoolSaveRelic","theDuelist:CardPoolOptionsRelic","FossilizedHelix","Golden Egg","theDuelist:SummonAnchorRare"],"acts_visited":["Exordium"],"potions_floor_usage":[],"damage_taken":[{"damage":0,"enemies":"Jaw Worm","floor":1,"turns":3},{"damage":14,"enemies":"2 Louse","floor":4,"turns":4},{"damage":63,"enemies":"Gremlin Nob","floor":7,"turns":4}],"seed_played":"7722862099747398816","potions_obtained":[{"floor":1,"key":"FearPotion"}],"is_trial":false,"path_per_floor":["M","?","?","M","?","R","E"],"character_chosen":"THE_DUELIST","items_purchased":[],"campfire_rested":1,"item_purchase_floors":[],"current_hp_per_floor":[63,63,63,49,49,63,0,0],"gold":160,"neow_bonus":"ONE_RARE_RELIC","is_daily":false,"chose_seed":false,"campfire_upgraded":0,"win_rate":0.0,"timestamp":1611612163,"path_taken":["M","?","?","?","?","R","E"],"items_purchased_type":[],"build_version":"2020-12-22","purchased_purges":0,"victory":false,"max_hp_per_floor":[63,63,63,63,63,63,63,63],"card_choices":[{"not_picked":["theDuelist:Relinkuriboh","theDuelist:FlyingSaucer","theDuelist:Pumpking","theDuelist:BeastTalwar"],"picked":"theDuelist:GoblinKing","floor":1},{"not_picked":["theDuelist:TwinHeadedWolf","theDuelist:FiendMegacyber","theDuelist:AmbitiousGofer","theDuelist:Pumpking"],"picked":"theDuelist:GoblinKing","floor":4},{"not_picked":["theDuelist:WormKing","theDuelist:PurplePainOni","theDuelist:CastleDarkIllusions","theDuelist:DarkHole"],"picked":"theDuelist:HaneHane","floor":5}],"player_experience":1536910,"relics_obtained":[{"floor":5,"key":"theDuelist:SummonAnchorRare"}],"event_choices":[{"damage_healed":0,"gold_gain":0,"player_choice":"Box","damage_taken":0,"relics_obtained":["Golden Egg"],"max_hp_gain":0,"max_hp_loss":0,"event_name":"Big Fish","floor":2,"gold_loss":0,"cards_obtained":["Regret"]},{"damage_healed":0,"gold_gain":0,"player_choice":"Leave","duelist":true,"damage_taken":0,"max_hp_gain":0,"max_hp_loss":0,"event_name":"Battle City","floor":3,"gold_loss":0}],"is_beta":false,"boss_relics":[],"items_purged_floors":[],"is_endless":false,"potions_floor_spawned":[1],"killed_by":"Gremlin Nob","ascension_level":20}}