{"host":"rolltorest","time":1611534913,"event":{"mods":["BaseMod","Minty Spire (QoL Compilation)","Relic Stats","Slay the Relics Exporter","StSLib"],"gold_per_floor":[115,132,132,152,77,110,126,160,160,160,180,208,218,218,218,311,311,336,336,357,357,272,272,312,312,381,404,404,420,447,572,572,667,667,680,148,168,233,233,233,233,274,274,274,317,342,373,397,397,397,397,397,397,19,54,54],"floor_reached":57,"language":"ENG","playtime":2874,"items_purged":[],"score":3006,"play_id":"a0a4d79a-9b6f-4007-857e-72e16fb8badb","local_time":"20210124163513","is_ascension_mode":true,"campfire_choices":[{"floor":10,"key":"REST"},{"data":"Meditate","floor":15,"key":"SMITH"},{"data":"Vault","floor":23,"key":"SMITH"},{"data":"MentalFortress","floor":25,"key":"SMITH"},{"data":"Halt","floor":32,"key":"SMITH"},{"floor":40,"key":"REST"},{"data":"Halt","floor":44,"key":"SMITH"},{"floor":49,"key":"RECALL"},{"floor":53,"key":"REST"}],"circlet_count":0,"master_deck":["AscendersBane","Strike_P+1","Strike_P+1","Strike_P+1","Defend_P+1","Defend_P+1","Defend_P+1","Eruption+1","Vigilance","ThirdEye","JustLucky","Prostrate","Halt+1","Meditate+1","Pray","CutThroughFate","FlurryOfBlows","Halt+1","Vault+1","Conclude","MentalFortress+1","CutThroughFate","Worship","MentalFortress","Meditate+1","Nirvana","MentalFortress+1","Secret Technique","CutThroughFate","FearNoEvil","CutThroughFate"],"relics":["Runic Pyramid","StrikeDummy","Matryoshka","Bronze Scales","HornCleat","Singing Bowl","Golden Idol","SlaversCollar","PreservedInsect","Bag of Marbles","White Beast Statue","TeardropLocket","Nunchaku","Torii","Pear","VioletLotus","DollysMirror","Ornamental Fan","CloakClasp","Darkstone Periapt","Blue Candle","Du-Vu Doll","Kunai","Happy Flower"],"acts_visited":["Exordium","TheCity","TheBeyond","TheEnding"],"potions_floor_usage":[33,38,42,55,55,55],"damage_taken":[{"damage":4,"enemies":"Small Slimes","floor":1,"turns":4},{"damage":1,"enemies":"2 Louse","floor":2,"turns":4},{"damage":0,"enemies":"Jaw Worm","floor":4,"turns":4},{"damage":36,"enemies":"Gremlin Nob","floor":6,"turns":4},{"damage":0,"enemies":"2 Fungi Beasts","floor":7,"turns":2},{"damage":10,"enemies":"3 Sentries","floor":8,"turns":9},{"damage":0,"enemies":"Large Slime","floor":11,"turns":3},{"damage":0,"enemies":"Gremlin Nob","floor":12,"turns":3},{"damage":5,"enemies":"Gremlin Gang","floor":13,"turns":3},{"damage":0,"enemies":"Hexaghost","floor":16,"turns":7},{"damage":0,"enemies":"2 Thieves","floor":18,"turns":4},{"damage":0,"enemies":"3 Byrds","floor":20,"turns":3},{"damage":0,"enemies":"Book of Stabbing","floor":24,"turns":3},{"damage":0,"enemies":"Snake Plant","floor":27,"turns":3},{"damage":4,"enemies":"Centurion and Healer","floor":29,"turns":4},{"damage":12,"enemies":"Colosseum Slavers","floor":31,"turns":4},{"damage":0,"enemies":"Colosseum Nobs","floor":31,"turns":4},{"damage":22,"enemies":"Champ","floor":33,"turns":8},{"damage":1,"enemies":"Orb Walker","floor":35,"turns":4},{"damage":0,"enemies":"3 Shapes","floor":37,"turns":6},{"damage":41,"enemies":"2 Orb Walkers","floor":38,"turns":4},{"damage":0,"enemies":"Reptomancer","floor":42,"turns":9},{"damage":6,"enemies":"Giant Head","floor":45,"turns":6},{"damage":0,"enemies":"Spire Growth","floor":46,"turns":5},{"damage":15,"enemies":"Nemesis","floor":47,"turns":4},{"damage":11,"enemies":"Maw","floor":48,"turns":9},{"damage":16,"enemies":"Time Eater","floor":50,"turns":12},{"damage":20,"enemies":"Awakened One","floor":51,"turns":12},{"damage":45,"enemies":"Shield and Spear","floor":55,"turns":7},{"damage":19,"enemies":"The Heart","floor":56,"turns":12}],"seed_played":"-8507603412753515909","potions_obtained":[{"floor":1,"key":"SpeedPotion"},{"floor":8,"key":"Weak Potion"},{"floor":13,"key":"Strength Potion"},{"floor":33,"key":"PowerPotion"},{"floor":38,"key":"StancePotion"},{"floor":42,"key":"Explosive Potion"},{"floor":45,"key":"FairyPotion"},{"floor":55,"key":"Energy Potion"}],"is_trial":false,"path_per_floor":["M","M","?","M","?","E","M","E","T","R","M","E","M","?","R","B",null,"M","?","M","?","?","R","E","R","T","M","?","M","T","?","R","B",null,"M","$","M","?","?","R","?","E","T","R","E","M","E","M","R","B","B",null,"R","$","E","B",null],"character_chosen":"WATCHER","items_purchased":["MentalFortress","DollysMirror","Ornamental Fan","Kunai","EntropicBrew"],"campfire_rested":3,"item_purchase_floors":[36,36,36,54,54],"current_hp_per_floor":[57,56,56,56,56,20,20,10,10,30,30,30,25,25,25,25,53,53,53,55,55,55,55,55,55,55,55,55,53,53,51,51,31,66,67,67,67,26,20,45,45,47,47,47,41,41,28,17,17,1,7,68,88,88,45,26],"gold":54,"neow_bonus":"BOSS_RELIC","is_daily":false,"chose_seed":false,"campfire_upgraded":5,"win_rate":0.0,"timestamp":1611534913,"path_taken":["M","M","?","M","?","E","M","E","T","R","M","E","M","?","R","BOSS","M","?","M","?","?","R","E","R","T","M","?","?","?","?","R","BOSS","M","$","M","?","?","R","?","E","T","R","E","?","E","M","R","BOSS","BOSS","R","$","E","BOSS"],"items_purchased_type":["Card","Relic","Relic","Relic","Potion"],"build_version":"2020-12-18","purchased_purges":0,"victory":true,"max_hp_per_floor":[68,68,68,68,68,68,68,68,68,68,68,68,68,62,62,62,62,62,62,64,64,64,64,64,64,64,64,64,66,66,76,76,78,78,80,80,80,80,84,84,84,86,86,86,86,86,88,88,88,88,88,88,88,88,90,90],"relic_stats":{"Darkstone Periapt":0,"Singing Bowl":18,"Torii":26,"Happy Flower":[4],"counters":[30,166],"Golden Idol":206,"Blue Candle":[0],"PreservedInsect":412,"CloakClasp":[317],"Nunchaku":[33],"Ornamental Fan":[256],"Bronze Scales":[529],"VioletLotus":[54],"Kunai":[17],"obtain_stats":[{"Darkstone Periapt":42,"Singing Bowl":12,"Torii":31,"CloakClasp":38,"TeardropLocket":26,"Nunchaku":30,"Matryoshka":8,"HornCleat":9,"DollysMirror":36,"VioletLotus":34,"Kunai":54,"Runic Pyramid":0,"Pear":31,"Happy Flower":55,"Golden Idol":14,"Blue Candle":45,"PreservedInsect":22,"White Beast Statue":26,"Du-Vu Doll":47,"SlaversCollar":17,"Ornamental Fan":36,"Bronze Scales":9,"Bag of Marbles":24,"PureWater":0,"StrikeDummy":6},{"Darkstone Periapt":22,"Singing Bowl":8,"Torii":17,"CloakClasp":21,"TeardropLocket":13,"Nunchaku":15,"Matryoshka":6,"HornCleat":6,"DollysMirror":19,"VioletLotus":18,"Kunai":28,"Runic Pyramid":0,"Pear":17,"Happy Flower":29,"Golden Idol":9,"Blue Candle":23,"PreservedInsect":12,"White Beast Statue":13,"Du-Vu Doll":25,"SlaversCollar":10,"Ornamental Fan":19,"Bronze Scales":6,"Bag of Marbles":13,"PureWater":0,"StrikeDummy":4},{"Darkstone Periapt":99,"Singing Bowl":33,"Torii":68,"CloakClasp":90,"TeardropLocket":53,"Nunchaku":60,"Matryoshka":27,"HornCleat":27,"DollysMirror":80,"VioletLotus":76,"Kunai":147,"Runic Pyramid":0,"Pear":68,"Happy Flower":154,"Golden Idol":36,"Blue Candle":105,"PreservedInsect":50,"White Beast Statue":53,"Du-Vu Doll":114,"SlaversCollar":43,"Ornamental Fan":80,"Bronze Scales":27,"Bag of Marbles":53,"PureWater":0,"StrikeDummy":16}]},"card_choices":[{"not_picked":["DeceiveReality","Perseverance"],"picked":"ThirdEye","floor":1},{"not_picked":["Study","FlurryOfBlows"],"picked":"JustLucky","floor":2},{"not_picked":["EmptyBody","MentalFortress"],"picked":"Prostrate","floor":4},{"not_picked":["SandsOfTime","EmptyMind"],"picked":"Halt","floor":6},{"not_picked":["FlyingSleeves","ThirdEye"],"picked":"Meditate","floor":7},{"not_picked":["Crescendo","Evaluate"],"picked":"Pray","floor":8},{"not_picked":["FearNoEvil","EmptyFist"],"picked":"CutThroughFate","floor":11},{"not_picked":["SashWhip","Wish"],"picked":"FlurryOfBlows","floor":12},{"not_picked":["EmptyBody","Pray"],"picked":"Halt","floor":13},{"not_picked":["Devotion","Judgement"],"picked":"Vault","floor":16},{"not_picked":["Halt","MentalFortress"],"picked":"Conclude","floor":18},{"not_picked":["ThirdEye","Protect","BowlingBash"],"picked":"Singing Bowl","floor":20},{"not_picked":["FlurryOfBlows","SashWhip"],"picked":"MentalFortress","floor":24},{"not_picked":["Vengeance","Sanctity"],"picked":"CutThroughFate","floor":27},{"not_picked":["EmptyFist","WreathOfFlame","EmptyBody"],"picked":"Singing Bowl","floor":29},{"not_picked":["LikeWater","FollowUp"],"picked":"Worship","floor":31},{"not_picked":["Judgement","Ragnarok","Alpha"],"picked":"Singing Bowl","floor":33},{"not_picked":["ClearTheMind","FlyingSleeves","DeceiveReality"],"picked":"Singing Bowl","floor":35},{"not_picked":["ThirdEye","FlurryOfBlows"],"picked":"Nirvana","floor":37},{"not_picked":["Meditate","FearNoEvil+1"],"picked":"MentalFortress+1","floor":38},{"not_picked":["HandOfGreed","Mind Blast","Panacea"],"picked":"Singing Bowl","floor":39},{"not_picked":["Apotheosis","Magnetism"],"picked":"Secret Technique","floor":39},{"not_picked":["Dark Shackles","Trip","Secret Technique"],"picked":"Singing Bowl","floor":39},{"not_picked":["Protect","ThirdEye","Judgement"],"picked":"Singing Bowl","floor":42},{"not_picked":["EmptyBody","FollowUp+1"],"picked":"CutThroughFate","floor":45},{"not_picked":["CrushJoints","CutThroughFate"],"picked":"FearNoEvil","floor":46},{"not_picked":["Fasting2+1","DevaForm","Crescendo"],"picked":"Singing Bowl","floor":47},{"not_picked":["SignatureMove+1","Halt"],"picked":"CutThroughFate","floor":48},{"not_picked":["EmptyBody","LessonLearned","PathToVictory+1"],"picked":"Singing Bowl","floor":55}],"player_experience":1777066,"relics_obtained":[{"floor":6,"key":"StrikeDummy"},{"floor":8,"key":"Matryoshka"},{"floor":9,"key":"Bronze Scales"},{"floor":9,"key":"HornCleat"},{"floor":12,"key":"Singing Bowl"},{"floor":24,"key":"Bag of Marbles"},{"floor":26,"key":"White Beast Statue"},{"floor":26,"key":"TeardropLocket"},{"floor":30,"key":"Nunchaku"},{"floor":31,"key":"Torii"},{"floor":31,"key":"Pear"},{"floor":38,"key":"CloakClasp"},{"floor":42,"key":"Darkstone Periapt"},{"floor":45,"key":"Blue Candle"},{"floor":47,"key":"Du-Vu Doll"},{"floor":55,"key":"Happy Flower"}],"event_choices":[{"damage_healed":0,"gold_gain":0,"player_choice":"Grow","damage_taken":0,"max_hp_gain":0,"max_hp_loss":0,"event_name":"Living Wall","floor":3,"gold_loss":0,"cards_upgraded":["Eruption"]},{"cards_removed":["Defend_P"],"damage_healed":0,"gold_gain":0,"player_choice":"Card Removal","damage_taken":0,"max_hp_gain":0,"max_hp_loss":0,"event_name":"The Cleric","floor":5,"gold_loss":75},{"damage_healed":0,"gold_gain":0,"player_choice":"Lose Max HP","damage_taken":0,"relics_obtained":["Golden Idol"],"max_hp_gain":0,"max_hp_loss":6,"event_name":"Golden Idol","floor":14,"gold_loss":0},{"damage_healed":0,"gold_gain":0,"player_choice":"Ignored","damage_taken":0,"max_hp_gain":0,"max_hp_loss":0,"event_name":"The Mausoleum","floor":19,"gold_loss":0},{"damage_healed":0,"gold_gain":0,"player_choice":"Simplicity","damage_taken":0,"max_hp_gain":0,"max_hp_loss":0,"event_name":"Back to Basics","floor":21,"gold_loss":0,"cards_upgraded":["Strike_P","Strike_P","Strike_P","Strike_P","Defend_P","Defend_P","Defend_P"]},{"damage_healed":0,"gold_gain":0,"player_choice":"Obtained Relic","damage_taken":0,"relics_obtained":["PreservedInsect"],"max_hp_gain":0,"max_hp_loss":0,"event_name":"Addict","floor":22,"gold_loss":85},{"damage_healed":0,"gold_gain":0,"player_choice":"Ignored","damage_taken":0,"max_hp_gain":0,"max_hp_loss":0,"event_name":"N\u0027loth","floor":28,"gold_loss":0},{"damage_healed":0,"gold_gain":0,"player_choice":"Fight","damage_taken":0,"max_hp_gain":0,"max_hp_loss":0,"event_name":"Colosseum","floor":31,"gold_loss":0},{"damage_healed":0,"gold_gain":0,"player_choice":"Fought Nobs","damage_taken":0,"max_hp_gain":0,"max_hp_loss":0,"event_name":"Colosseum","floor":31,"gold_loss":0},{"damage_healed":0,"gold_gain":0,"player_choice":"Fight","damage_taken":0,"max_hp_gain":0,"max_hp_loss":0,"event_name":"Mysterious Sphere","floor":38,"gold_loss":0},{"damage_healed":0,"gold_gain":0,"player_choice":"Memory 3","damage_taken":10,"max_hp_gain":0,"max_hp_loss":0,"event_name":"SensoryStone","floor":39,"gold_loss":0},{"cards_removed":["Strike_P"],"damage_healed":0,"gold_gain":0,"player_choice":"Removed Attack","damage_taken":0,"max_hp_gain":0,"max_hp_loss":0,"event_name":"Falling","floor":41,"gold_loss":0}],"is_beta":true,"boss_relics":[{"not_picked":["Velvet Choker","Fusion Hammer"],"picked":"SlaversCollar"},{"not_picked":["Philosopher\u0027s Stone","Pandora\u0027s Box"],"picked":"VioletLotus"}],"items_purged_floors":[],"is_endless":false,"potions_floor_spawned":[1,8,12,13,20,27,29,31,31,33,35,37,38,42,45,46,47,48,55],"ascension_level":20}}