{"host":"y24pqu7jih1n8m3t","time":1611565400,"event":{"mods":["AchievementEnabler","BaseMod","Bestiary","Block Reminder","Colored Map","Colored Powertips","DeckTracker","Highlight Path","Minty Spire (QoL Compilation)","Permanent Neow","Quick Restart","Rare Cards Sparkle","Relic Stats"],"gold_per_floor":[116,135,89,12,26,61,61,92,92,125,125,140,200,212,212,317,367,377,396,396,396,396,427,16,42,42,132,132,159,169,181,181,283,283,300,300,5,23,23,56,56,89,113,127,127,139,3,3,3,3,3],"floor_reached":50,"language":"ENG","playtime":3420,"items_purged":[],"score":683,"play_id":"a56e17b9-8dd4-418a-b3c4-71fa3e6b6f41","local_time":"20210125040320","is_ascension_mode":true,"campfire_choices":[{"data":"ForeignInfluence","floor":7,"key":"SMITH"},{"floor":15,"key":"REST"},{"floor":28,"key":"REST"},{"floor":32,"key":"RECALL"},{"data":"1","floor":49,"key":"LIFT"}],"circlet_count":0,"master_deck":["Strike_P+1","Strike_P","Strike_P","Defend_P","Defend_P","Defend_P","Defend_P+1","Eruption+1","Vigilance","Tantrum+1","EmptyFist","CutThroughFate","ThirdEye+1","ForeignInfluence+1","ConjureBlade","Vengeance","BattleHymn","DeusExMachina","EmptyBody","EmptyBody","Sanctity","Indignation","Tantrum+1","DeceiveReality+1","JustLucky+1","ClearTheMind","EmptyBody+1","DevaForm","SashWhip+1","WindmillStrike+1","SandsOfTime+1","CutThroughFate+1","Panacea","CarveReality+1","WheelKick+1","Devotion"],"relics":["Busted Crown","Singing Bowl","Molten Egg 2","Pantograph","Mango","The Courier","Tiny House","Kunai","Eternal Feather","DollysMirror","Vajra","PreservedInsect","Damaru","Question Card","Fusion Hammer","Membership Card","Girya","War Paint","CloakClasp","Akabeko","Yang"],"acts_visited":["Exordium","TheCity","TheBeyond"],"potions_floor_usage":[16,18,21,21,31,33,40,50],"damage_taken":[{"damage":0,"enemies":"Cultist","floor":1,"turns":2},{"damage":0,"enemies":"Small Slimes","floor":2,"turns":1},{"damage":1,"enemies":"2 Louse","floor":5,"turns":3},{"damage":32,"enemies":"3 Sentries","floor":6,"turns":8},{"damage":14,"enemies":"Gremlin Nob","floor":8,"turns":3},{"damage":13,"enemies":"Lagavulin","floor":10,"turns":3},{"damage":0,"enemies":"2 Fungi Beasts","floor":12,"turns":2},{"damage":14,"enemies":"Gremlin Nob","floor":13,"turns":3},{"damage":5,"enemies":"3 Louse","floor":14,"turns":2},{"damage":39,"enemies":"The Guardian","floor":16,"turns":8},{"damage":15,"enemies":"3 Byrds","floor":18,"turns":5},{"damage":8,"enemies":"Chosen","floor":19,"turns":3},{"damage":0,"enemies":"Snake Plant","floor":21,"turns":1},{"damage":45,"enemies":"Book of Stabbing","floor":23,"turns":7},{"damage":0,"enemies":"Gremlin Leader","floor":25,"turns":3},{"damage":11,"enemies":"Book of Stabbing","floor":29,"turns":3},{"damage":20,"enemies":"Shelled Parasite and Fungi","floor":30,"turns":4},{"damage":13,"enemies":"Centurion and Healer","floor":31,"turns":4},{"damage":14,"enemies":"Collector","floor":33,"turns":6},{"damage":10,"enemies":"Orb Walker","floor":35,"turns":3},{"damage":0,"enemies":"3 Darklings","floor":38,"turns":2},{"damage":26,"enemies":"Nemesis","floor":40,"turns":5},{"damage":58,"enemies":"Reptomancer","floor":42,"turns":3},{"damage":0,"enemies":"Sphere and 2 Shapes","floor":44,"turns":4},{"damage":17,"enemies":"Jaw Worm Horde","floor":46,"turns":3},{"damage":136,"enemies":"Time Eater","floor":50,"turns":5}],"seed_played":"3902247530330314611","potions_obtained":[{"floor":1,"key":"FairyPotion"},{"floor":12,"key":"Energy Potion"},{"floor":13,"key":"SmokeBomb"},{"floor":17,"key":"SkillPotion"},{"floor":19,"key":"AttackPotion"},{"floor":29,"key":"PowerPotion"},{"floor":30,"key":"BottledMiracle"},{"floor":33,"key":"AttackPotion"},{"floor":35,"key":"Ancient Potion"},{"floor":38,"key":"Strength Potion"},{"floor":46,"key":"Swift Potion"}],"is_trial":false,"path_per_floor":["M","M","$","$","M","E","R","E","T","E","?","M","?","M","R","B",null,"M","M","?","M","?","E","$","E","T","?","R","E","M","M","R","B",null,"M","?","$","M","?","E","?","E","T","M","?","M","$","?","R","B"],"character_chosen":"WATCHER","items_purchased":["EmptyFist","CutThroughFate","ThirdEye","DollysMirror","DeceiveReality","Vajra","PreservedInsect","WindmillStrike+1","Membership Card","Girya","Yang","Devotion"],"campfire_rested":2,"item_purchase_floors":[3,4,4,24,24,24,24,37,37,37,47,47],"current_hp_per_floor":[72,72,72,72,71,39,39,25,25,26,9,11,28,25,52,38,97,82,74,74,74,74,29,29,29,29,17,61,52,32,19,34,45,99,89,89,89,89,89,63,63,5,5,5,87,72,72,72,89,0,0],"gold":3,"neow_bonus":"BOSS_RELIC","is_daily":false,"chose_seed":false,"campfire_upgraded":1,"win_rate":0.0,"timestamp":1611565400,"path_taken":["M","M","?","$","M","E","R","E","T","E","?","M","?","M","R","BOSS","M","M","?","M","?","E","$","E","T","?","R","E","M","M","R","BOSS","M","?","$","M","?","E","?","E","T","M","?","?","$","?","R","BOSS"],"items_purchased_type":["Card","Card","Card","Relic","Card","Relic","Relic","Card","Relic","Relic","Relic","Card"],"build_version":"2020-12-22","purchased_purges":0,"victory":false,"max_hp_per_floor":[72,72,72,72,72,72,72,72,72,86,86,88,90,92,92,92,97,97,97,97,97,97,97,97,97,97,97,97,99,99,99,99,99,99,99,99,99,99,99,99,99,99,99,99,87,89,89,89,89,89,89],"relic_stats":{"Busted Crown":52,"Singing Bowl":10,"counters":[26,96],"Pantograph":50,"Eternal Feather":47,"Yang":[14],"PreservedInsect":192,"CloakClasp":[30],"Kunai":[22],"War Paint":["ThirdEye","DeceiveReality"],"Question Card":10,"obtain_stats":[{"Girya":37,"Tiny House":17,"Singing Bowl":6,"Vajra":24,"Damaru":25,"Mango":10,"Eternal Feather":23,"Yang":47,"The Courier":13,"PreservedInsect":24,"CloakClasp":42,"War Paint":40,"Question Card":29,"Akabeko":43,"Busted Crown":0,"DollysMirror":24,"Pantograph":9,"Molten Egg 2":8,"Fusion Hammer":34,"Kunai":20,"Membership Card":37,"PureWater":0},{"Girya":20,"Tiny House":10,"Singing Bowl":4,"Vajra":14,"Damaru":15,"Mango":6,"Eternal Feather":14,"Yang":25,"The Courier":8,"PreservedInsect":14,"CloakClasp":23,"War Paint":22,"Question Card":16,"Akabeko":23,"Busted Crown":0,"DollysMirror":14,"Pantograph":5,"Molten Egg 2":5,"Fusion Hammer":19,"Kunai":12,"Membership Card":20,"PureWater":0},{"Girya":74,"Tiny House":35,"Singing Bowl":14,"Vajra":51,"Damaru":54,"Mango":20,"Eternal Feather":51,"Yang":91,"The Courier":25,"PreservedInsect":51,"CloakClasp":84,"War Paint":81,"Question Card":57,"Akabeko":84,"Busted Crown":0,"DollysMirror":51,"Pantograph":17,"Molten Egg 2":17,"Fusion Hammer":71,"Kunai":43,"Membership Card":74,"PureWater":0}]},"card_choices":[{"not_picked":[],"picked":"Tantrum","floor":1},{"not_picked":["PathToVictory"],"picked":"SKIP","floor":2},{"not_picked":[],"picked":"ForeignInfluence","floor":5},{"not_picked":[],"picked":"ConjureBlade","floor":6},{"not_picked":[],"picked":"Vengeance","floor":8},{"not_picked":[],"picked":"BattleHymn","floor":10},{"not_picked":["PathToVictory"],"picked":"Singing Bowl","floor":12},{"not_picked":["Nirvana"],"picked":"Singing Bowl","floor":13},{"not_picked":["Pray"],"picked":"Singing Bowl","floor":14},{"not_picked":[],"picked":"DeusExMachina","floor":16},{"not_picked":[],"picked":"EmptyBody","floor":17},{"not_picked":[],"picked":"EmptyBody","floor":18},{"not_picked":[],"picked":"Sanctity","floor":19},{"not_picked":[],"picked":"Indignation","floor":23},{"not_picked":[],"picked":"JustLucky+1","floor":25},{"not_picked":["Study+1"],"picked":"Singing Bowl","floor":29},{"not_picked":["CutThroughFate+1"],"picked":"ClearTheMind","floor":30},{"not_picked":["ForeignInfluence"],"picked":"EmptyBody+1","floor":31},{"not_picked":["Omniscience"],"picked":"DevaForm","floor":33},{"not_picked":["Consecrate+1"],"picked":"SashWhip+1","floor":35},{"not_picked":["CutThroughFate+1"],"picked":"SandsOfTime+1","floor":38},{"not_picked":["Collect+1"],"picked":"CutThroughFate+1","floor":40},{"not_picked":["Metamorphosis"],"picked":"Panacea","floor":41},{"not_picked":["CutThroughFate+1"],"picked":"CarveReality+1","floor":42},{"not_picked":["EmptyFist+1"],"picked":"WheelKick+1","floor":44},{"not_picked":["EmptyBody+1","CarveReality+1"],"picked":"Singing Bowl","floor":46}],"player_experience":173550,"relics_obtained":[{"floor":6,"key":"Singing Bowl"},{"floor":8,"key":"Molten Egg 2"},{"floor":9,"key":"Pantograph"},{"floor":10,"key":"Mango"},{"floor":13,"key":"The Courier"},{"floor":23,"key":"Eternal Feather"},{"floor":25,"key":"Damaru"},{"floor":29,"key":"Question Card"},{"floor":40,"key":"War Paint"},{"floor":42,"key":"CloakClasp"},{"floor":43,"key":"Akabeko"}],"event_choices":[{"damage_healed":0,"gold_gain":0,"player_choice":"Entered Light","damage_taken":17,"max_hp_gain":0,"max_hp_loss":0,"event_name":"Shining Light","floor":11,"gold_loss":0,"cards_upgraded":["Tantrum","Defend_P"]},{"damage_healed":0,"gold_gain":0,"player_choice":"Searched \u00271\u0027 times","damage_taken":0,"max_hp_gain":0,"max_hp_loss":0,"event_name":"Dead Adventurer","floor":13,"gold_loss":0},{"damage_healed":0,"gold_gain":0,"player_choice":"Opened","damage_taken":0,"relics_obtained":["Kunai"],"max_hp_gain":0,"max_hp_loss":0,"event_name":"The Mausoleum","floor":20,"gold_loss":0},{"damage_healed":0,"gold_gain":0,"player_choice":"Ignored","damage_taken":0,"max_hp_gain":0,"max_hp_loss":0,"event_name":"Cursed Tome","floor":22,"gold_loss":0},{"damage_healed":0,"gold_gain":90,"player_choice":"GOLD ","damage_taken":12,"max_hp_gain":0,"max_hp_loss":0,"event_name":"Knowing Skull","floor":27,"potions_obtained":[],"gold_loss":0,"cards_obtained":[]},{"damage_healed":0,"gold_gain":0,"player_choice":"Ignored","damage_taken":0,"max_hp_gain":0,"max_hp_loss":0,"event_name":"Tomb of Lord Red Mask","floor":36,"gold_loss":0},{"cards_removed":["Strike_P"],"damage_healed":0,"gold_gain":0,"player_choice":"Removed Attack","damage_taken":0,"max_hp_gain":0,"max_hp_loss":0,"event_name":"Falling","floor":39,"gold_loss":0},{"damage_healed":0,"gold_gain":0,"player_choice":"Memory 1","damage_taken":0,"max_hp_gain":0,"max_hp_loss":0,"event_name":"SensoryStone","floor":41,"gold_loss":0},{"damage_healed":87,"gold_gain":0,"player_choice":"Heal","damage_taken":0,"max_hp_gain":0,"max_hp_loss":12,"event_name":"The Moai Head","floor":45,"gold_loss":0},{"damage_healed":0,"gold_gain":0,"player_choice":"Upgraded","damage_taken":0,"max_hp_gain":0,"max_hp_loss":0,"event_name":"Upgrade Shrine","floor":48,"gold_loss":0,"cards_upgraded":["Eruption"]}],"is_beta":false,"boss_relics":[{"not_picked":["Sozu","SacredBark"],"picked":"Tiny House"},{"not_picked":["Coffee Dripper","Cursed Key"],"picked":"Fusion Hammer"}],"items_purged_floors":[],"is_endless":false,"potions_floor_spawned":[1,12,13,19,29,30,33,35,38,46],"killed_by":"Time Eater","ascension_level":1}}