{"host":"f4xk8spljo3akohx","time":1611563231,"event":{"mods":["Act Like it!","Arknights The Spire","BaseMod","Better Third Choice","Downfall","Ekko","Gensokyo","GifTheSpireLib","Hallownest","Hermit","Highlight Path","Luminous","Marisa£®ÏF”Í°°ƒß¿Ì…≥£©","Minty Spire (QoL Compilation)","Quick Restart","Reimu£®≤©¿ˆ¡È√Œ£©","Remilia£®¿Ÿ√◊¿Ú—«£©","Replay The Spire","StSLib","The Bug Knight","The Cursed","The Marked","The Runesmith","The Senshi","The Servant 0.9.4","Waifu the Spire","WarShipGirlsR/’ΩΩ¢…Ÿ≈ÆR mod","Yakumo Yukari mod","Youmu£®ªÍ∆«—˝√Œ£©","Yuyuko","°æ“≈ŒÔø®≈∆°øREMEMod"],"gold_per_floor":[113,133,133,133,37,68,68,68,68],"floor_reached":8,"language":"ZHS","playtime":413,"items_purged":[],"score":79,"play_id":"6c013518-c10e-48e2-b9b4-69bf0438951f","local_time":"20210125162711","is_ascension_mode":false,"campfire_choices":[{"data":"ats:Ignite","floor":7,"key":"SMITH"}],"circlet_count":0,"master_deck":["ats:Strike C","ats:Strike G","ats:Strike S","ats:Armor Crushing Shot","ats:Defend","ats:Defend","ats:Emotion Absorption","ats:Apocalypse","ats:Phantom+1","Gensokyo:Shovel","ats:Ignite+1"],"relics":["ats:Sanity","REME_ComplimentaryCards","NeowsBlessing","ats:Originium","Lantern"],"acts_visited":["Gensokyo:Gensokyo"],"potions_floor_usage":[8],"damage_taken":[{"damage":0.0,"enemies":"Gensokyo:2_Kodama","floor":1.0,"turns":1.0},{"damage":0.0,"enemies":"Gensokyo:3_Fairies","floor":2.0,"turns":1.0},{"damage":0,"enemies":"Gensokyo:Aya","floor":6,"turns":1},{"damage":64,"enemies":"Gensokyo:Cirno","floor":8,"turns":8}],"seed_played":"-4098938075975781363","potions_obtained":[{"floor":2.0,"key":"Flashbang"}],"is_trial":false,"path_per_floor":["M","M","?","?","COS","E","R","E"],"character_chosen":"DOCTOR_CLASS","items_purchased":[],"campfire_rested":0,"item_purchase_floors":[],"current_hp_per_floor":[72,72,44,44,44,44,44,0,0],"gold":68,"neow_bonus":"THREE_ENEMY_KILL","is_daily":false,"chose_seed":false,"campfire_upgraded":1,"win_rate":0.0,"timestamp":1611563231,"path_taken":["M","M","?","?","COS","E","R","E"],"items_purchased_type":[],"build_version":"2020-12-22","purchased_purges":0,"victory":false,"max_hp_per_floor":[72,72,72,72,72,72,72,72,72],"card_choices":[{"not_picked":["ats:Absolute Focus","ats:Collapsing Strike"],"picked":"ats:Apocalypse","floor":1.0},{"not_picked":["ats:Explosion Area Strengthen","ats:Leaping Hammer"],"picked":"ats:Phantom","floor":2.0},{"not_picked":["ats:Revitalization","ats:Red Shift"],"picked":"ats:Ignite","floor":6}],"player_experience":67118,"relics_obtained":[{"floor":6,"key":"ats:Originium"},{"floor":6,"key":"Lantern"}],"event_choices":[],"is_beta":false,"boss_relics":[],"items_purged_floors":[],"is_endless":false,"potions_floor_spawned":[2],"killed_by":"Gensokyo:Cirno","ascension_level":0}}