{"host":"ooe12lh8pgcirntb","time":1611546466,"event":{"mods":["AchievementEnabler","Act Like it!","BaseMod","Beaked The Cultist","ChefMod","Colored Map","Colored Powertips","Downfall","Minty Spire (QoL Compilation)","StSLib","The Animator","The Bug Knight","The Disciple","The Hierophant","The Problem Sleuth"],"gold_per_floor":[114,16,35,49,67,67,67,110,161,161,180,180,180,200,200,341,341,372,642,657,66,82,82,93,129,129,146,150,150],"floor_reached":28,"language":"ENG","playtime":2597,"items_purged":[],"score":267,"play_id":"49db2a17-8720-484b-9198-a765c22caed3","local_time":"20210124224746","is_ascension_mode":false,"campfire_choices":[{"data":"animator:Konayuki","floor":6,"key":"SMITH"},{"data":"animator:GazelDwargon","floor":13,"key":"SMITH"},{"floor":15,"key":"REST"},{"floor":23,"key":"REST"}],"circlet_count":0,"master_deck":["animator:Strike_GoblinSlayer","animator:Defend_GoblinSlayer","animator:Strike","animator:Strike","animator:Strike+1","animator:Defend","animator:Defend","animator:LizardPriest","animator:DwarfShaman","animator:Millim+2","animator:Mikaela","animator:Konayuki+1","animator:Kaijin","animator:Souei","animator:HighElfArcher","animator:GuildGirl","animator:GazelDwargon+1","animator:Wiz","animator:Envy","animator:SwordMaiden","animator:Vanir","animator:ElricAlphonse","animator:Entoma+1","animator:HiiragiShinya+1","animator:Spearman","animator:Megumin"],"relics":["animator:VividPicture","animator:TheMissingPiece","NeowsBlessing","Mercury Hourglass","hexamod:BolsterEngine","sneckomod:BlankCard","Bottled Tornado","Question Card","animator:WornHelmet","Bottled Lightning"],"acts_visited":["Exordium","TheCity"],"potions_floor_usage":[16,22,24,28],"damage_taken":[{"damage":0,"enemies":"2 Louse","floor":1,"turns":1},{"damage":0,"enemies":"Cultist","floor":3,"turns":1},{"damage":0,"enemies":"Small Slimes","floor":4,"turns":1},{"damage":9,"enemies":"Red Slaver","floor":5,"turns":4},{"damage":25,"enemies":"3 Sentries","floor":8,"turns":9},{"damage":2,"enemies":"3 Louse","floor":11,"turns":3},{"damage":1,"enemies":"Exordium Thugs","floor":14,"turns":5},{"damage":32,"enemies":"Slime Boss","floor":16,"turns":9},{"damage":20,"enemies":"3 Byrds","floor":18,"turns":5},{"damage":0,"enemies":"Chosen","floor":20,"turns":5},{"damage":15,"enemies":"Sentry and Sphere","floor":22,"turns":5},{"damage":11,"enemies":"Snake Plant","floor":24,"turns":3},{"damage":0,"enemies":"HollowMod:Nosk","floor":25,"turns":8},{"damage":0,"enemies":"Snecko","floor":27,"turns":6},{"damage":24,"enemies":"Sentry and Sphere","floor":28,"turns":3}],"seed_played":"5529946588409008629","potions_obtained":[{"floor":3,"key":"Weak Potion"},{"floor":11,"key":"Weak Potion"},{"floor":16,"key":"AttackPotion"},{"floor":22,"key":"ColorlessPotion"},{"floor":24,"key":"ColorlessPotion"}],"is_trial":false,"path_per_floor":["M","$","M","M","M","R","$","E","T","?","M","?","R","M","R","B",null,"M","?","M","$","M","R","M","E","T","M","M"],"character_chosen":"THE_ANIMATOR","items_purchased":["animator:Mikaela","animator:Konayuki","Bottled Tornado","Question Card","animator:Millim","animator:ElricAlphonse"],"campfire_rested":2,"item_purchase_floors":[2,2,21,21,21,21],"current_hp_per_floor":[66,66,66,66,57,57,57,32,32,32,31,31,31,30,50,18,67,47,20,20,20,5,25,14,15,15,15,0,0],"gold":150,"neow_bonus":"THREE_ENEMY_KILL","is_daily":false,"chose_seed":false,"campfire_upgraded":2,"win_rate":0.0,"timestamp":1611546466,"path_taken":["M","$","M","M","M","R","$","E","T","?","?","?","R","M","R","BOSS","M","?","M","$","?","R","M","E","T","M","M"],"items_purchased_type":["Card","Card","Relic","Relic","Card","Card"],"build_version":"2020-12-22","purchased_purges":0,"victory":false,"max_hp_per_floor":[66,66,66,66,66,66,66,66,66,66,67,67,67,67,67,67,67,67,67,67,67,67,67,67,68,68,68,70,70],"card_choices":[{"not_picked":["animator:Shigure","animator:Scar"],"picked":"animator:Millim","floor":1},{"not_picked":["animator:Shuna","animator:CowGirl"],"picked":"animator:Kaijin","floor":3},{"not_picked":["animator:MaesHughes","animator:Hitei"],"picked":"animator:Millim","floor":4},{"not_picked":["animator:Hakurou","animator:Kaijin"],"picked":"animator:Souei","floor":5},{"not_picked":["animator:Sloth","animator:Mitsurugi"],"picked":"animator:HighElfArcher","floor":8},{"not_picked":["animator:Yoichi","animator:PandorasActor"],"picked":"animator:GuildGirl","floor":11},{"not_picked":["animator:Kaijin","animator:Cocytus"],"picked":"animator:Wiz","floor":14},{"not_picked":["animator:Father","animator:Guren"],"picked":"animator:Envy","floor":16},{"not_picked":["animator:Priestess","animator:DwarfShaman"],"picked":"animator:SwordMaiden","floor":18},{"not_picked":["animator:Sebas+1","animator:Millim"],"picked":"animator:Vanir","floor":20},{"not_picked":["animator:Shigure+1","animator:Greed","animator:MaesHughes"],"picked":"animator:Entoma","floor":22},{"not_picked":["animator:ZankiKiguchi","animator:TsurugaMeisai+1","animator:Kazuma"],"picked":"animator:HiiragiShinya+1","floor":24},{"not_picked":["animator:LizardPriest","animator:DwarfShaman","animator:GuildGirl"],"picked":"animator:Spearman","floor":25},{"not_picked":["animator:PandorasActor+1","animator:Shalltear","animator:Mikaela"],"picked":"animator:Megumin","floor":27}],"player_experience":714529,"relics_obtained":[{"floor":8,"key":"Mercury Hourglass"},{"floor":9,"key":"hexamod:BolsterEngine"},{"floor":25,"key":"animator:WornHelmet"},{"floor":26,"key":"Bottled Lightning"}],"event_choices":[{"damage_healed":0,"gold_gain":0,"player_choice":"Gave Potion","damage_taken":0,"relics_obtained":["sneckomod:BlankCard"],"max_hp_gain":0,"max_hp_loss":0,"event_name":"WeMeetAgain","floor":10,"gold_loss":0},{"damage_healed":0,"gold_gain":0,"cards_transformed":["animator:Defend"],"player_choice":"Transformed","damage_taken":0,"max_hp_gain":0,"max_hp_loss":0,"event_name":"Transmorgrifier","floor":12,"gold_loss":0,"cards_obtained":["animator:GazelDwargon"]},{"damage_healed":0,"gold_gain":270,"player_choice":"GOLD GOLD GOLD ","damage_taken":27,"max_hp_gain":0,"max_hp_loss":0,"event_name":"Knowing Skull","floor":19,"potions_obtained":[],"gold_loss":0,"cards_obtained":[]}],"is_beta":false,"boss_relics":[{"not_picked":["Coffee Dripper","Fusion Hammer"],"picked":"animator:VividPicture"}],"items_purged_floors":[],"is_endless":false,"potions_floor_spawned":[3,11,16,22,24],"killed_by":"Sentry and Sphere","ascension_level":0}}