{"host":"f6w7z8zvb0mi4wy9","time":1611614216,"event":{"mods":["BaseMod","Colored Map","Minty Spire (QoL Compilation)","READ ME - Guardian Mod","StSLib","SuperFastMode","The Jungle"],"gold_per_floor":[110,128,98,13,13,39,55,87,87,50,67,100,100,134,134,232,232,245,71,89,89,108,139,113,147,171,188,223,223,262,148,148,255,255,278,188,203,230,253,287,287,327,353,362,0,0,57,57,66,66,66,66,15,53,53,53],"floor_reached":55,"language":"KOR","playtime":1877,"items_purged":[],"score":1249,"play_id":"4b64970f-47ab-413d-bd6a-8a5c99e08b92","local_time":"20210126073656","is_ascension_mode":true,"campfire_choices":[{"data":"Fission","floor":13.0,"key":"SMITH"},{"data":"Dualcast","floor":15.0,"key":"SMITH"},{"data":"Defragment","floor":32.0,"key":"SMITH"},{"floor":41.0,"key":"RECALL"},{"floor":44.0,"key":"REST"},{"data":"Capacitor","floor":46.0,"key":"SMITH"},{"floor":49.0,"key":"REST"},{"data":"Reboot","floor":52.0,"key":"SMITH"}],"circlet_count":0,"master_deck":["Strike_B+1","Strike_B","Strike_B","Defend_B","Defend_B","Defend_B","Defend_B","Zap+1","Dualcast+1","Sweeping Beam+1","FTL","Dramatic Entrance+1","Capacitor+1","Fission+1","Defragment+1","Cold Snap+1","Reboot+1","Electrodynamics+1","Chaos+1","Heatsinks+1","White Noise+1","Steam","Capacitor+1","Hologram+1","Double Energy+1","Storm+1","Go for the Eyes+1","Self Repair+1","Discovery+1","Creative AI+1","Steam+1","Jack Of All Trades+1","Chrysalis+1","Metamorphosis+1","Skim+1","Force Field+1","Steam+1","Force Field+1","Defragment+1","Storm+1","Capacitor+1","Electrodynamics+1"],"relics":["Cracked Core","NeowsBlessing","Happy Flower","Bird Faced Urn","Pear","Frozen Egg 2","Strawberry","Nuclear Battery","Toxic Egg 2","CeramicFish","Art of War","Ice Cream","Black Star","StrikeDummy","Boot","Vajra","Bronze Scales","Dream Catcher","HandDrill","Lantern","StoneCalendar","Whetstone","Bottled Flame"],"acts_visited":["Exordium","Exordium","TheBeyond","TheEnding"],"potions_floor_usage":[55],"damage_taken":[{"damage":0.0,"enemies":"2 Louse","floor":1.0,"turns":1.0},{"damage":0.0,"enemies":"Cultist","floor":2.0,"turns":1.0},{"damage":0.0,"enemies":"Gremlin Nob","floor":6.0,"turns":1.0},{"damage":0.0,"enemies":"Small Slimes","floor":7.0,"turns":2.0},{"damage":11.0,"enemies":"Lagavulin","floor":8.0,"turns":7.0},{"damage":6.0,"enemies":"Blue Slaver","floor":11.0,"turns":3.0},{"damage":8.0,"enemies":"Gremlin Nob","floor":12.0,"turns":4.0},{"damage":20.0,"enemies":"Lagavulin","floor":14.0,"turns":6.0},{"damage":16.0,"enemies":"Hexaghost","floor":16.0,"turns":9.0},{"damage":2.0,"enemies":"Shell Parasite","floor":18.0,"turns":2.0},{"damage":1.0,"enemies":"theJungle:Flameango_and_Byrd","floor":20.0,"turns":3.0},{"damage":12.0,"enemies":"Snake Plant","floor":22.0,"turns":3.0},{"damage":1.0,"enemies":"theJungle:2_Phrogs","floor":23.0,"turns":4.0},{"damage":30.0,"enemies":"theJungle:MamaSnecko","floor":25.0,"turns":6.0},{"damage":8.0,"enemies":"theJungle:SlimyTreeVines","floor":27.0,"turns":5.0},{"damage":4.0,"enemies":"theJungle:2_Phrogs","floor":28.0,"turns":6.0},{"damage":15.0,"enemies":"theJungle:Cassacara","floor":30.0,"turns":3.0},{"damage":3.0,"enemies":"theJungle:FunGuy","floor":33.0,"turns":5.0},{"damage":2.0,"enemies":"3 Shapes","floor":35.0,"turns":2.0},{"damage":9.0,"enemies":"Orb Walker","floor":37.0,"turns":3.0},{"damage":35.0,"enemies":"Transient","floor":39.0,"turns":5.0},{"damage":3.0,"enemies":"Giant Head","floor":40.0,"turns":4.0},{"damage":64.0,"enemies":"Reptomancer","floor":42.0,"turns":6.0},{"damage":22.0,"enemies":"2 Orb Walkers","floor":47.0,"turns":3.0},{"damage":32.0,"enemies":"Time Eater","floor":50.0,"turns":6.0},{"damage":71.0,"enemies":"Shield and Spear","floor":54.0,"turns":4.0},{"damage":92,"enemies":"The Heart","floor":55,"turns":3}],"seed_played":"3382964882748752282","potions_obtained":[{"floor":2.0,"key":"EntropicBrew"},{"floor":3.0,"key":"DuplicationPotion"},{"floor":3.0,"key":"EntropicBrew"},{"floor":8.0,"key":"CultistPotion"},{"floor":11.0,"key":"LiquidMemories"},{"floor":16.0,"key":"SteroidPotion"},{"floor":18.0,"key":"PowerPotion"},{"floor":33.0,"key":"PotionOfCapacity"},{"floor":40.0,"key":"EssenceOfDarkness"},{"floor":47.0,"key":"LiquidMemories"}],"is_trial":false,"path_per_floor":["M","M","?","$","?","E","M","E","T","$","M","E","R","E","R","B",null,"M","$","M","?","M","E","$","E","T","M","E","?","E","$","R","B",null,"M","?","M","?","M","E","R","E","T","R","$","R","?","?","R","B",null,"R","$","E","B"],"character_chosen":"DEFECT","items_purchased":["Dramatic Entrance","Defragment","FairyPotion","Heatsinks+1","Hologram+1","Self Repair+1","Discovery+1","Defragment+1","HandDrill","Lantern","Energy Potion"],"campfire_rested":2,"item_purchase_floors":[4,10,19,19,24,31,31,45,45,45,53],"current_hp_per_floor":[68,68,68,68,53,53,53,42,52,52,50,46,46,37,37,25,75,77,77,82,82,80,89,89,64,64,74,82,82,81,81,81,92,92,92,92,89,79,86,92,92,44,44,71,71,71,61,61,88,88,91,91,91,47,0,0],"gold":53,"neow_bonus":"THREE_ENEMY_KILL","is_daily":false,"chose_seed":false,"campfire_upgraded":5,"win_rate":0.0,"timestamp":1611614216,"path_taken":["M","M","?","?","?","E","M","E","T","$","?","E","R","E","R","BOSS","M","$","M","?","M","E","?","E","T","?","E","?","E","$","R","BOSS","M","?","?","?","M","E","R","E","T","R","$","R","?","?","R","BOSS","R","$","E","BOSS"],"items_purchased_type":["Card","Card","Potion","Card","Card","Card","Card","Card","Relic","Relic","Potion"],"build_version":"2020-12-22","purchased_purges":0,"victory":false,"max_hp_per_floor":[75,75,75,75,75,75,75,75,85,85,85,85,85,92,92,92,92,92,92,92,92,92,92,92,92,92,92,92,92,92,92,92,92,92,92,92,92,92,92,92,92,92,92,92,92,92,92,92,92,92,92,92,92,92,92,92],"card_choices":[{"not_picked":["Turbo","Rebound"],"picked":"Sweeping Beam","floor":1.0},{"not_picked":["Gash","Conserve Battery"],"picked":"FTL","floor":2.0},{"not_picked":["FTL","Sweeping Beam"],"picked":"Capacitor","floor":6.0},{"not_picked":["Redo","Force Field"],"picked":"Fission","floor":7.0},{"not_picked":["Sweeping Beam","Conserve Battery"],"picked":"Beam Cell","floor":8.0},{"not_picked":["Sweeping Beam","Compile Driver"],"picked":"Cold Snap","floor":11.0},{"not_picked":["Genetic Algorithm","Leap","Beam Cell"],"picked":"SKIP","floor":12.0},{"not_picked":["Rebound","Gash"],"picked":"Reboot","floor":14.0},{"not_picked":["Multi-Cast","Hyperbeam"],"picked":"Electrodynamics+1","floor":16.0},{"not_picked":["Gash+1","Aggregate+1"],"picked":"Chaos+1","floor":18.0},{"not_picked":["Rebound","Hologram"],"picked":"White Noise+1","floor":20.0},{"not_picked":["Leap+1","Coolheaded"],"picked":"Steam","floor":22.0},{"not_picked":["Redo+1","Core Surge"],"picked":"Capacitor+1","floor":23.0},{"not_picked":["FTL","Loop+1"],"picked":"Double Energy+1","floor":25.0},{"not_picked":["Beam Cell","Stack+1","Gash"],"picked":"SKIP","floor":27.0},{"not_picked":["White Noise+1","Meteor Strike"],"picked":"Storm+1","floor":28.0},{"not_picked":["Barrage+1","Machine Learning+1"],"picked":"Go for the Eyes+1","floor":30.0},{"not_picked":["Meteor Strike","Core Surge"],"picked":"Creative AI+1","floor":33.0},{"not_picked":["Tempest+1","Cold Snap+1"],"picked":"Steam+1","floor":35.0},{"not_picked":["Sweeping Beam+1","Doom and Gloom+1","Hologram+1"],"picked":"SKIP","floor":37.0},{"not_picked":["HandOfGreed","Deep Breath+1"],"picked":"Jack Of All Trades+1","floor":38.0},{"not_picked":["Forethought+1","Violence+1"],"picked":"Chrysalis+1","floor":38.0},{"not_picked":["Enlightenment+1","Deep Breath+1"],"picked":"Metamorphosis+1","floor":38.0},{"not_picked":["Streamline","Turbo+1"],"picked":"Skim+1","floor":39.0},{"not_picked":["Go for the Eyes","Blizzard"],"picked":"Force Field+1","floor":40.0},{"not_picked":["Hyperbeam","Go for the Eyes"],"picked":"Steam+1","floor":42.0},{"not_picked":["BootSequence+1","Cold Snap"],"picked":"Force Field+1","floor":44.0},{"not_picked":["Genetic Algorithm+1","Go for the Eyes"],"picked":"Storm+1","floor":47.0},{"not_picked":["Steam+1","Go for the Eyes+1"],"picked":"Capacitor+1","floor":49.0},{"not_picked":["Cold Snap+1","Barrage"],"picked":"Electrodynamics+1","floor":54}],"player_experience":896459,"relics_obtained":[{"floor":6.0,"key":"Happy Flower"},{"floor":8.0,"key":"Bird Faced Urn"},{"floor":9.0,"key":"Pear"},{"floor":12.0,"key":"Frozen Egg 2"},{"floor":14.0,"key":"Strawberry"},{"floor":23.0,"key":"Toxic Egg 2"},{"floor":25.0,"key":"CeramicFish"},{"floor":28.0,"key":"Art of War"},{"floor":30.0,"key":"Ice Cream"},{"floor":40.0,"key":"StrikeDummy"},{"floor":40.0,"key":"Boot"},{"floor":42.0,"key":"Vajra"},{"floor":42.0,"key":"Bronze Scales"},{"floor":43.0,"key":"Dream Catcher"},{"floor":47.0,"key":"StoneCalendar"},{"floor":54,"key":"Whetstone"},{"floor":54,"key":"Bottled Flame"}],"event_choices":[{"damage_healed":0.0,"max_hp_gain":0.0,"max_hp_loss":0.0,"gold_gain":0.0,"event_name":"The Woman in Blue","player_choice":"Bought 2 Potions","floor":3.0,"gold_loss":0.0,"damage_taken":0.0},{"damage_healed":0.0,"max_hp_gain":0.0,"max_hp_loss":0.0,"gold_gain":0.0,"event_name":"Shining Light","player_choice":"Entered Light","floor":5.0,"gold_loss":0.0,"damage_taken":15.0,"cards_upgraded":["Zap","Strike_B"]},{"damage_healed":0.0,"max_hp_gain":0.0,"max_hp_loss":0.0,"gold_gain":0.0,"event_name":"NoteForYourself","player_choice":"Ignored","floor":21.0,"gold_loss":0.0,"damage_taken":0.0},{"cards_removed":["Strike_B"],"damage_healed":0.0,"max_hp_gain":0.0,"max_hp_loss":0.0,"gold_gain":0.0,"event_name":"Designer","player_choice":"Upgrade and Remove","floor":36.0,"gold_loss":90.0,"damage_taken":0.0,"cards_upgraded":["Cold Snap"]},{"damage_healed":0.0,"max_hp_gain":0.0,"max_hp_loss":0.0,"gold_gain":0.0,"event_name":"SensoryStone","player_choice":"Memory 3","floor":38.0,"gold_loss":0.0,"damage_taken":10.0},{"damage_healed":0.0,"max_hp_gain":0.0,"max_hp_loss":0.0,"gold_gain":0.0,"event_name":"Mysterious Sphere","player_choice":"Fight","floor":47.0,"gold_loss":0.0,"damage_taken":0.0},{"cards_removed":["Beam Cell"],"damage_healed":0.0,"max_hp_gain":0.0,"max_hp_loss":0.0,"gold_gain":0.0,"event_name":"Falling","player_choice":"Removed Attack","floor":48.0,"gold_loss":0.0,"damage_taken":0.0}],"is_beta":false,"boss_relics":[{"not_picked":["Pandora\u0027s Box","Tiny House"],"picked":"Nuclear Battery"},{"not_picked":["Philosopher\u0027s Stone","Runic Pyramid"],"picked":"Black Star"}],"items_purged_floors":[],"is_endless":false,"potions_floor_spawned":[2,6,8,11,16,18,20,33,40,47],"killed_by":"The Heart","ascension_level":9}}