{"host":"mgjbkrm6zb65cm01","time":1611584693,"event":{"mods":["ATMod(°¢èªMod)","BaseMod","Conspire","Good Game Mod","Marisa£¨ìFÓê¡¡Ä§ÀíÉ³£©","Minty Spire (QoL Compilation)","Quick Restart","Relic Stats","Replay The Spire","Spicy Shops","StSLib","The Bladedancer","The Servant 0.9.4","UnlockEverythingMod","noobMod"],"gold_per_floor":[115,115,127,143,159,169,41,59,59,74,99,174,202,219,219,319,319,329,379,398,0,77,77,38,56,82,82,97,97,127,227,227,325,325,340,360,379,379,20,20,47,72,159,36,55,55,69,0,0,0,0,0,0,30,30],"floor_reached":56,"language":"ZHS","playtime":3319,"items_purged":["Doubt"],"score":1361,"play_id":"249bc6e6-46c0-420b-aea5-a9874edd622f","local_time":"20210125222453","is_ascension_mode":false,"campfire_choices":[{"floor":15,"key":"RECALL"},{"data":"AT_ChampionKick","floor":23,"key":"SMITH"},{"floor":27,"key":"REST"},{"data":"ForeignInfluence","floor":29,"key":"SMITH"},{"data":"Apotheosis","floor":40,"key":"SMITH"},{"data":"Halt","floor":46,"key":"SMITH"},{"floor":49,"key":"DIG"},{"data":"Study","floor":52,"key":"SMITH"}],"circlet_count":0,"master_deck":["Strike_P","Strike_P","Strike_P","Strike_P","Defend_P","Defend_P","Defend_P","Defend_P","Eruption","Vigilance","CrushJoints","FollowUp","AT_ChampionStep+1","ReachHeaven","PathToVictory","Study+1","Study","PathToVictory","Halt+1","Meditate","AT_ChampionKick+1","FlurryOfBlows","PathToVictory","CutThroughFate","Devotion","BowlingBash","Indignation","Replay:LoomingThreat","Halt+1","EmptyBody","Consecrate","FearNoEvil","FearNoEvil","Conclude","ForeignInfluence+1","CutThroughFate+1","Replay:ManipulateFuture","Prostrate","Writhe","SignatureMove","CutThroughFate+1","Judgement","CurseOfTheBell","Replay:Cycle+1","Crescendo","BattleHymn+1","Apotheosis+1","MentalFortress","JustLucky+1","ThirdEye","Prostrate","Prostrate","CutThroughFate+1","Evaluate+1","ReplayTheSpireMod:Restless Dread","Tantrum","Pray","Indignation+1","DevaForm","AT_DivineConfetti+1"],"relics":["PureWater","REME:ComplimentaryCards","ice","AT_ATBox","NeowsBlessing","Ring of Fury","DollysMirror","Replay:Wax Seal","Blue Doll","ReplayTheSpireMod:Lightbulb","Cursed Key","Regal Pillow","AT_SilvercatRing","Calling Bell","Vajra","AT_ImmortalShieldbow","conspire:Boomerang","AT_BladeRuinedKing","MawBank","Yang","Red Mask","AT_SunfireAegis","Iron Hammer"],"acts_visited":["Exordium","TheCity","TheBeyond","TheEnding"],"potions_floor_usage":[6,8,10,10,20,37,41,50,50,55],"damage_taken":[{"damage":0,"enemies":"Jaw Worm","floor":1,"turns":1},{"damage":0,"enemies":"2 Louse","floor":3,"turns":2},{"damage":2,"enemies":"conspire:RoseBush","floor":4,"turns":1},{"damage":6,"enemies":"Red Slaver","floor":5,"turns":2},{"damage":0,"enemies":"Exordium Wildlife","floor":6,"turns":2},{"damage":0,"enemies":"Large Slime","floor":8,"turns":5},{"damage":20,"enemies":"Exordium Thugs","floor":10,"turns":3},{"damage":46,"enemies":"Lagavulin","floor":11,"turns":6},{"damage":11,"enemies":"Gremlin Nob","floor":13,"turns":3},{"damage":13,"enemies":"Red Slaver","floor":14,"turns":2},{"damage":36,"enemies":"Hexaghost","floor":16,"turns":5},{"damage":13,"enemies":"conspire:FuzzyDice","floor":18,"turns":3},{"damage":10,"enemies":"Chosen","floor":20,"turns":2},{"damage":33,"enemies":"Snake Plant","floor":25,"turns":4},{"damage":10,"enemies":"Cultist and Chosen","floor":28,"turns":3},{"damage":0,"enemies":"conspire:Head Lice","floor":30,"turns":4},{"damage":33,"enemies":"Collector","floor":33,"turns":6},{"damage":24,"enemies":"3 Darklings","floor":35,"turns":5},{"damage":31,"enemies":"Orb Walker","floor":36,"turns":4},{"damage":11,"enemies":"Sphere and 2 Shapes","floor":37,"turns":2},{"damage":24,"enemies":"Reptomancer","floor":41,"turns":3},{"damage":35,"enemies":"Maw","floor":42,"turns":4},{"damage":0,"enemies":"Writhing Mass","floor":45,"turns":2},{"damage":0,"enemies":"4 Shapes","floor":47,"turns":2},{"damage":1,"enemies":"Donu and Deca","floor":50,"turns":2},{"damage":20,"enemies":"Shield and Spear","floor":54,"turns":2},{"damage":67,"enemies":"The Heart","floor":55,"turns":4}],"seed_played":"-1754145889167456696","potions_obtained":[{"floor":1,"key":"Regen Potion"},{"floor":3,"key":"PowerPotion"},{"floor":5,"key":"Doom Potion"},{"floor":6,"key":"Explosive Potion"},{"floor":8,"key":"StancePotion"},{"floor":18,"key":"Swift Potion"},{"floor":20,"key":"Elixir"},{"floor":28,"key":"EssenceOfSteel"},{"floor":33,"key":"BottledMiracle"},{"floor":36,"key":"conspire:TimeTravelPotion"},{"floor":37,"key":"Fire Potion"},{"floor":42,"key":"BottledMiracle"}],"is_trial":false,"path_per_floor":["M","?","M","M","M","M","$","M","T","M","E","?","E","M","R","B",null,"M","?","M","$","?","R","$","M","T","R","M","R","E","?","R","B",null,"M","M","M","?","$","R","E","M","T","$","M","R","M","?","R","B",null,"R","$","E","B",null],"character_chosen":"WATCHER","items_purchased":["Study","DollysMirror","Replay:LoomingThreat","Halt+1","EmptyBody","Consecrate","FearNoEvil","CutThroughFate+1","Replay:ManipulateFuture","MentalFortress","AT_BladeRuinedKing","JustLucky+1","ThirdEye","Prostrate","Tantrum","Pray"],"campfire_rested":1,"item_purchase_floors":[7,7,21,21,21,21,21,24,24,39,39,39,39,39,44,44],"current_hp_per_floor":[72,72,72,70,64,64,64,64,64,49,3,72,61,48,48,12,83,70,70,60,60,60,60,60,27,27,70,60,60,60,60,97,64,102,78,47,36,36,36,36,30,2,2,2,117,117,117,117,117,116,121,121,121,101,94],"gold":30,"neow_bonus":"THREE_ENEMY_KILL","is_daily":false,"chose_seed":false,"campfire_upgraded":5,"win_rate":0.0,"timestamp":1611584693,"path_taken":["M","?","M","M","M","M","$","M","T","M","E","?","E","M","R","BOSS","M","?","?","$","?","R","?","M","T","R","M","R","E","?","R","BOSS","M","M","M","?","$","R","E","M","T","$","M","R","M","?","R","BOSS","R","$","E","BOSS"],"items_purchased_type":["Card","Relic","Card","Card","Card","Card","Card","Card","Card","Card","Relic","Card","Card","Card","Card","Card"],"build_version":"2020-12-22","purchased_purges":1,"victory":true,"max_hp_per_floor":[72,72,72,72,72,72,72,72,72,72,72,72,73,74,74,83,83,86,86,88,88,88,88,88,94,94,94,96,96,97,97,97,102,102,106,109,110,110,110,110,114,117,117,117,117,117,119,119,119,121,121,121,121,123,159],"relic_stats":{"Regal Pillow":23,"counters":[27,84],"Yang":[32],"Cursed Key":2,"MawBank":36,"obtain_stats":[{"Regal Pillow":22,"AT_ATBox":0,"NeowsBlessing":0,"Vajra":34,"Blue Doll":11,"Yang":43,"AT_BladeRuinedKing":39,"ice":0,"conspire:Boomerang":34,"AT_SilvercatRing":30,"Cursed Key":17,"MawBank":41,"Calling Bell":34,"AT_ImmortalShieldbow":34,"REME:ComplimentaryCards":0,"DollysMirror":7,"Ring of Fury":2,"Iron Hammer":54,"Red Mask":48,"PureWater":0,"Replay:Wax Seal":9,"AT_SunfireAegis":49,"ReplayTheSpireMod:Lightbulb":13},{"Regal Pillow":13,"AT_ATBox":0,"NeowsBlessing":0,"Vajra":17,"Blue Doll":8,"Yang":22,"AT_BladeRuinedKing":20,"ice":0,"conspire:Boomerang":17,"AT_SilvercatRing":16,"Cursed Key":11,"MawBank":21,"Calling Bell":17,"AT_ImmortalShieldbow":17,"REME:ComplimentaryCards":0,"DollysMirror":5,"Ring of Fury":1,"Iron Hammer":26,"Red Mask":24,"PureWater":0,"Replay:Wax Seal":6,"AT_SunfireAegis":24,"ReplayTheSpireMod:Lightbulb":9},{"Regal Pillow":37,"AT_ATBox":0,"NeowsBlessing":0,"Vajra":54,"Blue Doll":22,"Yang":72,"AT_BladeRuinedKing":65,"ice":0,"conspire:Boomerang":54,"AT_SilvercatRing":48,"Cursed Key":32,"MawBank":68,"Calling Bell":54,"AT_ImmortalShieldbow":54,"REME:ComplimentaryCards":0,"DollysMirror":8,"Ring of Fury":1,"Iron Hammer":80,"Red Mask":76,"PureWater":0,"Replay:Wax Seal":13,"AT_SunfireAegis":76,"ReplayTheSpireMod:Lightbulb":25}]},"card_choices":[{"not_picked":["ClearTheMind","Wallop"],"picked":"CrushJoints","floor":1},{"not_picked":["WaveOfTheHand","Perseverance"],"picked":"FollowUp","floor":3},{"not_picked":["ThirdEye","ClearTheMind"],"picked":"AT_ChampionStep","floor":4},{"not_picked":["BowlingBash","DeusExMachina"],"picked":"ReachHeaven","floor":5},{"not_picked":["SashWhip","Indignation"],"picked":"PathToVictory","floor":6},{"not_picked":["Prostrate","Replay:Cycle"],"picked":"Halt","floor":8},{"not_picked":["Replay:Battleflow","Replay:ManipulateFuture"],"picked":"Meditate","floor":10},{"not_picked":["Evaluate","JustLucky"],"picked":"AT_ChampionKick","floor":11},{"not_picked":["JustLucky","FollowUp"],"picked":"FlurryOfBlows","floor":13},{"not_picked":["FollowUp","SashWhip"],"picked":"CutThroughFate","floor":14},{"not_picked":["Replay:LoomingThreat","MasterReality"],"picked":"Devotion","floor":16},{"not_picked":["ClearTheMind","JustLucky"],"picked":"BowlingBash","floor":18},{"not_picked":["CutThroughFate","Crescendo"],"picked":"Indignation","floor":20},{"not_picked":["Halt+1","FollowUp"],"picked":"Conclude","floor":22},{"not_picked":["Protect","ReachHeaven"],"picked":"ForeignInfluence","floor":22},{"not_picked":["Crescendo","Study+1"],"picked":"Prostrate","floor":25},{"not_picked":["SashWhip","Crescendo"],"picked":"SignatureMove","floor":28},{"not_picked":["Protect+1","Fasting2+1"],"picked":"CutThroughFate+1","floor":30},{"not_picked":["AT_IrregularMenstruation","Replay:AllIn"],"picked":"Judgement","floor":33},{"not_picked":["Halt","Replay:ManipulateFuture+1"],"picked":"Replay:Cycle+1","floor":35},{"not_picked":["Blasphemy","Halt"],"picked":"Crescendo","floor":36},{"not_picked":["BowlingBash","Crescendo"],"picked":"BattleHymn+1","floor":37},{"not_picked":["Chrysalis","Purity"],"picked":"Apotheosis","floor":38},{"not_picked":["BowlingBash+1","Indignation+1"],"picked":"CutThroughFate+1","floor":41},{"not_picked":["Nirvana+1","CrushJoints+1"],"picked":"Evaluate+1","floor":42},{"not_picked":["Evaluate","Halt"],"picked":"Indignation+1","floor":45},{"not_picked":["ClearTheMind","Evaluate"],"picked":"DevaForm","floor":47},{"not_picked":["Indignation","Sanctity+1"],"picked":"AT_DivineConfetti+1","floor":54}],"player_experience":90080,"relics_obtained":[{"floor":2,"key":"Ring of Fury"},{"floor":9,"key":"Replay:Wax Seal"},{"floor":11,"key":"Blue Doll"},{"floor":13,"key":"ReplayTheSpireMod:Lightbulb"},{"floor":22,"key":"Regal Pillow"},{"floor":30,"key":"AT_SilvercatRing"},{"floor":34,"key":"Vajra"},{"floor":34,"key":"AT_ImmortalShieldbow"},{"floor":34,"key":"conspire:Boomerang"},{"floor":41,"key":"MawBank"},{"floor":43,"key":"Yang"},{"floor":49,"key":"AT_SunfireAegis"},{"floor":54,"key":"Iron Hammer"}],"event_choices":[{"damage_healed":0,"gold_gain":75,"player_choice":"Gather Gold","damage_taken":11,"max_hp_gain":0,"max_hp_loss":0,"event_name":"World of Goop","floor":12,"gold_loss":0},{"damage_healed":0,"gold_gain":100,"player_choice":"Bet on Murderer","damage_taken":0,"max_hp_gain":0,"max_hp_loss":0,"event_name":"The Joust","floor":19,"gold_loss":50},{"damage_healed":0,"gold_gain":100,"player_choice":"Pray","damage_taken":0,"max_hp_gain":0,"max_hp_loss":0,"event_name":"Golden Shrine","floor":31,"gold_loss":0},{"damage_healed":0,"gold_gain":0,"player_choice":"Memory 1","damage_taken":0,"max_hp_gain":0,"max_hp_loss":0,"event_name":"SensoryStone","floor":38,"gold_loss":0},{"damage_healed":0,"gold_gain":0,"player_choice":"Paid","damage_taken":0,"relics_obtained":["Red Mask"],"max_hp_gain":0,"max_hp_loss":0,"event_name":"Tomb of Lord Red Mask","floor":48,"gold_loss":69}],"is_beta":false,"boss_relics":[{"not_picked":["conspire:RoyalGoblet","VioletLotus"],"picked":"Cursed Key"},{"not_picked":["Snecko Eye","Busted Crown"],"picked":"Calling Bell"}],"items_purged_floors":[39],"is_endless":false,"potions_floor_spawned":[1,3,5,6,8,18,20,28,33,36,37,42],"ascension_level":0}}