{"host":"9ndbo4kgsfoemf7y","time":1611570968,"event":{"mods":["AchievementEnabler","BaseMod","Colored Map","DeckTracker","Keyboard Shortcuts","Minty Spire (QoL Compilation)","Permanent Neow","Quick Restart","Relic Stats","StSLib","SuperFastMode"],"gold_per_floor":[119,131,131,131,150,175,175,208,233,233,233,233,233,158,158,158,158],"floor_reached":16,"language":"KOR","playtime":495,"items_purged":["Defend_B"],"score":148,"play_id":"bbbdd94a-dd67-49dd-a3d3-1a8cc10d8e95","local_time":"20210125193608","is_ascension_mode":true,"campfire_choices":[{"floor":7.0,"key":"REST"},{"data":"Beam Cell","floor":10.0,"key":"SMITH"},{"floor":15.0,"key":"REST"}],"circlet_count":0,"master_deck":["Strike_B","Defend_B","Defend_B","Defend_B","Zap","Dualcast","Trip","Self Repair","BootSequence","Reprogram","Streamline","Go for the Eyes","Beam Cell+1","Chaos"],"relics":["Cracked Core","Art of War","Lantern","Anchor","Golden Idol"],"acts_visited":["Exordium"],"potions_floor_usage":[],"damage_taken":[{"damage":1.0,"enemies":"2 Louse","floor":1.0,"turns":2.0},{"damage":0.0,"enemies":"Small Slimes","floor":2.0,"turns":3.0},{"damage":5.0,"enemies":"Cultist","floor":5.0,"turns":4.0},{"damage":69.0,"enemies":"Gremlin Nob","floor":6.0,"turns":6.0},{"damage":35.0,"enemies":"3 Sentries","floor":8.0,"turns":7.0},{"damage":44,"enemies":"Hexaghost","floor":16,"turns":10}],"seed_played":"-3125959250488871260","potions_obtained":[{"floor":1.0,"key":"FairyPotion"},{"floor":6.0,"key":"Explosive Potion"},{"floor":8.0,"key":"GamblersBrew"}],"is_trial":false,"path_per_floor":["M","M","?","?","M","E","R","E","T","R","?","?","?","$","R","B"],"character_chosen":"DEFECT","items_purchased":[],"campfire_rested":2,"item_purchase_floors":[],"current_hp_per_floor":[67,74,74,75,75,13,35,29,29,29,22,22,22,22,42,0,0],"gold":158,"neow_bonus":"RANDOM_COLORLESS","is_daily":false,"chose_seed":false,"campfire_upgraded":1,"win_rate":0.0,"timestamp":1611570968,"path_taken":["M","M","?","?","?","E","R","E","T","R","?","?","?","$","R","BOSS"],"items_purchased_type":[],"build_version":"2020-12-22","purchased_purges":1,"victory":false,"max_hp_per_floor":[75,75,75,75,75,75,75,75,75,75,75,69,69,69,69,69,69],"relic_stats":{"counters":[6,32],"Golden Idol":0,"Art of War":[3],"obtain_stats":[{"Lantern":8,"Anchor":9,"Golden Idol":12,"Art of War":6,"Cracked Core":0},{"Lantern":5,"Anchor":5,"Golden Idol":5,"Art of War":4,"Cracked Core":0},{"Lantern":22,"Anchor":22,"Golden Idol":22,"Art of War":15,"Cracked Core":0}]},"card_choices":[{"not_picked":["Purity","Jack Of All Trades"],"picked":"Trip","floor":0.0},{"not_picked":["Fusion","Beam Cell"],"picked":"Self Repair","floor":1.0},{"not_picked":["Heatsinks","Beam Cell"],"picked":"BootSequence","floor":2.0},{"not_picked":["Barrage","Rip and Tear"],"picked":"Streamline","floor":5.0},{"not_picked":["Redo","Meteor Strike"],"picked":"Go for the Eyes","floor":6.0},{"not_picked":["Blizzard","Leap"],"picked":"Beam Cell","floor":8.0}],"player_experience":844664,"relics_obtained":[{"floor":6.0,"key":"Art of War"},{"floor":8.0,"key":"Lantern"},{"floor":9.0,"key":"Anchor"}],"event_choices":[{"damage_healed":0.0,"max_hp_gain":0.0,"max_hp_loss":0.0,"gold_gain":0.0,"cards_transformed":["Strike_B"],"event_name":"Living Wall","player_choice":"Change","floor":3.0,"gold_loss":0.0,"damage_taken":0.0,"cards_obtained":["Reprogram"]},{"damage_healed":1.0,"max_hp_gain":0.0,"max_hp_loss":0.0,"gold_gain":0.0,"event_name":"Wheel of Change","player_choice":"Full Heal","floor":4.0,"gold_loss":0.0,"damage_taken":0.0},{"cards_removed":["Strike_B"],"damage_healed":0.0,"max_hp_gain":0.0,"max_hp_loss":0.0,"gold_gain":0.0,"event_name":"Golden Wing","player_choice":"Card Removal","floor":11.0,"gold_loss":0.0,"damage_taken":7.0},{"damage_healed":0.0,"max_hp_gain":0.0,"max_hp_loss":6.0,"gold_gain":0.0,"event_name":"Golden Idol","player_choice":"Lose Max HP","floor":12.0,"gold_loss":0.0,"damage_taken":0.0,"relics_obtained":["Golden Idol"]},{"damage_healed":0.0,"max_hp_gain":0.0,"max_hp_loss":0.0,"gold_gain":0.0,"cards_transformed":["Strike_B"],"event_name":"Transmorgrifier","player_choice":"Transformed","floor":13.0,"gold_loss":0.0,"damage_taken":0.0,"cards_obtained":["Chaos"]}],"is_beta":false,"boss_relics":[],"items_purged_floors":[14],"is_endless":false,"potions_floor_spawned":[1,6,8],"killed_by":"Hexaghost","ascension_level":8}}