{"host":"o9ks9zgjwk1fcyk2","time":1611538150,"event":{"mods":["A Magickal Journey","AchievementEnabler","Aspiration","BaseMod","BetterRewards","Colored Map","Colored Powertips","Conspire","DeckTracker","Downfall","Friendly Minions","GifTheSpireLib","Halation","Highlight Path","Hubris","Infinite Spire","Ironclad Rager","Minty Spire (QoL Compilation)","Permanent Neow","Quarter Circle Forward PUNCH!","Quick Restart","READ ME - Guardian Mod","Relic Sorter","Replay The Spire","StSLib","Stuff the Spire","The Alterego","The Construct","The Cursed","The Disciple","The Forsaken","The Jungle","The Marked","The Mystic"],"gold_per_floor":[99,99,99,99,99,99,122,137,151,151,168,192,192,216,237,237,237,237],"floor_reached":16,"language":"ENG","playtime":923,"items_purged":[],"score":92,"play_id":"22651cc9-d0df-44bb-b572-28d581ba006d","local_time":"20210125012910","is_ascension_mode":false,"campfire_choices":[{"data":"hexamod:Sear","floor":1,"key":"SMITH"},{"data":"hexamod:NightmareGuise","floor":10,"key":"SMITH"},{"data":"hexamod:FastForward","floor":13,"key":"SMITH"}],"circlet_count":0,"master_deck":["hexamod:Strike","hexamod:Strike","hexamod:Strike","hexamod:Strike","hexamod:Defend+1","hexamod:Defend","hexamod:Defend","hexamod:Defend","hexamod:Sear+1","hexamod:Float","hexamod:FastForward+1","hexamod:RainOfEmbers","hexamod:BurningTouch","hexamod:NightmareGuise+1","hexamod:SecondSeal","hexamod:VolcanoVisage","hexamod:FirstSeal"],"relics":["hexamod:SpiritBrand","downfall:HeartsMalice","downfall:BrokenWingStatue","Omamori"],"acts_visited":["Exordium"],"potions_floor_usage":[16],"damage_taken":[{"damage":0,"enemies":"conspire:RoseBush","floor":4,"turns":1},{"damage":0,"enemies":"Small Slimes","floor":5,"turns":1},{"damage":0,"enemies":"infinitespire:Voidling","floor":6,"turns":1},{"damage":23,"enemies":"Gremlin Gang","floor":8,"turns":7},{"damage":3,"enemies":"Red Slaver","floor":9,"turns":3},{"damage":0,"enemies":"Blue Slaver","floor":11,"turns":3},{"damage":1,"enemies":"Large Slime","floor":12,"turns":4},{"damage":0,"enemies":"conspire:2 RoseBushes","floor":14,"turns":5},{"damage":7,"enemies":"Exordium Wildlife","floor":15,"turns":4},{"damage":37,"enemies":"IC_STATUS_ARCHETYPE","floor":16,"turns":8}],"seed_played":"-9065820162362137796","potions_obtained":[{"floor":8,"key":"Death Potion"},{"floor":12,"key":"CultistPotion"},{"floor":14,"key":"SneckoOil"}],"is_trial":false,"path_per_floor":["R","?","?","M","M","M","T","M","M","R","M","M","R","M","M","B"],"character_chosen":"THE_SPIRIT","items_purchased":[],"campfire_rested":0,"item_purchase_floors":[],"current_hp_per_floor":[70,70,70,70,70,70,70,47,44,44,44,43,43,43,36,0,0,0],"gold":237,"neow_bonus":"THREE_ENEMY_KILL","is_daily":false,"chose_seed":false,"campfire_upgraded":3,"win_rate":0.0,"timestamp":1611538150,"path_taken":["R","?","?","M","M","?","T","?","?","R","M","M","R","M","M","BOSS"],"items_purchased_type":[],"build_version":"2020-12-22","purchased_purges":0,"victory":false,"max_hp_per_floor":[70,70,70,70,70,70,70,70,70,70,70,70,70,70,70,70,70,70],"card_choices":[{"not_picked":["hexamod:SpectersWail","hexamod:DynamicBlow"],"picked":"hexamod:FastForward","floor":4},{"not_picked":["hexamod:Incineration","hexamod:HauntingEcho","hexamod:SpectersWail"],"picked":"SKIP","floor":5},{"not_picked":["hexamod:RetreatToShadows","hexamod:StepThrough"],"picked":"hexamod:RainOfEmbers","floor":6},{"not_picked":["hexamod:BacktrackSmack","hexamod:AdvancingGuard"],"picked":"hexamod:BurningTouch","floor":8},{"not_picked":["hexamod:Incineration","hexamod:HeatMetal"],"picked":"hexamod:NightmareGuise","floor":9},{"not_picked":["hexamod:SoulSteal","hexamod:FastForward"],"picked":"hexamod:SecondSeal","floor":11},{"not_picked":["hexamod:BurningTouch","hexamod:NightmareGuise"],"picked":"hexamod:VolcanoVisage","floor":12},{"not_picked":["hexamod:Incineration","hexamod:GhostOfSpirePast","hexamod:FastForward"],"picked":"SKIP","floor":14},{"not_picked":["hexamod:Hexaguard","hexamod:RadiantFlame"],"picked":"hexamod:FirstSeal","floor":15}],"player_experience":333272,"relics_obtained":[{"floor":7,"key":"Omamori"}],"event_choices":[{"damage_healed":0,"gold_gain":0,"player_choice":"Forge","damage_taken":0,"max_hp_gain":0,"max_hp_loss":0,"event_name":"Accursed Blacksmith","floor":3,"gold_loss":0,"cards_upgraded":["hexamod:Defend"]}],"is_beta":false,"boss_relics":[],"items_purged_floors":[],"is_endless":false,"potions_floor_spawned":[8,12,14,15],"killed_by":"IC_STATUS_ARCHETYPE","ascension_level":0}}