{"host":"f9ntswufr8mq3t4y","time":1611591520,"event":{"mods":["AchievementEnabler","BaseMod","Best Route Mod","Block Reminder","Colored Map","Colored Powertips","Curses Come First","DeckTracker","Displayed Cursed Tome","Highlight Path","Minty Spire (QoL Compilation)","Permanent Neow","Quick Restart","Slay-I","StSLib"],"gold_per_floor":[361,361,536,201,214,214,162,237,310,345,345,42,42,66,66,66,66],"floor_reached":16,"language":"ENG","playtime":725,"items_purged":["Doubt"],"score":125,"play_id":"64baf0d8-9735-41cc-8349-dcfe6abf3b6c","local_time":"20210125191840","is_ascension_mode":true,"campfire_choices":[{"data":"Neutralize","floor":6,"key":"SMITH"},{"floor":13,"key":"REST"},{"data":"Tactician","floor":15,"key":"SMITH"}],"circlet_count":0,"master_deck":["Strike_G","Strike_G","Strike_G","Strike_G","Strike_G","Defend_G","Defend_G","Defend_G","Defend_G","Defend_G","Survivor","Neutralize+1","Dagger Throw","Dash","Tactician+1"],"relics":["Ring of the Snake","Golden Idol","Mummified Hand","StrikeDummy","Turnip","CeramicFish","Regal Pillow","Blood Vial"],"acts_visited":["Exordium"],"potions_floor_usage":[10,16,16],"damage_taken":[{"damage":0,"enemies":"2 Louse","floor":1,"turns":4},{"damage":1,"enemies":"Small Slimes","floor":5,"turns":4},{"damage":17,"enemies":"Lagavulin","floor":10,"turns":7},{"damage":0,"enemies":"Jaw Worm","floor":14,"turns":2},{"damage":60,"enemies":"The Guardian","floor":16,"turns":15}],"seed_played":"4871394241258217825","potions_obtained":[{"floor":10,"key":"FearPotion"},{"floor":14,"key":"Poison Potion"}],"is_trial":false,"path_per_floor":["M","?","?","$","M","R","$","?","T","E","T","$","R","M","R","B"],"character_chosen":"THE_SILENT","items_purchased":["Mummified Hand","PowerPotion","Regal Pillow","Blood Vial"],"campfire_rested":1,"item_purchase_floors":[4,7,12,12],"current_hp_per_floor":[63,48,48,48,47,47,47,36,36,19,19,19,52,54,54,0,0],"gold":66,"neow_bonus":"TWO_FIFTY_GOLD","is_daily":false,"chose_seed":false,"campfire_upgraded":2,"win_rate":0.0,"timestamp":1611591520,"path_taken":["M","?","?","$","?","R","$","?","T","E","?","?","R","?","R","BOSS"],"items_purchased_type":["Relic","Potion","Relic","Relic"],"build_version":"2020-12-22","purchased_purges":1,"victory":false,"max_hp_per_floor":[63,63,63,63,63,63,63,63,63,63,63,63,63,63,63,63,63],"card_choices":[{"not_picked":["Deflect","Acrobatics"],"picked":"Dagger Throw","floor":1},{"not_picked":["Sucker Punch","PiercingWail","Quick Slash"],"picked":"SKIP","floor":5},{"not_picked":["Backflip","Envenom"],"picked":"Dash","floor":10},{"not_picked":["Reflex","Setup"],"picked":"Tactician","floor":14}],"player_experience":361674,"relics_obtained":[{"floor":9,"key":"StrikeDummy"},{"floor":10,"key":"Turnip"},{"floor":11,"key":"CeramicFish"}],"event_choices":[{"damage_healed":0,"gold_gain":0,"player_choice":"Take Damage","damage_taken":15,"relics_obtained":["Golden Idol"],"max_hp_gain":0,"max_hp_loss":0,"event_name":"Golden Idol","floor":2,"gold_loss":0},{"damage_healed":0,"gold_gain":175,"player_choice":"AGREE","damage_taken":0,"max_hp_gain":0,"max_hp_loss":0,"event_name":"Liars Game","floor":3,"gold_loss":0,"cards_obtained":["Doubt"]},{"damage_healed":0,"gold_gain":75,"player_choice":"Gather Gold","damage_taken":11,"max_hp_gain":0,"max_hp_loss":0,"event_name":"World of Goop","floor":8,"gold_loss":0}],"is_beta":false,"boss_relics":[],"items_purged_floors":[4],"is_endless":false,"potions_floor_spawned":[10,14],"killed_by":"The Guardian","ascension_level":6}}