{"host":"edc6wmn2qug8wnvl","time":1611552145,"event":{"mods":["AchievementEnabler","BaseMod","Colored Map","Colored Powertips","Minty Spire (QoL Compilation)","StSLib"],"gold_per_floor":[114,114,114,19,29,60,60,70,70,70,70,103,19,19,19,119,119,106,21,21,21,31,131,131,143,143,155,165,165,32,42,42,142,142,161,172,17,17,17,35,35,55,78,78,78],"floor_reached":44,"language":"ENG","playtime":2645,"items_purged":[],"score":443,"play_id":"5865dac8-cde0-4707-93be-7f98950a3ec8","local_time":"20210124212225","is_ascension_mode":false,"campfire_choices":[{"data":"Enlightenment","floor":10,"key":"SMITH"},{"floor":15,"key":"REST"},{"floor":24,"key":"REST"},{"data":"Buffer","floor":29,"key":"SMITH"},{"floor":32,"key":"REST"},{"data":"Sunder","floor":41,"key":"SMITH"}],"circlet_count":0,"master_deck":["Strike_B+1","Strike_B","Strike_B+1","Defend_B","Defend_B","Defend_B","Zap","Dualcast","Redo","Enlightenment+1","Double Energy","Darkness","Seek+1","Stack","Rip and Tear","Buffer+1","Hologram","Neutralize","Auto Shields+1","Skim","Rip and Tear+1","BootSequence","Sunder+1","BootSequence","Buffer","Double Energy","Self Repair+1","Seek+1"],"relics":["Cracked Core","NeowsBlessing","Ice Cream","Eternal Feather","Ginger","Toy Ornithopter","Nuclear Battery","Question Card","Letter Opener","Busted Crown","DollysMirror","MealTicket"],"acts_visited":["Exordium","TheCity","TheBeyond"],"potions_floor_usage":[12,16,21,25,27,30,31,33,33,44],"damage_taken":[{"damage":0,"enemies":"Jaw Worm","floor":1,"turns":1},{"damage":0,"enemies":"2 Louse","floor":5,"turns":1},{"damage":0,"enemies":"Lagavulin","floor":6,"turns":1},{"damage":0,"enemies":"Cultist","floor":8,"turns":2},{"damage":34,"enemies":"3 Sentries","floor":12,"turns":7},{"damage":52,"enemies":"The Guardian","floor":16,"turns":10},{"damage":22,"enemies":"2 Thieves","floor":18,"turns":4},{"damage":0,"enemies":"3 Byrds","floor":21,"turns":1},{"damage":27,"enemies":"Snecko","floor":22,"turns":6},{"damage":26,"enemies":"3 Cultists","floor":25,"turns":6},{"damage":1,"enemies":"Snake Plant","floor":27,"turns":5},{"damage":17,"enemies":"Sentry and Sphere","floor":28,"turns":5},{"damage":7,"enemies":"Shelled Parasite and Fungi","floor":31,"turns":6},{"damage":67,"enemies":"Collector","floor":33,"turns":13},{"damage":0,"enemies":"Orb Walker","floor":35,"turns":4},{"damage":12,"enemies":"3 Shapes","floor":36,"turns":4},{"damage":4,"enemies":"Jaw Worm Horde","floor":40,"turns":4},{"damage":0,"enemies":"4 Shapes","floor":42,"turns":4},{"damage":84,"enemies":"Giant Head","floor":44,"turns":9}],"seed_played":"-4815965141422008986","potions_obtained":[{"floor":8,"key":"Block Potion"},{"floor":12,"key":"FocusPotion"},{"floor":16,"key":"SmokeBomb"},{"floor":22,"key":"GamblersBrew"},{"floor":25,"key":"Weak Potion"},{"floor":31,"key":"Weak Potion"},{"floor":36,"key":"PotionOfCapacity"},{"floor":40,"key":"Block Potion"}],"is_trial":false,"path_per_floor":["M","?","?","$","M","E","?","M","T","R","$","E","$","?","R","B",null,"M","?","?","M","M","?","R","M","T","M","M","R","$","M","R","B",null,"M","M","$","?","?","M","R","M","T","E"],"character_chosen":"DEFECT","items_purchased":["Enlightenment","Stack","Rip and Tear","Sunder","EntropicBrew","DollysMirror"],"campfire_rested":3,"item_purchase_floors":[4,13,13,30,30,37],"current_hp_per_floor":[75,60,75,75,75,75,75,75,75,75,75,41,41,41,72,23,75,53,53,53,58,31,31,65,44,44,48,31,43,48,46,75,13,75,75,63,63,63,63,69,75,75,75,0,0],"gold":78,"neow_bonus":"THREE_ENEMY_KILL","is_daily":false,"chose_seed":false,"campfire_upgraded":3,"win_rate":0.0,"timestamp":1611552145,"path_taken":["M","?","?","$","M","E","?","?","T","R","?","E","$","?","R","BOSS","M","?","?","M","?","?","R","M","T","M","M","R","?","M","R","BOSS","M","M","$","?","?","M","R","M","T","E"],"items_purchased_type":["Card","Card","Card","Card","Potion","Relic"],"build_version":"2020-12-22","purchased_purges":0,"victory":false,"max_hp_per_floor":[75,75,75,75,75,75,75,75,75,75,75,75,75,75,75,75,75,75,75,75,75,75,75,75,75,75,75,75,75,75,75,75,75,75,75,75,75,75,75,75,75,75,75,75,75],"card_choices":[{"not_picked":["Beam Cell","Gash"],"picked":"Redo","floor":1},{"not_picked":["Lockon","Reinforced Body"],"picked":"Steam Power","floor":5},{"not_picked":["Lockon","Storm"],"picked":"Double Energy","floor":6},{"not_picked":["Aggregate","Coolheaded"],"picked":"Darkness","floor":8},{"not_picked":["Aggregate","Leap"],"picked":"Seek","floor":12},{"not_picked":["Electrodynamics","Machine Learning"],"picked":"Buffer","floor":16},{"not_picked":["Conserve Battery+1","Genetic Algorithm"],"picked":"Hologram","floor":18},{"not_picked":["Cold Snap","Sweeping Beam","Redo+1"],"picked":"Auto Shields+1","floor":22},{"not_picked":["Leap","Go for the Eyes","Redo"],"picked":"Skim","floor":25},{"not_picked":["Ball Lightning","Conserve Battery","Chill"],"picked":"Rip and Tear+1","floor":27},{"not_picked":["Compile Driver+1","Rainbow","Auto Shields"],"picked":"BootSequence","floor":28},{"not_picked":["Beam Cell+1","Steam","Rebound"],"picked":"BootSequence","floor":31},{"not_picked":["Creative AI","Machine Learning","Multi-Cast"],"picked":"Buffer","floor":33},{"not_picked":["Redo+1"],"picked":"Double Energy","floor":35},{"not_picked":["Cold Snap"],"picked":"Self Repair+1","floor":36},{"not_picked":["Steam+1","Beam Cell"],"picked":"SKIP","floor":40},{"not_picked":["Cold Snap+1","Beam Cell"],"picked":"SKIP","floor":42}],"player_experience":19368,"relics_obtained":[{"floor":6,"key":"Ice Cream"},{"floor":9,"key":"Ginger"},{"floor":12,"key":"Toy Ornithopter"},{"floor":26,"key":"Letter Opener"},{"floor":43,"key":"MealTicket"}],"event_choices":[{"damage_healed":0,"gold_gain":0,"player_choice":"Entered Light","damage_taken":15,"max_hp_gain":0,"max_hp_loss":0,"event_name":"Shining Light","floor":2,"gold_loss":0,"cards_upgraded":["Strike_B","Strike_B"]},{"damage_healed":25,"gold_gain":0,"player_choice":"Banana","damage_taken":0,"max_hp_gain":0,"max_hp_loss":0,"event_name":"Big Fish","floor":3,"gold_loss":0},{"cards_removed":["Steam Power"],"damage_healed":0,"gold_gain":0,"player_choice":"Gave Card","damage_taken":0,"relics_obtained":["Eternal Feather"],"max_hp_gain":0,"max_hp_loss":0,"event_name":"WeMeetAgain","floor":7,"gold_loss":0},{"damage_healed":0,"gold_gain":0,"player_choice":"Grow","damage_taken":0,"max_hp_gain":0,"max_hp_loss":0,"event_name":"Living Wall","floor":14,"gold_loss":0,"cards_upgraded":["Seek"]},{"damage_healed":0,"gold_gain":0,"player_choice":"Obtained Relic","damage_taken":0,"relics_obtained":["Question Card"],"max_hp_gain":0,"max_hp_loss":0,"event_name":"Addict","floor":19,"gold_loss":85},{"cards_removed":["Strike_B"],"damage_healed":0,"gold_gain":0,"player_choice":"Took Card","damage_taken":0,"max_hp_gain":0,"max_hp_loss":0,"event_name":"NoteForYourself","floor":20,"gold_loss":0,"cards_obtained":["Neutralize"]},{"damage_healed":0,"gold_gain":100,"player_choice":"Pray","damage_taken":0,"max_hp_gain":0,"max_hp_loss":0,"event_name":"Golden Shrine","floor":23,"gold_loss":0},{"damage_healed":0,"gold_gain":0,"player_choice":"Ignored","damage_taken":0,"max_hp_gain":0,"max_hp_loss":0,"event_name":"Mysterious Sphere","floor":38,"gold_loss":0},{"cards_removed":["Defend_B"],"damage_healed":0,"gold_gain":0,"player_choice":"Removed Skill","damage_taken":0,"max_hp_gain":0,"max_hp_loss":0,"event_name":"Falling","floor":39,"gold_loss":0}],"is_beta":false,"boss_relics":[{"not_picked":["Coffee Dripper","Calling Bell"],"picked":"Nuclear Battery"},{"not_picked":["Inserter","FrozenCore"],"picked":"Busted Crown"}],"items_purged_floors":[],"is_endless":false,"potions_floor_spawned":[8,12,16,21,22,25,31,36,40],"killed_by":"Giant Head","ascension_level":0}}