{"host":"vyiqbz5w606ur92t","time":1611549444,"event":{"mods":["BaseMod","Minty Spire (QoL Compilation)","StSLib"],"gold_per_floor":[118,118,138,151,161,194,194,49,98,109,141,141,141,172,172,267,267,241,256,10,23,36,36,50,50,77,77,77],"floor_reached":27,"language":"ENG","playtime":2110,"items_purged":["Strike_R"],"score":284,"play_id":"18b90323-dc68-4437-9ef8-064615d2dc75","local_time":"20210125043724","is_ascension_mode":true,"campfire_choices":[{"data":"Rupture","floor":7,"key":"SMITH"},{"floor":15,"key":"REST"},{"floor":23,"key":"REST"}],"circlet_count":0,"master_deck":["Strike_R","Strike_R","Strike_R","Strike_R","Defend_R","Defend_R","Defend_R","Defend_R","Bash","Deep Breath","Spot Weakness","Sword Boomerang","Bloodletting","Rupture+1","Ghostly Armor","Heavy Blade","True Grit","Dark Embrace+1","Barricade+1","Warcry+1","Intimidate+1","Disarm","Warcry","Decay"],"relics":["Burning Blood","Blue Candle","Vajra","Boot","Dead Branch","Frozen Egg 2","PreservedInsect","Sozu","Bottled Tornado"],"acts_visited":["Exordium","TheCity"],"potions_floor_usage":[11,13,16],"damage_taken":[{"damage":3,"enemies":"Small Slimes","floor":1,"turns":4},{"damage":10,"enemies":"Cultist","floor":3,"turns":5},{"damage":3,"enemies":"2 Louse","floor":4,"turns":4},{"damage":13,"enemies":"Large Slime","floor":5,"turns":5},{"damage":37,"enemies":"Gremlin Nob","floor":6,"turns":4},{"damage":2,"enemies":"Looter","floor":10,"turns":3},{"damage":20,"enemies":"3 Sentries","floor":11,"turns":7},{"damage":0,"enemies":"Blue Slaver","floor":13,"turns":2},{"damage":21,"enemies":"Lagavulin","floor":14,"turns":7},{"damage":27,"enemies":"The Guardian","floor":16,"turns":11},{"damage":21,"enemies":"2 Thieves","floor":18,"turns":5},{"damage":28,"enemies":"Spheric Guardian","floor":19,"turns":5},{"damage":12,"enemies":"Cultist and Chosen","floor":21,"turns":4},{"damage":16,"enemies":"Shelled Parasite and Fungi","floor":22,"turns":3},{"damage":28,"enemies":"Sentry and Sphere","floor":24,"turns":6},{"damage":34,"enemies":"Cultist and Chosen","floor":27,"turns":5}],"seed_played":"2480984470417042143","potions_obtained":[{"floor":1,"key":"BloodPotion"},{"floor":5,"key":"SmokeBomb"},{"floor":10,"key":"Block Potion"},{"floor":14,"key":"Strength Potion"}],"is_trial":false,"path_per_floor":["M","?","M","M","M","E","R","$","T","M","E","?","M","E","R","B",null,"M","M","$","M","M","R","M","?","T","M"],"character_chosen":"IRONCLAD","items_purchased":["Ghostly Armor","Bottled Tornado"],"campfire_rested":2,"item_purchase_floors":[8,20],"current_hp_per_floor":[80,80,76,79,72,41,41,41,41,45,31,28,34,19,43,22,80,65,43,43,37,27,51,29,29,29,0,0],"gold":77,"neow_bonus":"RANDOM_COLORLESS","is_daily":false,"chose_seed":false,"campfire_upgraded":1,"win_rate":0.0,"timestamp":1611549444,"path_taken":["M","?","M","?","M","E","R","?","T","M","E","?","M","E","R","BOSS","M","M","$","M","M","R","M","?","T","M"],"items_purchased_type":["Card","Relic"],"build_version":"2020-12-22","purchased_purges":1,"victory":false,"max_hp_per_floor":[80,80,80,80,80,80,80,80,80,80,80,80,80,80,80,80,80,80,80,80,80,80,80,80,80,80,80,80],"card_choices":[{"not_picked":["Enlightenment","Dark Shackles"],"picked":"Deep Breath","floor":0},{"not_picked":["Blood for Blood","Clash","Armaments"],"picked":"SKIP","floor":1},{"not_picked":["Whirlwind","Bloodletting"],"picked":"Spot Weakness","floor":3},{"not_picked":["Dark Embrace","Headbutt"],"picked":"Sword Boomerang","floor":4},{"not_picked":["Clash","Perfected Strike"],"picked":"Bloodletting","floor":5},{"not_picked":["Power Through","Armaments"],"picked":"Rupture","floor":6},{"not_picked":["Cleave","Perfected Strike"],"picked":"Heavy Blade","floor":10},{"not_picked":["Bludgeon","Demon Form"],"picked":"True Grit","floor":11},{"not_picked":["Twin Strike","True Grit"],"picked":"Dark Embrace+1","floor":14},{"not_picked":["Double Tap","Juggernaut+1"],"picked":"Barricade+1","floor":16},{"not_picked":["Cleave","Rage"],"picked":"Warcry+1","floor":18},{"not_picked":["Body Slam","Sword Boomerang","Perfected Strike+1"],"picked":"SKIP","floor":19},{"not_picked":["Iron Wave","Heavy Blade"],"picked":"Intimidate+1","floor":21},{"not_picked":["Clothesline","Pummel"],"picked":"Disarm","floor":22},{"not_picked":["Iron Wave","Dual Wield"],"picked":"Warcry","floor":24}],"player_experience":1014304,"relics_obtained":[{"floor":6,"key":"Vajra"},{"floor":9,"key":"Boot"},{"floor":11,"key":"Dead Branch"},{"floor":14,"key":"PreservedInsect"}],"event_choices":[{"damage_healed":0,"gold_gain":0,"player_choice":"Gave Potion","damage_taken":0,"relics_obtained":["Blue Candle"],"max_hp_gain":0,"max_hp_loss":0,"event_name":"WeMeetAgain","floor":2,"gold_loss":0},{"damage_healed":0,"gold_gain":0,"player_choice":"Success","damage_taken":3,"relics_obtained":["Frozen Egg 2"],"max_hp_gain":0,"max_hp_loss":0,"event_name":"Scrap Ooze","floor":12,"gold_loss":0},{"damage_healed":0,"gold_gain":0,"player_choice":"Smashed Altar","damage_taken":0,"max_hp_gain":0,"max_hp_loss":0,"event_name":"Forgotten Altar","floor":25,"gold_loss":0,"cards_obtained":["Decay"]}],"is_beta":false,"boss_relics":[{"not_picked":["Runic Pyramid","Fusion Hammer"],"picked":"Sozu"}],"items_purged_floors":[8],"is_endless":false,"potions_floor_spawned":[1,5,10,13,14,21,24],"killed_by":"Cultist and Chosen","ascension_level":4}}