{"host":"qy1e0kd24tpj3i2m","time":1611613811,"event":{"mods":["Act Like it!","Alarm Clock","BaseMod","Better Skull","Better Vampires","Colored Map","Colored Powertips","Custom Start","Faster Ascension Climbing","Friendly Minions","GifTheSpireLib","Gremlin Skip","Highlight Path","Minty Spire (QoL Compilation)","Permanent Neow","Poor People Problems","Quick Restart","Red Circlet Mod","Relic Filter Mod","Relic Sorter","Reorder Act Four","SacredBarkPlus","Shop Mod","StSLib","SuperFastMode","Transform Curses","没有小屋子和绿帽子啦"],"gold_per_floor":[114,128,128,128,138,168,168,243,323,348,348,363,363,363],"floor_reached":13,"language":"ZHS","playtime":464,"items_purged":[],"score":166,"play_id":"a2680873-c389-4bdf-bfad-0051be4377c7","local_time":"20210126073011","is_ascension_mode":true,"campfire_choices":[{"data":"Feed","floor":7.0,"key":"SMITH"},{"data":"Rage","floor":11.0,"key":"SMITH"}],"circlet_count":0,"master_deck":["AscendersBane","Strike_R","Strike_R","Strike_R","Strike_R","Strike_R","Defend_R","Defend_R","Defend_R","Defend_R","Feed+1","Rage+1","Feel No Pain","Shrug It Off"],"relics":["Burning Blood","Bag of Preparation","Centennial Puzzle","Matryoshka","Odd Mushroom"],"acts_visited":["Exordium"],"potions_floor_usage":[],"damage_taken":[{"damage":7.0,"enemies":"Cultist","floor":1.0,"turns":4.0},{"damage":4.0,"enemies":"Jaw Worm","floor":2.0,"turns":4.0},{"damage":7.0,"enemies":"Small Slimes","floor":5.0,"turns":4.0},{"damage":27.0,"enemies":"3 Sentries","floor":6.0,"turns":20.0},{"damage":17.0,"enemies":"The Mushroom Lair","floor":10.0,"turns":5.0},{"damage":1.0,"enemies":"Looter","floor":12.0,"turns":3.0},{"damage":28,"enemies":"Lagavulin","floor":13,"turns":6}],"seed_played":"1188094144405812472","potions_obtained":[{"floor":1.0,"key":"FearPotion"},{"floor":6.0,"key":"Block Potion"},{"floor":10.0,"key":"DuplicationPotion"}],"is_trial":false,"path_per_floor":["M","M","?","?","M","E","R","?","T","?","R","M","E"],"character_chosen":"IRONCLAD","items_purchased":[],"campfire_rested":0,"item_purchase_floors":[],"current_hp_per_floor":[70,74,67,56,58,40,40,29,29,22,22,31,3,3],"gold":363,"neow_bonus":"THREE_RARE_CARDS","is_daily":false,"chose_seed":false,"campfire_upgraded":2,"win_rate":0.0,"timestamp":1611613811,"path_taken":["M","?","?","?","M","E","R","?","T","?","R","M","E"],"items_purchased_type":[],"build_version":"2020-12-22","purchased_purges":0,"victory":false,"max_hp_per_floor":[71,74,74,74,77,80,80,80,80,84,84,88,88,88],"card_choices":[{"not_picked":["Impervious","Barricade"],"picked":"Feed","floor":0.0},{"not_picked":["Heavy Blade","Havoc"],"picked":"Rage","floor":1.0},{"not_picked":["Combust","Anger"],"picked":"Feel No Pain","floor":2.0},{"not_picked":["Sever Soul","Blood for Blood","Dropkick"],"picked":"SKIP","floor":5.0},{"not_picked":["Hemokinesis","Anger","Spot Weakness"],"picked":"SKIP","floor":6.0},{"not_picked":["Clash","Offering"],"picked":"Shrug It Off","floor":12.0}],"player_experience":942693,"relics_obtained":[{"floor":6.0,"key":"Centennial Puzzle"},{"floor":9.0,"key":"Matryoshka"},{"floor":10.0,"key":"Odd Mushroom"}],"event_choices":[{"cards_removed":["Bash"],"damage_healed":0.0,"max_hp_gain":0.0,"max_hp_loss":0.0,"gold_gain":0.0,"event_name":"Golden Wing","player_choice":"Card Removal","floor":3.0,"gold_loss":0.0,"damage_taken":7.0},{"damage_healed":0.0,"max_hp_gain":0.0,"max_hp_loss":0.0,"gold_gain":0.0,"event_name":"Scrap Ooze","player_choice":"Success","floor":4.0,"gold_loss":0.0,"damage_taken":11.0,"relics_obtained":["Bag of Preparation"]},{"damage_healed":0.0,"max_hp_gain":0.0,"max_hp_loss":0.0,"gold_gain":75.0,"event_name":"World of Goop","player_choice":"Gather Gold","floor":8.0,"gold_loss":0.0,"damage_taken":11.0},{"damage_healed":0.0,"max_hp_gain":0.0,"max_hp_loss":0.0,"gold_gain":0.0,"event_name":"Mushrooms","player_choice":"Fought Mushrooms","floor":10.0,"gold_loss":0.0,"damage_taken":0.0}],"is_beta":false,"boss_relics":[],"items_purged_floors":[],"is_endless":false,"potions_floor_spawned":[1,6,10],"killed_by":"Lagavulin","ascension_level":20}}