{"host":"0ukt4blzh5g8drbw","time":1611579871,"event":{"mods":["100% Spire Juice","ATMod(∞¢Ë™Mod)","AchievementEnabler","Act Like it!","Arknights The Spire","Aspiration","BaseMod","ChefMod","Dota2Spire","Downfall","Energized Spire","Gensokyo","GungeonMod","KinomotoSakuraMod(ƒæ÷Æ±æ”£)","Koishi","Luminous","Mari Mod (Legacy)","Mari\u0027s V1 Patch","Marisa£®ÏF”Í°°ƒß¿Ì…≥£©","Minty Spire (QoL Compilation)","Quick Restart","Reimu£®≤©¿ˆ¡È√Œ£©","Remilia£®¿Ÿ√◊¿Ú—«£©","Replay The Spire","Robot Space Explorer","StSLib","The Alterego","The Bug Knight","The Construct","The Marked","The Runesmith","The Servant 0.9.4","WarShipGirlsR/’ΩΩ¢…Ÿ≈ÆR mod","Yakumo Yukari mod","Youmu£®ªÍ∆«—˝√Œ£©","Yuyuko","[IsaacMod]“‘»ˆº‚À˛","°æ“≈ŒÔø®≈∆°øREMEMod"],"gold_per_floor":[116,116,128,128,141,173,191,205,205,222,235,235,269,269,269,371,371,383,402,421,421,483,37,52,52,52,67,67,102,102,115,115,214,94,109,109,109,109],"floor_reached":37,"language":"ZHS","playtime":2573,"items_purged":[],"score":523,"play_id":"fb85c4c4-30b8-4d2c-b5cb-7a55bfb96731","local_time":"20210125210431","is_ascension_mode":false,"campfire_choices":[{"data":"Moonworks:EvilMastermind","floor":12.0,"key":"SMITH"},{"data":"Moonworks:CompletionReward","floor":15.0,"key":"SMITH"},{"data":"Moonworks:MiracleWalker","floor":30.0,"key":"SMITH"},{"data":"Moonworks:IndiscriminateFireSupport","floor":32.0,"key":"SMITH"}],"circlet_count":0,"master_deck":["Moonworks:Strike","Moonworks:Strike","Moonworks:Strike","Moonworks:Strike","Moonworks:Defend","Moonworks:Defend","Moonworks:Defend","Moonworks:Defend","Moonworks:Ambush","Moonworks:LongDistanceShot","Moonworks:NicePresent","Moonworks:SakisCookie","Moonworks:Strike","Moonworks:IndiscriminateFireSupport+1","Moonworks:MiracleRedBeanIceCream","Moonworks:EvilMastermind+1","Moonworks:CompletionReward+1","Moonworks:ShieldCounter","Moonworks:JonathanRush+1","Moonworks:AwakeningOfTalent","Moonworks:Bloodlust","Moonworks:MiracleWalker+1","Moonworks:LuckyCharm+1","Moonworks:ReflectiveShell"],"relics":["Moonworks:BrokenBomb","Moonworks:Homemark","AT_ATBox","HushsDoor","REME_ComplimentaryCards","Blue Doll","Leech","champ:DeflectingBracers","Counterbalance","DemoMod:MonsterBlood","SlaversCollar","RottenBaby","aspiration:RitualStick","GuppysTail","GuppysPaw","Dota2Spire:PhaseBoots","energizedSpire:DeadBattery"],"acts_visited":["Exordium","TheCity","TheBeyond"],"potions_floor_usage":[37,37],"damage_taken":[{"damage":1.0,"enemies":"2 Louse","floor":1.0,"turns":2.0},{"damage":5.0,"enemies":"Small Slimes","floor":3.0,"turns":3.0},{"damage":0.0,"enemies":"Jaw Worm","floor":5.0,"turns":3.0},{"damage":15.0,"enemies":"Replay:BlueRogue","floor":6.0,"turns":7.0},{"damage":7.0,"enemies":"Blue Slaver","floor":7.0,"turns":2.0},{"damage":0.0,"enemies":"3 Louse","floor":8.0,"turns":2.0},{"damage":6.0,"enemies":"Lots of Slimes","floor":10.0,"turns":2.0},{"damage":5.0,"enemies":"Large Slime","floor":11.0,"turns":4.0},{"damage":0.0,"enemies":"Gremlin Nob","floor":13.0,"turns":2.0},{"damage":0.0,"enemies":"Slime Boss","floor":16.0,"turns":4.0},{"damage":0.0,"enemies":"Chosen","floor":18.0,"turns":3.0},{"damage":4.0,"enemies":"Spheric Guardian","floor":19.0,"turns":3.0},{"damage":14.0,"enemies":"Snecko","floor":20.0,"turns":3.0},{"damage":11.0,"enemies":"Replay:Snechameleon","floor":23.0,"turns":4.0},{"damage":0.0,"enemies":"Snake Plant","floor":24.0,"turns":2.0},{"damage":10.0,"enemies":"Chosen and Byrds","floor":27.0,"turns":3.0},{"damage":0.0,"enemies":"Book of Stabbing","floor":29.0,"turns":3.0},{"damage":0.0,"enemies":"Sentry and Sphere","floor":31.0,"turns":3.0},{"damage":12.0,"enemies":"Collector","floor":33.0,"turns":4.0},{"damage":33.0,"enemies":"3 Darklings","floor":35.0,"turns":4.0},{"damage":53,"enemies":"3 Darklings","floor":37,"turns":7}],"seed_played":"4808736058161758271","potions_obtained":[{"floor":3.0,"key":"FearPotion"},{"floor":10.0,"key":"GrandPatriotsElixir:ReiMu"},{"floor":11.0,"key":"Toxic Potion"},{"floor":20.0,"key":"Fire Potion"},{"floor":27.0,"key":"REME_GoldPotion"},{"floor":33.0,"key":"SpeedPotion"},{"floor":35.0,"key":"DuplicationPotion"}],"is_trial":false,"path_per_floor":["M","?","M","?","M","E","M","M","T","M","M","R","E","?","R","B",null,"M","M","M","?","?","E","M","$","T","M","$","E","R","M","R","B",null,"M","?","?"],"character_chosen":"THE_STARBREAKER","items_purchased":["RottenBaby"],"campfire_rested":0,"item_purchase_floors":[17],"current_hp_per_floor":[60,60,57,50,52,43,38,39,39,39,43,43,49,41,41,49,51,51,51,43,33,18,16,25,25,25,31,31,39,39,51,51,48,51,35,35,0,0],"gold":109,"neow_bonus":"RANDOM_COMMON_RELIC","is_daily":false,"chose_seed":false,"campfire_upgraded":4,"win_rate":0.0,"timestamp":1611579871,"path_taken":["M","?","M","?","M","E","M","M","T","M","M","R","E","?","R","BOSS","M","M","M","?","?","E","?","?","T","?","?","E","R","M","R","BOSS","M","?","?"],"items_purchased_type":["Relic"],"build_version":"2020-12-22","purchased_purges":0,"victory":false,"max_hp_per_floor":[60,60,60,60,60,60,60,60,60,60,60,60,60,67,67,67,51,51,51,51,51,51,51,51,51,51,51,51,51,51,51,51,51,51,51,51,51,51],"card_choices":[{"not_picked":["Moonworks:ExtendedPhotonRifle","Moonworks:MixPhenomenon"],"picked":"Moonworks:NicePresent","floor":1.0},{"not_picked":[],"picked":"Moonworks:SakisCookie","floor":2.0},{"not_picked":["Moonworks:SubspaceTunnel","Moonworks:BigMagnum","Moonworks:IntelligenceOfficer"],"picked":"SKIP","floor":3.0},{"not_picked":["Moonworks:Assault","Moonworks:CloudOfSeagulls"],"picked":"Bomb","floor":5.0},{"not_picked":["Moonworks:ImOnFire","Moonworks:OutOfAmmo","Moonworks:FinalSurgery"],"picked":"SKIP","floor":6.0},{"not_picked":["Moonworks:Poppoformation","Moonworks:BigMagnum"],"picked":"Moonworks:IndiscriminateFireSupport","floor":7.0},{"not_picked":["Moonworks:LulusLuckyEgg","Moonworks:Assault"],"picked":"Moonworks:MiracleRedBeanIceCream","floor":8.0},{"not_picked":["Moonworks:EvilSpyWorkPreparation","Bomb"],"picked":"Moonworks:EvilMastermind","floor":10.0},{"not_picked":["Moonworks:LulusLuckyEgg","Moonworks:EvilSpyWorkPreparation","Moonworks:Assault"],"picked":"SKIP","floor":11.0},{"not_picked":["Moonworks:Assault","Moonworks:ExtendedPhotonRifle"],"picked":"Moonworks:CompletionReward","floor":13.0},{"not_picked":["Moonworks:FinalBattle","Moonworks:WeAreWaruda"],"picked":"Moonworks:ShieldCounter","floor":16.0},{"not_picked":["Moonworks:EvilSpyWorkPreparation","Moonworks:IndiscriminateFireSupport+1","Moonworks:LuckyCharm"],"picked":"SKIP","floor":18.0},{"not_picked":["Moonworks:EvilSpyWorkPreparation","Moonworks:ImmovableObject"],"picked":"Moonworks:JonathanRush+1","floor":19.0},{"not_picked":["Moonworks:AngelHand+1","Moonworks:LulusLuckyEgg"],"picked":"Moonworks:x16BigRocket","floor":20.0},{"not_picked":["Moonworks:SelfDestruct","Moonworks:SubspaceTunnel"],"picked":"Moonworks:AwakeningOfTalent","floor":23.0},{"not_picked":["Moonworks:SakisCookie","Moonworks:SweetBattle"],"picked":"Moonworks:Bloodlust","floor":24.0},{"not_picked":["Moonworks:JonathanRush","Moonworks:ImOnFire"],"picked":"Moonworks:MiracleWalker","floor":27.0},{"not_picked":["Moonworks:ExtendedPhotonRifle","Moonworks:OutOfAmmo"],"picked":"Moonworks:LuckyCharm+1","floor":29.0},{"not_picked":["Moonworks:ImOnFire+1","Moonworks:JonathanRush","Moonworks:IntelligenceOfficer"],"picked":"SKIP","floor":31.0},{"not_picked":["Moonworks:Accelerator","Moonworks:Wanted"],"picked":"Moonworks:ReflectiveShell","floor":33.0},{"not_picked":["Moonworks:EvilSpyWorkPreparation","Moonworks:AwakeningOfTalent+1","Moonworks:BigMagnum"],"picked":"SKIP","floor":35.0}],"player_experience":128200,"relics_obtained":[{"floor":6.0,"key":"champ:DeflectingBracers"},{"floor":13.0,"key":"Counterbalance"},{"floor":23.0,"key":"GuppysTail"},{"floor":26.0,"key":"GuppysPaw"},{"floor":29.0,"key":"Dota2Spire:PhaseBoots"}],"event_choices":[{"cards_removed":["Moonworks:x16BigRocket"],"damage_healed":0.0,"max_hp_gain":0.0,"max_hp_loss":0.0,"gold_gain":0.0,"event_name":"Falling","player_choice":"Removed Attack","floor":36.0,"gold_loss":0.0,"damage_taken":0.0}],"is_beta":false,"boss_relics":[{"not_picked":["construct:WeddingRing","aspiration:MarisaSkillbook"],"picked":"SlaversCollar"},{"not_picked":[]},{"not_picked":["Replay:Grab Bag","energizedSpire:RedRose"],"picked":"energizedSpire:DeadBattery"},{"not_picked":[]}],"items_purged_floors":[],"is_endless":false,"potions_floor_spawned":[3,10,11,13,18,20,24,27,33,35],"killed_by":"3 Darklings","ascension_level":0}}