{"host":"ordk2y2ebcetabk6","time":1611557469,"event":{"mods":["AlwaysNeverKeys","Bard","BaseMod","Better Debug","Colored Map","Colored Powertips","Dark Map","Hermit","Highlight Path","Minty Spire (QoL Compilation)","Permanent Neow","Rare Cards Sparkle","Spire Arcade","StSLib","Wide Potions"],"gold_per_floor":[120,130,151,76,88,88,126,201,226,126,150,150,188,201,201,315,315,342,23,23,23,50,76,88,88,115,128,128,128,128,156,156,270,270,290,290,302,302,302,302,342,357,357,372,372,381,399,426,426,426],"floor_reached":51,"language":"ENG","playtime":2619,"items_purged":["bard:Strike","bard:Strike","bard:Strike"],"score":880,"play_id":"bc030dd1-0785-4b48-8523-09182649a8ef","local_time":"20210124235109","is_ascension_mode":false,"campfire_choices":[{"data":"bard:LifeDrain","floor":6.0,"key":"SMITH"},{"data":"bard:HideousLaughter","floor":12,"key":"SMITH"},{"data":"bard:Haste","floor":15,"key":"SMITH"},{"data":"bard:GlyphOfWarding","floor":25,"key":"SMITH"},{"data":"bard:PowerWordStun","floor":28,"key":"SMITH"},{"data":"bard:Shifting","floor":30,"key":"SMITH"},{"data":"bard:Shout","floor":32,"key":"SMITH"},{"data":"bard:Inspire","floor":40,"key":"SMITH"},{"floor":46,"key":"REST"},{"floor":49,"key":"REST"}],"circlet_count":0,"master_deck":["bard:Defend","bard:Defend","bard:Defend","bard:Defend","bard:Riposte","bard:Inspire+1","bard:HideousLaughter+1","bard:LifeDrain+1","bard:Shout+1","bard:Haste+1","bard:PowerWordStun+1","bard:Parry+1","bard:GlyphOfWarding+1","bard:Shifting+1","bard:SixFourTime+1","bard:Sonata+1","bard:Aphasia+1","bard:Rhapsody+1","bard:PrismaticSpray+1","bard:SongBolt+1"],"relics":["bard:PitchPipe","bard:BagPipes","CeramicFish","Nunchaku","Omamori","Dream Catcher","Centennial Puzzle","Sozu","Gremlin Horn","Red Mask","Kunai","Bag of Preparation","Calling Bell","Vajra","White Beast Statue","Gambling Chip","Smiling Mask","Molten Egg 2"],"acts_visited":["Exordium","TheCity","TheBeyond"],"potions_floor_usage":[7,24,50],"damage_taken":[{"damage":1.0,"enemies":"Cultist","floor":1.0,"turns":4.0},{"damage":0.0,"enemies":"Small Slimes","floor":2.0,"turns":3.0},{"damage":0.0,"enemies":"Jaw Worm","floor":3.0,"turns":3.0},{"damage":5.0,"enemies":"Blue Slaver","floor":5.0,"turns":3.0},{"damage":1,"enemies":"Gremlin Nob","floor":7,"turns":4},{"damage":10,"enemies":"3 Sentries","floor":13,"turns":8},{"damage":0,"enemies":"3 Louse","floor":14,"turns":2},{"damage":4,"enemies":"Hexaghost","floor":16,"turns":10},{"damage":8,"enemies":"Spheric Guardian","floor":18,"turns":8},{"damage":0,"enemies":"Masked Bandits","floor":22,"turns":4},{"damage":1,"enemies":"Book of Stabbing","floor":23,"turns":9},{"damage":2,"enemies":"2 Thieves","floor":24,"turns":4},{"damage":2,"enemies":"Shelled Parasite and Fungi","floor":27,"turns":5},{"damage":0,"enemies":"Snecko","floor":31,"turns":4},{"damage":0,"enemies":"Collector","floor":33,"turns":15},{"damage":0,"enemies":"3 Darklings","floor":35,"turns":6},{"damage":9,"enemies":"Orb Walker","floor":37,"turns":5},{"damage":20,"enemies":"Giant Head","floor":41,"turns":13},{"damage":23,"enemies":"Transient","floor":42,"turns":5},{"damage":3,"enemies":"Spire Growth","floor":44,"turns":6},{"damage":0,"enemies":"4 Shapes","floor":47,"turns":1},{"damage":9,"enemies":"Writhing Mass","floor":48,"turns":4},{"damage":19,"enemies":"Donu and Deca","floor":50,"turns":14}],"seed_played":"5035956247508867059","potions_obtained":[{"floor":3.0,"key":"ColorlessPotion"},{"floor":7,"key":"bard:InspiredBrew"},{"floor":16,"key":"Ancient Potion"}],"is_trial":false,"path_per_floor":["M","M","M","$","M","R","E","?","T","$","T","R","E","M","R","B",null,"M","$","?","T","?","E","M","R","T","M","R","?","R","M","R","B",null,"M","?","M","?","?","R","E","M","T","M","?","R","M","M","R","B",null],"character_chosen":"BARD","items_purchased":["bard:GlyphOfWarding","bard:Shifting"],"campfire_rested":2,"item_purchase_floors":[19,19],"current_hp_per_floor":[69,69,69,69,64,64,63,56,56,56,56,56,46,46,46,42,70,62,62,62,62,62,61,59,59,59,57,57,57,57,57,57,57,70,70,66,57,57,57,57,37,14,14,11,11,30,30,21,40,21],"gold":426,"neow_bonus":"RANDOM_COMMON_RELIC","is_daily":false,"chose_seed":false,"campfire_upgraded":8,"win_rate":0.0,"timestamp":1611557469,"path_taken":["M","M","?","$","M","R","E","?","T","$","?","R","E","M","R","BOSS","M","$","?","?","?","E","M","R","T","M","R","?","R","M","R","BOSS","M","?","M","?","?","R","E","?","T","M","?","R","?","M","R","BOSS"],"items_purchased_type":["Card","Card"],"build_version":"2020-12-22","purchased_purges":3,"victory":true,"max_hp_per_floor":[70,70,70,70,70,70,70,70,70,70,70,70,70,70,70,70,70,70,70,70,70,70,70,70,70,70,70,70,70,70,70,70,70,70,70,66,66,66,66,66,66,66,66,66,66,66,66,66,66,66],"card_choices":[{"not_picked":["bard:Thunderwave","bard:Balestra"],"picked":"bard:HideousLaughter","floor":1.0},{"not_picked":["bard:FaerieFire","bard:MantleOfInspiration","bard:ViciousMockery"],"picked":"SKIP","floor":2.0},{"not_picked":["bard:PhantasmalForce","bard:CuttingWords"],"picked":"bard:LifeDrain","floor":3.0},{"not_picked":["bard:FeastOnFear","bard:TinyHut","bard:Fermata"],"picked":"SKIP","floor":5.0},{"not_picked":["bard:EchoEcho","bard:Parry"],"picked":"bard:Shout","floor":7},{"not_picked":["bard:Focused","bard:Thunderwave"],"picked":"bard:Haste","floor":13},{"not_picked":["bard:QuickSong","bard:FaerieFire","bard:FalseLife"],"picked":"SKIP","floor":14},{"not_picked":["bard:Focused","bard:BottledSong"],"picked":"bard:PowerWordStun","floor":16},{"not_picked":["bard:CuttingWords","bard:Gamble"],"picked":"bard:Parry+1","floor":18},{"not_picked":["bard:CuttingWords","bard:QuickSong","bard:PrismaticSpray"],"picked":"SKIP","floor":23},{"not_picked":["bard:LingeringEcho+1","bard:CuttingWords","bard:EnGarde"],"picked":"SKIP","floor":24},{"not_picked":["bard:GuardPoint","bard:BucklerBash","bard:OffKey"],"picked":"SKIP","floor":27},{"not_picked":["bard:Accelerando+1","bard:Sift"],"picked":"bard:SixFourTime+1","floor":31},{"not_picked":["bard:Improv","bard:Focused"],"picked":"bard:Sonata","floor":33},{"not_picked":["bard:Thunderwave","bard:Greatness"],"picked":"bard:Aphasia+1","floor":35},{"not_picked":["bard:StudiedStrike","bard:HideousLaughter+1","bard:GuardPoint+1"],"picked":"SKIP","floor":37},{"not_picked":["bard:SixFourTime+1","bard:QuickSong+1"],"picked":"bard:Rhapsody","floor":41},{"not_picked":["bard:HideousLaughter+1","bard:BestowCurse","bard:QuickSong+1"],"picked":"SKIP","floor":42},{"not_picked":["bard:Parry","bard:GuardPoint","bard:PhantasmalForce+1"],"picked":"SKIP","floor":44},{"not_picked":["bard:LocateObject+1","bard:HideousLaughter"],"picked":"bard:PrismaticSpray+1","floor":46},{"not_picked":["bard:Greatness+1","bard:FirstStrike+1","bard:LingeringEcho+1"],"picked":"SKIP","floor":47},{"not_picked":["bard:LingeringEcho+1","bard:EnGarde+1"],"picked":"bard:SongBolt+1","floor":48}],"player_experience":1017449,"relics_obtained":[{"floor":7,"key":"Nunchaku"},{"floor":9,"key":"Omamori"},{"floor":11,"key":"Dream Catcher"},{"floor":13,"key":"Centennial Puzzle"},{"floor":21,"key":"Gremlin Horn"},{"floor":22,"key":"Red Mask"},{"floor":23,"key":"Kunai"},{"floor":26,"key":"Bag of Preparation"},{"floor":34,"key":"Vajra"},{"floor":34,"key":"White Beast Statue"},{"floor":34,"key":"Gambling Chip"},{"floor":41,"key":"Smiling Mask"},{"floor":43,"key":"Molten Egg 2"}],"event_choices":[{"damage_healed":0,"gold_gain":75,"player_choice":"Touch","damage_taken":7,"max_hp_gain":0,"max_hp_loss":0,"event_name":"FaceTrader","floor":8,"gold_loss":0},{"damage_healed":0,"gold_gain":0,"player_choice":"Ignored","damage_taken":0,"max_hp_gain":0,"max_hp_loss":0,"event_name":"Ghosts","floor":20,"gold_loss":0},{"damage_healed":0,"gold_gain":0,"player_choice":"Fought Bandits","damage_taken":0,"max_hp_gain":0,"max_hp_loss":0,"event_name":"Masked Bandits","floor":22,"gold_loss":0},{"cards_removed":["bard:Strike"],"damage_healed":0,"gold_gain":0,"player_choice":"Elegance","damage_taken":0,"max_hp_gain":0,"max_hp_loss":0,"event_name":"Back to Basics","floor":29,"gold_loss":0},{"damage_healed":0,"gold_gain":0,"player_choice":"Max HP","damage_taken":0,"max_hp_gain":0,"max_hp_loss":4,"event_name":"Winding Halls","floor":36,"gold_loss":0},{"damage_healed":0,"gold_gain":0,"player_choice":"Ignored","damage_taken":0,"max_hp_gain":0,"max_hp_loss":0,"event_name":"Mysterious Sphere","floor":38,"gold_loss":0},{"damage_healed":0,"gold_gain":0,"player_choice":"Upgraded","damage_taken":0,"max_hp_gain":0,"max_hp_loss":0,"event_name":"Upgrade Shrine","floor":39,"gold_loss":0,"cards_upgraded":["bard:Sonata"]},{"damage_healed":0,"gold_gain":0,"player_choice":"Forge","damage_taken":0,"max_hp_gain":0,"max_hp_loss":0,"event_name":"Accursed Blacksmith","floor":45,"gold_loss":0,"cards_upgraded":["bard:Rhapsody"]}],"is_beta":false,"boss_relics":[{"not_picked":["Philosopher\u0027s Stone","Tiny House"],"picked":"Sozu"},{"not_picked":["Pandora\u0027s Box","Empty Cage"],"picked":"Calling Bell"}],"items_purged_floors":[4,10,19],"is_endless":false,"potions_floor_spawned":[3,7,16,24,27,33,35,37,41,42,44,47,48],"ascension_level":0}}