{"host":"c3lc60y5x60jlt1y","time":1611608880,"event":{"mods":["AchievementEnabler","BaseMod","Bestiary","Colored Map","Minty Spire (QoL Compilation)","Quick Restart","StSLib","ojb\u0027s Info Mod"],"gold_per_floor":[10,10,10,10,21,46,46,77,77,91,102,102,136,56,56,129,129,139,139,139,151,201,201,228,68,114,148,164,189,189,207,207,284,284,302,319,329,329,329,329,664,145,145,180,180,180,215,215,215,215,215],"floor_reached":52,"language":"ENG","playtime":4818,"items_purged":["Consume"],"score":2099,"play_id":"da365a6a-8c52-4151-a42e-185ed3d34730","local_time":"20210125230800","is_ascension_mode":true,"campfire_choices":[{"data":"White Noise","floor":7.0,"key":"SMITH"},{"data":"Buffer","floor":12.0,"key":"SMITH"},{"floor":15.0,"key":"REST"},{"data":"Creative AI","floor":23.0,"key":"SMITH"},{"data":"Turbo","floor":30.0,"key":"SMITH"},{"floor":32.0,"key":"REST"},{"floor":40.0,"key":"REST"},{"floor":46.0,"key":"REST"},{"floor":49.0,"key":"RECALL"}],"circlet_count":0,"master_deck":["AscendersBane","Zap+1","Dualcast+1","White Noise+1","Streamline+1","Conserve Battery+1","Buffer+1","Auto Shields+1","White Noise+1","Undo+1","Creative AI+1","Cold Snap+1","Turbo+1","Undo+1","Self Repair+1","Buffer+1","Coolheaded+1","Defragment+1","Chaos+1","Ball Lightning+1","Hologram+1","Coolheaded+1","Thunder Strike+1","White Noise+1","Chill+1","Storm+1","Dramatic Entrance+1","Steam Power+1"],"relics":["Cracked Core","CaptainsWheel","HornCleat","Sundial","Singing Bowl","StoneCalendar","Pandora\u0027s Box","MutagenicStrength","Regal Pillow","PreservedInsect","War Paint","Orichalcum","Philosopher\u0027s Stone","Old Coin","Potion Belt","Toxic Egg 2","Question Card","Smiling Mask","Mark of the Bloom"],"acts_visited":["Exordium","TheCity","TheBeyond"],"potions_floor_usage":[51],"damage_taken":[{"damage":2.0,"enemies":"Jaw Worm","floor":1.0,"turns":3.0},{"damage":10.0,"enemies":"2 Louse","floor":5.0,"turns":2.0},{"damage":0.0,"enemies":"Lagavulin","floor":6.0,"turns":6.0},{"damage":24.0,"enemies":"3 Sentries","floor":8.0,"turns":11.0},{"damage":0.0,"enemies":"Cultist","floor":10.0,"turns":4.0},{"damage":4.0,"enemies":"Red Slaver","floor":11.0,"turns":5.0},{"damage":0.0,"enemies":"Lagavulin","floor":13.0,"turns":6.0},{"damage":13.0,"enemies":"Hexaghost","floor":16.0,"turns":9.0},{"damage":7.0,"enemies":"Spheric Guardian","floor":18.0,"turns":7.0},{"damage":7.0,"enemies":"3 Byrds","floor":21.0,"turns":7.0},{"damage":7.0,"enemies":"Slavers","floor":24.0,"turns":5.0},{"damage":19.0,"enemies":"Book of Stabbing","floor":27.0,"turns":7.0},{"damage":8.0,"enemies":"Snake Plant","floor":28.0,"turns":5.0},{"damage":23.0,"enemies":"Slavers","floor":29.0,"turns":7.0},{"damage":0.0,"enemies":"Chosen and Byrds","floor":31.0,"turns":7.0},{"damage":43.0,"enemies":"Champ","floor":33.0,"turns":14.0},{"damage":32.0,"enemies":"3 Darklings","floor":35.0,"turns":5.0},{"damage":0.0,"enemies":"Orb Walker","floor":36.0,"turns":7.0},{"damage":16.0,"enemies":"Writhing Mass","floor":37.0,"turns":7.0},{"damage":24.0,"enemies":"Reptomancer","floor":41.0,"turns":7.0},{"damage":28.0,"enemies":"Giant Head","floor":44.0,"turns":9.0},{"damage":0.0,"enemies":"Nemesis","floor":47.0,"turns":7.0},{"damage":21.0,"enemies":"Time Eater","floor":50.0,"turns":7.0},{"damage":12,"enemies":"Donu and Deca","floor":51,"turns":9}],"seed_played":"3375528322950276693","potions_obtained":[{"floor":1.0,"key":"SpeedPotion"},{"floor":8.0,"key":"GamblersBrew"},{"floor":11.0,"key":"FocusPotion"},{"floor":21.0,"key":"PowerPotion"},{"floor":24.0,"key":"Swift Potion"},{"floor":28.0,"key":"BlessingOfTheForge"},{"floor":31.0,"key":"Fire Potion"},{"floor":35.0,"key":"SkillPotion"},{"floor":36.0,"key":"EntropicBrew"}],"is_trial":false,"path_per_floor":["M","?","$","?","M","E","R","E","T","M","M","R","E","$","R","B",null,"M","?","?","M","?","R","E","$","T","E","M","E","R","M","R","B",null,"M","M","M","?","?","R","E","$","T","E","?","R","E","?","R","B","B",null],"character_chosen":"DEFECT","items_purchased":["Undo","Defragment","Potion Belt","DuplicationPotion","Fruit Juice","EssenceOfSteel","Storm"],"campfire_rested":4,"item_purchase_floors":[14,25,42,42,42,42,42],"current_hp_per_floor":[62,62,62,62,52,52,52,28,28,30,26,26,28,28,50,37,66,66,66,66,68,61,61,56,56,56,44,36,20,20,27,65,29,67,35,42,35,35,35,74,59,64,64,38,38,80,87,87,87,66,54],"gold":215,"neow_bonus":"ONE_RARE_RELIC","is_daily":false,"chose_seed":false,"campfire_upgraded":4,"win_rate":0.0,"timestamp":1611608880,"path_taken":["M","?","$","?","M","E","R","E","T","M","?","R","E","?","R","BOSS","M","?","?","M","?","R","E","$","T","E","?","E","R","M","R","BOSS","M","M","M","?","?","R","E","$","T","E","?","R","E","?","R","BOSS","BOSS"],"items_purchased_type":["Card","Card","Relic","Potion","Potion","Potion","Card"],"build_version":"2020-12-22","purchased_purges":1,"victory":true,"max_hp_per_floor":[71,71,71,71,71,71,71,71,71,73,73,73,75,75,75,75,75,75,75,75,77,77,77,79,79,79,79,79,79,79,79,79,79,79,79,79,81,81,81,81,83,88,88,90,90,90,90,90,90,90,90],"card_choices":[{"not_picked":["Fusion","Rebound"],"picked":"White Noise","floor":1.0},{"not_picked":["Rebound","Barrage"],"picked":"Conserve Battery","floor":5.0},{"not_picked":["Auto Shields","Barrage"],"picked":"Buffer","floor":6.0},{"not_picked":["Leap","Hello World"],"picked":"Auto Shields","floor":8.0},{"not_picked":["Turbo","Hologram","Blizzard"],"picked":"Singing Bowl","floor":10.0},{"not_picked":["Steam","Loop"],"picked":"White Noise","floor":11.0},{"not_picked":["Gash","Streamline","Leap"],"picked":"Singing Bowl","floor":13.0},{"not_picked":["Machine Learning","Buffer"],"picked":"Creative AI","floor":16.0},{"not_picked":["Melter","Gash"],"picked":"Coolheaded","floor":18.0},{"not_picked":["Streamline","Consume","Steam"],"picked":"Singing Bowl","floor":21.0},{"not_picked":["Scrape","Streamline","Buffer"],"picked":"Singing Bowl","floor":24.0},{"not_picked":["Coolheaded","Static Discharge"],"picked":"Chaos","floor":27.0},{"not_picked":["Rebound","Gash"],"picked":"Ball Lightning","floor":28.0},{"not_picked":["Cold Snap","Conserve Battery"],"picked":"Hologram","floor":29.0},{"not_picked":["Ball Lightning","Rebound"],"picked":"Coolheaded+1","floor":31.0},{"not_picked":["Meteor Strike","All For One"],"picked":"Thunder Strike","floor":33.0},{"not_picked":["Compile Driver+1","Leap"],"picked":"White Noise+1","floor":35.0},{"not_picked":["Ball Lightning+1","Go for the Eyes"],"picked":"Chill","floor":36.0},{"not_picked":["Gash+1","Leap","Cold Snap+1"],"picked":"Singing Bowl","floor":37.0},{"not_picked":["Streamline","Go for the Eyes","Steam"],"picked":"Singing Bowl","floor":41.0},{"not_picked":["Consume+1","Gash+1","Heatsinks"],"picked":"Singing Bowl","floor":44.0},{"not_picked":["Good Instincts+1","Swift Strike","Flash of Steel"],"picked":"Dramatic Entrance","floor":45.0},{"not_picked":["Hologram+1","Leap+1","Redo+1"],"picked":"Steam Power+1","floor":47.0}],"player_experience":8552490,"relics_obtained":[{"floor":6.0,"key":"HornCleat"},{"floor":8.0,"key":"Sundial"},{"floor":9.0,"key":"Singing Bowl"},{"floor":13.0,"key":"StoneCalendar"},{"floor":24.0,"key":"Regal Pillow"},{"floor":26.0,"key":"PreservedInsect"},{"floor":27.0,"key":"War Paint"},{"floor":29.0,"key":"Orichalcum"},{"floor":41.0,"key":"Old Coin"},{"floor":43.0,"key":"Toxic Egg 2"},{"floor":44.0,"key":"Question Card"},{"floor":47.0,"key":"Smiling Mask"}],"event_choices":[{"damage_healed":0.0,"max_hp_gain":0.0,"max_hp_loss":0.0,"gold_gain":0.0,"cards_transformed":["Strike_B"],"event_name":"Living Wall","player_choice":"Change","floor":2.0,"gold_loss":0.0,"damage_taken":0.0,"cards_obtained":["Streamline"]},{"damage_healed":0.0,"max_hp_gain":0.0,"max_hp_loss":0.0,"gold_gain":0.0,"event_name":"Accursed Blacksmith","player_choice":"Forge","floor":4.0,"gold_loss":0.0,"damage_taken":0.0,"cards_upgraded":["Streamline"]},{"damage_healed":0.0,"max_hp_gain":0.0,"max_hp_loss":0.0,"gold_gain":0.0,"event_name":"Drug Dealer","player_choice":"Inject Mutagens","floor":19.0,"gold_loss":0.0,"damage_taken":0.0,"relics_obtained":["MutagenicStrength"]},{"cards_removed":["Blizzard"],"damage_healed":0.0,"max_hp_gain":0.0,"max_hp_loss":0.0,"gold_gain":0.0,"event_name":"Back to Basics","player_choice":"Elegance","floor":20.0,"gold_loss":0.0,"damage_taken":0.0},{"damage_healed":0.0,"max_hp_gain":0.0,"max_hp_loss":0.0,"gold_gain":50.0,"event_name":"FaceTrader","player_choice":"Touch","floor":22.0,"gold_loss":0.0,"damage_taken":7.0},{"damage_healed":0.0,"max_hp_gain":0.0,"max_hp_loss":0.0,"gold_gain":0.0,"event_name":"Tomb of Lord Red Mask","player_choice":"Ignored","floor":38.0,"gold_loss":0.0,"damage_taken":0.0},{"damage_healed":0.0,"max_hp_gain":0.0,"max_hp_loss":0.0,"gold_gain":0.0,"event_name":"Mysterious Sphere","player_choice":"Ignored","floor":39.0,"gold_loss":0.0,"damage_taken":0.0},{"damage_healed":0.0,"max_hp_gain":0.0,"max_hp_loss":0.0,"gold_gain":0.0,"event_name":"SensoryStone","player_choice":"Memory 1","floor":45.0,"gold_loss":0.0,"damage_taken":0.0},{"damage_healed":0.0,"max_hp_gain":0.0,"max_hp_loss":0.0,"gold_gain":0.0,"event_name":"MindBloom","player_choice":"Upgrade","floor":48.0,"gold_loss":0.0,"damage_taken":0.0,"cards_upgraded":["Zap","Dualcast","Conserve Battery","Auto Shields","Cold Snap","Undo","Self Repair","Buffer","Coolheaded","Defragment","Chaos","Ball Lightning","Hologram","Thunder Strike","Chill","Storm","Dramatic Entrance"],"relics_obtained":["Mark of the Bloom"]}],"is_beta":false,"boss_relics":[{"not_picked":["SlaversCollar","SacredBark"],"picked":"Pandora\u0027s Box"},{"not_picked":["Coffee Dripper","Empty Cage"],"picked":"Philosopher\u0027s Stone"}],"items_purged_floors":[25],"is_endless":false,"potions_floor_spawned":[1,8,11,21,24,28,31,35,36],"ascension_level":20}}