{"host":"wg33yb1rgt3nbe17","time":1611594185,"event":{"mods":["AchievementEnabler","BaseMod","Colored Map","Minty Spire (QoL Compilation)","Permanent Neow","Relic Stats","StSLib"],"gold_per_floor":[113,131,131,206,224,224,224,224,224,249,264,264,264],"floor_reached":12,"language":"ENG","playtime":270,"items_purged":[],"score":156,"play_id":"34a02cbb-a9ca-4f2e-be6e-66edb37cb8f5","local_time":"20210125120305","is_ascension_mode":true,"campfire_choices":[{"data":"Pommel Strike","floor":6,"key":"SMITH"},{"data":"Rampage","floor":8,"key":"SMITH"}],"circlet_count":0,"master_deck":["AscendersBane","Strike_R","Strike_R","Strike_R","Strike_R","Strike_R","Defend_R","Defend_R","Bash","Armaments","Cleave","Rampage+1","Pommel Strike+1","Demon Form","Anger"],"relics":["Burning Blood","Centennial Puzzle","HornCleat"],"acts_visited":["Exordium"],"potions_floor_usage":[12],"damage_taken":[{"damage":19,"enemies":"Jaw Worm","floor":1,"turns":4},{"damage":9,"enemies":"2 Louse","floor":2,"turns":2},{"damage":7,"enemies":"Small Slimes","floor":5,"turns":3},{"damage":40,"enemies":"3 Sentries","floor":10,"turns":6},{"damage":20,"enemies":"Gremlin Gang","floor":11,"turns":4},{"damage":23,"enemies":"Gremlin Nob","floor":12,"turns":3}],"seed_played":"-4619645100291310458","potions_obtained":[{"floor":1,"key":"FairyPotion"},{"floor":11,"key":"ColorlessPotion"}],"is_trial":false,"path_per_floor":["M","M","?","?","M","R","?","R","T","E","M","E"],"character_chosen":"IRONCLAD","items_purchased":[],"campfire_rested":0,"item_purchase_floors":[],"current_hp_per_floor":[55,52,57,46,45,45,45,45,45,11,22,0,0],"gold":264,"neow_bonus":"TRANSFORM_TWO_CARDS","is_daily":false,"chose_seed":false,"campfire_upgraded":2,"win_rate":0.0,"timestamp":1611594185,"path_taken":["M","M","?","?","M","R","?","R","T","E","?","E"],"items_purchased_type":[],"build_version":"2020-12-22","purchased_purges":0,"victory":false,"max_hp_per_floor":[68,68,73,73,73,73,73,73,73,73,73,73,73],"relic_stats":{"Centennial Puzzle":[6],"counters":[6,22],"obtain_stats":[{"Centennial Puzzle":9,"HornCleat":10,"Burning Blood":0},{"Centennial Puzzle":3,"HornCleat":4,"Burning Blood":0},{"Centennial Puzzle":9,"HornCleat":15,"Burning Blood":0}],"Burning Blood":30},"card_choices":[{"not_picked":["Entrench","Burning Pact"],"picked":"Cleave","floor":1},{"not_picked":["Clash","Iron Wave"],"picked":"Rampage","floor":2},{"not_picked":["Clash","Wild Strike"],"picked":"Pommel Strike","floor":5},{"not_picked":["Carnage","Rage"],"picked":"Anger","floor":10},{"not_picked":["Sentinel","Pommel Strike","Hemokinesis"],"picked":"SKIP","floor":11}],"player_experience":563001,"relics_obtained":[{"floor":9,"key":"Centennial Puzzle"},{"floor":10,"key":"HornCleat"}],"event_choices":[{"damage_healed":0,"gold_gain":0,"player_choice":"Donut","damage_taken":0,"max_hp_gain":5,"max_hp_loss":0,"event_name":"Big Fish","floor":3,"gold_loss":0},{"damage_healed":0,"gold_gain":75,"player_choice":"Gather Gold","damage_taken":11,"max_hp_gain":0,"max_hp_loss":0,"event_name":"World of Goop","floor":4,"gold_loss":0},{"damage_healed":0,"gold_gain":0,"cards_transformed":["Evolve"],"player_choice":"Transformed","damage_taken":0,"max_hp_gain":0,"max_hp_loss":0,"event_name":"Transmorgrifier","floor":7,"gold_loss":0,"cards_obtained":["Demon Form"]}],"is_beta":false,"boss_relics":[],"items_purged_floors":[],"is_endless":false,"potions_floor_spawned":[1,11],"killed_by":"Gremlin Nob","ascension_level":20}}