{"host":"zomwe5n2owcqokh9","time":1611544662,"event":{"mods":["2.2 Compatiblity","AchievementEnabler","Act Like it!","BaseMod","BetterRewards","Colored Map","Colored Powertips","GungeonMod","Hero for Fun","Highlight Path","Hubris","Marisa????????","Minty Spire (QoL Compilation)","Quick Restart","Rare Cards Sparkle","Replay The Spire","Shop Mod","StSLib","SuperFastMode"],"gold_per_floor":[118,450,450,462,481,481,494,494,494,93,113,113,141,241,241,241,241],"floor_reached":16,"language":"ENG","playtime":565,"items_purged":[],"score":100,"play_id":"ced6b832-f80c-401c-846e-8fad7d66096a","local_time":"20210124211742","is_ascension_mode":false,"campfire_choices":[{"data":"DemoMod:DirectionalPad","floor":6,"key":"SMITH"},{"data":"DemoMod:StickyCrossBow","floor":8,"key":"SMITH"},{"floor":15,"key":"REST"}],"circlet_count":0,"master_deck":["DemoMod:Strike_Huntress","DemoMod:Strike_Huntress","DemoMod:Strike_Huntress","DemoMod:Defend_Huntress","DemoMod:Defend_Huntress","DemoMod:Defend_Huntress","DemoMod:Defend_Huntress","DemoMod:Roll","DemoMod:ManualReload","DemoMod:RustySidearm","DemoMod:CrossBow","DemoMod:StickyCrossBow+1","DemoMod:SniperShot","DemoMod:SkilledReload","DemoMod:LifeOrb","DemoMod:SpreadAmmo","DemoMod:Polaris"],"relics":["DemoMod:Dog","NeowsBlessing","MerchantsRug","hubris:64BitClover","DemoMod:GnawedKey","DemoMod:Unsteady","DemoMod:WhiteGuonStone"],"acts_visited":["Exordium"],"potions_floor_usage":[16],"damage_taken":[{"damage":0,"enemies":"Jaw Worm","floor":1,"turns":1},{"damage":0,"enemies":"Small Slimes","floor":4,"turns":1},{"damage":0,"enemies":"Cultist","floor":5,"turns":1},{"damage":0,"enemies":"Large Slime","floor":7,"turns":6},{"damage":20,"enemies":"Blue Slaver","floor":11,"turns":5},{"damage":22,"enemies":"Gremlin Nob","floor":13,"turns":4},{"damage":58,"enemies":"Slime Boss","floor":16,"turns":7}],"seed_played":"4397832952246556681","potions_obtained":[{"floor":4,"key":"Block Potion"},{"floor":5,"key":"Dexterity Potion"}],"is_trial":false,"path_per_floor":["M","?","?","M","M","R","M","R","T","$","M","?","E","?","R","B"],"character_chosen":"HUNTRESS","items_purchased":["MerchantsRug","hubris:64BitClover","DemoMod:GnawedKey"],"campfire_rested":1,"item_purchase_floors":[10,10,10],"current_hp_per_floor":[70,53,70,70,70,70,70,70,70,70,50,50,28,28,49,0,0],"gold":241,"neow_bonus":"THREE_ENEMY_KILL","is_daily":false,"chose_seed":false,"campfire_upgraded":2,"win_rate":0.0,"timestamp":1611544662,"path_taken":["M","?","?","?","M","R","M","R","T","$","M","?","E","?","R","BOSS"],"items_purchased_type":["Relic","Relic","Relic"],"build_version":"2020-12-22","purchased_purges":0,"victory":false,"max_hp_per_floor":[70,70,70,70,70,70,70,70,70,70,70,70,70,70,70,70,70],"card_choices":[{"not_picked":["DemoMod:MachoBrace","DemoMod:ConditionalReflex"],"picked":"DemoMod:Purify","floor":1},{"not_picked":["DemoMod:JK47","DemoMod:Ejector"],"picked":"DemoMod:StickyCrossBow","floor":2},{"not_picked":["DemoMod:FastSwitch","DemoMod:HardPowerCard"],"picked":"DemoMod:SniperShot","floor":4},{"not_picked":["DemoMod:TeaPot","DemoMod:TableSutra"],"picked":"DemoMod:DirectionalPad","floor":5},{"not_picked":["DemoMod:Ejector","DemoMod:GunShield"],"picked":"DemoMod:SkilledReload","floor":7},{"not_picked":["DemoMod:StickyCrossBow","DemoMod:HardPowerCard"],"picked":"DemoMod:LifeOrb","floor":11},{"not_picked":["DemoMod:AWP","DemoMod:DoubleSwitch"],"picked":"DemoMod:Polaris","floor":13}],"player_experience":62666,"relics_obtained":[{"floor":2,"key":"Old Coin"},{"floor":5,"key":"Regal Pillow"},{"floor":9,"key":"Garlic"},{"floor":13,"key":"DemoMod:WhiteGuonStone"}],"event_choices":[{"cards_removed":["DemoMod:Purify"],"damage_healed":17,"gold_gain":0,"player_choice":"Offered Uncommon","damage_taken":0,"max_hp_gain":0,"max_hp_loss":0,"event_name":"Bonfire Elementals","floor":3,"gold_loss":0},{"damage_healed":0,"gold_gain":100,"player_choice":"Pray","damage_taken":0,"max_hp_gain":0,"max_hp_loss":0,"event_name":"Golden Shrine","floor":14,"gold_loss":0}],"is_beta":false,"boss_relics":[],"items_purged_floors":[],"is_endless":false,"potions_floor_spawned":[4,5],"killed_by":"Slime Boss","ascension_level":0}}