{"host":"63yhhrjweyj22b0v","time":1611560147,"event":{"mods":["BaseMod","Minty Spire (QoL Compilation)","Quick Restart"],"gold_per_floor":[116,291,291,304,304,304,335,348,372,372,407,418,269,294,294,392,392,411,43,57,68,68,80,95,95,95,95,109,141,153,30,30,30,30],"floor_reached":33,"language":"ENG","playtime":1058,"items_purged":["Compile Driver"],"score":310,"play_id":"55e07cda-b8bf-438b-84da-841bca893f54","local_time":"20210125013547","is_ascension_mode":false,"campfire_choices":[{"data":"Redo","floor":6,"key":"SMITH"},{"data":"Rip and Tear","floor":10,"key":"SMITH"},{"floor":15,"key":"REST"},{"floor":25,"key":"REST"},{"floor":27,"key":"REST"},{"data":"Fission","floor":32,"key":"SMITH"}],"circlet_count":0,"master_deck":["Strike_B","Strike_B","Strike_B","Defend_B","Defend_B","Defend_B","Zap","Dualcast","Doom and Gloom","Redo+1","Rip and Tear+1","Redo","Machine Learning","Self Repair","Barrage","Capacitor","Ball Lightning","Go for the Eyes+1","Fission+1","Self Repair","Rainbow"],"relics":["Cracked Core","NeowsBlessing","Anchor","Bronze Scales","HornCleat","Orrery","Ornamental Fan","Empty Cage","DataDisk","Bottled Flame","MawBank"],"acts_visited":["Exordium","TheCity"],"potions_floor_usage":[11,16,21,23,24,33,33],"damage_taken":[{"damage":0.0,"enemies":"Jaw Worm","floor":1.0,"turns":1.0},{"damage":0.0,"enemies":"Small Slimes","floor":4.0,"turns":1.0},{"damage":0,"enemies":"Lagavulin","floor":7,"turns":1},{"damage":1,"enemies":"Cultist","floor":8,"turns":3},{"damage":13,"enemies":"Gremlin Nob","floor":11,"turns":3},{"damage":0,"enemies":"2 Fungi Beasts","floor":12,"turns":2},{"damage":12,"enemies":"Lagavulin","floor":14,"turns":5},{"damage":29,"enemies":"Hexaghost","floor":16,"turns":7},{"damage":0,"enemies":"Spheric Guardian","floor":18,"turns":3},{"damage":11,"enemies":"3 Byrds","floor":20,"turns":3},{"damage":27,"enemies":"Centurion and Healer","floor":21,"turns":6},{"damage":9,"enemies":"Chosen and Byrds","floor":23,"turns":5},{"damage":25,"enemies":"Cultist and Chosen","floor":24,"turns":5},{"damage":26,"enemies":"Sentry and Sphere","floor":28,"turns":5},{"damage":23,"enemies":"Book of Stabbing","floor":29,"turns":5},{"damage":93,"enemies":"Collector","floor":33,"turns":9}],"seed_played":"3316372347857593351","potions_obtained":[{"floor":1.0,"key":"SpeedPotion"},{"floor":7,"key":"Weak Potion"},{"floor":8,"key":"ColorlessPotion"},{"floor":14,"key":"Weak Potion"},{"floor":20,"key":"LiquidBronze"},{"floor":21,"key":"Block Potion"},{"floor":28,"key":"SpeedPotion"}],"is_trial":false,"path_per_floor":["M","?","?","M","?","R","E","M","T","R","E","M","$","E","R","B",null,"M","$","M","M","?","M","M","R","T","R","M","E","?","$","R","B"],"character_chosen":"DEFECT","items_purchased":["Orrery","DataDisk","Fission","Rainbow"],"campfire_rested":3,"item_purchase_floors":[13,19,19,31],"current_hp_per_floor":[75,75,68,68,61,61,61,60,60,60,47,47,47,49,71,56,75,75,75,75,55,39,37,19,41,41,63,51,42,85,85,85,0,0],"gold":30,"neow_bonus":"THREE_ENEMY_KILL","is_daily":false,"chose_seed":false,"campfire_upgraded":3,"win_rate":0.0,"timestamp":1611560147,"path_taken":["M","?","?","M","?","R","E","?","T","R","E","M","$","E","R","BOSS","M","$","M","M","?","M","M","R","T","R","M","E","?","$","R","BOSS"],"items_purchased_type":["Relic","Relic","Card","Card"],"build_version":"2020-12-22","purchased_purges":1,"victory":false,"max_hp_per_floor":[75,75,75,75,75,75,75,75,75,75,75,75,75,75,75,75,75,75,75,75,75,75,75,75,75,75,75,75,75,85,85,85,85,85],"card_choices":[{"not_picked":["Glacier","BootSequence"],"picked":"Doom and Gloom","floor":1.0},{"not_picked":["Chill","Barrage"],"picked":"Redo","floor":4.0},{"not_picked":["Sweeping Beam","Hello World"],"picked":"Rip and Tear","floor":7},{"not_picked":["Cold Snap","Chill"],"picked":"Redo","floor":8},{"not_picked":["Steam","Hologram"],"picked":"Machine Learning","floor":11},{"not_picked":["Compile Driver","Streamline"],"picked":"Self Repair","floor":12},{"not_picked":["Rebound","Redo"],"picked":"Barrage","floor":13},{"not_picked":["Coolheaded","Compile Driver"],"picked":"Capacitor","floor":13},{"not_picked":["Steam","Cold Snap"],"picked":"Amplify","floor":13},{"not_picked":["Cold Snap","Scrape"],"picked":"Compile Driver","floor":13},{"not_picked":["Go for the Eyes","Sweeping Beam"],"picked":"Ball Lightning","floor":14},{"not_picked":["Compile Driver","Streamline"],"picked":"Go for the Eyes+1","floor":18},{"not_picked":["Gash+1","Reprogram","Leap"],"picked":"SKIP","floor":20},{"not_picked":["Rebound+1","Go for the Eyes","Turbo"],"picked":"SKIP","floor":21},{"not_picked":["Coolheaded+1","Capacitor+1"],"picked":"Self Repair","floor":23},{"not_picked":["Undo","Steam+1","Go for the Eyes+1"],"picked":"SKIP","floor":24},{"not_picked":["Go for the Eyes+1","Streamline","Rebound"],"picked":"SKIP","floor":28},{"not_picked":["Hello World+1","Streamline+1","Scrape"],"picked":"SKIP","floor":29}],"player_experience":595510,"relics_obtained":[{"floor":7,"key":"Anchor"},{"floor":9,"key":"Bronze Scales"},{"floor":11,"key":"HornCleat"},{"floor":14,"key":"Ornamental Fan"},{"floor":26,"key":"Bottled Flame"},{"floor":29,"key":"MawBank"}],"event_choices":[{"damage_healed":0.0,"max_hp_gain":0.0,"max_hp_loss":0.0,"gold_gain":175.0,"event_name":"Liars Game","player_choice":"AGREE","floor":2.0,"gold_loss":0.0,"damage_taken":0.0,"cards_obtained":["Doubt"]},{"cards_removed":["Doubt"],"damage_healed":0.0,"max_hp_gain":0.0,"max_hp_loss":0.0,"gold_gain":0.0,"event_name":"Golden Wing","player_choice":"Card Removal","floor":3.0,"gold_loss":0.0,"damage_taken":7.0},{"damage_healed":0.0,"max_hp_gain":0.0,"max_hp_loss":0.0,"gold_gain":0.0,"event_name":"Wheel of Change","player_choice":"Damaged","floor":5.0,"gold_loss":0.0,"damage_taken":7.0},{"damage_healed":0,"gold_gain":0,"player_choice":"Obtained Book","damage_taken":16,"max_hp_gain":0,"max_hp_loss":0,"event_name":"Cursed Tome","floor":22,"gold_loss":0},{"cards_removed":["Amplify"],"damage_healed":33,"gold_gain":0,"player_choice":"Offered Rare","damage_taken":0,"max_hp_gain":10,"max_hp_loss":0,"event_name":"Bonfire Elementals","floor":30,"gold_loss":0}],"is_beta":false,"boss_relics":[{"not_picked":["Snecko Eye","Runic Dome"],"picked":"Empty Cage"}],"items_purged_floors":[19],"is_endless":false,"potions_floor_spawned":[1,7,8,14,20,21,28],"killed_by":"Collector","ascension_level":0}}