{"host":"8p5c6x4qt9411139","time":1611538062,"event":{"mods":["Aspiration","BaseMod","Infinite Spire","Minty Spire (QoL Compilation)","Replay The Spire","Shop Mod","StSLib","The Animator"],"gold_per_floor":[119,119,119,129,139,64,64,64,93,93,11,21,54,54,54,54,149,149,160,160,173,173,73,73,73,108,108,108,135,170,189,204,204,219,219,319,419,437,13,13,13],"floor_reached":40,"language":"ENG","playtime":1692,"items_purged":["Defend_R","Perfected Strike+1","Defend_R","Strike_R"],"score":808,"play_id":"d99b2fbd-6233-43ca-8f51-f3582b7d1f92","local_time":"20210124172742","is_ascension_mode":true,"campfire_choices":[{"data":"Carnage","floor":7.0,"key":"SMITH"},{"data":"Offering","floor":16.0,"key":"SMITH"},{"data":"infinitespire:Gouge","floor":25.0,"key":"SMITH"},{"data":"Uppercut","floor":27.0,"key":"SMITH"},{"floor":35.0,"key":"DIG"}],"circlet_count":0,"master_deck":["AscendersBane","Defend_R","Bash+1","Carnage+1","Shrug It Off+1","Offering+1","ReplayTheSpireMod:Stacked","Exhume","Barricade+1","Hemogenesis+1","Uppercut+1","Dropkick","infinitespire:Gouge+1","Double Tap","Life Link+1","infinitespire:Menacing","ReplayTheSpireMod:LeadingStrike+1","Demonic Infusion"],"relics":["Burning Blood","ReplayTheSpireMod:Shallot","Chameleon Ring","InkBottle","Frozen Egg 2","Astrolabe","Replay:Baseball","infinitespire:Lucky Rock","Replay:Kaleidoscope","PreservedInsect","Dream Catcher","Toolbox","infinitespire:EmpoweringShard","Replay:Wanted Poster","Gambling Chip"],"acts_visited":["Exordium","TheCity","TheBeyond"],"potions_floor_usage":[38],"damage_taken":[{"damage":10.0,"enemies":"2 Louse","floor":1.0,"turns":3.0},{"damage":0.0,"enemies":"Cultist","floor":4.0,"turns":4.0},{"damage":6.0,"enemies":"infinitespire:Voidling","floor":5.0,"turns":3.0},{"damage":24.0,"enemies":"Gremlin Nob","floor":9.0,"turns":4.0},{"damage":18.0,"enemies":"Exordium Thugs","floor":12.0,"turns":5.0},{"damage":11.0,"enemies":"3 Sentries","floor":13.0,"turns":9.0},{"damage":30.0,"enemies":"Fading Forest","floor":17.0,"turns":11.0},{"damage":8.0,"enemies":"2 Thieves","floor":19.0,"turns":4.0},{"damage":11.0,"enemies":"Shell Parasite","floor":21.0,"turns":5.0},{"damage":51.0,"enemies":"Gremlin Leader","floor":26.0,"turns":5.0},{"damage":6.0,"enemies":"Slavers","floor":30.0,"turns":5.0},{"damage":12.0,"enemies":"Shelled Parasite and Fungi","floor":31.0,"turns":4.0},{"damage":15.0,"enemies":"Centurion and Healer","floor":32.0,"turns":4.0},{"damage":11.0,"enemies":"Cultist and Chosen","floor":34.0,"turns":4.0},{"damage":6.0,"enemies":"Automaton","floor":36.0,"turns":6.0},{"damage":26,"enemies":"3 Shapes","floor":38,"turns":3},{"damage":0,"enemies":"3 Darklings","floor":40,"turns":1}],"seed_played":"-1339568242050995804","potions_obtained":[{"floor":12.0,"key":"ColorlessPotion"},{"floor":19.0,"key":"BloodPotion"},{"floor":26.0,"key":"Dexterity Potion"},{"floor":30.0,"key":"Languid Potion"},{"floor":31.0,"key":"Energy Potion"},{"floor":38,"key":"Fruit Juice"}],"is_trial":false,"path_per_floor":["M","?","?","M","M","$","R","?","E","T","$","M","E","$","T","R","B",null,"M","?","M","?","$","?","R","E","R","?","T","E","M","M","AVR","M","R","B",null,"M","$","M"],"character_chosen":"IRONCLAD","items_purchased":["Offering","Gambling Chip"],"campfire_rested":0,"item_purchase_floors":[11,39],"current_hp_per_floor":[68,68,68,74,74,74,74,74,56,56,56,44,39,39,39,39,23,66,72,72,75,55,55,55,55,42,42,42,42,58,60,67,67,70,70,70,78,76,76,76,76],"gold":13,"neow_bonus":"UPGRADE_CARD","is_daily":false,"chose_seed":false,"campfire_upgraded":4,"win_rate":0.0,"timestamp":1611538062,"path_taken":["M","?","?","M","?","$","R","?","E","T","$","?","E","$","?","R","BOSS","M","?","M","?","$","?","R","E","R","?","T","E","?","M","AVR","M","R","BOSS","M","$","M"],"items_purchased_type":["Card","Relic"],"build_version":"2020-12-22","purchased_purges":4,"victory":false,"max_hp_per_floor":[80,80,80,80,80,80,80,80,80,80,80,80,80,80,80,80,80,80,80,80,80,80,80,80,80,80,80,80,80,80,80,80,80,80,80,80,80,87,87,87,87],"card_choices":[{"not_picked":["Twin Strike","Dropkick"],"picked":"Carnage","floor":1.0},{"not_picked":["Wild Strike","Rampage"],"picked":"Shrug It Off","floor":4.0},{"not_picked":["ReplayReversal","Searing Blow","Dual Wield"],"picked":"SKIP","floor":5.0},{"not_picked":["Havoc","Pommel Strike","Massacre"],"picked":"SKIP","floor":9.0},{"not_picked":["ReplayTheSpireMod:Strike From Hell","Fire Breathing"],"picked":"ReplayTheSpireMod:Stacked","floor":12.0},{"not_picked":["Body Slam","Wild Strike","Heavy Blade"],"picked":"SKIP","floor":13.0},{"not_picked":["Brutality+1","Barricade+1"],"picked":"Exhume","floor":17.0},{"not_picked":["True Grit","Thunderclap"],"picked":"Uppercut","floor":19.0},{"not_picked":["Second Wind","Twin Strike+1","Havoc+1"],"picked":"SKIP","floor":21.0},{"not_picked":["infinitespire:Execution","ReplayTheSpireMod:Black Plague"],"picked":"infinitespire:Gouge","floor":22.0},{"not_picked":["Perfected Strike","Sentinel","Ghostly Armor"],"picked":"SKIP","floor":26.0},{"not_picked":["Rupture+1","Uppercut"],"picked":"Double Tap","floor":30.0},{"not_picked":["Uppercut","Headbutt"],"picked":"Life Link+1","floor":31.0},{"not_picked":["Flex","ReplayTheSpireMod:Stacked","Pummel"],"picked":"SKIP","floor":32.0},{"not_picked":["Power Through","Second Wind"],"picked":"ReplayTheSpireMod:LeadingStrike+1","floor":34.0},{"not_picked":["Reaper","Feed"],"picked":"Demonic Infusion","floor":36.0},{"not_picked":["Power Through+1","Heavy Blade+1","Clash"],"picked":"SKIP","floor":38}],"player_experience":390825,"relics_obtained":[{"floor":9.0,"key":"ReplayTheSpireMod:Shallot"},{"floor":10.0,"key":"Chameleon Ring"},{"floor":13.0,"key":"InkBottle"},{"floor":15.0,"key":"Frozen Egg 2"},{"floor":26.0,"key":"infinitespire:Lucky Rock"},{"floor":28.0,"key":"Replay:Kaleidoscope"},{"floor":29.0,"key":"PreservedInsect"},{"floor":30.0,"key":"Dream Catcher"},{"floor":35.0,"key":"infinitespire:EmpoweringShard"}],"event_choices":[{"cards_removed":["Strike_R"],"damage_healed":0.0,"max_hp_gain":0.0,"max_hp_loss":0.0,"gold_gain":0.0,"event_name":"Living Wall","player_choice":"Forget","floor":2.0,"gold_loss":0.0,"damage_taken":0.0},{"cards_removed":["Strike_R"],"damage_healed":0.0,"max_hp_gain":0.0,"max_hp_loss":0.0,"gold_gain":0.0,"event_name":"Purifier","player_choice":"Purged","floor":3.0,"gold_loss":0.0,"damage_taken":0.0},{"damage_healed":0.0,"max_hp_gain":0.0,"max_hp_loss":0.0,"gold_gain":0.0,"event_name":"Upgrade Shrine","player_choice":"Upgraded","floor":8.0,"gold_loss":0.0,"damage_taken":0.0,"cards_upgraded":["Shrug It Off"]},{"damage_healed":0.0,"max_hp_gain":0.0,"max_hp_loss":0.0,"gold_gain":0.0,"event_name":"The Library","player_choice":"Read","floor":20.0,"gold_loss":0.0,"damage_taken":0.0,"cards_obtained":["Dropkick"]},{"damage_healed":0.0,"max_hp_gain":0.0,"max_hp_loss":0.0,"gold_gain":0.0,"event_name":"Wheel of Change","player_choice":"Relic","floor":28.0,"gold_loss":0.0,"damage_taken":0.0}],"is_beta":false,"boss_relics":[{"not_picked":["Kintsugi","Fusion Hammer"],"picked":"Astrolabe"},{"not_picked":["aspiration:PoetsPen_weak","Calling Bell"],"picked":"Replay:Wanted Poster"}],"items_purged_floors":[6,23,33,39],"is_endless":false,"potions_floor_spawned":[12,19,26,30,31,36,38],"killed_by":"3 Darklings","ascension_level":12}}