{"host":"l5zfpd2l2htson6l","time":1611574480,"event":{"mods":["AchievementEnabler","BaseMod","Colored Map","Colored Powertips","Minty Spire (QoL Compilation)","Permanent Neow","Quick Restart","Rare Cards Sparkle","Relic Stats","SuperFastMode"],"gold_per_floor":[110,110,120,136,61,61,81,81,107,121,121,121],"floor_reached":11,"language":"ENG","playtime":632,"items_purged":[],"score":130,"play_id":"d550abaf-9248-41c8-a3a4-fe0f0f7de09e","local_time":"20210125033440","is_ascension_mode":true,"campfire_choices":[{"data":"Eruption","floor":6,"key":"SMITH"},{"floor":8,"key":"REST"}],"circlet_count":0,"master_deck":["AscendersBane","Strike_P","Strike_P","Strike_P+1","Defend_P","Defend_P","Defend_P","Defend_P+1","Eruption+1","Vigilance","Establishment","FlyingSleeves","WreathOfFlame","LessonLearned","Halt","Protect"],"relics":["PureWater","Toy Ornithopter"],"acts_visited":["Exordium"],"potions_floor_usage":[7],"damage_taken":[{"damage":0,"enemies":"Jaw Worm","floor":1,"turns":3},{"damage":5,"enemies":"2 Louse","floor":3,"turns":3},{"damage":12,"enemies":"Small Slimes","floor":4,"turns":5},{"damage":30,"enemies":"Gremlin Gang","floor":7,"turns":4},{"damage":0,"enemies":"2 Fungi Beasts","floor":10,"turns":2},{"damage":54,"enemies":"Gremlin Nob","floor":11,"turns":3}],"seed_played":"4696684087406031775","potions_obtained":[{"floor":4,"key":"Ancient Potion"},{"floor":10,"key":"EssenceOfSteel"}],"is_trial":false,"path_per_floor":["M","?","M","M","?","R","M","R","T","M","E"],"character_chosen":"WATCHER","items_purchased":[],"campfire_rested":1,"item_purchase_floors":[],"current_hp_per_floor":[61,66,61,49,49,49,19,40,40,40,0,0],"gold":121,"neow_bonus":"ONE_RANDOM_RARE_CARD","is_daily":false,"chose_seed":false,"campfire_upgraded":1,"win_rate":0.0,"timestamp":1611574480,"path_taken":["M","?","M","M","?","R","M","R","T","M","E"],"items_purchased_type":[],"build_version":"2020-12-22","purchased_purges":0,"victory":false,"max_hp_per_floor":[68,73,73,73,73,73,73,73,73,73,73,73],"relic_stats":{"counters":[6,20],"obtain_stats":[{"PureWater":0,"Toy Ornithopter":9},{"PureWater":0,"Toy Ornithopter":4},{"PureWater":0,"Toy Ornithopter":15}],"Toy Ornithopter":0},"card_choices":[{"not_picked":["BowlingBash","Crescendo"],"picked":"FlyingSleeves","floor":1},{"not_picked":["Weave","Swivel"],"picked":"WreathOfFlame","floor":3},{"not_picked":["FlurryOfBlows","ForeignInfluence"],"picked":"LessonLearned","floor":4},{"not_picked":["FlurryOfBlows","Collect"],"picked":"Halt","floor":7},{"not_picked":["Evaluate","PathToVictory"],"picked":"Protect","floor":10}],"player_experience":660960,"relics_obtained":[{"floor":9,"key":"Toy Ornithopter"}],"event_choices":[{"damage_healed":0,"gold_gain":0,"player_choice":"Donut","damage_taken":0,"max_hp_gain":5,"max_hp_loss":0,"event_name":"Big Fish","floor":2,"gold_loss":0},{"cards_removed":["Strike_P"],"damage_healed":0,"gold_gain":0,"player_choice":"Card Removal","damage_taken":0,"max_hp_gain":0,"max_hp_loss":0,"event_name":"The Cleric","floor":5,"gold_loss":75}],"is_beta":false,"boss_relics":[],"items_purged_floors":[],"is_endless":false,"potions_floor_spawned":[4,10],"killed_by":"Gremlin Nob","ascension_level":20}}