{"host":"wkuscavjg97fbbrj","time":1611585788,"event":{"mods":["BaseMod","Colored Powertips","Downfall","Minty Spire (QoL Compilation)","Permanent Neow","Quick Restart","Replay The Spire","StSLib"],"gold_per_floor":[0,11,25,35,135,151,201,201,211,223,223,241,101,130,142,245,245,145,157,175,193,210,210,210,228,263,263,263,263,303,297,324,434,434,434,456,223,223,284,106,106,106,133,133,151,160,160,179,192,192,192,192],"floor_reached":50,"language":"ENG","playtime":2907,"items_purged":["Guardian:Strike_Guardian","Guardian:Defend_Guardian"],"score":591,"play_id":"555dbcec-25ec-4dd9-b7b2-a0f5c13f9c34","local_time":"20210125094308","is_ascension_mode":false,"campfire_choices":[{"data":"Guardian:TwinSlam","floor":1.0,"key":"SMITH"},{"data":"Guardian:PiercingHide","floor":8.0,"key":"SMITH"},{"data":"Guardian:DecasProtection","floor":11.0,"key":"SMITH"},{"data":"Guardian:CurlUp","floor":18.0,"key":"SMITH"},{"data":"Guardian:PiercingHide","floor":23.0,"key":"SMITH"},{"data":"Guardian:PrismaticBeam","floor":28.0,"key":"SMITH"},{"data":"Guardian:PiercingHide","floor":35,"key":"SMITH"},{"data":"Guardian:BronzeArmor","floor":44,"key":"SMITH"},{"data":"Guardian:PiercingHide","floor":47,"key":"SMITH"}],"circlet_count":0,"master_deck":["Guardian:Strike_Guardian","Guardian:Strike_Guardian","Guardian:Defend_Guardian","Guardian:Defend_Guardian","Guardian:CurlUp+1","Guardian:TwinSlam+1","Guardian:PiercingHide+1","Guardian:RollAttack","Guardian:DecasProtection+1","Guardian:RevengeProtocol","Guardian:ShieldSpikes","Guardian:PiercingHide+1","Guardian:PrimingBeam","Guardian:PrismaticBeam+1","Guardian:PiercingHide+1","Guardian:BronzeArmor","Guardian:PiercingHide+1","Guardian:StasisField","expansioncontent:DashGenerateEvil","Guardian:BronzeArmor+1","expansioncontent:HyperBeam"],"relics":["Guardian:ModeShifter","Replay:Rubber Ducky","Runic Dome","downfall:HeartBlessingGreen","StoneCalendar","Bronze Scales","downfall:RedIOU","CeramicFish","Guardian:StasisSlotReductionRelic","FossilizedHelix","Gambling Chip","Replay:Bottled Flurry"],"acts_visited":["Exordium","TheCity","TheBeyond"],"potions_floor_usage":[33,33,33,50,50],"damage_taken":[{"damage":1.0,"enemies":"Jaw Worm","floor":2.0,"turns":4.0},{"damage":1.0,"enemies":"Cultist","floor":3.0,"turns":4.0},{"damage":2.0,"enemies":"Small Slimes","floor":4.0,"turns":4.0},{"damage":8.0,"enemies":"Exordium Wildlife","floor":6.0,"turns":4.0},{"damage":5.0,"enemies":"3 Louse","floor":9.0,"turns":3.0},{"damage":4.0,"enemies":"Blue Slaver","floor":10.0,"turns":4.0},{"damage":1.0,"enemies":"2 Fungi Beasts","floor":12.0,"turns":4.0},{"damage":0.0,"enemies":"downfall:FleeingMerchant","floor":13.0,"turns":4.0},{"damage":20.0,"enemies":"Lagavulin","floor":14.0,"turns":10.0},{"damage":4.0,"enemies":"Exordium Wildlife","floor":15.0,"turns":3.0},{"damage":4.0,"enemies":"SI_SHIV_ARCHETYPE","floor":16.0,"turns":9.0},{"damage":5.0,"enemies":"Shell Parasite","floor":19.0,"turns":6.0},{"damage":0.0,"enemies":"3 Byrds","floor":20.0,"turns":4.0},{"damage":0.0,"enemies":"Cultist and Chosen","floor":21.0,"turns":8.0},{"damage":4.0,"enemies":"Snake Plant","floor":22.0,"turns":5.0},{"damage":0.0,"enemies":"Centurion and Healer","floor":25.0,"turns":8.0},{"damage":29.0,"enemies":"Gremlin Leader","floor":26.0,"turns":7.0},{"damage":11.0,"enemies":"Slavers","floor":30.0,"turns":5.0},{"damage":0.0,"enemies":"downfall:FleeingMerchant","floor":31.0,"turns":4.0},{"damage":15,"enemies":"Cultist and Chosen","floor":32,"turns":7},{"damage":0,"enemies":"WA_ARCHETYPE_CALM","floor":33,"turns":10},{"damage":0,"enemies":"3 Shapes","floor":36,"turns":6},{"damage":3,"enemies":"downfall:FleeingMerchant","floor":37,"turns":4},{"damage":34,"enemies":"2 Orb Walkers","floor":39,"turns":5},{"damage":0,"enemies":"downfall:FleeingMerchant","floor":40,"turns":4},{"damage":2,"enemies":"R_Hoarder","floor":43,"turns":12},{"damage":0,"enemies":"3 Darklings","floor":45,"turns":6},{"damage":0,"enemies":"Jaw Worm Horde","floor":48,"turns":4},{"damage":0,"enemies":"Sphere and 2 Shapes","floor":49,"turns":3},{"damage":87,"enemies":"IC_BLOCK_ARCHETYPE","floor":50,"turns":6}],"seed_played":"8057858428766541168","potions_obtained":[{"floor":3.0,"key":"Slimebound:ThreeZeroPotion"},{"floor":6.0,"key":"EssenceOfSteel"},{"floor":15.0,"key":"Weak Potion"},{"floor":21.0,"key":"SteroidPotion"},{"floor":22.0,"key":"Adrenaline Potion"},{"floor":25.0,"key":"Languid Potion"},{"floor":30.0,"key":"Dexterity Potion"},{"floor":33,"key":"Cursed Concoction"},{"floor":39,"key":"Fire Potion"},{"floor":48,"key":"ColorlessPotion"}],"is_trial":false,"path_per_floor":["R","M","M","M","?","M","T","R","M","M","R","M","$","E","M","B",null,"R","M","M","M","M","R","T","M","E","?","R","?","E","$","M","B",null,"R","M","$","?","?","$","T","?","E","R","M","?","R","M","M","B"],"character_chosen":"GUARDIAN","items_purchased":["Guardian:Gem_Lightblue","Guardian:Gem_Green","expansioncontent:DashGenerateEvil","Guardian:BronzeArmor"],"campfire_rested":0,"item_purchase_floors":[13,37,37,40],"current_hp_per_floor":[80,79,78,76,76,68,68,68,63,59,59,58,58,38,34,30,80,80,75,75,75,71,71,71,71,42,42,42,42,31,31,16,16,80,80,80,77,77,43,43,43,43,45,45,45,45,45,45,45,0,0,0],"gold":192,"neow_bonus":"REMOVE_TWO","is_daily":false,"chose_seed":false,"campfire_upgraded":9,"win_rate":0.0,"timestamp":1611585788,"path_taken":["R","M","M","M","?","M","T","R","M","M","R","M","$","E","M","BOSS","R","M","M","?","M","R","T","M","E","?","R","?","E","?","M","BOSS","R","M","$","?","?","$","T","?","E","R","M","?","R","M","M","BOSS"],"items_purchased_type":["Card","Card","Card","Card"],"build_version":"2020-12-22","purchased_purges":2,"victory":false,"max_hp_per_floor":[80,80,80,80,80,80,80,80,80,80,80,80,80,80,80,80,80,80,80,80,80,80,80,80,80,80,80,80,80,80,80,80,80,80,80,80,80,80,80,80,80,80,80,80,80,80,80,80,80,80,80,80],"card_choices":[{"not_picked":["Guardian:Suspension","Guardian:Gem_Green"],"picked":"Guardian:PiercingHide","floor":2.0},{"not_picked":["Guardian:VentSteam","Guardian:PiercingHide"],"picked":"Guardian:RollAttack","floor":3.0},{"not_picked":["Guardian:CrystalBeam","Guardian:ShieldCharger","Guardian:Recover"],"picked":"SKIP","floor":4.0},{"not_picked":["Guardian:Preprogram","Guardian:MultiBeam"],"picked":"Guardian:Gem_Lightblue","floor":6.0},{"not_picked":["Guardian:Orbwalk","Guardian:FierceBash"],"picked":"Guardian:DecasProtection","floor":9.0},{"not_picked":["Guardian:Planning","Guardian:Recover"],"picked":"Guardian:Gem_White","floor":10.0},{"not_picked":["Guardian:BronzeOrb","Guardian:RollAttack","Guardian:DecasProtection"],"picked":"SKIP","floor":12.0},{"not_picked":["Guardian:Gem_Red","Guardian:Planning"],"picked":"Guardian:Gem_Cyan","floor":13.0},{"not_picked":["Guardian:PrimingBeam","Guardian:CrystalBeam","Guardian:PolyBeam"],"picked":"SKIP","floor":14.0},{"not_picked":["Guardian:SpikerProtocol","Guardian:VentSteam"],"picked":"Guardian:Gem_Cyan","floor":15.0},{"not_picked":["Guardian:FastForward","Guardian:ConstructionForm"],"picked":"Guardian:RevengeProtocol","floor":16.0},{"not_picked":["Guardian:Planning","Guardian:Recover","Guardian:PrimingBeam"],"picked":"SKIP","floor":19.0},{"not_picked":["Guardian:PrimingBeam","Guardian:Planning"],"picked":"Guardian:ShieldSpikes","floor":20.0},{"not_picked":["Guardian:Harden+1","Guardian:TemporalStrike+1"],"picked":"Guardian:PiercingHide","floor":21.0},{"not_picked":["Guardian:Repulse","Guardian:Gem_Yellow"],"picked":"Guardian:Gem_Cyan","floor":22.0},{"not_picked":["Guardian:Gem_Red","Guardian:MultiBeam"],"picked":"Guardian:PrimingBeam","floor":25.0},{"not_picked":["Guardian:VentSteam","Guardian:Repulse"],"picked":"Guardian:PrismaticBeam","floor":26.0},{"not_picked":["Guardian:TemporalStrike","Guardian:Suspension"],"picked":"Guardian:BronzeArmor","floor":30.0},{"not_picked":["Guardian:RevengeProtocol","Guardian:RollAttack"],"picked":"Guardian:Gem_Blue","floor":32},{"not_picked":["Guardian:TimeSifter","Guardian:GatlingBeam"],"picked":"Guardian:StasisField","floor":33},{"not_picked":["Guardian:Recover","Guardian:WalkerClaw"],"picked":"Guardian:Gem_Red","floor":36},{"not_picked":["Guardian:WalkerClaw","Guardian:TimeSifter"],"picked":"Guardian:Gem_Cyan","floor":37},{"not_picked":["Guardian:Gem_Red","Guardian:PrimingBeam+1"],"picked":"Guardian:Gem_Lightblue","floor":39},{"not_picked":["Guardian:Reroute","Guardian:TimeCapacitor+1","Guardian:Gem_Yellow"],"picked":"SKIP","floor":40},{"not_picked":["Guardian:Preprogram","Guardian:TemporalShield+1","Guardian:Clone+1"],"picked":"SKIP","floor":43},{"not_picked":["Guardian:Preprogram","Guardian:TemporalShield+1","Guardian:Clone+1"],"picked":"SKIP","floor":43},{"not_picked":["Guardian:ChargeCore+1","Guardian:TimeBomb+1","Guardian:Planning+1"],"picked":"SKIP","floor":45},{"not_picked":["Replay:SS_forest_2","expansioncontent:LastStand"],"picked":"expansioncontent:HyperBeam","floor":46},{"not_picked":["Guardian:RollAttack+1","Guardian:Incinerate+1","Guardian:Planning"],"picked":"SKIP","floor":48},{"not_picked":["Guardian:StasisField","Guardian:VentSteam","Guardian:Gem_Cyan"],"picked":"SKIP","floor":49}],"player_experience":176489,"relics_obtained":[{"floor":7.0,"key":"ReplayTheSpireMod:Lightbulb"},{"floor":14.0,"key":"Replay:Rubber Ducky"},{"floor":24.0,"key":"StoneCalendar"},{"floor":26.0,"key":"Bronze Scales"},{"floor":30.0,"key":"CeramicFish"},{"floor":39,"key":"FossilizedHelix"},{"floor":41,"key":"Gambling Chip"},{"floor":43,"key":"Replay:Bottled Flurry"}],"event_choices":[{"damage_healed":0.0,"max_hp_gain":0.0,"max_hp_loss":0.0,"gold_gain":0.0,"event_name":"The Library","player_choice":"Read","floor":29.0,"gold_loss":0.0,"damage_taken":0.0,"cards_obtained":["Guardian:PiercingHide"]},{"damage_healed":0,"gold_gain":0,"player_choice":"Read","damage_taken":0,"max_hp_gain":0,"max_hp_loss":0,"event_name":"The Library","floor":31,"gold_loss":0,"cards_obtained":["Guardian:PiercingHide"]},{"cards_removed":["Guardian:Gem_Red"],"damage_healed":0,"gold_gain":0,"player_choice":"Removed Skill","damage_taken":0,"max_hp_gain":0,"max_hp_loss":0,"event_name":"Falling","floor":38,"gold_loss":0},{"damage_healed":0,"gold_gain":0,"player_choice":"Fight","damage_taken":0,"max_hp_gain":0,"max_hp_loss":0,"event_name":"Mysterious Sphere","floor":39,"gold_loss":0}],"is_beta":false,"boss_relics":[{"not_picked":["Fusion Hammer","Runic Pyramid"],"picked":"Runic Dome"},{"not_picked":["Ring of Chaos","Sozu"],"picked":"Guardian:StasisSlotReductionRelic"}],"items_purged_floors":[13,40],"is_endless":false,"potions_floor_spawned":[3,6,15,21,22,25,30,33,39,48],"killed_by":"IC_BLOCK_ARCHETYPE","ascension_level":0}}