{"host":"x6h2w7w5b570y81k","time":1611603444,"event":{"mods":["AchievementEnabler","Act Like it!","BaseMod","Colored Map","Colored Powertips","Downfall","Friendly Minions","Minty Spire (QoL Compilation)","StSLib","The Animator"],"gold_per_floor":[99,116,116,132,148,148,148,148,178,196,196,196,196],"floor_reached":11,"language":"DEU","playtime":805,"items_purged":[],"score":73,"play_id":"70a2098d-a167-45a8-9237-a8fcc4db6a2e","local_time":"20210125203724","is_ascension_mode":false,"campfire_choices":[{"data":"champ:Taunt","floor":1,"key":"SMITH"},{"data":"champ:Execute","floor":6,"key":"SMITH"},{"data":"champ:AdrenalArmor","floor":8,"key":"SMITH"}],"circlet_count":0,"master_deck":["champ:Strike","champ:Strike","champ:Strike","champ:Strike","champ:Defend","champ:Defend","champ:Defend","champ:Defend","champ:Execute+1","champ:Taunt+1","champ:BringItOn","champ:PreciseThrust","champ:AdrenalArmor+1","champ:StanceDance","champ:Duel"],"relics":["champ:ChampionCrown","downfall:BrokenWingStatue","Eternal Feather","WingedGreaves"],"acts_visited":["Exordium"],"potions_floor_usage":[11,11],"damage_taken":[{"damage":16,"enemies":"2 Louse","floor":2,"turns":3},{"damage":15,"enemies":"Small Slimes","floor":4,"turns":3},{"damage":10,"enemies":"Jaw Worm","floor":5,"turns":4},{"damage":77,"enemies":"Gremlin Nob","floor":9,"turns":6},{"damage":10,"enemies":"Blue Slaver","floor":10,"turns":3},{"damage":28,"enemies":"3 Sentries","floor":11,"turns":4}],"seed_played":"5483803108452704253","potions_obtained":[{"floor":5,"key":"SteroidPotion"},{"floor":10,"key":"Strength Potion"}],"is_trial":false,"path_per_floor":["R","M","?","M","M","R","T","R","E","M","E"],"character_chosen":"THE_CHAMP","items_purchased":[],"campfire_rested":0,"item_purchase_floors":[],"current_hp_per_floor":[99,93,93,88,88,88,88,94,27,27,0,0,0],"gold":196,"neow_bonus":"TEN_PERCENT_HP_BONUS","is_daily":false,"chose_seed":false,"campfire_upgraded":3,"win_rate":0.0,"timestamp":1611603444,"path_taken":["R","M","?","M","M","R","T","R","E","M","E"],"items_purchased_type":[],"build_version":"2020-12-22","purchased_purges":0,"victory":false,"max_hp_per_floor":[99,99,99,99,99,99,99,99,99,99,99,99,99],"card_choices":[{"not_picked":["champ:TornadoPunch","champ:StanceDance"],"picked":"champ:BringItOn","floor":2},{"not_picked":["champ:GladiatorStyle","champ:TornadoPunch"],"picked":"champ:PreciseThrust","floor":4},{"not_picked":["champ:PreciseThrust","champ:ShieldSlam"],"picked":"champ:AdrenalArmor","floor":5},{"not_picked":["champ:BladeFlurry","champ:FlashCut"],"picked":"champ:StanceDance","floor":9},{"not_picked":["champ:EnGarde","champ:SkillfulDodge"],"picked":"champ:Duel","floor":10}],"player_experience":239651,"relics_obtained":[{"floor":7,"key":"Eternal Feather"},{"floor":9,"key":"WingedGreaves"}],"event_choices":[],"is_beta":false,"boss_relics":[],"items_purged_floors":[],"is_endless":false,"potions_floor_spawned":[5,10],"killed_by":"3 Sentries","ascension_level":0}}