{"host":"zi8hgkvmbjur1a9v","time":1611597538,"event":{"mods":["AchievementEnabler","AlwaysNeverKeys","Aspiration","BaseMod","BetterRewards","Colored Map","Colored Powertips","Conspire","Downfall","Energized Spire","Friendly Minions","Hubris","Infinite Spire","Minty Spire (QoL Compilation)","Permanent Neow","Quick Restart","Relic Filter","Replay The Spire","Shop Mod","StSLib"],"gold_per_floor":[99,119,119,130,130,159,209,228,257,57,84,98,111,111,122,122,122,122],"floor_reached":16,"language":"ENG","playtime":1676,"items_purged":[],"score":146,"play_id":"75f59524-a70c-4e01-af79-240127a6f34a","local_time":"20210125125858","is_ascension_mode":true,"campfire_choices":[{"data":"Slimebound:Split","floor":1,"key":"SMITH"},{"data":"Slimebound:CorrosiveSpit","floor":1,"key":"SMITH"},{"data":"Slimebound:RainOfGoop","floor":10,"key":"SMITH"},{"data":"Slimebound:SplitSpecialist","floor":10,"key":"SMITH"}],"circlet_count":0,"master_deck":["Slimebound:Strike_Slimebound","Slimebound:Strike_Slimebound","Slimebound:Strike_Slimebound","Slimebound:Tackle","Slimebound:Defend_Slimebound","Slimebound:Defend_Slimebound","Slimebound:Defend_Slimebound","Slimebound:Defend_Slimebound","Slimebound:Split+1","Slimebound:CorrosiveSpit+1","Slimebound:Repurpose","Slimebound:MegaLick","Slimebound:RainOfGoop+1","Slimebound:SplitSpecialist+1","Slimebound:SlimeTap","Slimebound:LivingWall","Slimebound:Gluttony","Slimebound:SplitAcid","Injury","hubris:Envy","ReplayTheSpireMod:Echoes of Time","Slimebound:RainOfGoop"],"relics":["Slimebound:AbsorbEndCombat","Replay:Arrowhead","Guardian:PocketSentry","Replay:Bottled Flurry","ReplayFunnel","Peace Pipe","downfall:HeartBlessingBlue","downfall:HeartBlessingRed","Letter Opener"],"acts_visited":["Exordium"],"potions_floor_usage":[9,9,11],"damage_taken":[{"damage":0,"enemies":"Small Slimes","floor":2,"turns":4},{"damage":12,"enemies":"Jaw Worm","floor":4,"turns":2},{"damage":20,"enemies":"Lagavulin","floor":6,"turns":6},{"damage":8,"enemies":"2 Louse","floor":8,"turns":2},{"damage":23,"enemies":"3 Sentries","floor":9,"turns":4},{"damage":13,"enemies":"Gremlin Nob","floor":11,"turns":5},{"damage":8,"enemies":"Exordium Thugs","floor":12,"turns":3},{"damage":4,"enemies":"Blue Slaver","floor":13,"turns":2},{"damage":4,"enemies":"2 Fungi Beasts","floor":15,"turns":4},{"damage":21,"enemies":"WA_ARCHETYPE_RETAIN","floor":16,"turns":6}],"seed_played":"-3109108213340487675","potions_obtained":[{"floor":2,"key":"Venom Potion"},{"floor":6,"key":"EssenceOfSteel"},{"floor":8,"key":"AttackPotion"}],"is_trial":false,"path_per_floor":["R","M","?","M","?","E","T","M","E","R","E","M","M","?","M","B"],"character_chosen":"SLIMEBOUND","items_purchased":[],"campfire_rested":0,"item_purchase_floors":[],"current_hp_per_floor":[47,51,51,43,43,31,31,25,10,20,11,9,7,7,7,0,0,0],"gold":122,"neow_bonus":"ONE_RARE_RELIC","is_daily":false,"chose_seed":false,"campfire_upgraded":4,"win_rate":0.0,"timestamp":1611597538,"path_taken":["R","M","?","M","?","E","T","M","E","R","E","M","M","?","M","BOSS"],"items_purchased_type":[],"build_version":"2020-12-22","purchased_purges":0,"victory":false,"max_hp_per_floor":[65,65,65,65,65,65,65,65,65,75,75,75,75,75,75,75,75,75],"card_choices":[{"not_picked":["Slimebound:Prepare","Slimebound:LeechingTouch"],"picked":"Slimebound:Repurpose","floor":2},{"not_picked":["Slimebound:Chomp","Slimebound:GrowthPunch"],"picked":"Slimebound:MegaLick","floor":4},{"not_picked":["Slimebound:Gluttony","Slimebound:SlimeTap"],"picked":"Slimebound:RainOfGoop","floor":6},{"not_picked":["Slimebound:LeechingTouch","Slimebound:ItLooksTasty"],"picked":"Slimebound:SplitSpecialist","floor":8},{"not_picked":["Slimebound:LeechEnergy","Slimebound:ComboTackle"],"picked":"Slimebound:SlimeTap","floor":9},{"not_picked":["Slimebound:FinishingTackle","Slimebound:SamplingLick"],"picked":"Slimebound:LivingWall","floor":11},{"not_picked":["Slimebound:FormOfPuddle","Slimebound:ComboTackle"],"picked":"Slimebound:Gluttony","floor":12},{"not_picked":["Slimebound:GoopTackle","Slimebound:HungryTackle"],"picked":"Slimebound:SplitAcid","floor":13},{"not_picked":["infinitespire:Gouge","infinitespire:Menacing"],"picked":"ReplayTheSpireMod:Echoes of Time","floor":14},{"not_picked":["Slimebound:Schlurp","Slimebound:TongueLash"],"picked":"Slimebound:RainOfGoop","floor":15}],"player_experience":593433,"relics_obtained":[{"floor":6,"key":"Replay:Bottled Flurry"},{"floor":7,"key":"ReplayFunnel"},{"floor":9,"key":"Peace Pipe"},{"floor":11,"key":"Letter Opener"}],"event_choices":[{"damage_healed":0,"gold_gain":0,"player_choice":"Box","damage_taken":0,"relics_obtained":["Guardian:PocketSentry"],"max_hp_gain":0,"max_hp_loss":0,"event_name":"Big Fish","floor":3,"gold_loss":0,"cards_obtained":["Regret"]},{"cards_removed":["Regret"],"damage_healed":0,"gold_gain":0,"player_choice":"Card Removal","damage_taken":0,"max_hp_gain":0,"max_hp_loss":0,"event_name":"The Cleric","floor":5,"gold_loss":0}],"is_beta":false,"boss_relics":[],"items_purged_floors":[],"is_endless":false,"potions_floor_spawned":[2,6,8],"killed_by":"WA_ARCHETYPE_RETAIN","ascension_level":4}}