{"host":"sc0o2qwpf9j16a4i","time":1611565325,"event":{"mods":["AchievementEnabler","BaseMod","BetterRewards","Block Reminder","Colored Map","Colored Powertips","Custom Start","Highlight Path","Minty Spire (QoL Compilation)","Relic Stats"],"gold_per_floor":[134,134,165,12,12,39,39,39,39,70,85,115,133,151,151,250,250,285,285,2,2,22,75,75,114,114,13,30,30,86,128,128,254,254,299,249,285,296,296,355,421,441,441,502,535,535,0,17,17,42],"floor_reached":51,"language":"ENG","playtime":2470,"items_purged":["Regret","Strike_B+1","Strike_B+1"],"score":919,"play_id":"293bae71-87da-4f32-ae6f-5dc869469dc4","local_time":"20210125110205","daily_mods":["Allstar","Purple Cards","DeadlyEvents"],"is_ascension_mode":false,"campfire_choices":[{"data":"HandOfGreed","floor":7,"key":"SMITH"},{"data":"CrushJoints","floor":15,"key":"SMITH"},{"floor":24,"key":"REST"},{"floor":29,"key":"REST"},{"floor":32,"key":"REST"},{"floor":46,"key":"REST"},{"floor":49,"key":"DIG"}],"circlet_count":0,"master_deck":["Strike_B+1","Strike_B+1","Defend_B+1","Defend_B+1","Defend_B+1","Defend_B+1","Zap","Dualcast","Madness","The Bomb","Flash of Steel","HandOfGreed+1","Jack Of All Trades","Go for the Eyes+1","Protect","WreathOfFlame","WaveOfTheHand","CrushJoints+1","MasterReality","Worship","Ball Lightning","Ghostly","Ghostly","Ghostly","Ghostly","Ghostly","Recycle+1","White Noise","Sweeping Beam","Turbo","CutThroughFate+1","Scrawl","DeceiveReality","Devotion+1","Conserve Battery+1","Coolheaded","Stack+1","WaveOfTheHand+1","Vault","Meditate+1","Defragment+1"],"relics":["FrozenCore","Smiling Mask","Centennial Puzzle","Nunchaku","Turnip","Bag of Marbles","Tiny Chest","Philosopher\u0027s Stone","ClockworkSouvenir","Shovel","Frozen Egg 2","Regal Pillow","Symbiotic Virus","Singing Bowl","Bottled Lightning","Ginger","Red Mask","Ice Cream"],"acts_visited":["Exordium","TheCity","TheBeyond"],"potions_floor_usage":[6,12,16,18,23,23,30,33,37,45,50,50],"damage_taken":[{"damage":0,"enemies":"2 Louse","floor":1,"turns":3},{"damage":0,"enemies":"Cultist","floor":3,"turns":3},{"damage":0,"enemies":"3 Sentries","floor":6,"turns":3},{"damage":8,"enemies":"Gremlin Nob","floor":10,"turns":3},{"damage":0,"enemies":"Jaw Worm","floor":11,"turns":1},{"damage":1,"enemies":"3 Sentries","floor":12,"turns":3},{"damage":3,"enemies":"2 Fungi Beasts","floor":13,"turns":5},{"damage":8,"enemies":"3 Louse","floor":14,"turns":4},{"damage":11,"enemies":"Hexaghost","floor":16,"turns":9},{"damage":19,"enemies":"3 Byrds","floor":18,"turns":4},{"damage":2,"enemies":"Chosen","floor":22,"turns":5},{"damage":28,"enemies":"Gremlin Leader","floor":23,"turns":10},{"damage":2,"enemies":"Snecko","floor":25,"turns":7},{"damage":4,"enemies":"Snake Plant","floor":28,"turns":3},{"damage":2,"enemies":"Slavers","floor":30,"turns":7},{"damage":1,"enemies":"Chosen and Byrds","floor":31,"turns":6},{"damage":3,"enemies":"Automaton","floor":33,"turns":9},{"damage":0,"enemies":"Orb Walker","floor":35,"turns":4},{"damage":0,"enemies":"3 Darklings","floor":37,"turns":10},{"damage":0,"enemies":"Transient","floor":38,"turns":5},{"damage":8,"enemies":"Reptomancer","floor":40,"turns":5},{"damage":0,"enemies":"Jaw Worm Horde","floor":41,"turns":9},{"damage":0,"enemies":"Spire Growth","floor":42,"turns":5},{"damage":23,"enemies":"Sphere and 2 Shapes","floor":44,"turns":12},{"damage":0,"enemies":"Giant Head","floor":45,"turns":6},{"damage":0,"enemies":"3 Darklings","floor":48,"turns":6},{"damage":2,"enemies":"Awakened One","floor":50,"turns":18}],"seed_played":"6229793046680306658","potions_obtained":[{"floor":1,"key":"SkillPotion"},{"floor":11,"key":"SpeedPotion"},{"floor":13,"key":"SneckoOil"},{"floor":14,"key":"Weak Potion"},{"floor":16,"key":"SmokeBomb"},{"floor":18,"key":"PowerPotion"},{"floor":28,"key":"ColorlessPotion"},{"floor":30,"key":"Dexterity Potion"},{"floor":35,"key":"Block Potion"},{"floor":40,"key":"Block Potion"},{"floor":44,"key":"SteroidPotion"},{"floor":45,"key":"Dexterity Potion"}],"is_trial":true,"path_per_floor":["M","?","M","$","?","E","R","?","T","E","M","E","M","M","R","B",null,"M","?","$","?","M","E","R","M","T","$","M","R","E","M","R","B",null,"M","$","M","M","T","E","M","M","T","M","E","R","?","M","R","B",null],"character_chosen":"DEFECT","items_purchased":["Protect","Fruit Juice","ClockworkSouvenir","Worship","Ball Lightning","Turbo"],"campfire_rested":4,"item_purchase_floors":[4,4,20,20,20,27],"current_hp_per_floor":[75,68,68,68,53,53,53,53,53,45,45,49,46,38,38,27,80,61,61,61,40,38,10,22,20,20,20,16,28,26,25,40,37,40,40,40,40,40,40,32,32,32,32,9,9,36,36,38,38,36],"gold":42,"neow_bonus":"","is_daily":false,"chose_seed":false,"campfire_upgraded":2,"win_rate":0.0,"timestamp":1611565325,"path_taken":["M","?","M","$","?","E","R","?","T","E","M","E","M","M","R","BOSS","M","?","$","?","M","E","R","M","T","$","?","R","E","M","R","BOSS","M","$","M","M","?","E","M","M","T","M","E","R","?","M","R","BOSS"],"items_purchased_type":["Card","Potion","Relic","Card","Card","Card"],"build_version":"2020-12-22","purchased_purges":3,"victory":true,"max_hp_per_floor":[75,75,75,75,75,75,75,75,75,75,75,80,80,80,80,80,80,80,80,80,40,40,40,40,40,40,40,40,40,40,40,40,40,40,40,40,40,40,40,40,40,40,40,40,40,40,40,42,42,42],"relic_stats":{"Centennial Puzzle":[48],"Nunchaku":[21],"Regal Pillow":18,"Shovel":1,"Singing Bowl":2,"counters":[27,165],"Tiny Chest":1,"Turnip":[7],"Ginger":[0],"Smiling Mask":150,"obtain_stats":[{"Ice Cream":49,"Regal Pillow":30,"Singing Bowl":40,"Ginger":45,"Frozen Egg 2":26,"Smiling Mask":2,"ClockworkSouvenir":20,"FrozenCore":34,"Centennial Puzzle":6,"Nunchaku":8,"Shovel":23,"Tiny Chest":12,"Philosopher\u0027s Stone":17,"Turnip":9,"Bag of Marbles":10,"Red Mask":47,"Bottled Lightning":43,"Cracked Core":0,"Symbiotic Virus":39},{"Ice Cream":26,"Regal Pillow":15,"Singing Bowl":21,"Ginger":25,"Frozen Egg 2":13,"Smiling Mask":1,"ClockworkSouvenir":10,"FrozenCore":17,"Centennial Puzzle":3,"Nunchaku":3,"Shovel":12,"Tiny Chest":6,"Philosopher\u0027s Stone":9,"Turnip":3,"Bag of Marbles":4,"Red Mask":25,"Bottled Lightning":23,"Cracked Core":0,"Symbiotic Virus":20},{"Ice Cream":147,"Regal Pillow":70,"Singing Bowl":109,"Ginger":141,"Frozen Egg 2":60,"Smiling Mask":3,"ClockworkSouvenir":38,"FrozenCore":85,"Centennial Puzzle":9,"Nunchaku":9,"Shovel":53,"Tiny Chest":16,"Philosopher\u0027s Stone":34,"Turnip":9,"Bag of Marbles":12,"Red Mask":141,"Bottled Lightning":123,"Cracked Core":0,"Symbiotic Virus":104}],"FrozenCore":[20]},"card_choices":[{"not_picked":["Redo","BowlingBash","Gash"],"picked":"SKIP","floor":1},{"not_picked":["CrushJoints","Beam Cell"],"picked":"Go for the Eyes","floor":3},{"not_picked":["Tempest","Compile Driver","Crescendo"],"picked":"SKIP","floor":6},{"not_picked":["Aggregate","Consecrate"],"picked":"WreathOfFlame","floor":10},{"not_picked":["Prostrate","FlurryOfBlows"],"picked":"WaveOfTheHand","floor":11},{"not_picked":["Multi-Cast","Protect","Adaptation"],"picked":"SKIP","floor":12},{"not_picked":["PathToVictory","Sweeping Beam"],"picked":"CrushJoints","floor":13},{"not_picked":["CrushJoints","Reprogram","PathToVictory"],"picked":"SKIP","floor":14},{"not_picked":["Rainbow","Biased Cognition"],"picked":"MasterReality","floor":16},{"not_picked":["Vengeance","Sunder","EmptyBody"],"picked":"SKIP","floor":18},{"not_picked":["BowlingBash","Sunder+1"],"picked":"Recycle+1","floor":22},{"not_picked":["Prostrate","MentalFortress+1"],"picked":"White Noise","floor":23},{"not_picked":["Gash","Collect"],"picked":"Sweeping Beam","floor":25},{"not_picked":["FlurryOfBlows","Tempest"],"picked":"CutThroughFate+1","floor":28},{"not_picked":["Judgement","Crescendo+1"],"picked":"Scrawl","floor":30},{"not_picked":["PathToVictory+1","Gash"],"picked":"DeceiveReality","floor":31},{"not_picked":["ConjureBlade","Alpha"],"picked":"Devotion+1","floor":33},{"not_picked":["Go for the Eyes","Adaptation+1"],"picked":"Conserve Battery+1","floor":35},{"not_picked":["ForeignInfluence","Redo","EmptyBody"],"picked":"SKIP","floor":37},{"not_picked":["Vengeance+1","Genetic Algorithm"],"picked":"Coolheaded","floor":38},{"not_picked":["BattleHymn+1","Compile Driver"],"picked":"Stack+1","floor":40},{"not_picked":["Tempest+1","Rebound"],"picked":"WaveOfTheHand+1","floor":41},{"not_picked":["FlurryOfBlows","EmptyMind+1"],"picked":"Vault","floor":42},{"not_picked":["Compile Driver","Sanctity"],"picked":"Meditate+1","floor":44},{"not_picked":["EmptyFist+1","Leap+1"],"picked":"Defragment+1","floor":45},{"not_picked":["ForeignInfluence+1","Leap+1","ClearTheMind+1"],"picked":"Singing Bowl","floor":48}],"player_experience":927212,"relics_obtained":[{"floor":6,"key":"Centennial Puzzle"},{"floor":9,"key":"Turnip"},{"floor":10,"key":"Bag of Marbles"},{"floor":12,"key":"Tiny Chest"},{"floor":23,"key":"Shovel"},{"floor":26,"key":"Frozen Egg 2"},{"floor":30,"key":"Regal Pillow"},{"floor":39,"key":"Symbiotic Virus"},{"floor":40,"key":"Singing Bowl"},{"floor":43,"key":"Bottled Lightning"},{"floor":45,"key":"Ginger"},{"floor":49,"key":"Ice Cream"}],"event_choices":[{"damage_healed":0,"gold_gain":0,"player_choice":"Success","damage_taken":7,"relics_obtained":["Smiling Mask"],"max_hp_gain":0,"max_hp_loss":0,"event_name":"Scrap Ooze","floor":2,"gold_loss":0},{"damage_healed":0,"gold_gain":0,"player_choice":"Entered Light","damage_taken":15,"max_hp_gain":0,"max_hp_loss":0,"event_name":"Shining Light","floor":5,"gold_loss":0,"cards_upgraded":["Defend_B","Go for the Eyes"]},{"damage_healed":0,"gold_gain":0,"player_choice":"Box","damage_taken":0,"relics_obtained":["Nunchaku"],"max_hp_gain":0,"max_hp_loss":0,"event_name":"Big Fish","floor":8,"gold_loss":0,"cards_obtained":["Regret"]},{"damage_healed":0,"gold_gain":0,"player_choice":"Simplicity","damage_taken":0,"max_hp_gain":0,"max_hp_loss":0,"event_name":"Back to Basics","floor":19,"gold_loss":0,"cards_upgraded":["Strike_B","Strike_B","Strike_B","Strike_B","Defend_B","Defend_B","Defend_B"]},{"damage_healed":0,"gold_gain":0,"player_choice":"Became a Ghost","damage_taken":0,"max_hp_gain":0,"max_hp_loss":40,"event_name":"Ghosts","floor":21,"gold_loss":0,"cards_obtained":["Ghostly","Ghostly","Ghostly","Ghostly","Ghostly"]},{"damage_healed":0,"gold_gain":0,"player_choice":"Paid","damage_taken":0,"relics_obtained":["Red Mask"],"max_hp_gain":0,"max_hp_loss":0,"event_name":"Tomb of Lord Red Mask","floor":47,"gold_loss":535}],"is_beta":false,"boss_relics":[{"not_picked":["Empty Cage","Cursed Key"],"picked":"Philosopher\u0027s Stone"},{"not_picked":["Inserter","Velvet Choker"],"picked":"FrozenCore"}],"items_purged_floors":[20,27,36],"is_endless":false,"potions_floor_spawned":[1,11,13,14,16,18,28,30,35,40,44,45,48],"ascension_level":0}}