{"host":"ha6p5pdchuduffeg","time":1611543894,"event":{"mods":["Act Like it!","BaseMod","Gensokyo","KinomotoSakuraMod(ƒæ÷Æ±æ”£)","Koishi","Marisa£®ÏF”Í°°ƒß¿Ì…≥£©","Minty Spire (QoL Compilation)","Reimu£®≤©¿ˆ¡È√Œ£©","Remilia£®¿Ÿ√◊¿Ú—«£©","Replay The Spire","StSLib","The Servant 0.9.4","Youmu£®ªÍ∆«—˝√Œ£©"],"gold_per_floor":[268,362,372,386,386,398,425,500,523,542,542,94,94,106,106,211,211,228,247,247,207,225,225,258,258,258,287,299,299,299,319,319,414,414,432,445,462,462,512,512,594,605,685,702,351,102,114,128,128,128],"floor_reached":51,"language":"ZHS","playtime":3053,"items_purged":["Looming Evil","Clumsy"],"score":720,"play_id":"53be970a-cdab-44bb-ad9e-b2ca1845490d","local_time":"20210125110454","is_ascension_mode":true,"campfire_choices":[{"floor":11.0,"key":"REST"},{"data":"1","floor":13.0,"key":"LIFT"},{"data":"2","floor":15.0,"key":"LIFT"},{"data":"Demonic Infusion","floor":23.0,"key":"SMITH"},{"floor":25.0,"key":"REST"},{"floor":29.0,"key":"REST"},{"data":"3","floor":40.0,"key":"LIFT"},{"data":"Infernal Blade","floor":49.0,"key":"SMITH"}],"circlet_count":0,"master_deck":["Strike_R","Strike_R","Strike_R","Strike_R+1","Strike_R","Defend_R","Defend_R","Defend_R","Defend_R+1","Bash","Twin Strike","Flex+1","Inflame","Demonic Infusion+1","Seeing Red","Infernal Blade+1","Pummel","Rage","Exhume+1","Whirlwind+1","Rampage+1","Heavy Blade","Demonic Infusion","ReplayTheSpireMod:Limb From Limb","Disarm+1","Shockwave+1","Heavy Blade+1","Flex+1","Offering","Intimidate+1","Defy Death+1"],"relics":["Black Blood","War Paint","Strawberry","Brimstone","Girya","Cursed Key","ZunR:ReiMu","Anchor","Prayer Wheel","ReplayFunnel","Spirit Poop","TungstenRod","Chameleon Ring","Kunai","BargainBundle","Whetstone","Replay:Baseball"],"acts_visited":["Exordium","TheCity","TheBeyond"],"potions_floor_usage":[50,50],"damage_taken":[{"damage":10.0,"enemies":"Small Slimes","floor":1.0,"turns":4.0},{"damage":0.0,"enemies":"2 Louse","floor":3.0,"turns":2.0},{"damage":6.0,"enemies":"Cultist","floor":4.0,"turns":4.0},{"damage":0.0,"enemies":"Large Slime","floor":6.0,"turns":4.0},{"damage":45.0,"enemies":"3 Sentries","floor":7.0,"turns":9.0},{"damage":1.0,"enemies":"Looter","floor":10.0,"turns":3.0},{"damage":0.0,"enemies":"Gremlin Gang","floor":14.0,"turns":3.0},{"damage":69.0,"enemies":"Hexaghost","floor":16.0,"turns":6.0},{"damage":7.0,"enemies":"Shell Parasite","floor":18.0,"turns":3.0},{"damage":4.0,"enemies":"2 Thieves","floor":19.0,"turns":2.0},{"damage":13.0,"enemies":"Snake Plant","floor":22.0,"turns":2.0},{"damage":32.0,"enemies":"Replay:Snechameleon","floor":24.0,"turns":3.0},{"damage":25.0,"enemies":"Book of Stabbing","floor":27.0,"turns":3.0},{"damage":11.0,"enemies":"Centurion and Healer","floor":28.0,"turns":3.0},{"damage":0.0,"enemies":"Snecko","floor":31.0,"turns":2.0},{"damage":42.0,"enemies":"Collector","floor":33.0,"turns":5.0},{"damage":0.0,"enemies":"3 Darklings","floor":35.0,"turns":1.0},{"damage":4.0,"enemies":"3 Shapes","floor":36.0,"turns":3.0},{"damage":42.0,"enemies":"Maw","floor":37.0,"turns":6.0},{"damage":15.0,"enemies":"Mind Bloom Boss Battle","floor":39.0,"turns":5.0},{"damage":16.0,"enemies":"4 Shapes","floor":42.0,"turns":5.0},{"damage":0.0,"enemies":"3 Darklings","floor":44.0,"turns":2.0},{"damage":0.0,"enemies":"Sphere and 2 Shapes","floor":47.0,"turns":1.0},{"damage":0.0,"enemies":"Spire Growth","floor":48.0,"turns":3.0},{"damage":20,"enemies":"Replay:Hell Engine","floor":50,"turns":4}],"seed_played":"-275192830834503655","potions_obtained":[{"floor":1.0,"key":"MagicPotion:ReiMu"},{"floor":3.0,"key":"Milkshake"},{"floor":5.0,"key":"Explosive Potion"},{"floor":5.0,"key":"Ancient Potion"},{"floor":14.0,"key":"Flashbang"},{"floor":35.0,"key":"Adrenaline Potion"},{"floor":37.0,"key":"Energy Potion"}],"is_trial":false,"path_per_floor":["M","?","M","M","?","M","E","?","T","M","R","$","R","M","R","B",null,"M","M","$","?","M","R","E","R","T","E","M","R","?","M","R","B",null,"M","M","M","$","?","R","T","M","T","M","$","$","M","M","R","B",null],"character_chosen":"IRONCLAD","items_purchased":["Brimstone","Girya","BargainBundle","Regen Potion","Whetstone","Replay:Baseball"],"campfire_rested":3,"item_purchase_floors":[12,12,45,45,45,46],"current_hp_per_floor":[68,68,74,74,74,80,41,30,37,42,68,68,68,74,74,11,68,67,69,69,69,62,62,36,62,62,43,38,64,64,70,87,51,78,87,87,57,57,54,54,54,50,50,62,62,62,74,86,86,87],"gold":128,"neow_bonus":"TWO_FIFTY_GOLD","is_daily":false,"chose_seed":false,"campfire_upgraded":2,"win_rate":0.0,"timestamp":1611543894,"path_taken":["M","?","M","M","?","?","E","?","T","M","R","$","R","M","R","BOSS","M","M","$","?","M","R","E","R","T","E","M","R","?","M","R","BOSS","M","?","M","$","?","R","?","M","T","M","?","$","?","M","R","BOSS"],"items_purchased_type":["Relic","Relic","Relic","Potion","Relic","Relic"],"build_version":"2020-12-22","purchased_purges":2,"victory":true,"max_hp_per_floor":[80,80,80,80,80,80,80,80,87,87,87,87,87,87,87,87,87,87,87,87,87,87,87,87,87,87,87,87,87,87,87,87,87,87,87,87,87,87,87,87,87,87,87,87,87,87,87,87,87,87],"card_choices":[{"not_picked":["Havoc","Armaments"],"picked":"Twin Strike","floor":1.0},{"not_picked":["Warcry","Thunderclap"],"picked":"Flex","floor":2.0},{"not_picked":["Heavy Blade","Whirlwind"],"picked":"Inflame","floor":2.0},{"not_picked":["True Grit","Clash"],"picked":"Demonic Infusion","floor":2.0},{"not_picked":["Wild Strike","ReplayTheSpireMod:Muscle Training"],"picked":"Seeing Red","floor":3.0},{"not_picked":["ReplayTheSpireMod:Strike From Hell","Body Slam"],"picked":"Infernal Blade","floor":4.0},{"not_picked":["Heavy Blade","ReplayTheSpireMod:Muscle Training"],"picked":"Pummel","floor":6.0},{"not_picked":["Wild Strike","Second Wind","Power Through"],"picked":"SKIP","floor":7.0},{"not_picked":["Rage","Anger","Wild Strike"],"picked":"SKIP","floor":10.0},{"not_picked":["Anger","Wild Strike"],"picked":"Rage","floor":10.0},{"not_picked":["Abandon","ReplayReversal","Metallicize"],"picked":"SKIP","floor":14.0},{"not_picked":["Demon Form","Impervious"],"picked":"Exhume","floor":16.0},{"not_picked":["Flame Barrier","Rage"],"picked":"Whirlwind","floor":18.0},{"not_picked":["Life Link+1","ReplayReversal","Iron Wave"],"picked":"SKIP","floor":19.0},{"not_picked":["Life Link+1","ReplayReversal","Iron Wave"],"picked":"SKIP","floor":19.0},{"not_picked":["Thunderclap+1","Life Link","Hemokinesis"],"picked":"SKIP","floor":22.0},{"not_picked":["Whirlwind","Twin Strike"],"picked":"Rampage+1","floor":24.0},{"not_picked":["Havoc","Seeing Red","Twin Strike"],"picked":"SKIP","floor":27.0},{"not_picked":["Perfected Strike+1","Headbutt+1"],"picked":"Heavy Blade","floor":28.0},{"not_picked":["Sentinel","Replay:Undeath\u0027s Touch+1","Cleave"],"picked":"SKIP","floor":28.0},{"not_picked":["Sword Boomerang+1","Sever Soul+1"],"picked":"Demonic Infusion","floor":31.0},{"not_picked":["Rupture","Carnage","Havoc"],"picked":"SKIP","floor":31.0},{"not_picked":["Perfected Strike","Sentinel"],"picked":"ReplayTheSpireMod:Limb From Limb","floor":35.0},{"not_picked":["Feel No Pain","Havoc+1","Clash+1"],"picked":"SKIP","floor":35.0},{"not_picked":["Intimidate+1","Shrug It Off+1"],"picked":"Disarm+1","floor":36.0},{"not_picked":["Sword Boomerang+1","Defy Death"],"picked":"Shockwave+1","floor":36.0},{"not_picked":["Dual Wield","Uppercut","Warcry+1"],"picked":"SKIP","floor":37.0},{"not_picked":["Ghostly Armor","Flex","Flame Barrier"],"picked":"SKIP","floor":37.0},{"not_picked":["Immolate","Clothesline+1"],"picked":"Heavy Blade+1","floor":42.0},{"not_picked":["Battle Trance","Power Through","Heavy Blade"],"picked":"SKIP","floor":42.0},{"not_picked":["Second Wind","Shockwave+1"],"picked":"Flex+1","floor":44.0},{"not_picked":["True Grit","Perfected Strike","Evolve+1"],"picked":"SKIP","floor":44.0},{"not_picked":["Uppercut+1","Replay:Undeath\u0027s Touch+1"],"picked":"Offering","floor":47.0},{"not_picked":["Pommel Strike+1","Reckless Charge+1"],"picked":"Intimidate+1","floor":47.0},{"not_picked":["Havoc+1","Second Wind+1"],"picked":"Defy Death+1","floor":48.0},{"not_picked":["Body Slam+1","Shrug It Off","Replay:Undeath\u0027s Touch"],"picked":"SKIP","floor":48.0}],"player_experience":91905,"relics_obtained":[{"floor":7.0,"key":"War Paint"},{"floor":9.0,"key":"Strawberry"},{"floor":24.0,"key":"Anchor"},{"floor":26.0,"key":"Prayer Wheel"},{"floor":27.0,"key":"ReplayFunnel"},{"floor":39.0,"key":"TungstenRod"},{"floor":41.0,"key":"Chameleon Ring"},{"floor":43.0,"key":"Kunai"}],"event_choices":[{"damage_healed":0.0,"max_hp_gain":0.0,"max_hp_loss":0.0,"gold_gain":0.0,"event_name":"Lab","player_choice":"Got Potions","floor":5.0,"gold_loss":0.0,"damage_taken":0.0},{"damage_healed":0.0,"max_hp_gain":0.0,"max_hp_loss":0.0,"gold_gain":75.0,"event_name":"World of Goop","player_choice":"Gather Gold","floor":8.0,"gold_loss":0.0,"damage_taken":11.0},{"damage_healed":0.0,"max_hp_gain":0.0,"max_hp_loss":0.0,"gold_gain":0.0,"event_name":"ZunEvent","player_choice":"π∫¬Ú…Òæ∆","floor":21.0,"gold_loss":40.0,"damage_taken":0.0,"relics_obtained":["ZunR:ReiMu"]},{"cards_removed":["Voices"],"damage_healed":0.0,"max_hp_gain":0.0,"max_hp_loss":0.0,"gold_gain":0.0,"event_name":"Bonfire Elementals","player_choice":"Offered Curse","floor":30.0,"gold_loss":0.0,"damage_taken":0.0,"relics_obtained":["Spirit Poop"]},{"damage_healed":0.0,"max_hp_gain":0.0,"max_hp_loss":0.0,"gold_gain":0.0,"event_name":"MindBloom","player_choice":"Fight","floor":39.0,"gold_loss":0.0,"damage_taken":0.0}],"is_beta":false,"boss_relics":[{"not_picked":["RedLine:ReiMu","Black Star"],"picked":"Cursed Key"},{"not_picked":["Runic Pyramid","Replay:Drink Me"],"picked":"Black Blood"}],"items_purged_floors":[45,46],"is_endless":false,"potions_floor_spawned":[1,3,14,18,19,27,35,37,39,47,48],"ascension_level":6}}