{"host":"lnt5dzsuhru0aonl","time":1611583864,"event":{"mods":["2.2 Compatiblity","BaseMod","Colored Map","Colored Powertips","DeckTracker","Keyboard Shortcuts","Minty Spire (QoL Compilation)","Permanent Neow","Rare Cards Sparkle","StSLib","SuperFastMode","everything is the same but u backflip on backflip"],"gold_per_floor":[109,109,109,124,134,134,150,150,150,182,11,44,62,62,62,140,140,154,79,349,349,349],"floor_reached":21,"language":"KOR","playtime":438,"items_purged":["Strike_B"],"score":374,"play_id":"a8ed1d2a-cc9f-4e66-ba89-e9d448ccfbab","local_time":"20210125231104","is_ascension_mode":true,"campfire_choices":[{"data":"Dualcast","floor":6.0,"key":"SMITH"},{"data":"Coolheaded","floor":8.0,"key":"SMITH"},{"data":"Creative AI","floor":15,"key":"SMITH"}],"circlet_count":0,"master_deck":["AscendersBane","Strike_B","Strike_B","Strike_B","Defend_B","Defend_B","Defend_B","Defend_B","Zap+1","Dualcast+1","Cold Snap","Compile Driver","Ball Lightning","Coolheaded+1","Sweeping Beam","Creative AI+1","Machine Learning","Self Repair","Reboot"],"relics":["Cracked Core","Strawberry","White Beast Statue","Shovel","Art of War","Blue Candle","Philosopher\u0027s Stone"],"acts_visited":["Exordium","TheCity"],"potions_floor_usage":[10,12,12,13,16],"damage_taken":[{"damage":4.0,"enemies":"Jaw Worm","floor":1.0,"turns":3.0},{"damage":1.0,"enemies":"Cultist","floor":4.0,"turns":3.0},{"damage":0.0,"enemies":"2 Louse","floor":5.0,"turns":1.0},{"damage":8.0,"enemies":"Lots of Slimes","floor":7.0,"turns":4.0},{"damage":9,"enemies":"Gremlin Nob","floor":10,"turns":3},{"damage":19,"enemies":"3 Sentries","floor":12,"turns":5},{"damage":7,"enemies":"Exordium Wildlife","floor":13,"turns":3},{"damage":16,"enemies":"Slime Boss","floor":16,"turns":8},{"damage":14,"enemies":"Spheric Guardian","floor":18,"turns":5},{"damage":34,"enemies":"Shell Parasite","floor":21,"turns":3}],"seed_played":"3573647680439276573","potions_obtained":[{"floor":4.0,"key":"Fruit Juice"},{"floor":5.0,"key":"LiquidBronze"},{"floor":7.0,"key":"FearPotion"},{"floor":10,"key":"GamblersBrew"},{"floor":12,"key":"EssenceOfSteel"},{"floor":13,"key":"Weak Potion"},{"floor":16,"key":"Dexterity Potion"},{"floor":18,"key":"Fire Potion"}],"is_trial":false,"path_per_floor":["M","?","T","M","M","R","M","R","T","E","$","E","M","?","R","B",null,"M","$","?","M"],"character_chosen":"DEFECT","items_purchased":["Creative AI"],"campfire_rested":0,"item_purchase_floors":[11],"current_hp_per_floor":[67,67,67,66,66,66,63,63,63,54,54,35,28,28,28,19,67,60,60,33,0,0],"gold":349,"neow_bonus":"RANDOM_COMMON_RELIC","is_daily":false,"chose_seed":false,"campfire_upgraded":3,"win_rate":0.0,"timestamp":1611583864,"path_taken":["M","?","?","M","M","R","?","R","T","E","$","E","M","?","R","BOSS","M","$","?","?"],"items_purchased_type":["Card"],"build_version":"2020-12-22","purchased_purges":1,"victory":false,"max_hp_per_floor":[78,78,78,78,78,78,83,83,83,83,83,83,83,83,83,83,83,83,83,83,83,83],"card_choices":[{"not_picked":["Redo","Consume"],"picked":"Cold Snap","floor":1.0},{"not_picked":["White Noise","Chill"],"picked":"Compile Driver","floor":4.0},{"not_picked":["Chill","Compile Driver"],"picked":"Ball Lightning","floor":5.0},{"not_picked":["Steam","Stack"],"picked":"Coolheaded","floor":7.0},{"not_picked":["Chaos","Hologram"],"picked":"Sweeping Beam","floor":10},{"not_picked":["Blizzard","Steam Power"],"picked":"Machine Learning","floor":12},{"not_picked":["Compile Driver","Aggregate"],"picked":"Self Repair","floor":13},{"not_picked":["Rainbow","Meteor Strike"],"picked":"Reboot","floor":16},{"not_picked":["Sweeping Beam","White Noise","Barrage+1"],"picked":"SKIP","floor":18}],"player_experience":767287,"relics_obtained":[{"floor":3.0,"key":"White Beast Statue"},{"floor":9.0,"key":"Shovel"},{"floor":10,"key":"Art of War"},{"floor":12,"key":"Blue Candle"}],"event_choices":[{"damage_healed":0.0,"max_hp_gain":0.0,"max_hp_loss":0.0,"gold_gain":0.0,"event_name":"Living Wall","player_choice":"Grow","floor":2.0,"gold_loss":0.0,"damage_taken":0.0,"cards_upgraded":["Zap"]},{"damage_healed":0,"gold_gain":0,"player_choice":"Ignored","damage_taken":0,"max_hp_gain":0,"max_hp_loss":0,"event_name":"Liars Game","floor":14,"gold_loss":0},{"damage_healed":0,"gold_gain":270,"player_choice":"GOLD GOLD GOLD ","damage_taken":27,"max_hp_gain":0,"max_hp_loss":0,"event_name":"Knowing Skull","floor":20,"potions_obtained":[],"gold_loss":0,"cards_obtained":[]}],"is_beta":false,"boss_relics":[{"not_picked":["Velvet Choker","Fusion Hammer"],"picked":"Philosopher\u0027s Stone"}],"items_purged_floors":[19],"is_endless":false,"potions_floor_spawned":[4,5,7,10,12,13,16,18],"killed_by":"Shell Parasite","ascension_level":20}}