{"host":"edndssuekvzbh3is","time":1611545429,"event":{"mods":["BaseMod","Colored Map","Colored Powertips","Minty Spire (QoL Compilation)","SuperFastMode"],"gold_per_floor":[117,132,132,210,220,254,254,32,55,65,76,86,101,121,121,222,222,241,259,174,174,192,225,243,243,270,289,307,307,307,323,323,426,426,438,453,23,23,23],"floor_reached":38,"language":"ENG","playtime":1727,"items_purged":["Strike_P","Strike_P"],"score":449,"play_id":"d70f0f06-00ba-44f1-9c03-26f20af4f645","local_time":"20210124223029","is_ascension_mode":true,"campfire_choices":[{"data":"WheelKick","floor":7,"key":"SMITH"},{"data":"CutThroughFate","floor":15,"key":"SMITH"},{"data":"Halt","floor":25,"key":"SMITH"},{"floor":30,"key":"REST"},{"floor":32,"key":"REST"}],"circlet_count":0,"master_deck":["Strike_P","Strike_P+1","Defend_P+1","Defend_P+1","Defend_P","Defend_P+1","Eruption+1","Vigilance","WheelKick+1","FlurryOfBlows+1","BowlingBash+1","LikeWater","ClearTheMind","Halt+1","Devotion+1","EmptyFist","CutThroughFate+1","Crescendo+1","LessonLearned+1","Wallop","FlyingSleeves","Vengeance","Evaluate+1","ClearTheMind+1","Tantrum+1","EmptyBody","Consecrate","InnerPeace","DevaForm","CurseOfTheBell","SashWhip+1","ThirdEye+1","WreathOfFlame"],"relics":["HolyWater","NeowsBlessing","Oddly Smooth Stone","Strawberry","Mango","Dream Catcher","Damaru","Calling Bell","Calipers","Centennial Puzzle","Meat on the Bone","Nunchaku"],"acts_visited":["Exordium","TheCity","TheBeyond","TheBeyond"],"potions_floor_usage":[6,16,16,16,24,33],"damage_taken":[{"damage":0,"enemies":"2 Louse","floor":1,"turns":1},{"damage":0,"enemies":"Small Slimes","floor":2,"turns":1},{"damage":0,"enemies":"Jaw Worm","floor":5,"turns":1},{"damage":17,"enemies":"3 Sentries","floor":6,"turns":8},{"damage":0,"enemies":"Exordium Thugs","floor":10,"turns":3},{"damage":8,"enemies":"Blue Slaver","floor":11,"turns":2},{"damage":1,"enemies":"Large Slime","floor":12,"turns":2},{"damage":0,"enemies":"Gremlin Gang","floor":13,"turns":4},{"damage":0,"enemies":"Red Slaver","floor":14,"turns":2},{"damage":21,"enemies":"The Guardian","floor":16,"turns":7},{"damage":10,"enemies":"2 Thieves","floor":18,"turns":3},{"damage":0,"enemies":"Chosen","floor":19,"turns":3},{"damage":3,"enemies":"Snake Plant","floor":22,"turns":3},{"damage":35,"enemies":"Slavers","floor":23,"turns":5},{"damage":21,"enemies":"3 Cultists","floor":24,"turns":5},{"damage":4,"enemies":"Snecko","floor":27,"turns":5},{"damage":1,"enemies":"Sentry and Sphere","floor":28,"turns":5},{"damage":0,"enemies":"Centurion and Healer","floor":31,"turns":5},{"damage":56,"enemies":"Collector","floor":33,"turns":8},{"damage":19,"enemies":"3 Shapes","floor":35,"turns":4},{"damage":10,"enemies":"Orb Walker","floor":36,"turns":3},{"damage":71,"enemies":"Sphere and 2 Shapes","floor":38,"turns":7}],"seed_played":"3607036579798042480","potions_obtained":[{"floor":2,"key":"Swift Potion"},{"floor":5,"key":"FearPotion"},{"floor":19,"key":"Fire Potion"},{"floor":27,"key":"LiquidMemories"}],"is_trial":false,"path_per_floor":["M","M","?","?","M","E","R","$","T","M","M","M","M","M","R","B",null,"M","M","?","?","M","E","M","R","T","M","M","?","R","M","R","B",null,"M","M","$","M"],"character_chosen":"WATCHER","items_purchased":["ClearTheMind","Strength Potion","Strength Potion","Nunchaku","CultistPotion","WreathOfFlame"],"campfire_rested":2,"item_purchase_floors":[8,8,8,37,37,37],"current_hp_per_floor":[72,72,58,58,58,41,41,41,48,48,40,39,39,39,39,18,79,69,69,83,83,80,45,24,24,24,20,19,19,46,46,73,17,93,74,64,64,0,0],"gold":23,"neow_bonus":"THREE_ENEMY_KILL","is_daily":false,"chose_seed":false,"campfire_upgraded":3,"win_rate":0.0,"timestamp":1611545429,"path_taken":["M","M","?","?","M","E","R","?","T","M","M","M","M","M","R","BOSS","M","M","?","?","M","E","M","R","T","M","M","?","R","?","R","BOSS","M","M","$","M"],"items_purchased_type":["Card","Potion","Potion","Relic","Potion","Card"],"build_version":"2020-12-22","purchased_purges":2,"victory":false,"max_hp_per_floor":[72,72,72,72,72,72,72,72,79,79,79,79,79,79,79,79,79,79,79,93,93,93,93,93,93,93,93,93,93,93,93,93,93,93,93,93,93,93,93],"card_choices":[{"not_picked":["Consecrate","LikeWater"],"picked":"WheelKick","floor":1},{"not_picked":["SashWhip","Weave"],"picked":"FlurryOfBlows","floor":2},{"not_picked":["Adaptation","SashWhip"],"picked":"BowlingBash","floor":5},{"not_picked":["CrushJoints","Consecrate"],"picked":"LikeWater","floor":6},{"not_picked":["PathToVictory","CarveReality"],"picked":"Halt","floor":10},{"not_picked":["SandsOfTime","JustLucky"],"picked":"Devotion","floor":11},{"not_picked":["EmptyBody","Halt"],"picked":"EmptyFist","floor":12},{"not_picked":["WheelKick","Protect"],"picked":"CutThroughFate","floor":13},{"not_picked":["Protect","InnerPeace"],"picked":"Crescendo","floor":14},{"not_picked":["ConjureBlade","Omniscience"],"picked":"LessonLearned","floor":16},{"not_picked":["WindmillStrike","CutThroughFate"],"picked":"Wallop","floor":18},{"not_picked":["Crescendo","Weave+1"],"picked":"FlyingSleeves","floor":19},{"not_picked":["WheelKick+1","Crescendo"],"picked":"Vengeance","floor":22},{"not_picked":["Collect+1","Vengeance"],"picked":"Evaluate+1","floor":23},{"not_picked":["ForeignInfluence+1","Worship"],"picked":"ClearTheMind+1","floor":24},{"not_picked":["Pray","FlurryOfBlows"],"picked":"Tantrum","floor":27},{"not_picked":["Crescendo+1","Evaluate","WindmillStrike"],"picked":"SKIP","floor":28},{"not_picked":["Indignation+1","Nirvana"],"picked":"EmptyBody","floor":30},{"not_picked":["SashWhip","BowlingBash"],"picked":"Consecrate","floor":31},{"not_picked":["Consecrate","CarveReality"],"picked":"InnerPeace","floor":32},{"not_picked":["Alpha","Establishment"],"picked":"DevaForm","floor":33},{"not_picked":["Prostrate+1","EmptyBody+1"],"picked":"SashWhip+1","floor":35},{"not_picked":["FollowUp","Halt"],"picked":"ThirdEye+1","floor":36}],"player_experience":332171,"relics_obtained":[{"floor":6,"key":"Oddly Smooth Stone"},{"floor":9,"key":"Strawberry"},{"floor":23,"key":"Dream Catcher"},{"floor":26,"key":"Damaru"},{"floor":34,"key":"Calipers"},{"floor":34,"key":"Centennial Puzzle"},{"floor":34,"key":"Meat on the Bone"}],"event_choices":[{"damage_healed":0,"gold_gain":0,"player_choice":"Entered Light","damage_taken":14,"max_hp_gain":0,"max_hp_loss":0,"event_name":"Shining Light","floor":3,"gold_loss":0,"cards_upgraded":["Eruption","Strike_P"]},{"damage_healed":0,"gold_gain":78,"player_choice":"Gained Gold","damage_taken":0,"max_hp_gain":0,"max_hp_loss":0,"event_name":"Golden Wing","floor":4,"gold_loss":0},{"damage_healed":0,"gold_gain":0,"player_choice":"Obtained Relic","damage_taken":0,"relics_obtained":["Mango"],"max_hp_gain":0,"max_hp_loss":0,"event_name":"Addict","floor":20,"gold_loss":85},{"damage_healed":0,"gold_gain":0,"player_choice":"Ignored","damage_taken":0,"max_hp_gain":0,"max_hp_loss":0,"event_name":"The Mausoleum","floor":21,"gold_loss":0},{"damage_healed":0,"gold_gain":0,"player_choice":"Upgraded","damage_taken":0,"max_hp_gain":0,"max_hp_loss":0,"event_name":"Upgrade Shrine","floor":29,"gold_loss":0,"cards_upgraded":["Tantrum"]}],"is_beta":false,"boss_relics":[{"not_picked":["Runic Dome","Ectoplasm"],"picked":"HolyWater"},{"not_picked":["Busted Crown","SacredBark"],"picked":"Calling Bell"}],"items_purged_floors":[8,37],"is_endless":false,"potions_floor_spawned":[2,5,11,14,19,27],"killed_by":"Sphere and 2 Shapes","ascension_level":1}}