{"host":"m1hsm1cztz438mir","time":1611544852,"event":{"mods":["2.2 Compatiblity","AchievementEnabler","Act Like it!","BaseMod","Colored Map","Curses Come First","Downfall","Minty Spire (QoL Compilation)","Relic Stats","Shop Mod","StSLib"],"gold_per_floor":[0,18,18,37,37,63,90,107,132,142,142,142,142,155,168,263,263,163,173,173,183,203,203,282,282,300,332,232,252,252,352,369,472,472,472,485,485,291,302,302,302,316,349,304,304,304,304],"floor_reached":45,"language":"ENG","playtime":4474,"items_purged":["downfall:Malfunctioning","Guardian:GemFinder+1"],"score":595,"play_id":"fd2d0623-caae-4505-9527-fa8fe7852dbf","local_time":"20210125032052","is_ascension_mode":true,"campfire_choices":[{"data":"Guardian:TwinSlam","floor":1,"key":"SMITH"},{"data":"Guardian:GemFinder","floor":11,"key":"SMITH"},{"floor":13,"key":"RECALL"},{"data":"Guardian:CompilePackage","floor":18,"key":"SMITH"},{"data":"Guardian:Incinerate","floor":23,"key":"SMITH"},{"floor":28,"key":"REST"},{"data":"Guardian:PiercingHide","floor":30,"key":"SMITH"},{"data":"Guardian:Suspension","floor":35,"key":"SMITH"},{"data":"Guardian:Clone","floor":40,"key":"SMITH"}],"circlet_count":0,"master_deck":["Guardian:CurlUp","Guardian:TwinSlam+1","Guardian:SentryBeam+1","Guardian:ArmoredProtocol","Guardian:TemporalStrike","Guardian:TemporalStrike","Guardian:Reroute","Guardian:CompilePackage+1","Guardian:StasisStrike","Guardian:Emergency","Guardian:ArmoredProtocol","Guardian:StasisField","Guardian:TemporalShield","Guardian:Recover","Guardian:Suspension+1","Guardian:Incinerate+1","J.A.X.","Guardian:EvasiveProtocol","Guardian:Reroute+1","Guardian:PiercingHide+1","Guardian:PiercingHide","Guardian:Incinerate+1","CurseOfTheBell","CurseOfTheBell","Guardian:Clone+1","Guardian:Incinerate","Guardian:Reroute","Guardian:StasisEngine","Guardian:Recover+1","Guardian:TemporalStrike+1","Mayhem","Guardian:Repulse"],"relics":["Guardian:ModeShifter","Blood Vial","Pocketwatch","Guardian:DefensiveModeMoreBlock","Ancient Tea Set","Pandora\u0027s Box","downfall:HeartBlessingRed","PreservedInsect","downfall:HeartBlessingBlue","Black Star","downfall:ExtraCursedBell","Art of War","Matryoshka","Turnip","Orichalcum","Shuriken","Guardian:PickAxe","Anchor"],"acts_visited":["Exordium","TheCity","TheBeyond"],"potions_floor_usage":[16,27,29,42,42,43],"damage_taken":[{"damage":9,"enemies":"2 Louse","floor":2,"turns":5},{"damage":8,"enemies":"Small Slimes","floor":4,"turns":4},{"damage":17,"enemies":"3 Sentries","floor":6,"turns":10},{"damage":7,"enemies":"Jaw Worm","floor":8,"turns":4},{"damage":1,"enemies":"Lagavulin","floor":9,"turns":8},{"damage":0,"enemies":"3 Louse","floor":10,"turns":4},{"damage":7,"enemies":"Exordium Thugs","floor":14,"turns":3},{"damage":3,"enemies":"Exordium Wildlife","floor":15,"turns":3},{"damage":29,"enemies":"DF_ARCHETYPE_STREAMLINE","floor":16,"turns":11},{"damage":5,"enemies":"Shell Parasite","floor":19,"turns":4},{"damage":0,"enemies":"Chosen","floor":21,"turns":4},{"damage":9,"enemies":"Centurion and Healer","floor":22,"turns":6},{"damage":13,"enemies":"3 Cultists","floor":26,"turns":5},{"damage":28,"enemies":"Slavers","floor":27,"turns":6},{"damage":7,"enemies":"Snake Plant","floor":29,"turns":3},{"damage":0,"enemies":"Snecko","floor":32,"turns":4},{"damage":28,"enemies":"WA_ARCHETYPE_CALM","floor":33,"turns":10},{"damage":14,"enemies":"Orb Walker","floor":36,"turns":5},{"damage":6,"enemies":"downfall:FleeingMerchant","floor":38,"turns":4},{"damage":30,"enemies":"3 Darklings","floor":39,"turns":7},{"damage":3,"enemies":"Maw","floor":42,"turns":7},{"damage":17,"enemies":"Nemesis","floor":43,"turns":5},{"damage":3,"enemies":"downfall:FleeingMerchant","floor":44,"turns":3},{"damage":29,"enemies":"Giant Head","floor":45,"turns":6}],"seed_played":"6833726249970528562","potions_obtained":[{"floor":2,"key":"hexamod:SoulburnPotion"},{"floor":6,"key":"Ancient Potion"},{"floor":8,"key":"SkillPotion"},{"floor":10,"key":"Guardian:AcceleratePotion"},{"floor":21,"key":"Fire Potion"},{"floor":26,"key":"Energy Potion"},{"floor":33,"key":"SkillPotion"},{"floor":39,"key":"Guardian:DefensiveModePotion"}],"is_trial":false,"path_per_floor":["R","M","?","M","?","E","T","M","E","M","R","?","R","M","M","B",null,"R","M","?","M","M","R","T","?","M","E","R","M","R","?","M","B",null,"R","M","?","$","M","R","T","M","E","$","E"],"character_chosen":"GUARDIAN","items_purchased":["Guardian:Incinerate","Guardian:Reroute","Mayhem","Guardian:Repulse"],"campfire_rested":1,"item_purchase_floors":[38,38,44,44],"current_hp_per_floor":[80,71,71,63,60,45,45,40,41,43,43,43,43,38,37,10,80,80,75,75,77,70,70,70,70,59,33,70,65,65,65,67,41,90,90,76,76,72,44,44,44,43,28,27,0,0,0],"gold":304,"neow_bonus":"REMOVE_TWO","is_daily":false,"chose_seed":false,"campfire_upgraded":7,"win_rate":0.0,"timestamp":1611544852,"path_taken":["R","M","?","M","?","E","T","M","E","M","R","?","R","M","M","BOSS","R","M","?","M","M","R","T","?","M","E","R","M","R","?","M","BOSS","R","M","?","$","M","R","T","M","E","$","E"],"items_purchased_type":["Card","Card","Card","Card"],"build_version":"2020-12-22","purchased_purges":2,"victory":false,"max_hp_per_floor":[80,80,80,80,80,80,80,80,80,80,80,80,80,80,80,80,80,80,80,80,80,80,80,80,80,80,80,90,90,90,90,90,90,90,90,90,90,90,90,90,90,90,90,90,90,90,90],"relic_stats":{"Blood Vial":40,"counters":[24,131],"Shuriken":[13],"Pandora\u0027s Box":["Guardian:StasisStrike","Guardian:Emergency","Guardian:ArmoredProtocol","Guardian:StasisField","Guardian:TemporalShield"],"PreservedInsect":272,"Turnip":[3],"Black Star":1,"Art of War":[2],"Orichalcum":[0],"obtain_stats":[{"Guardian:DefensiveModeMoreBlock":7,"downfall:HeartBlessingRed":18,"Guardian:ModeShifter":0,"PreservedInsect":27,"Orichalcum":41,"Ancient Tea Set":9,"Blood Vial":5,"Guardian:PickAxe":43,"Anchor":43,"Matryoshka":37,"downfall:HeartBlessingBlue":28,"Shuriken":41,"Pandora\u0027s Box":17,"Turnip":37,"Black Star":34,"Art of War":37,"downfall:ExtraCursedBell":37,"Pocketwatch":6},{"Guardian:DefensiveModeMoreBlock":3,"downfall:HeartBlessingRed":9,"Guardian:ModeShifter":0,"PreservedInsect":14,"Orichalcum":20,"Ancient Tea Set":5,"Blood Vial":2,"Guardian:PickAxe":22,"Anchor":22,"Matryoshka":18,"downfall:HeartBlessingBlue":14,"Shuriken":20,"Pandora\u0027s Box":9,"Turnip":18,"Black Star":17,"Art of War":18,"downfall:ExtraCursedBell":18,"Pocketwatch":3},{"Guardian:DefensiveModeMoreBlock":19,"downfall:HeartBlessingRed":52,"Guardian:ModeShifter":0,"PreservedInsect":77,"Orichalcum":110,"Ancient Tea Set":31,"Blood Vial":9,"Guardian:PickAxe":122,"Anchor":122,"Matryoshka":99,"downfall:HeartBlessingBlue":77,"Shuriken":110,"Pandora\u0027s Box":52,"Turnip":99,"Black Star":94,"Art of War":99,"downfall:ExtraCursedBell":99,"Pocketwatch":19}],"Pocketwatch":[23]},"card_choices":[{"not_picked":["Guardian:TimeBomb","Guardian:ChargeCore"],"picked":"Guardian:SentryBeam","floor":2},{"not_picked":["Guardian:Suspension","Guardian:PiercingHide"],"picked":"Guardian:ArmoredProtocol","floor":4},{"not_picked":["Guardian:PrismaticBarrier","Guardian:Emergency"],"picked":"Guardian:TemporalStrike","floor":6},{"not_picked":["Guardian:Orbwalk","Guardian:FuturePlans"],"picked":"Guardian:GemFinder","floor":8},{"not_picked":["Guardian:Gem_Cyan","Guardian:Gem_Green"],"picked":"Guardian:Gem_Red","floor":9},{"not_picked":["Guardian:Gem_Red","Guardian:GuardianWhirl"],"picked":"Guardian:TemporalStrike","floor":9},{"not_picked":["Guardian:Gem_Green","Guardian:Gem_Cyan"],"picked":"Guardian:Gem_Lightblue","floor":10},{"not_picked":["Guardian:PrimingBeam","Guardian:ArmoredProtocol"],"picked":"Guardian:Gem_White","floor":10},{"not_picked":["Guardian:Gem_Cyan","Guardian:Gem_Lightblue"],"picked":"Guardian:Gem_Red","floor":14},{"not_picked":["Guardian:Suspension","Guardian:TimeSifter"],"picked":"Guardian:Gem_Fragmented","floor":14},{"not_picked":["Guardian:ChargeCore","Guardian:RefractedBeam"],"picked":"Guardian:Reroute","floor":15},{"not_picked":["Guardian:Gem_Cyan","Guardian:Gem_Green"],"picked":"Guardian:Gem_Red","floor":16},{"not_picked":["Guardian:TimeSifter","Guardian:StasisEngine"],"picked":"Guardian:CompilePackage","floor":16},{"not_picked":["Guardian:CrystalBeam","Guardian:Gem_Green"],"picked":"Guardian:Recover","floor":19},{"not_picked":["Guardian:Gem_Lightblue","Guardian:Gem_Cyan"],"picked":"Guardian:Gem_Red","floor":21},{"not_picked":["Guardian:Preprogram","Guardian:Recover"],"picked":"Guardian:Suspension","floor":21},{"not_picked":["Guardian:TemporalShield","Guardian:FuturePlans+1"],"picked":"Guardian:Incinerate","floor":22},{"not_picked":["Guardian:RollAttack+1","Guardian:CrystalBeam"],"picked":"Guardian:EvasiveProtocol","floor":26},{"not_picked":["Guardian:Gem_Cyan","Guardian:Gem_Lightblue"],"picked":"Guardian:Gem_Red","floor":27},{"not_picked":["Guardian:Planning+1","Guardian:Recover"],"picked":"Guardian:Reroute+1","floor":27},{"not_picked":["Guardian:WalkerClaw+1","Guardian:TemporalShield"],"picked":"Guardian:PiercingHide","floor":29},{"not_picked":["Guardian:BodySlam","Guardian:CrystalBeam"],"picked":"Guardian:PiercingHide","floor":32},{"not_picked":["Guardian:StasisStrike","Guardian:HyperBeam_Guardian"],"picked":"Guardian:Gem_Orange","floor":33},{"not_picked":["Guardian:PiercingHide+1","Guardian:Suspension"],"picked":"Guardian:Incinerate+1","floor":36},{"not_picked":["Guardian:RefractedBeam+1","Guardian:TemporalShield+1"],"picked":"Guardian:Clone","floor":38},{"not_picked":["Guardian:Reroute","Guardian:Planning+1","Guardian:PolyBeam"],"picked":"SKIP","floor":39},{"not_picked":["Guardian:Gem_Red","Guardian:Reroute+1"],"picked":"Guardian:StasisEngine","floor":42},{"not_picked":["Guardian:WalkerClaw","Guardian:RollAttack"],"picked":"Guardian:Recover+1","floor":43},{"not_picked":["Guardian:CrystalBeam","Guardian:GuardianWhirl"],"picked":"Guardian:TemporalStrike+1","floor":44}],"player_experience":411979,"relics_obtained":[{"floor":6,"key":"Pocketwatch"},{"floor":7,"key":"Guardian:DefensiveModeMoreBlock"},{"floor":9,"key":"Ancient Tea Set"},{"floor":27,"key":"PreservedInsect"},{"floor":37,"key":"Art of War"},{"floor":37,"key":"Matryoshka"},{"floor":37,"key":"Turnip"},{"floor":41,"key":"Orichalcum"},{"floor":41,"key":"Shuriken"},{"floor":43,"key":"Guardian:PickAxe"},{"floor":43,"key":"Anchor"}],"event_choices":[{"cards_removed":["Guardian:Defend_Guardian"],"damage_healed":0,"gold_gain":0,"player_choice":"Card Removal","damage_taken":0,"max_hp_gain":0,"max_hp_loss":0,"event_name":"The Cleric","floor":3,"gold_loss":0},{"damage_healed":0,"gold_gain":0,"player_choice":"Success","damage_taken":3,"relics_obtained":["Blood Vial"],"max_hp_gain":0,"max_hp_loss":0,"event_name":"Scrap Ooze","floor":5,"gold_loss":0},{"damage_healed":0,"gold_gain":0,"player_choice":"Ignored","damage_taken":0,"max_hp_gain":0,"max_hp_loss":0,"event_name":"Vampires","floor":20,"gold_loss":0},{"damage_healed":0,"gold_gain":0,"player_choice":"Obtain J.A.X.","damage_taken":0,"max_hp_gain":0,"max_hp_loss":0,"event_name":"Drug Dealer","floor":25,"gold_loss":0,"cards_obtained":["J.A.X."]}],"is_beta":false,"boss_relics":[{"not_picked":["Empty Cage","Runic Dome"],"picked":"Pandora\u0027s Box"},{"not_picked":["Tiny House","SlaversCollar"],"picked":"Black Star"}],"items_purged_floors":[38,44],"is_endless":false,"potions_floor_spawned":[2,6,8,10,15,21,22,26,33,39],"killed_by":"Giant Head","ascension_level":4}}