{"host":"hwrdjx5eod2cxh09","time":1611597625,"event":{"mods":["AchievementEnabler","BaseMod","Bestiary","Minty Spire (QoL Compilation)","Relic Stats"],"gold_per_floor":[12,27,27,27,48,48,67,106,106,124,160,160,160,185,185,316,316,340,63,78,78,103,103,134,134,158,18,42,42,76,95,95,220,220,241,241,241,37,52,87,87,151,151,194,0,24,24,45,45,45,45,45,45,88,88],"floor_reached":56,"language":"ENG","playtime":2947,"items_purged":["Strike_R","Strike_R+1","Bash"],"score":1355,"play_id":"f78a8ccc-8f17-4836-b332-15a99b55f57f","local_time":"20210126030025","is_ascension_mode":false,"campfire_choices":[{"data":"Uppercut","floor":6,"key":"SMITH"},{"data":"Body Slam","floor":13,"key":"SMITH"},{"data":"Armaments","floor":15,"key":"SMITH"},{"data":"True Grit","floor":23,"key":"SMITH"},{"data":"Immolate","floor":25,"key":"SMITH"},{"data":"Entrench","floor":32,"key":"SMITH"},{"floor":41,"key":"RECALL"},{"data":"Iron Wave","floor":47,"key":"SMITH"},{"data":"Carnage","floor":49,"key":"SMITH"},{"data":"Dropkick","floor":52,"key":"SMITH"}],"circlet_count":0,"master_deck":["Defend_R+1","Defend_R+1","Defend_R+1","Body Slam+1","Uppercut+1","Battle Trance+1","Armaments+1","Carnage+1","Immolate+1","Dropkick+1","True Grit+1","Evolve+1","Shrug It Off+1","Entrench+1","Demon Form+1","CurseOfTheBell","Iron Wave+1","Disarm+1","True Grit+1","Berserk+1"],"relics":["Burning Blood","Golden Idol","Calipers","Frozen Egg 2","Sundial","Mark of Pain","Anchor","Tiny Chest","Nloth\u0027s Gift","Smiling Mask","Calling Bell","Orichalcum","White Beast Statue","Turnip","Happy Flower","War Paint","FossilizedHelix","Lantern","Ancient Tea Set","Red Mask","TungstenRod"],"acts_visited":["Exordium","TheCity","TheBeyond","TheEnding"],"potions_floor_usage":[16,18,30,55,55],"damage_taken":[{"damage":1.0,"enemies":"Cultist","floor":1.0,"turns":3.0},{"damage":5.0,"enemies":"Jaw Worm","floor":2.0,"turns":5.0},{"damage":2,"enemies":"2 Louse","floor":5,"turns":3},{"damage":5,"enemies":"2 Fungi Beasts","floor":7,"turns":4},{"damage":35,"enemies":"3 Sentries","floor":8,"turns":10},{"damage":4,"enemies":"Blue Slaver","floor":10,"turns":5},{"damage":26,"enemies":"Lagavulin","floor":11,"turns":7},{"damage":7,"enemies":"Gremlin Gang","floor":14,"turns":5},{"damage":18,"enemies":"The Guardian","floor":16,"turns":9},{"damage":8,"enemies":"Chosen","floor":18,"turns":6},{"damage":2,"enemies":"Shell Parasite","floor":20,"turns":3},{"damage":0,"enemies":"Cultist and Chosen","floor":22,"turns":6},{"damage":10,"enemies":"Gremlin Leader","floor":24,"turns":6},{"damage":6,"enemies":"Snake Plant","floor":28,"turns":4},{"damage":0,"enemies":"Slavers","floor":30,"turns":3},{"damage":0,"enemies":"Snecko","floor":31,"turns":4},{"damage":57,"enemies":"Collector","floor":33,"turns":8},{"damage":0,"enemies":"Orb Walker","floor":35,"turns":2},{"damage":0,"enemies":"3 Shapes","floor":39,"turns":4},{"damage":14,"enemies":"Giant Head","floor":40,"turns":8},{"damage":23,"enemies":"2 Orb Walkers","floor":42,"turns":4},{"damage":0,"enemies":"Reptomancer","floor":44,"turns":5},{"damage":0,"enemies":"Transient","floor":46,"turns":5},{"damage":0,"enemies":"Jaw Worm Horde","floor":48,"turns":14},{"damage":27,"enemies":"Donu and Deca","floor":50,"turns":11},{"damage":0,"enemies":"Shield and Spear","floor":54,"turns":9},{"damage":0,"enemies":"The Heart","floor":55,"turns":9}],"seed_played":"3233891239678123746","potions_obtained":[{"floor":10,"key":"Dexterity Potion"},{"floor":11,"key":"Weak Potion"},{"floor":14,"key":"Dexterity Potion"},{"floor":16,"key":"SkillPotion"},{"floor":20,"key":"Ancient Potion"},{"floor":22,"key":"Fire Potion"},{"floor":31,"key":"FearPotion"},{"floor":48,"key":"LiquidMemories"},{"floor":54,"key":"Dexterity Potion"}],"is_trial":false,"path_per_floor":["M","M","?","?","M","R","M","E","T","M","E","?","R","M","R","B",null,"M","$","M","?","M","R","E","R","T","$","M","?","E","M","R","B",null,"M","?","T","$","M","E","R","?","T","E","?","M","R","M","R","B",null,"R","$","E","B",null],"character_chosen":"IRONCLAD","items_purchased":["Anchor","True Grit","Entrench","Happy Flower"],"campfire_rested":0,"item_purchase_floors":[19,19,27,38],"current_hp_per_floor":[80,80,74,74,74,74,74,45,45,47,27,27,27,26,26,14,74,72,72,74,74,74,74,70,70,70,70,70,70,74,74,74,23,74,74,74,74,74,74,66,66,49,49,55,55,61,61,67,67,46,74,74,74,74,74],"gold":88,"neow_bonus":"REMOVE_TWO","is_daily":false,"chose_seed":false,"campfire_upgraded":9,"win_rate":0.0,"timestamp":1611597625,"path_taken":["M","M","?","?","M","R","?","E","T","M","E","?","R","M","R","BOSS","M","$","M","?","M","R","E","R","T","$","M","?","E","?","R","BOSS","M","?","?","$","M","E","R","?","T","E","?","M","R","M","R","BOSS","R","$","E","BOSS"],"items_purchased_type":["Relic","Card","Card","Relic"],"build_version":"2020-12-22","purchased_purges":3,"victory":true,"max_hp_per_floor":[80,80,74,74,74,74,74,74,74,74,74,74,74,74,74,74,74,74,74,74,74,74,74,74,74,74,74,74,74,74,74,74,74,74,74,74,74,74,74,74,74,74,74,74,74,74,74,74,74,74,74,74,74,74,74],"relic_stats":{"Happy Flower":[23],"counters":[27,162],"Golden Idol":224,"Orichalcum":[0],"War Paint":["Shrug It Off","Battle Trance"],"Smiling Mask":75,"Burning Blood":111,"Sundial":[44],"Tiny Chest":1,"Turnip":[2],"Nloth\u0027s Gift":1,"obtain_stats":[{"Lantern":43,"Calipers":8,"Happy Flower":38,"Golden Idol":3,"Blue Candle":24,"Frozen Egg 2":9,"Orichalcum":34,"War Paint":40,"Smiling Mask":30,"Ancient Tea Set":44,"Burning Blood":0,"White Beast Statue":34,"Calling Bell":34,"Anchor":19,"Sundial":11,"Tiny Chest":26,"Mark of Pain":17,"Turnip":34,"Nloth\u0027s Gift":29,"Red Mask":45,"FossilizedHelix":42,"TungstenRod":54},{"Lantern":21,"Calipers":5,"Happy Flower":18,"Golden Idol":2,"Blue Candle":13,"Frozen Egg 2":5,"Orichalcum":17,"War Paint":20,"Smiling Mask":15,"Ancient Tea Set":22,"Burning Blood":0,"White Beast Statue":17,"Calling Bell":17,"Anchor":10,"Sundial":7,"Tiny Chest":13,"Mark of Pain":9,"Turnip":17,"Nloth\u0027s Gift":14,"Red Mask":22,"FossilizedHelix":21,"TungstenRod":26},{"Lantern":109,"Calipers":25,"Happy Flower":93,"Golden Idol":8,"Blue Candle":72,"Frozen Egg 2":25,"Orichalcum":91,"War Paint":105,"Smiling Mask":79,"Ancient Tea Set":114,"Burning Blood":0,"White Beast Statue":91,"Calling Bell":91,"Anchor":57,"Sundial":37,"Tiny Chest":72,"Mark of Pain":51,"Turnip":91,"Nloth\u0027s Gift":76,"Red Mask":114,"FossilizedHelix":109,"TungstenRod":153}],"TungstenRod":0},"card_choices":[{"not_picked":["True Grit","Headbutt"],"picked":"Body Slam","floor":1.0},{"not_picked":["Seeing Red","Clash"],"picked":"Uppercut","floor":2.0},{"not_picked":["Warcry","Heavy Blade","Rupture"],"picked":"SKIP","floor":5},{"not_picked":["Heavy Blade","Sentinel","Warcry"],"picked":"SKIP","floor":7},{"not_picked":["Flex","Power Through"],"picked":"Battle Trance","floor":8},{"not_picked":["Clothesline","Bludgeon","Sword Boomerang"],"picked":"SKIP","floor":10},{"not_picked":["Rage","Wild Strike"],"picked":"Armaments","floor":11},{"not_picked":["Seeing Red","Infernal Blade"],"picked":"Carnage","floor":14},{"not_picked":["Brutality+1","Bludgeon"],"picked":"Immolate","floor":16},{"not_picked":["Wild Strike","Twin Strike+1"],"picked":"Dropkick","floor":18},{"not_picked":["Havoc","Uppercut+1"],"picked":"Evolve+1","floor":20},{"not_picked":["Anger+1","Pommel Strike+1"],"picked":"Shrug It Off","floor":22},{"not_picked":["Cleave+1","Immolate","Sever Soul"],"picked":"SKIP","floor":24},{"not_picked":["Cleave","Pummel+1","Feel No Pain+1"],"picked":"SKIP","floor":28},{"not_picked":["Battle Trance","Rage","Pommel Strike"],"picked":"SKIP","floor":30},{"not_picked":["True Grit","Brutality+1","Flex+1"],"picked":"SKIP","floor":31},{"not_picked":["Exhume","Fiend Fire"],"picked":"Demon Form+1","floor":33},{"not_picked":["Wild Strike+1","Cleave","Warcry+1"],"picked":"SKIP","floor":35},{"not_picked":["Havoc+1","Pommel Strike+1"],"picked":"Disarm+1","floor":39},{"not_picked":["Thunderclap","Demon Form+1","Searing Blow"],"picked":"SKIP","floor":40},{"not_picked":["Flame Barrier","Warcry"],"picked":"True Grit+1","floor":42},{"not_picked":["Intimidate","Power Through","Disarm"],"picked":"SKIP","floor":44},{"not_picked":["Infernal Blade+1","Clothesline","Hemokinesis+1"],"picked":"SKIP","floor":46},{"not_picked":["Headbutt","Clothesline+1"],"picked":"Berserk+1","floor":48},{"not_picked":["Evolve+1","Inflame+1","Warcry"],"picked":"SKIP","floor":54}],"player_experience":305489,"relics_obtained":[{"floor":8,"key":"Calipers"},{"floor":9,"key":"Frozen Egg 2"},{"floor":11,"key":"Sundial"},{"floor":24,"key":"Blue Candle"},{"floor":26,"key":"Tiny Chest"},{"floor":30,"key":"Smiling Mask"},{"floor":34,"key":"Orichalcum"},{"floor":34,"key":"White Beast Statue"},{"floor":34,"key":"Turnip"},{"floor":40,"key":"War Paint"},{"floor":42,"key":"FossilizedHelix"},{"floor":43,"key":"Lantern"},{"floor":44,"key":"Ancient Tea Set"},{"floor":54,"key":"TungstenRod"}],"event_choices":[{"damage_healed":0.0,"max_hp_gain":0.0,"max_hp_loss":6.0,"gold_gain":0.0,"event_name":"Golden Idol","player_choice":"Lose Max HP","floor":3.0,"gold_loss":0.0,"damage_taken":0.0,"relics_obtained":["Golden Idol"]},{"cards_removed":["Strike_R"],"damage_healed":0.0,"max_hp_gain":0.0,"max_hp_loss":0.0,"gold_gain":0.0,"event_name":"Bonfire Elementals","player_choice":"Offered Basic","floor":4.0,"gold_loss":0.0,"damage_taken":0.0},{"damage_healed":0,"gold_gain":0,"player_choice":"Ignored","damage_taken":0,"max_hp_gain":0,"max_hp_loss":0,"event_name":"Liars Game","floor":12,"gold_loss":0},{"damage_healed":0,"gold_gain":0,"player_choice":"Simplicity","damage_taken":0,"max_hp_gain":0,"max_hp_loss":0,"event_name":"Back to Basics","floor":21,"gold_loss":0,"cards_upgraded":["Strike_R","Strike_R","Defend_R","Defend_R","Defend_R"]},{"damage_healed":0,"gold_gain":0,"player_choice":"Traded Relic","damage_taken":0,"relics_obtained":["Nloth\u0027s Gift"],"max_hp_gain":0,"max_hp_loss":0,"event_name":"N\u0027loth","floor":29,"relics_lost":["Blue Candle"],"gold_loss":0},{"damage_healed":0,"gold_gain":0,"cards_transformed":["Strike_R"],"player_choice":"Transformed","damage_taken":0,"max_hp_gain":0,"max_hp_loss":0,"event_name":"Transmorgrifier","floor":36,"gold_loss":0,"cards_obtained":["Iron Wave"]},{"damage_healed":0,"gold_gain":0,"player_choice":"Fight","damage_taken":0,"max_hp_gain":0,"max_hp_loss":0,"event_name":"Mysterious Sphere","floor":42,"gold_loss":0},{"damage_healed":0,"gold_gain":0,"player_choice":"Paid","damage_taken":0,"relics_obtained":["Red Mask"],"max_hp_gain":0,"max_hp_loss":0,"event_name":"Tomb of Lord Red Mask","floor":45,"gold_loss":194}],"is_beta":false,"boss_relics":[{"not_picked":["Velvet Choker","Runic Dome"],"picked":"Mark of Pain"},{"not_picked":["Tiny House","Busted Crown"],"picked":"Calling Bell"}],"items_purged_floors":[19,27,38],"is_endless":false,"potions_floor_spawned":[10,11,14,16,20,22,24,31,33,35,39,40,42,44,46,48,54],"ascension_level":0}}