{"host":"v3jf26dbm2nq3y14","time":1611573437,"event":{"mods":["100% Spire Juice","2.2 Compatiblity","Act Like it!","BaseMod","BetterRewards","Block Reminder","CapriCore","Card Filter","Chen","Colored Map","Colored Powertips","Custom Start","DeckTracker","Defuse TimeMaze Blight","Exacting","FoggyMod","Gensokyo","Highlight Path","Keyboard Shortcuts","Koishi","KomeijiMod","Marisa（霧雨　魔理沙）","Minty Spire (QoL Compilation)","Permanent Neow","Quick Restart","RNG Fix","Reimu（博??梦）","Relic Filter","Relic Sorter","Remove Card Discount Mod","SpireExporter+","StSLib","Synergy Search","The Administrix","The Immortal","Transform Curses","Unceasing Turn Reminder","WarShipGirlsR/??少女R mod","Yakumo Yukari mod","Yuyuko"],"gold_per_floor":[130,20,20,39,39,39,9,7,7,40,140,140,0,0,0,303,303,313,135,135,135,146,146,146,176,258,0,0,0],"floor_reached":28,"language":"ENG","playtime":1594,"items_purged":["AT_purpleEX","AT_purpleEX","Defend_purpleEX","Defend_purpleEX","AT_purpleEX"],"score":278,"play_id":"459f0fb5-3795-4e23-889b-de5450daae15","local_time":"20210125111717","is_ascension_mode":false,"campfire_choices":[{"floor":12.0,"key":"REST"},{"data":"CommonSense_AntiCommonSense_purple","floor":15.0,"key":"SMITH"},{"floor":23.0,"key":"REST"}],"circlet_count":1,"master_deck":["Defend_purpleEX","Defend_purpleEX+1","Observe_purple_1+1","Observe_purple_2+1","CommonSense_AntiCommonSense_purple+1","OmniscientAndOmnipotent_Monster_purple","SfantasyHide_purple+1","Photoelasticity_Doppler_Effect_purple+1","Umbrella_purple+1","Mirror_FormAndEmptin_purple","MNeedle_purple+1","ProofOfUnderstanding_purple+1","ContainerChange_purple","ButterflyHabitatTemple_purple+1","Gensokyo:TarnishedGold","Gensokyo:BlemishedSteel","Line_surface_state_purple+1","Yakumo_Ran_purple+1","ButterflyHabitatTemple_purple+1","Shame","WingOfChimera_purple+1"],"relics":["Boundary_crack","Memoryfragments_purpleEX","CrazyTorch:ReiMu","Parasol_purpleEX","TentaclePot:ReiMu","Toxic Egg 2","PreservedInsect","Circlet","Fusion Hammer","Question Card","Lee\u0027s Waffle","PureWhite:ReiMu","FossilizedHelix"],"acts_visited":["Gensokyo:Gensokyo","Gensokyo:Gensokyoer"],"potions_floor_usage":[],"damage_taken":[{"damage":3.0,"enemies":"Gensokyo:Python","floor":1.0,"turns":3.0},{"damage":11.0,"enemies":"Gensokyo:Gryphon","floor":4.0,"turns":3.0},{"damage":17.0,"enemies":"Gensokyo:Mamizou","floor":10.0,"turns":4.0},{"damage":26.0,"enemies":"Gensokyo:Yukari","floor":16.0,"turns":7.0},{"damage":10.0,"enemies":"Gensokyo:Chomper","floor":18.0,"turns":4.0},{"damage":32.0,"enemies":"Gensokyo:AngelMirror","floor":22.0,"turns":4.0},{"damage":33.0,"enemies":"Gensokyo:Reisen","floor":25.0,"turns":4.0}],"seed_played":"4895627983002753355","potions_obtained":[{"floor":1.0,"key":"Energy Potion"},{"floor":10.0,"key":"Weak Potion"},{"floor":16.0,"key":"PowerPotion"}],"is_trial":false,"path_per_floor":["M","COS","?","M","M","M","?","$","T","E","?","R","?","M","R","B",null,"M","COS","?","T","M","R","?","E","T","M","M"],"character_chosen":"Youkari","items_purchased":["CrazyTorch:ReiMu","Parasol_purpleEX","CommonSense_AntiCommonSense_purple","OmniscientAndOmnipotent_Monster_purple","TentaclePot:ReiMu"],"campfire_rested":2,"item_purchase_floors":[0,0,0,0,0],"current_hp_per_floor":[70,70,70,64,64,57,57,57,57,45,45,66,66,66,66,45,70,65,65,70,70,39,61,61,51,51,51,51,51],"gold":0,"neow_bonus":"","is_daily":false,"chose_seed":false,"campfire_upgraded":1,"win_rate":0.0,"timestamp":1611573437,"path_taken":["M","COS","?","?","?","?","?","?","T","E","?","R","?","?","R","BOSS","M","COS","?","?","?","R","?","E","T","?","?"],"items_purchased_type":["Relic","Relic","Card","Card","Relic"],"build_version":"2020-12-22","purchased_purges":5,"victory":false,"max_hp_per_floor":[70,70,70,70,70,70,70,70,70,70,70,70,70,70,70,70,70,70,70,75,75,75,75,75,82,82,82,82,82],"card_choices":[{"not_picked":["ExistenceContinue_purple","RuleDissolution_purple"],"picked":"SfantasyHide_purple","floor":1.0},{"not_picked":["Worldmountain_purple+1","AdvanceAttack_purple+1"],"picked":"Umbrella_purple+1","floor":4.0},{"not_picked":["WingOfChimera_purple","OmniscientAndOmnipotent_Monster_purple"],"picked":"Mirror_FormAndEmptin_purple","floor":4.0},{"not_picked":["StateErode_purple","Mirror_FourBoundary_purple"],"picked":"MNeedle_purple","floor":10.0},{"not_picked":["Fancifulhole_purple","LoveAcrossDimensions_purple"],"picked":"ProofOfUnderstanding_purple","floor":16.0},{"not_picked":["WangLiang_OokamiKakushi_purple","Computing_the_future_purpleEX"],"picked":"ContainerChange_purple","floor":18.0},{"not_picked":["SfantasyHide_purple+1","Umbrella_purple"],"picked":"ButterflyHabitatTemple_purple+1","floor":18.0},{"not_picked":["AdvanceAttack_purple+1","SharpContractionReality_purple+1","ExistenceContinue_purple+1"],"picked":"Line_surface_state_purple+1","floor":22.0},{"not_picked":["AdvanceAttack_purple","Umbrella_purple","StateErode_purple"],"picked":"Yakumo_Ran_purple+1","floor":22.0},{"not_picked":["Boundary_LightAndDark_purple+1","Nest_LightFlightworm_purple+1","SfantasyHide_purple+1"],"picked":"ButterflyHabitatTemple_purple+1","floor":22.0},{"not_picked":["Boundary_ObjectiveBoundary_purple+1","StateErode_purple","Mirror_Drifter_purple"],"picked":"WingOfChimera_purple+1","floor":25.0}],"player_experience":409539,"relics_obtained":[{"floor":9.0,"key":"Toxic Egg 2"},{"floor":10.0,"key":"PreservedInsect"},{"floor":21.0,"key":"Question Card"},{"floor":25.0,"key":"PureWhite:ReiMu"},{"floor":26.0,"key":"FossilizedHelix"}],"event_choices":[],"is_beta":false,"boss_relics":[{"not_picked":["Black Star","RedLine:ReiMu"],"picked":"Fusion Hammer"}],"items_purged_floors":[0,0,0,0,8],"is_endless":false,"potions_floor_spawned":[1,10,16,18,22],"ascension_level":0}}