{"host":"qgpuimdto8vl2dfg","time":1611558469,"event":{"mods":["Act Like it!","BaseMod","Colored Powertips","Gensokyo","KinomotoSakuraMod(Ä¾Ö®±¾Ó£)","Koishi","Minty Spire (QoL Compilation)","Quick Restart","Relic Stats","StSLib","The Senshi"],"gold_per_floor":[116,46,46,62,78,110,128,128,128],"floor_reached":8,"language":"ZHS","playtime":490,"items_purged":[],"score":63,"play_id":"452ba5e1-3500-42e0-95d5-5d9beacec6c2","local_time":"20210125150749","is_ascension_mode":true,"campfire_choices":[],"circlet_count":0,"master_deck":["ClowCardTheSword","ClowCardTheSword","ClowCardTheSword","ClowCardTheSword","ClowCardTheShield+1","ClowCardTheShield","ClowCardTheShield","ClowCardTheShield+1","SpellCardSeal","SpellCardRelease","ClowCardTheBig","ClowCardTheRain","ClowCardTheLittle"],"relics":["KSMOD_SealedBook","KSMOD_SealedWand","NeowsBlessing","Gensokyo:OccultBall","Regal Pillow"],"acts_visited":["Exordium"],"potions_floor_usage":[8],"damage_taken":[{"damage":0.0,"enemies":"Gensokyo:Gryphon","floor":1.0,"turns":1.0},{"damage":0.0,"enemies":"Gensokyo:Python","floor":4.0,"turns":2.0},{"damage":0.0,"enemies":"Gensokyo:3_Fairies","floor":5.0,"turns":4.0},{"damage":7.0,"enemies":"Gensokyo:Mamizou","floor":6.0,"turns":8.0},{"damage":10,"enemies":"Gensokyo:CorruptedTreant","floor":7,"turns":7},{"damage":39,"enemies":"Gensokyo:Cirno","floor":8,"turns":11}],"seed_played":"4681626739993139129","potions_obtained":[{"floor":5.0,"key":"DistilledChaos"}],"is_trial":false,"path_per_floor":["M","?","?","M","M","E","M","E"],"character_chosen":"KINOMOTOSAKURA","items_purchased":[],"campfire_rested":0,"item_purchase_floors":[],"current_hp_per_floor":[70,70,70,70,70,63,53,14,14],"gold":128,"neow_bonus":"THREE_ENEMY_KILL","is_daily":false,"chose_seed":false,"campfire_upgraded":0,"win_rate":0.0,"timestamp":1611558469,"path_taken":["M","?","?","M","?","E","M","E"],"items_purchased_type":[],"build_version":"2020-12-22","purchased_purges":0,"victory":false,"max_hp_per_floor":[70,70,70,70,70,70,70,70,70],"relic_stats":{"Regal Pillow":0,"counters":[6,33],"obtain_stats":[{"Regal Pillow":6,"NeowsBlessing":0,"KSMOD_SealedBook":0,"Gensokyo:OccultBall":3,"KSMOD_SealedWand":0},{"Regal Pillow":4,"NeowsBlessing":0,"KSMOD_SealedBook":0,"Gensokyo:OccultBall":1,"KSMOD_SealedWand":0},{"Regal Pillow":15,"NeowsBlessing":0,"KSMOD_SealedBook":0,"Gensokyo:OccultBall":1,"KSMOD_SealedWand":0}]},"card_choices":[{"not_picked":["ClowCardTheShot","ClowCardTheArrow"],"picked":"ClowCardTheBig","floor":1.0},{"not_picked":["ClowCardTheDream","ClowCardTheSand"],"picked":"ClowCardTheBig","floor":4.0},{"not_picked":["ClowCardTheWave","ClowCardTheLittle"],"picked":"ClowCardTheRain","floor":5.0},{"not_picked":["ClowCardTheLibra","ClowCardTheMaze"],"picked":"ClowCardTheLittle","floor":6.0},{"not_picked":["ClowCardTheWave","ClowCardTheSilent","ClowCardTheSand"],"picked":"SKIP","floor":7}],"player_experience":481010,"relics_obtained":[{"floor":6.0,"key":"Regal Pillow"}],"event_choices":[],"is_beta":false,"boss_relics":[],"items_purged_floors":[],"is_endless":false,"potions_floor_spawned":[5],"killed_by":"Gensokyo:Cirno","ascension_level":2}}