{"host":"7tqog9fnhs0gxmti","time":1611582985,"event":{"mods":["AchievementEnabler","Act Like it!","Astrologer","BaseMod","Beaked The Cultist","CapriCore","Colored Map","Colored Powertips","Hermit","Highlight Path","Marisa????????","Minty Spire (QoL Compilation)","Quick Restart","Random Character Button","Rare Cards Sparkle","Robot Space Explorer","Somnambulant","StSLib","The Bug Knight","The Construct","The Cursed","The Disciple","The Gatherer","The Hayseed","The Marked","Wandering Minibosses","everything is the same but u backflip on backflip"],"gold_per_floor":[115,132,207,160,171,197,207,207,286,286,286,303,314,96,96,197,197,211,39,39,39,39,39,39,39,39,49,76,0,20,52,52,52,52],"floor_reached":33,"language":"ENG","playtime":1207,"items_purged":["Regret","TheSimpletonMod:Strike_TheSimpleton"],"score":283,"play_id":"ec0d4bfc-b5b4-490c-9ee0-581cde3020c1","local_time":"20210125215625","is_ascension_mode":false,"campfire_choices":[{"data":"TheSimpletonMod:ReapAndSow","floor":8,"key":"SMITH"},{"floor":15,"key":"REST"},{"data":"TheSimpletonMod:TakeHeart","floor":23,"key":"SMITH"},{"data":"TheSimpletonMod:Squash","floor":25,"key":"SMITH"},{"floor":32,"key":"REST"}],"circlet_count":0,"master_deck":["TheSimpletonMod:Strike_TheSimpleton+1","TheSimpletonMod:Strike_TheSimpleton+1","TheSimpletonMod:Strike_TheSimpleton+1","TheSimpletonMod:Defend_TheSimpleton+1","TheSimpletonMod:Defend_TheSimpleton+1","TheSimpletonMod:Defend_TheSimpleton+1","TheSimpletonMod:Defend_TheSimpleton+1","TheSimpletonMod:Haymaker","TheSimpletonMod:ReapAndSow+1","TheSimpletonMod:SpiceUp","TheSimpletonMod:CloseScrape","TheSimpletonMod:PestManagement","TheSimpletonMod:Aerate","TheSimpletonMod:Squash+1","TheSimpletonMod:Squash+1","TheSimpletonMod:SlashAndBurn","TheSimpletonMod:TakeHeart+1","TheSimpletonMod:Germinate","TheSimpletonMod:ControlledBurn","TheSimpletonMod:StockTheCellar","TheSimpletonMod:TakeHeart"],"relics":["TheSimpletonMod:SpudOfTheInnocent","TheSimpletonMod:NightSoil","TheSimpletonMod:TheHarvester","NeowsBlessing","Du-Vu Doll","Sundial","Anchor","HandDrill","Black Star","Enchiridion","Blood Vial","Shovel","StrikeDummy","beaked:ShinyBauble","TheSimpletonMod:Moonshine"],"acts_visited":["Exordium","TheCity"],"potions_floor_usage":[6,16,16,33],"damage_taken":[{"damage":0,"enemies":"Jaw Worm","floor":1,"turns":1},{"damage":0,"enemies":"Cultist","floor":2,"turns":1},{"damage":0,"enemies":"2 Louse","floor":5,"turns":1},{"damage":32,"enemies":"Gremlin Nob","floor":6,"turns":5},{"damage":10,"enemies":"Looter","floor":7,"turns":3},{"damage":9,"enemies":"Exordium Wildlife","floor":12,"turns":7},{"damage":8,"enemies":"Exordium Thugs","floor":13,"turns":4},{"damage":47,"enemies":"Hexaghost","floor":16,"turns":14},{"damage":9,"enemies":"Chosen","floor":18,"turns":5},{"damage":22,"enemies":"Shell Parasite","floor":27,"turns":6},{"damage":49,"enemies":"Book of Stabbing","floor":28,"turns":8},{"damage":6,"enemies":"Shelled Parasite and Fungi","floor":30,"turns":6},{"damage":33,"enemies":"Slavers","floor":31,"turns":7},{"damage":98,"enemies":"Automaton","floor":33,"turns":12}],"seed_played":"-5367179339516707946","potions_obtained":[{"floor":2,"key":"Regen Potion"},{"floor":6,"key":"Block Potion"},{"floor":7,"key":"Block Potion"},{"floor":31,"key":"Ancient Potion"}],"is_trial":false,"path_per_floor":["M","M","?","$","M","E","M","R","T","?","?","M","M","$","R","B",null,"M","$","?","?","?","R","$","R","T","M","E","?","M","E","R","B"],"character_chosen":"THE_SIMPLETON","items_purchased":["TheSimpletonMod:CloseScrape","HandDrill","TheSimpletonMod:ControlledBurn"],"campfire_rested":2,"item_purchase_floors":[4,14,19],"current_hp_per_floor":[75,75,68,68,68,48,42,42,42,42,42,37,33,33,55,12,75,66,66,66,66,50,50,50,50,50,39,5,5,29,22,44,0,0],"gold":52,"neow_bonus":"THREE_ENEMY_KILL","is_daily":false,"chose_seed":false,"campfire_upgraded":3,"win_rate":0.0,"timestamp":1611582985,"path_taken":["M","M","?","?","?","E","M","R","T","?","?","?","M","$","R","BOSS","M","$","?","?","?","R","$","R","T","M","E","?","M","E","R","BOSS"],"items_purchased_type":["Card","Relic","Card"],"build_version":"2020-12-22","purchased_purges":2,"victory":false,"max_hp_per_floor":[75,75,75,75,75,75,75,75,75,75,75,75,75,75,75,75,75,75,75,75,75,75,75,75,75,75,75,75,75,75,75,75,75,75],"card_choices":[{"not_picked":["TheSimpletonMod:Pruning","TheSimpletonMod:BumperCrop","TheSimpletonMod:SaladShooter"],"picked":"SKIP","floor":1},{"not_picked":["TheSimpletonMod:Rake","TheSimpletonMod:SoilSample"],"picked":"TheSimpletonMod:SpiceUp","floor":2},{"not_picked":["TheSimpletonMod:Rototilling","TheSimpletonMod:KeenEdge","TheSimpletonMod:CullingStrike"],"picked":"SKIP","floor":5},{"not_picked":["TheSimpletonMod:CullingStrike","TheSimpletonMod:FlashPasteurize"],"picked":"TheSimpletonMod:PestManagement","floor":6},{"not_picked":["TheSimpletonMod:ToughenUp","TheSimpletonMod:Thresh"],"picked":"TheSimpletonMod:Aerate","floor":7},{"not_picked":["TheSimpletonMod:RootDown","TheSimpletonMod:SeedCoat"],"picked":"TheSimpletonMod:Squash","floor":12},{"not_picked":["TheSimpletonMod:Pruning","TheSimpletonMod:SpiceUp"],"picked":"TheSimpletonMod:SlashAndBurn","floor":13},{"not_picked":["TheSimpletonMod:ErosionControl","TheSimpletonMod:FlashPasteurize"],"picked":"TheSimpletonMod:TakeHeart","floor":16},{"not_picked":["TheSimpletonMod:Rototilling","TheSimpletonMod:BumperCrop+1"],"picked":"TheSimpletonMod:Germinate","floor":18},{"not_picked":["TheSimpletonMod:SoilSample+1","TheSimpletonMod:Innovate+1"],"picked":"TheSimpletonMod:StockTheCellar","floor":27},{"not_picked":["TheSimpletonMod:SoilSample","TheSimpletonMod:Squash+1"],"picked":"TheSimpletonMod:TakeHeart","floor":28},{"not_picked":["TheSimpletonMod:Corn+1","TheSimpletonMod:PestManagement","TheSimpletonMod:SpiceUp"],"picked":"SKIP","floor":30},{"not_picked":["TheSimpletonMod:Pruning","TheSimpletonMod:Corn","TheSimpletonMod:SoilSample+1"],"picked":"SKIP","floor":31}],"player_experience":858887,"relics_obtained":[{"floor":6,"key":"Du-Vu Doll"},{"floor":9,"key":"Sundial"},{"floor":22,"key":"Enchiridion"},{"floor":26,"key":"Blood Vial"},{"floor":28,"key":"Shovel"},{"floor":28,"key":"StrikeDummy"},{"floor":31,"key":"beaked:ShinyBauble"},{"floor":31,"key":"TheSimpletonMod:Moonshine"}],"event_choices":[{"damage_healed":0,"gold_gain":75,"player_choice":"Touch","damage_taken":7,"max_hp_gain":0,"max_hp_loss":0,"event_name":"FaceTrader","floor":3,"gold_loss":0},{"damage_healed":0,"gold_gain":0,"player_choice":"Box","damage_taken":0,"relics_obtained":["Anchor"],"max_hp_gain":0,"max_hp_loss":0,"event_name":"Big Fish","floor":11,"gold_loss":0,"cards_obtained":["Regret"]},{"damage_healed":0,"gold_gain":0,"player_choice":"Ignored","damage_taken":0,"max_hp_gain":0,"max_hp_loss":0,"event_name":"Vampires","floor":20,"gold_loss":0},{"damage_healed":0,"gold_gain":0,"player_choice":"Simplicity","damage_taken":0,"max_hp_gain":0,"max_hp_loss":0,"event_name":"Back to Basics","floor":21,"gold_loss":0,"cards_upgraded":["TheSimpletonMod:Strike_TheSimpleton","TheSimpletonMod:Strike_TheSimpleton","TheSimpletonMod:Strike_TheSimpleton","TheSimpletonMod:Defend_TheSimpleton","TheSimpletonMod:Defend_TheSimpleton","TheSimpletonMod:Defend_TheSimpleton","TheSimpletonMod:Defend_TheSimpleton"]},{"damage_healed":0,"gold_gain":0,"player_choice":"Obtained Book","damage_taken":16,"max_hp_gain":0,"max_hp_loss":0,"event_name":"Cursed Tome","floor":22,"gold_loss":0},{"damage_healed":0,"gold_gain":0,"player_choice":"Paid Fearfully","damage_taken":0,"max_hp_gain":0,"max_hp_loss":0,"event_name":"Masked Bandits","floor":29,"gold_loss":76}],"is_beta":false,"boss_relics":[{"not_picked":["beaked:SacredDeck","Runic Dome"],"picked":"Black Star"}],"items_purged_floors":[14,19],"is_endless":false,"potions_floor_spawned":[2,6,7,31],"killed_by":"Automaton","ascension_level":0}}