{"host":"jlk2k69f9c6o7b3e","time":1611595247,"event":{"mods":["BaseMod","Minty Spire (QoL Compilation)","StSLib"],"gold_per_floor":[117,131,141,151,151,184,184,213,213,242,258,268,19,47,47,146,146,166,166,181,200,270,301,351,418,418,468,468],"floor_reached":27,"language":"ZHS","playtime":2075,"items_purged":[],"score":365,"play_id":"cfab5aa1-b5ee-45de-94aa-48f22a398b0b","local_time":"20210126012047","is_ascension_mode":true,"campfire_choices":[{"data":"Terror","floor":7.0,"key":"SMITH"},{"floor":15.0,"key":"REST"}],"circlet_count":0,"master_deck":["Strike_G","Strike_G","Strike_G","Strike_G","Strike_G","Defend_G","Defend_G","Defend_G","Defend_G","Defend_G","Survivor","Neutralize","Glass Knife+1","Well Laid Plans","Acrobatics","Leg Sweep","Underhanded Strike","Terror+1","Accuracy","Acrobatics","Well Laid Plans","Underhanded Strike","Wraith Form v2","Acrobatics","Distraction+1","Choke+1","Endless Agony+1","All Out Attack+1","Terror+1","Slice+1"],"relics":["Ring of the Snake","Oddly Smooth Stone","Bottled Flame","The Courier","Mercury Hourglass","Membership Card","Ginger","Tough Bandages","WristBlade","SsserpentHead","Du-Vu Doll","Blue Candle"],"acts_visited":["Exordium","TheCity"],"potions_floor_usage":[27],"damage_taken":[{"damage":0.0,"enemies":"2 Louse","floor":1.0,"turns":2.0},{"damage":0.0,"enemies":"Cultist","floor":2.0,"turns":3.0},{"damage":0.0,"enemies":"Small Slimes","floor":3.0,"turns":2.0},{"damage":43.0,"enemies":"Gremlin Gang","floor":4.0,"turns":9.0},{"damage":9.0,"enemies":"3 Sentries","floor":6.0,"turns":9.0},{"damage":31.0,"enemies":"Gremlin Nob","floor":8.0,"turns":4.0},{"damage":11.0,"enemies":"3 Sentries","floor":10.0,"turns":8.0},{"damage":0.0,"enemies":"Large Slime","floor":11.0,"turns":4.0},{"damage":0.0,"enemies":"3 Louse","floor":12.0,"turns":2.0},{"damage":0.0,"enemies":"Gremlin Nob","floor":14.0,"turns":3.0},{"damage":3.0,"enemies":"Slime Boss","floor":16.0,"turns":9.0},{"damage":9.0,"enemies":"3 Byrds","floor":18.0,"turns":5.0},{"damage":8.0,"enemies":"Shell Parasite","floor":20.0,"turns":5.0},{"damage":4.0,"enemies":"3 Cultists","floor":21.0,"turns":6.0},{"damage":15.0,"enemies":"Centurion and Healer","floor":22.0,"turns":4.0},{"damage":13.0,"enemies":"Book of Stabbing","floor":23.0,"turns":7.0},{"damage":0.0,"enemies":"Snecko","floor":25.0,"turns":3.0},{"damage":5,"enemies":"Colosseum Slavers","floor":27,"turns":1}],"seed_played":"-4585969271712120184","potions_obtained":[{"floor":3.0,"key":"FairyPotion"},{"floor":4.0,"key":"GamblersBrew"},{"floor":10.0,"key":"Explosive Potion"},{"floor":12.0,"key":"EntropicBrew"},{"floor":16.0,"key":"Dexterity Potion"},{"floor":18.0,"key":"AttackPotion"},{"floor":21.0,"key":"CultistPotion"},{"floor":25.0,"key":"FearPotion"}],"is_trial":false,"path_per_floor":["M","M","M","M","?","E","R","E","T","E","M","M","$","E","R","B",null,"M","?","M","M","M","E","?","M","T","?"],"character_chosen":"THE_SILENT","items_purchased":["Membership Card","Ginger"],"campfire_rested":1,"item_purchase_floors":[13,13],"current_hp_per_floor":[63,63,63,20,20,11,11,18,18,7,7,7,7,7,25,22,53,44,44,36,32,17,4,4,4,4,0,0],"gold":468,"neow_bonus":"THREE_RARE_CARDS","is_daily":false,"chose_seed":false,"campfire_upgraded":1,"win_rate":0.0,"timestamp":1611595247,"path_taken":["M","M","M","M","?","E","R","E","T","E","M","M","$","E","R","BOSS","M","?","M","M","?","E","?","?","T","?"],"items_purchased_type":["Relic","Relic"],"build_version":"2020-12-22","purchased_purges":0,"victory":false,"max_hp_per_floor":[63,63,63,63,63,63,63,63,63,63,63,63,63,63,63,63,63,63,63,63,63,63,63,63,63,63,63,63],"card_choices":[{"not_picked":["A Thousand Cuts","Doppelganger"],"picked":"Glass Knife","floor":0.0},{"not_picked":["Deflect","Crippling Poison"],"picked":"Well Laid Plans","floor":1.0},{"not_picked":["Deadly Poison","Dodge and Roll"],"picked":"Acrobatics","floor":2.0},{"not_picked":["Dagger Spray","Blade Dance"],"picked":"Leg Sweep","floor":3.0},{"not_picked":["Cloak And Dagger","Deadly Poison"],"picked":"Underhanded Strike","floor":4.0},{"not_picked":["Grand Finale","Dagger Throw"],"picked":"Terror","floor":6.0},{"not_picked":["Deflect","Eviscerate"],"picked":"Accuracy","floor":8.0},{"not_picked":["Predator","Deadly Poison"],"picked":"Acrobatics","floor":10.0},{"not_picked":["Deadly Poison","Outmaneuver","Catalyst"],"picked":"SKIP","floor":11.0},{"not_picked":["Prepared","Crippling Poison"],"picked":"Well Laid Plans","floor":12.0},{"not_picked":["Wraith Form v2","Riddle With Holes"],"picked":"Underhanded Strike","floor":14.0},{"not_picked":["Grand Finale","Corpse Explosion"],"picked":"Wraith Form v2","floor":16.0},{"not_picked":["Bane","Deadly Poison"],"picked":"Acrobatics","floor":18.0},{"not_picked":["Accuracy+1","Blade Dance"],"picked":"Distraction+1","floor":20.0},{"not_picked":["Bane","Dodge and Roll"],"picked":"Choke+1","floor":21.0},{"not_picked":["Finisher","Dodge and Roll"],"picked":"Endless Agony+1","floor":22.0},{"not_picked":["Sucker Punch+1","PiercingWail"],"picked":"All Out Attack+1","floor":23.0},{"not_picked":["Poisoned Stab","PiercingWail"],"picked":"Slice+1","floor":25.0}],"player_experience":291689,"relics_obtained":[{"floor":6.0,"key":"Oddly Smooth Stone"},{"floor":8.0,"key":"Bottled Flame"},{"floor":9.0,"key":"The Courier"},{"floor":10.0,"key":"Mercury Hourglass"},{"floor":14.0,"key":"Tough Bandages"},{"floor":23.0,"key":"Du-Vu Doll"},{"floor":26.0,"key":"Blue Candle"}],"event_choices":[{"damage_healed":0.0,"max_hp_gain":0.0,"max_hp_loss":0.0,"gold_gain":0.0,"event_name":"Upgrade Shrine","player_choice":"Upgraded","floor":5.0,"gold_loss":0.0,"damage_taken":0.0,"cards_upgraded":["Glass Knife"]},{"damage_healed":0.0,"max_hp_gain":0.0,"max_hp_loss":0.0,"gold_gain":0.0,"event_name":"FaceTrader","player_choice":"Trade","floor":19.0,"gold_loss":0.0,"damage_taken":0.0,"relics_obtained":["SsserpentHead"]},{"damage_healed":0.0,"max_hp_gain":0.0,"max_hp_loss":0.0,"gold_gain":0.0,"event_name":"Duplicator","player_choice":"Copied","floor":24.0,"gold_loss":0.0,"damage_taken":0.0,"cards_obtained":["Terror"]},{"damage_healed":0,"gold_gain":0,"player_choice":"Fight","damage_taken":0,"max_hp_gain":0,"max_hp_loss":0,"event_name":"Colosseum","floor":27,"gold_loss":0}],"is_beta":false,"boss_relics":[{"not_picked":["SacredBark","Tiny House"],"picked":"WristBlade"}],"items_purged_floors":[],"is_endless":false,"potions_floor_spawned":[3,4,10,12,16,18,21,25],"killed_by":"Colosseum Slavers","ascension_level":5}}