{"host":"agbyy69nq62afhwx","time":1611564178,"event":{"mods":["BaseMod","Colored Map","DeckTracker","Highlight Path","Keyboard Shortcuts","Minty Spire (QoL Compilation)","Quick Restart","StSLib","SuperFastMode","everything is the same but u backflip on backflip"],"gold_per_floor":[110,123,48,0,0,0,26,26,26,26,54,66,82,95,95,174,174,194,210,227,75,102,102,27,62,62,62,81,81,81,93,93,93,93],"floor_reached":33,"language":"KOR","playtime":2069,"items_purged":["Strike_B"],"score":536,"play_id":"a0d19b1e-4fbf-4430-89dd-d2d36e391d02","local_time":"20210125174258","is_ascension_mode":true,"campfire_choices":[{"data":"Zap","floor":6.0,"key":"SMITH"},{"data":"Zap","floor":8.0,"key":"SMITH"},{"data":"Ball Lightning","floor":10.0,"key":"SMITH"},{"floor":15.0,"key":"REST"},{"floor":23.0,"key":"REST"},{"floor":27.0,"key":"REST"},{"data":"Buffer","floor":29.0,"key":"SMITH"},{"data":"Defragment","floor":32.0,"key":"SMITH"}],"circlet_count":0,"master_deck":["AscendersBane","Strike_B","Defend_B","Defend_B","Defend_B","Defend_B","Zap+1","Dualcast","Coolheaded","Ball Lightning+1","Conserve Battery","Zap+1","Compile Driver","Loop","Cold Snap","Electrodynamics","Biased Cognition","Conserve Battery","Defragment+1","Reinforced Body","Buffer+1","Turbo+1"],"relics":["Cracked Core","Boot","Ornamental Fan","Pear","Runic Pyramid","Red Mask","Toxic Egg 2","Matryoshka"],"acts_visited":["Exordium","TheCity"],"potions_floor_usage":[],"damage_taken":[{"damage":11.0,"enemies":"Jaw Worm","floor":1.0,"turns":4.0},{"damage":3.0,"enemies":"2 Louse","floor":2.0,"turns":3.0},{"damage":26.0,"enemies":"Lagavulin","floor":7.0,"turns":6.0},{"damage":13.0,"enemies":"3 Sentries","floor":11.0,"turns":8.0},{"damage":0.0,"enemies":"Cultist","floor":12.0,"turns":3.0},{"damage":1.0,"enemies":"Blue Slaver","floor":13.0,"turns":2.0},{"damage":5.0,"enemies":"Exordium Wildlife","floor":14.0,"turns":3.0},{"damage":35.0,"enemies":"Hexaghost","floor":16.0,"turns":11.0},{"damage":20.0,"enemies":"3 Byrds","floor":18.0,"turns":3.0},{"damage":8.0,"enemies":"Spheric Guardian","floor":19.0,"turns":4.0},{"damage":7.0,"enemies":"Centurion and Healer","floor":20.0,"turns":5.0},{"damage":5.0,"enemies":"Masked Bandits","floor":22.0,"turns":2.0},{"damage":32.0,"enemies":"Slavers","floor":25.0,"turns":3.0},{"damage":0.0,"enemies":"Snecko","floor":28.0,"turns":5.0},{"damage":2.0,"enemies":"Chosen and Byrds","floor":31.0,"turns":5.0},{"damage":98,"enemies":"Champ","floor":33,"turns":20}],"seed_played":"-8518998132091535629","potions_obtained":[{"floor":1.0,"key":"FearPotion"},{"floor":13.0,"key":"BlessingOfTheForge"},{"floor":16.0,"key":"Swift Potion"},{"floor":18.0,"key":"FairyPotion"}],"is_trial":false,"path_per_floor":["M","M","?","?","?","R","E","R","T","R","E","M","M","M","R","B",null,"M","M","M","$","?","R","?","E","T","R","M","R","$","M","R","B"],"character_chosen":"DEFECT","items_purchased":["Reinforced Body"],"campfire_rested":3,"item_purchase_floors":[21],"current_hp_per_floor":[53,50,50,50,50,50,24,24,24,24,21,21,20,15,39,4,62,42,34,27,27,22,46,46,14,14,38,38,38,38,36,36,0,0],"gold":93,"neow_bonus":"THREE_CARDS","is_daily":false,"chose_seed":false,"campfire_upgraded":5,"win_rate":0.0,"timestamp":1611564178,"path_taken":["M","M","?","?","?","R","E","R","T","R","E","M","M","M","R","BOSS","M","M","M","$","?","R","?","E","T","R","M","R","$","M","R","BOSS"],"items_purchased_type":["Card"],"build_version":"2020-12-22","purchased_purges":1,"victory":false,"max_hp_per_floor":[71,71,71,71,71,71,71,71,71,71,81,81,81,81,81,81,81,81,81,81,81,81,81,81,81,81,81,81,81,81,81,81,81,81],"card_choices":[{"not_picked":["Capacitor","Conserve Battery"],"picked":"Coolheaded","floor":0.0},{"not_picked":["Chill","Steam"],"picked":"Ball Lightning","floor":1.0},{"not_picked":["Gash","Streamline"],"picked":"Conserve Battery","floor":2.0},{"not_picked":["Ball Lightning","Force Field","Redo"],"picked":"SKIP","floor":7.0},{"not_picked":["Self Repair","Aggregate","Conserve Battery"],"picked":"SKIP","floor":11.0},{"not_picked":["Compile Driver","Chaos"],"picked":"Loop","floor":12.0},{"not_picked":["Hologram","Stack"],"picked":"Cold Snap","floor":13.0},{"not_picked":["Coolheaded","Go for the Eyes"],"picked":"Electrodynamics","floor":14.0},{"not_picked":["Electrodynamics","Meteor Strike"],"picked":"Biased Cognition","floor":16.0},{"not_picked":["Leap","Skim"],"picked":"Conserve Battery","floor":18.0},{"not_picked":["Lockon","Ball Lightning","Compile Driver"],"picked":"SKIP","floor":19.0},{"not_picked":["Leap","Stack"],"picked":"Defragment","floor":20.0},{"not_picked":["Leap+1","Go for the Eyes"],"picked":"Buffer","floor":25.0},{"not_picked":["Doom and Gloom","Hologram+1","Static Discharge"],"picked":"SKIP","floor":28.0},{"not_picked":["Defragment","Reinforced Body+1"],"picked":"Turbo+1","floor":31.0}],"player_experience":469254,"relics_obtained":[{"floor":7.0,"key":"Boot"},{"floor":9.0,"key":"Ornamental Fan"},{"floor":11.0,"key":"Pear"},{"floor":22.0,"key":"Red Mask"},{"floor":25.0,"key":"Toxic Egg 2"},{"floor":26.0,"key":"Matryoshka"}],"event_choices":[{"cards_removed":["Strike_B"],"damage_healed":0.0,"max_hp_gain":0.0,"max_hp_loss":0.0,"gold_gain":0.0,"event_name":"The Cleric","player_choice":"Card Removal","floor":3.0,"gold_loss":75.0,"damage_taken":0.0},{"damage_healed":0.0,"max_hp_gain":0.0,"max_hp_loss":0.0,"gold_gain":0.0,"event_name":"World of Goop","player_choice":"Left Gold","floor":4.0,"gold_loss":48.0,"damage_taken":0.0},{"damage_healed":0.0,"max_hp_gain":0.0,"max_hp_loss":0.0,"gold_gain":0.0,"event_name":"Match and Keep!","player_choice":"2 cards matched","floor":5.0,"gold_loss":0.0,"damage_taken":0.0,"cards_obtained":["Zap","Compile Driver"]},{"damage_healed":0.0,"max_hp_gain":0.0,"max_hp_loss":0.0,"gold_gain":0.0,"event_name":"Masked Bandits","player_choice":"Fought Bandits","floor":22.0,"gold_loss":0.0,"damage_taken":0.0},{"cards_removed":["Strike_B"],"damage_healed":0.0,"max_hp_gain":0.0,"max_hp_loss":0.0,"gold_gain":0.0,"event_name":"Beggar","player_choice":"Gave Gold","floor":24.0,"gold_loss":75.0,"damage_taken":0.0}],"is_beta":false,"boss_relics":[{"not_picked":["Pandora\u0027s Box","SlaversCollar"],"picked":"Runic Pyramid"}],"items_purged_floors":[21],"is_endless":false,"potions_floor_spawned":[1,13,14,16,18,22,28,31],"killed_by":"Champ","ascension_level":19}}