{"host":"q0ahhcf6jhp3yzzb","time":1611540847,"event":{"mods":["BaseMod","Downfall","Minty Spire (QoL Compilation)","Relic Stats","StSLib"],"gold_per_floor":[99,109,129,41,41,41,110,139,164,180,180,215,215,245,258,258,258,258],"floor_reached":16,"language":"ENG","playtime":908,"items_purged":[],"score":118,"play_id":"643a9943-45d1-4e4d-982a-03db9cc2f9b4","local_time":"20210124191407","is_ascension_mode":false,"campfire_choices":[{"data":"Guardian:TwinSlam","floor":1.0,"key":"SMITH"},{"data":"Guardian:PiercingHide","floor":6,"key":"SMITH"},{"data":"Guardian:PrimingBeam","floor":11,"key":"SMITH"},{"data":"Guardian:CurlUp","floor":13,"key":"SMITH"}],"circlet_count":0,"master_deck":["Guardian:Strike_Guardian","Guardian:Strike_Guardian","Guardian:Strike_Guardian","Guardian:Strike_Guardian","Guardian:Defend_Guardian","Guardian:Defend_Guardian","Guardian:Defend_Guardian","Guardian:Defend_Guardian","Guardian:CurlUp+1","Guardian:TwinSlam+1","Guardian:TimeSifter","Guardian:RollAttack","Guardian:PiercingHide+1","Guardian:Orbwalk","Guardian:PrimingBeam+1","Guardian:Orbwalk","Guardian:BaubleBeam","Guardian:BronzeArmor"],"relics":["Guardian:ModeShifter","downfall:BrokenWingStatue","Question Card","Letter Opener","Bronze Scales","Happy Flower","Dream Catcher"],"acts_visited":["Exordium"],"potions_floor_usage":[15,16],"damage_taken":[{"damage":0.0,"enemies":"Small Slimes","floor":2.0,"turns":3.0},{"damage":6.0,"enemies":"Jaw Worm","floor":3.0,"turns":4.0},{"damage":0,"enemies":"downfall:FleeingMerchant","floor":4,"turns":4},{"damage":14,"enemies":"Gremlin Nob","floor":8,"turns":4},{"damage":2,"enemies":"2 Louse","floor":10,"turns":2},{"damage":8,"enemies":"3 Sentries","floor":12,"turns":6},{"damage":1,"enemies":"Lagavulin","floor":14,"turns":7},{"damage":0,"enemies":"Lots of Slimes","floor":15,"turns":3},{"damage":49,"enemies":"WA_ARCHETYPE_RETAIN","floor":16,"turns":10}],"seed_played":"8687202137391718230","potions_obtained":[{"floor":2.0,"key":"Fire Potion"},{"floor":3,"key":"SneckoOil"},{"floor":12,"key":"Guardian:BlockOnCardUsePotion"},{"floor":14,"key":"DistilledChaos"}],"is_trial":false,"path_per_floor":["R","M","M","$","?","R","T","E","T","M","R","E","R","E","M","B"],"character_chosen":"GUARDIAN","items_purchased":["Guardian:Orbwalk"],"campfire_rested":0,"item_purchase_floors":[4],"current_hp_per_floor":[80,80,74,74,74,74,74,60,60,58,58,50,50,49,49,0,0,0],"gold":258,"neow_bonus":"ONE_RANDOM_RARE_CARD","is_daily":false,"chose_seed":false,"campfire_upgraded":4,"win_rate":0.0,"timestamp":1611540847,"path_taken":["R","M","M","$","?","R","T","E","?","M","R","E","R","E","M","BOSS"],"items_purchased_type":["Card"],"build_version":"2020-12-22","purchased_purges":0,"victory":false,"max_hp_per_floor":[80,80,80,80,80,80,80,80,80,80,80,80,80,80,80,80,80,80],"relic_stats":{"Dream Catcher":0,"Happy Flower":[6],"counters":[9,43],"Bronze Scales":[48],"Letter Opener":[0],"Question Card":5,"obtain_stats":[{"Dream Catcher":14,"downfall:BrokenWingStatue":5,"Happy Flower":12,"Bronze Scales":9,"Guardian:ModeShifter":0,"Letter Opener":8,"Question Card":7},{"Dream Catcher":7,"downfall:BrokenWingStatue":3,"Happy Flower":6,"Bronze Scales":4,"Guardian:ModeShifter":0,"Letter Opener":4,"Question Card":3},{"Dream Catcher":30,"downfall:BrokenWingStatue":11,"Happy Flower":23,"Bronze Scales":15,"Guardian:ModeShifter":0,"Letter Opener":15,"Question Card":11}]},"card_choices":[{"not_picked":["Guardian:Repulse","Guardian:Planning","Guardian:ShieldCharger"],"picked":"SKIP","floor":2.0},{"not_picked":["Guardian:Incinerate","Guardian:Planning"],"picked":"Guardian:RollAttack","floor":3},{"not_picked":["Guardian:ShieldCharger","Guardian:Gem_Lightblue"],"picked":"Guardian:PiercingHide","floor":4},{"not_picked":["Guardian:Preprogram","Guardian:FastForward","Guardian:PrismaticBarrier"],"picked":"Guardian:Gem_Fragmented","floor":8},{"not_picked":["Guardian:Gem_Cyan","Guardian:ShieldSpikes","Guardian:RollAttack"],"picked":"Guardian:PrimingBeam","floor":10},{"not_picked":["Guardian:Gem_White","Guardian:BronzeOrb","Guardian:FastForward"],"picked":"Guardian:Orbwalk","floor":12},{"not_picked":["Guardian:Gem_Cyan","Guardian:ShieldSpikes","Guardian:Emergency"],"picked":"Guardian:BaubleBeam","floor":14},{"not_picked":["Guardian:Gem_Lightblue","Guardian:WalkerClaw","Guardian:Recover"],"picked":"Guardian:BronzeArmor","floor":15}],"player_experience":834492,"relics_obtained":[{"floor":7,"key":"Question Card"},{"floor":8,"key":"Letter Opener"},{"floor":9,"key":"Bronze Scales"},{"floor":12,"key":"Happy Flower"},{"floor":14,"key":"Dream Catcher"}],"event_choices":[],"is_beta":false,"boss_relics":[],"items_purged_floors":[],"is_endless":false,"potions_floor_spawned":[2,3,12,14],"killed_by":"WA_ARCHETYPE_RETAIN","ascension_level":0}}