{"host":"np9ouipdmi0bkas5","time":1611590130,"event":{"mods":["AchievementEnabler","Aspiration","BaseMod","Colored Map","Downfall","Highlight Path","Hubris","Infinite Spire","Minty Spire (QoL Compilation)","Replay The Spire","StSLib"],"gold_per_floor":[111,125,125,125,300,325,336,370,370,370,370,380,393,408,408,506,556,567,567,567,249,249,279,279,279,279,279,312,312,344,355,355,458,458,476,495,85,85,85],"floor_reached":38,"language":"ENG","playtime":1759,"items_purged":["Doubt","Defend_R","Defend_R"],"score":513,"play_id":"87799dd0-7b22-4d45-8b5b-2824444efd35","local_time":"20210125075530","is_ascension_mode":true,"campfire_choices":[{"data":"Perfected Strike","floor":11,"key":"SMITH"},{"data":"Seeing Red","floor":15,"key":"SMITH"},{"floor":24,"key":"REST"},{"floor":32,"key":"REST"}],"circlet_count":0,"master_deck":["Strike_R+1","Strike_R+1","Strike_R+1","Strike_R+1","Strike_R+1","Defend_R+1","Defend_R+1","Perfected Strike+1","Perfected Strike","Perfected Strike","Iron Wave","Anger","Seeing Red+1","Perfected Strike","Demon Form","Metallicize+1","Replay:Fractal Strike","Replay:Fractal Strike","Perfected Strike+1","infinitespire:OneForAll","Rage+1","Demon Form","Body Slam","Pommel Strike"],"relics":["Burning Blood","NeowsBlessing","ReplayTheSpireMod:Ring of Challenge","War Paint","Nunchaku","Bird Faced Urn","Meat on the Bone","Tiny House","DollysMirror","Pantograph","Juzu Bracelet","aspiration:SeaSaltIceCream","aspiration:Nostalgia","bronze:BronzeCore","hubris:Towel","Boot","aspiration:Stabinomicon","Replay:Bottled Eggs","hubris:VirtuousBlindfold","Replay:Multitool"],"acts_visited":["Exordium","TheCity","TheBeyond"],"potions_floor_usage":[8,13,16,18,33],"damage_taken":[{"damage":0,"enemies":"Small Slimes","floor":1,"turns":1},{"damage":0,"enemies":"2 Louse","floor":2,"turns":1},{"damage":0,"enemies":"3 Sentries","floor":6,"turns":2},{"damage":0,"enemies":"Jaw Worm","floor":7,"turns":3},{"damage":23,"enemies":"Lagavulin","floor":8,"turns":5},{"damage":2,"enemies":"Looter","floor":12,"turns":2},{"damage":0,"enemies":"Large Slime","floor":13,"turns":5},{"damage":13,"enemies":"Red Slaver","floor":14,"turns":2},{"damage":60,"enemies":"The Guardian","floor":16,"turns":12},{"damage":44,"enemies":"3 Byrds","floor":18,"turns":7},{"damage":47,"enemies":"Gremlin Leader","floor":23,"turns":6},{"damage":42,"enemies":"Book of Stabbing","floor":28,"turns":5},{"damage":23,"enemies":"Nightmare","floor":30,"turns":4},{"damage":1,"enemies":"Chosen","floor":31,"turns":2},{"damage":69,"enemies":"Champ","floor":33,"turns":8},{"damage":0,"enemies":"Orb Walker","floor":35,"turns":2},{"damage":20,"enemies":"3 Shapes","floor":36,"turns":3},{"damage":39,"enemies":"infinitespire:Three Voidlings","floor":38,"turns":3},{"damage":52,"enemies":"Nightmare_Alpha","floor":38,"turns":4}],"seed_played":"-3335254791416828479","potions_obtained":[{"floor":6,"key":"Fire Potion"},{"floor":12,"key":"Strength Potion"},{"floor":14,"key":"SkillPotion"},{"floor":17,"key":"Regen Potion"},{"floor":31,"key":"LiquidBronze"}],"is_trial":false,"path_per_floor":["M","M","?","?","?","E","M","E","T","?","R","M","M","M","R","B",null,"M","AVR","?","$","?","E","R","?","T","?","E","?","NM","M","R","B",null,"M","M","$","?"],"character_chosen":"IRONCLAD","items_purchased":["Pantograph","Replay:Multitool"],"campfire_rested":2,"item_purchase_floors":[21,37],"current_hp_per_floor":[80,80,80,80,80,80,80,63,63,63,63,67,73,66,66,24,85,56,56,56,56,56,29,54,54,54,54,34,34,31,50,75,38,85,85,71,71,0,0],"gold":85,"neow_bonus":"THREE_ENEMY_KILL","is_daily":false,"chose_seed":false,"campfire_upgraded":2,"win_rate":0.0,"timestamp":1611590130,"path_taken":["M","M","?","?","?","E","M","E","T","?","R","M","M","M","R","BOSS","M","AVR","?","$","?","E","R","?","T","?","E","?","NM","M","R","BOSS","M","M","$","?"],"items_purchased_type":["Relic","Relic"],"build_version":"2020-12-22","purchased_purges":3,"victory":false,"max_hp_per_floor":[80,80,80,80,80,80,80,80,80,80,80,80,80,80,80,80,85,85,85,85,85,85,85,85,85,85,85,85,85,85,85,85,85,85,85,85,85,85,85],"card_choices":[{"not_picked":["Replay:Undeath\u0027s Touch","Rage"],"picked":"Perfected Strike","floor":1},{"not_picked":["Wild Strike","Bloodletting"],"picked":"Perfected Strike","floor":2},{"not_picked":["Armaments","Searing Blow","Evolve"],"picked":"SKIP","floor":6},{"not_picked":["ReplayTheSpireMod:Strike From Hell","Second Wind"],"picked":"Perfected Strike","floor":7},{"not_picked":["Dark Embrace","Armaments"],"picked":"Iron Wave","floor":8},{"not_picked":["Clothesline","hubris:ReadiedAction"],"picked":"Anger","floor":12},{"not_picked":["Fire Breathing","True Grit"],"picked":"Seeing Red","floor":13},{"not_picked":["Entrench","Battle Trance"],"picked":"Perfected Strike","floor":14},{"not_picked":["Eclipse","Exhume"],"picked":"Demon Form","floor":16},{"not_picked":["Headbutt","Run Through"],"picked":"Fire Breathing","floor":17},{"not_picked":["Abandon","Anger"],"picked":"Metallicize+1","floor":18},{"not_picked":["Burning Pact","Rage+1","Replay:Undeath\u0027s Touch"],"picked":"SKIP","floor":23},{"not_picked":["Exhume","Feed"],"picked":"Perfected Strike+1","floor":28},{"not_picked":["Heavy Blade","Thunderclap","Feel No Pain+1"],"picked":"SKIP","floor":30},{"not_picked":["Iron Wave","Hemokinesis"],"picked":"Rage+1","floor":31},{"not_picked":["Limit Break","Hemogenesis"],"picked":"Demon Form","floor":33},{"not_picked":["Second Wind+1","Replay:Undeath\u0027s Touch"],"picked":"Body Slam","floor":35},{"not_picked":["Flex+1","Clash"],"picked":"Pommel Strike","floor":36}],"player_experience":66673,"relics_obtained":[{"floor":4,"key":"ReplayTheSpireMod:Ring of Challenge"},{"floor":6,"key":"War Paint"},{"floor":8,"key":"Nunchaku"},{"floor":9,"key":"Bird Faced Urn"},{"floor":10,"key":"Meat on the Bone"},{"floor":23,"key":"aspiration:SeaSaltIceCream"},{"floor":26,"key":"Boot"},{"floor":28,"key":"aspiration:Stabinomicon"},{"floor":30,"key":"Replay:Bottled Eggs"}],"event_choices":[{"damage_healed":0,"gold_gain":175,"player_choice":"AGREE","damage_taken":0,"max_hp_gain":0,"max_hp_loss":0,"event_name":"Liars Game","floor":5,"gold_loss":0,"cards_obtained":["Doubt"]},{"damage_healed":0,"gold_gain":0,"player_choice":"Ignored","damage_taken":0,"max_hp_gain":0,"max_hp_loss":0,"event_name":"Ghosts","floor":20,"gold_loss":0},{"cards_removed":["Fire Breathing"],"damage_healed":0,"gold_gain":0,"player_choice":"Purged","damage_taken":0,"max_hp_gain":0,"max_hp_loss":0,"event_name":"Purifier","floor":27,"gold_loss":0},{"damage_healed":0,"gold_gain":0,"cards_transformed":["Bash"],"player_choice":"Transformed","damage_taken":0,"max_hp_gain":0,"max_hp_loss":0,"event_name":"Transmorgrifier","floor":29,"gold_loss":0,"cards_obtained":["infinitespire:OneForAll"]}],"is_beta":false,"boss_relics":[{"not_picked":["hubris:RunicObelisk","Pandora\u0027s Box"],"picked":"Tiny House"},{"not_picked":["Busted Crown","hubris:GrandSneckoEye"],"picked":"hubris:VirtuousBlindfold"}],"items_purged_floors":[19,21,37],"is_endless":true,"potions_floor_spawned":[6,12,14,31],"killed_by":"Nightmare_Alpha","ascension_level":1}}