{"host":"4nqeo0vu1vuav7gg","time":1611593940,"event":{"mods":["AchievementEnabler","BaseMod","Block Reminder","Colored Map","Colored Powertips","Highlight Path","Minty Spire (QoL Compilation)","Quick Restart","Rare Cards Sparkle","Relic Relevance Reorder","StSLib"],"gold_per_floor":[218,368,383,383,409,409,437,448,475,475,62,72,97,54,54,131,131,150,184,184,202,202,202,202],"floor_reached":23,"language":"ENG","playtime":717,"items_purged":["Strike_B"],"score":384,"play_id":"f5a28129-93d0-4138-8e64-d10388017870","local_time":"20210125175900","is_ascension_mode":true,"campfire_choices":[{"data":"Zap","floor":6.0,"key":"SMITH"},{"floor":10.0,"key":"REST"},{"floor":15.0,"key":"REST"}],"circlet_count":0,"master_deck":["AscendersBane","Strike_B","Strike_B","Defend_B","Defend_B+1","Defend_B","Defend_B","Zap+1","Dualcast","Fusion+1","Streamline","Chill","Sweeping Beam","Ball Lightning","Melter","Chill","Static Discharge","Defragment","Fission","Cold Snap","Barrage","Self Repair"],"relics":["Cracked Core","Sozu","DataDisk","Oddly Smooth Stone","Red Mask","Ancient Tea Set","Smiling Mask","War Paint"],"acts_visited":["Exordium","TheCity"],"potions_floor_usage":[],"damage_taken":[{"damage":3.0,"enemies":"2 Louse","floor":1.0,"turns":3.0},{"damage":7.0,"enemies":"Jaw Worm","floor":3.0,"turns":3.0},{"damage":46.0,"enemies":"Gremlin Nob","floor":7.0,"turns":4.0},{"damage":0.0,"enemies":"Small Slimes","floor":8.0,"turns":2.0},{"damage":0.0,"enemies":"Red Slaver","floor":12.0,"turns":2.0},{"damage":10.0,"enemies":"3 Sentries","floor":13.0,"turns":7.0},{"damage":24,"enemies":"Hexaghost","floor":16,"turns":9},{"damage":0,"enemies":"Spheric Guardian","floor":18,"turns":1},{"damage":33,"enemies":"Masked Bandits","floor":19,"turns":5},{"damage":8,"enemies":"3 Byrds","floor":21,"turns":3},{"damage":22,"enemies":"Book of Stabbing","floor":23,"turns":3}],"seed_played":"1423361869323868711","potions_obtained":[{"floor":1.0,"key":"LiquidBronze"},{"floor":3.0,"key":"Explosive Potion"}],"is_trial":false,"path_per_floor":["M","?","M","?","T","R","E","M","T","R","$","M","E","$","R","B",null,"M","?","?","M","?","E"],"character_chosen":"DEFECT","items_purchased":["DataDisk","Ball Lightning","Block Potion","Melter","Defragment"],"campfire_rested":2,"item_purchase_floors":[11,11,11,11,14],"current_hp_per_floor":[61,61,54,47,47,47,1,1,1,22,22,22,12,12,33,9,56,56,23,23,15,15,0,0],"gold":202,"neow_bonus":"HUNDRED_GOLD","is_daily":false,"chose_seed":false,"campfire_upgraded":1,"win_rate":0.0,"timestamp":1611593940,"path_taken":["M","?","M","?","?","R","E","M","T","R","$","M","E","$","R","BOSS","M","?","?","?","?","E"],"items_purchased_type":["Relic","Card","Potion","Card","Card"],"build_version":"2020-12-22","purchased_purges":1,"victory":false,"max_hp_per_floor":[71,71,71,71,71,71,71,71,71,71,71,71,71,71,71,71,71,71,71,71,71,71,71,71],"card_choices":[{"not_picked":["Lockon","Reprogram"],"picked":"Fusion","floor":1.0},{"not_picked":["Cold Snap","Leap"],"picked":"Streamline","floor":3.0},{"not_picked":["Ball Lightning","Cold Snap"],"picked":"Chill","floor":7.0},{"not_picked":["Redo","Steam"],"picked":"Sweeping Beam","floor":8.0},{"not_picked":["Auto Shields","Heatsinks"],"picked":"Chill","floor":12.0},{"not_picked":["Rebound","Sweeping Beam"],"picked":"Static Discharge","floor":13.0},{"not_picked":["Biased Cognition","Hyperbeam"],"picked":"Fission","floor":16},{"not_picked":["Steam Power","Gash"],"picked":"Cold Snap","floor":18},{"not_picked":["Redo","Ball Lightning"],"picked":"Barrage","floor":19},{"not_picked":["Auto Shields+1","Ball Lightning"],"picked":"Self Repair","floor":21}],"player_experience":1071152,"relics_obtained":[{"floor":5.0,"key":"Ancient Tea Set"},{"floor":7.0,"key":"War Paint"},{"floor":9.0,"key":"Smiling Mask"},{"floor":13.0,"key":"Oddly Smooth Stone"},{"floor":19,"key":"Red Mask"}],"event_choices":[{"damage_healed":0.0,"max_hp_gain":0.0,"max_hp_loss":0.0,"gold_gain":150.0,"event_name":"Liars Game","player_choice":"AGREE","floor":2.0,"gold_loss":0.0,"damage_taken":0.0,"cards_obtained":["Doubt"]},{"cards_removed":["Doubt"],"damage_healed":0.0,"max_hp_gain":0.0,"max_hp_loss":0.0,"gold_gain":0.0,"event_name":"Golden Wing","player_choice":"Card Removal","floor":4.0,"gold_loss":0.0,"damage_taken":7.0},{"damage_healed":0,"gold_gain":0,"player_choice":"Fought Bandits","damage_taken":0,"max_hp_gain":0,"max_hp_loss":0,"event_name":"Masked Bandits","floor":19,"gold_loss":0},{"cards_removed":["Strike_B"],"damage_healed":0,"gold_gain":0,"player_choice":"Elegance","damage_taken":0,"max_hp_gain":0,"max_hp_loss":0,"event_name":"Back to Basics","floor":20,"gold_loss":0},{"damage_healed":0,"gold_gain":0,"player_choice":"Ignored","damage_taken":0,"max_hp_gain":0,"max_hp_loss":0,"event_name":"Beggar","floor":22,"gold_loss":0}],"is_beta":false,"boss_relics":[{"not_picked":["Runic Pyramid","SlaversCollar"],"picked":"Sozu"}],"items_purged_floors":[11],"is_endless":false,"potions_floor_spawned":[1,3,19,21],"killed_by":"Book of Stabbing","ascension_level":19}}