{"host":"a5lz0e76zb3fcwkm","time":1611594161,"event":{"mods":["AchievementEnabler","BaseMod","Colored Map","Colored Powertips","Minty Spire (QoL Compilation)","StSLib","SuperFastMode"],"gold_per_floor":[111,261,261,261,286,320,335,335,413,452,472,55,125,139,139,139,139],"floor_reached":16,"language":"KOR","playtime":332,"items_purged":["Doubt"],"score":270,"play_id":"7e75a947-1ced-407d-94d7-b987aaf0b819","local_time":"20210126020241","is_ascension_mode":true,"campfire_choices":[{"data":"Tactician","floor":15,"key":"SMITH"}],"circlet_count":0,"master_deck":["AscendersBane","Strike_G","Strike_G+1","Strike_G","Strike_G","Strike_G","Defend_G","Defend_G","Defend_G","Defend_G+1","Defend_G","Survivor","Neutralize","Dagger Throw","PiercingWail","Escape Plan","Backstab","Tactician+1","After Image"],"relics":["Ring of the Snake","NeowsBlessing","Golden Idol","Bag of Preparation","Letter Opener","Shuriken","Lantern","Orichalcum"],"acts_visited":["Exordium"],"potions_floor_usage":[10,10,13,13],"damage_taken":[{"damage":0,"enemies":"Small Slimes","floor":1,"turns":1},{"damage":0,"enemies":"2 Louse","floor":5,"turns":1},{"damage":0,"enemies":"Lagavulin","floor":6,"turns":1},{"damage":0,"enemies":"Jaw Worm","floor":7,"turns":6},{"damage":16,"enemies":"3 Sentries","floor":10,"turns":9},{"damage":0,"enemies":"2 Fungi Beasts","floor":11,"turns":4},{"damage":14,"enemies":"Lagavulin Event","floor":13,"turns":7},{"damage":14,"enemies":"Large Slime","floor":14,"turns":5},{"damage":6,"enemies":"Slime Boss","floor":16,"turns":5}],"seed_played":"1846271435205624172","potions_obtained":[{"floor":5,"key":"SkillPotion"},{"floor":7,"key":"AttackPotion"},{"floor":10,"key":"Weak Potion"},{"floor":11,"key":"DistilledChaos"},{"floor":14,"key":"Ancient Potion"}],"is_trial":false,"path_per_floor":["M","?","?","?","M","E","M","?","T","E","M","$","?","M","R","B"],"character_chosen":"THE_SILENT","items_purchased":["Lantern","After Image"],"campfire_rested":0,"item_purchase_floors":[12,12],"current_hp_per_floor":[59,59,64,64,64,64,64,45,45,29,29,29,15,1,1,0,0],"gold":139,"neow_bonus":"THREE_ENEMY_KILL","is_daily":false,"chose_seed":false,"campfire_upgraded":1,"win_rate":0.0,"timestamp":1611594161,"path_taken":["M","?","?","?","?","E","M","?","T","E","M","$","?","M","R","BOSS"],"items_purchased_type":["Relic","Card"],"build_version":"2020-12-22","purchased_purges":1,"victory":false,"max_hp_per_floor":[66,66,71,64,64,64,64,64,64,64,64,64,64,64,64,64,64],"card_choices":[{"not_picked":["Sucker Punch","Catalyst"],"picked":"Dagger Throw","floor":1},{"not_picked":["Backflip","Crippling Poison"],"picked":"PiercingWail","floor":5},{"not_picked":["Backflip","Poisoned Stab","Slice"],"picked":"SKIP","floor":6},{"not_picked":["PiercingWail","Quick Slash"],"picked":"Escape Plan","floor":7},{"not_picked":["Dagger Throw","Underhanded Strike"],"picked":"Backstab","floor":10},{"not_picked":["All Out Attack","Flechettes"],"picked":"Tactician","floor":11},{"not_picked":["Quick Slash","Deflect","Slice"],"picked":"SKIP","floor":14}],"player_experience":1803786,"relics_obtained":[{"floor":6,"key":"Bag of Preparation"},{"floor":9,"key":"Letter Opener"},{"floor":10,"key":"Shuriken"},{"floor":13,"key":"Orichalcum"}],"event_choices":[{"damage_healed":0,"gold_gain":150,"player_choice":"AGREE","damage_taken":0,"max_hp_gain":0,"max_hp_loss":0,"event_name":"Liars Game","floor":2,"gold_loss":0,"cards_obtained":["Doubt"]},{"damage_healed":0,"gold_gain":0,"player_choice":"Donut","damage_taken":0,"max_hp_gain":5,"max_hp_loss":0,"event_name":"Big Fish","floor":3,"gold_loss":0},{"damage_healed":0,"gold_gain":0,"player_choice":"Lose Max HP","damage_taken":0,"relics_obtained":["Golden Idol"],"max_hp_gain":0,"max_hp_loss":7,"event_name":"Golden Idol","floor":4,"gold_loss":0},{"damage_healed":0,"gold_gain":0,"player_choice":"Entered Light","damage_taken":19,"max_hp_gain":0,"max_hp_loss":0,"event_name":"Shining Light","floor":8,"gold_loss":0,"cards_upgraded":["Strike_G","Defend_G"]},{"damage_healed":0,"gold_gain":0,"player_choice":"Searched \u00271\u0027 times","damage_taken":0,"max_hp_gain":0,"max_hp_loss":0,"event_name":"Dead Adventurer","floor":13,"gold_loss":0}],"is_beta":false,"boss_relics":[],"items_purged_floors":[12],"is_endless":false,"potions_floor_spawned":[5,7,10,11,14],"killed_by":"Slime Boss","ascension_level":20}}