{"host":"2t0ddmgeopc3yqug","time":1611564488,"event":{"mods":["AchievementEnabler","BaseMod","BetterRewards","Colored Map","Colored Powertips","Hermit","Marisa£¨Ùöéë¡¡Øª×âÞÞ£©","Minty Spire (QoL Compilation)","Rare Cards Sparkle","Shop Mod","StSLib","SuperFastMode","The Cursed","The Poker Player","everything is the same but u backflip on backflip"],"gold_per_floor":[118,136,61,61,61,89,89,99,99,129,149,168,179,179,179,179,179],"floor_reached":16,"language":"KOR","playtime":746,"items_purged":["Defend_R"],"score":118,"play_id":"e723ee73-4564-40bb-962d-3e5bfd1ca2ea","local_time":"20210125174808","is_ascension_mode":true,"campfire_choices":[{"floor":7.0,"key":"REST"},{"floor":15,"key":"REST"}],"circlet_count":0,"master_deck":["Strike_R","Strike_R","Strike_R","Defend_R+1","Defend_R","Defend_R","Bash","Heavy Blade","Disarm","Ghostly Armor","Burning Pact+1"],"relics":["Burning Blood","Mercury Hourglass","White Beast Statue","Blood Vial"],"acts_visited":["Exordium"],"potions_floor_usage":[12,16,16,16,16,16],"damage_taken":[{"damage":6.0,"enemies":"Cultist","floor":1.0,"turns":4.0},{"damage":11.0,"enemies":"Jaw Worm","floor":2.0,"turns":3.0},{"damage":56.0,"enemies":"3 Sentries","floor":6.0,"turns":11.0},{"damage":0.0,"enemies":"2 Louse","floor":8.0,"turns":2.0},{"damage":27.0,"enemies":"Gremlin Nob","floor":10.0,"turns":4.0},{"damage":18.0,"enemies":"Exordium Thugs","floor":11.0,"turns":4.0},{"damage":13,"enemies":"Gremlin Gang","floor":12,"turns":5},{"damage":0,"enemies":"3 Louse","floor":13,"turns":2},{"damage":88,"enemies":"Hexaghost","floor":16,"turns":10}],"seed_played":"-635145980167960716","potions_obtained":[{"floor":2.0,"key":"BloodPotion"},{"floor":6.0,"key":"GamblersBrew"},{"floor":10.0,"key":"Regen Potion"},{"floor":11.0,"key":"EntropicBrew"},{"floor":12,"key":"Regen Potion"},{"floor":13,"key":"Energy Potion"}],"is_trial":false,"path_per_floor":["M","M","$","?","?","E","R","M","T","E","M","M","M","?","R","B"],"character_chosen":"IRONCLAD","items_purchased":[],"campfire_rested":2,"item_purchase_floors":[],"current_hp_per_floor":[88,83,83,83,76,26,52,58,58,37,39,51,59,41,67,0,0],"gold":179,"neow_bonus":"TEN_PERCENT_HP_BONUS","is_daily":false,"chose_seed":false,"campfire_upgraded":0,"win_rate":0.0,"timestamp":1611564488,"path_taken":["M","?","$","?","?","E","R","M","T","E","M","?","?","?","R","BOSS"],"items_purchased_type":[],"build_version":"2020-12-22","purchased_purges":1,"victory":false,"max_hp_per_floor":[88,88,88,88,88,88,88,88,88,88,88,88,88,88,88,88,88],"card_choices":[{"not_picked":["Clothesline","Havoc","Shrug It Off"],"picked":"SKIP","floor":1.0},{"not_picked":["Blood for Blood","Dropkick"],"picked":"Heavy Blade","floor":2.0},{"not_picked":["Rupture","Seeing Red","Flex"],"picked":"SKIP","floor":6.0},{"not_picked":["Iron Wave","Warcry"],"picked":"Disarm","floor":8.0},{"not_picked":["True Grit","Reckless Charge"],"picked":"Ghostly Armor","floor":10.0},{"not_picked":["Clothesline","Disarm","Clash"],"picked":"SKIP","floor":11.0},{"not_picked":["Shrug It Off","Combust"],"picked":"Burning Pact","floor":12},{"not_picked":["Wild Strike","Clash","Iron Wave"],"picked":"SKIP","floor":13}],"player_experience":107428,"relics_obtained":[{"floor":6.0,"key":"Mercury Hourglass"},{"floor":9.0,"key":"White Beast Statue"},{"floor":10.0,"key":"Blood Vial"}],"event_choices":[{"cards_removed":["Strike_R"],"damage_healed":0.0,"max_hp_gain":0.0,"max_hp_loss":0.0,"gold_gain":0.0,"event_name":"Living Wall","player_choice":"Forget","floor":4.0,"gold_loss":0.0,"damage_taken":0.0},{"cards_removed":["Strike_R"],"damage_healed":0.0,"max_hp_gain":0.0,"max_hp_loss":0.0,"gold_gain":0.0,"event_name":"Golden Wing","player_choice":"Card Removal","floor":5.0,"gold_loss":0.0,"damage_taken":7.0},{"damage_healed":0,"gold_gain":0,"player_choice":"Entered Light","damage_taken":18,"max_hp_gain":0,"max_hp_loss":0,"event_name":"Shining Light","floor":14,"gold_loss":0,"cards_upgraded":["Defend_R","Burning Pact"]}],"is_beta":false,"boss_relics":[],"items_purged_floors":[3],"is_endless":false,"potions_floor_spawned":[2,6,10,11,12,13],"killed_by":"Hexaghost","ascension_level":1}}