{"host":"c97twqu0op5dg8i4","time":1611612504,"event":{"mods":["AchievementEnabler","BaseMod","Colored Map","Minty Spire (QoL Compilation)","Permanent Neow"],"gold_per_floor":[112,31,31,106,106,106,119,119,119,160,160,238,257,18,18,18,18],"floor_reached":16,"language":"ENG","playtime":338,"items_purged":[],"score":130,"play_id":"ac005c90-8908-4a91-88ed-810243f3b683","local_time":"20210125170824","is_ascension_mode":true,"campfire_choices":[{"data":"Uppercut","floor":6,"key":"SMITH"},{"data":"Bash","floor":8,"key":"SMITH"},{"data":"Flex","floor":11,"key":"SMITH"},{"data":"Heavy Blade","floor":15,"key":"SMITH"}],"circlet_count":0,"master_deck":["Strike_R","Strike_R","Strike_R","Strike_R","Strike_R","Defend_R","Defend_R","Defend_R","Defend_R","Bash+1","Heavy Blade+1","Uppercut+1","Burning Pact","Flex+1"],"relics":["Burning Blood","Lantern","Golden Idol","Bird Faced Urn","Darkstone Periapt","Eternal Feather"],"acts_visited":["Exordium"],"potions_floor_usage":[10,16],"damage_taken":[{"damage":5,"enemies":"Small Slimes","floor":1,"turns":5},{"damage":0,"enemies":"Cultist","floor":7,"turns":2},{"damage":24,"enemies":"3 Sentries","floor":10,"turns":6},{"damage":0,"enemies":"2 Louse","floor":13,"turns":2},{"damage":55,"enemies":"Slime Boss","floor":16,"turns":7}],"seed_played":"-2420806908878085862","potions_obtained":[{"floor":1,"key":"PowerPotion"},{"floor":13,"key":"Energy Potion"}],"is_trial":false,"path_per_floor":["M","$","?","?","?","R","M","R","T","E","R","?","M","$","R","B"],"character_chosen":"IRONCLAD","items_purchased":["Uppercut","Eternal Feather"],"campfire_rested":0,"item_purchase_floors":[2,14],"current_hp_per_floor":[73,73,53,42,47,47,53,53,53,37,37,37,43,43,49,0,0],"gold":18,"neow_bonus":"RANDOM_COMMON_RELIC","is_daily":false,"chose_seed":false,"campfire_upgraded":4,"win_rate":0.0,"timestamp":1611612504,"path_taken":["M","$","?","?","?","R","M","R","T","E","R","?","M","$","R","BOSS"],"items_purchased_type":["Card","Relic"],"build_version":"2020-12-22","purchased_purges":0,"victory":false,"max_hp_per_floor":[80,80,80,80,85,85,85,85,85,85,85,85,85,85,85,85,85],"card_choices":[{"not_picked":["Dark Embrace","True Grit"],"picked":"Heavy Blade","floor":1},{"not_picked":["Anger","Whirlwind"],"picked":"Burning Pact","floor":7},{"not_picked":["Thunderclap","Blood for Blood"],"picked":"Flex","floor":10},{"not_picked":["Heavy Blade","Pommel Strike","Entrench"],"picked":"SKIP","floor":13}],"player_experience":301394,"relics_obtained":[{"floor":9,"key":"Bird Faced Urn"},{"floor":10,"key":"Darkstone Periapt"}],"event_choices":[{"damage_healed":0,"gold_gain":0,"player_choice":"Take Damage","damage_taken":20,"relics_obtained":["Golden Idol"],"max_hp_gain":0,"max_hp_loss":0,"event_name":"Golden Idol","floor":3,"gold_loss":0},{"damage_healed":0,"gold_gain":75,"player_choice":"Gather Gold","damage_taken":11,"max_hp_gain":0,"max_hp_loss":0,"event_name":"World of Goop","floor":4,"gold_loss":0},{"damage_healed":0,"gold_gain":0,"player_choice":"Donut","damage_taken":0,"max_hp_gain":5,"max_hp_loss":0,"event_name":"Big Fish","floor":5,"gold_loss":0},{"damage_healed":0,"gold_gain":78,"player_choice":"Gained Gold","damage_taken":0,"max_hp_gain":0,"max_hp_loss":0,"event_name":"Golden Wing","floor":12,"gold_loss":0}],"is_beta":false,"boss_relics":[],"items_purged_floors":[],"is_endless":false,"potions_floor_spawned":[1,13],"killed_by":"Slime Boss","ascension_level":7}}