{"host":"4drr8xlp2cyffoza","time":1611571678,"event":{"mods":["Bard","BaseMod","Better Third Choice","Colored Powertips","Downfall","Hermit","Luminous","Marisa（F雨　魔理沙）","Minty Spire (QoL Compilation)","Quick Restart","Replay The Spire","RumiaBox-露米娅的神秘盒子","Shop Mod","Spicy Shops","StSLib","The Administrix","The Animator","The Cursed","The Servant 0.9.4","【功能Mod】混沌之环修复补丁","篝火指南"],"gold_per_floor":[112,123,133,32,32,49,49,64,89,100,120,131,13,25,25,127,127,52,85,85],"floor_reached":19,"language":"ZHS","playtime":1912,"items_purged":[],"score":163,"play_id":"3fa5b8e1-d035-49ca-aab0-202e7c7950c5","local_time":"20210125184758","is_ascension_mode":false,"campfire_choices":[{"floor":7,"key":"REST"},{"floor":15,"key":"REST"}],"circlet_count":0,"master_deck":["bard:Strike","bard:Strike","bard:Strike","bard:Strike","bard:Defend","bard:Defend","bard:Defend","bard:Defend","bard:Riposte","bard:Inspire","bard:HideousLaughter","bard:Sift","bard:FalseLife","bard:InspiringSong","bard:DervishDance","Skewer","bard:Parry","bard:Solo","bard:Thunderwave","bard:Heroism","bard:SongBolt","bard:MantleOfInspiration","bard:QuickSong","bard:Invisibility","bard:CuttingWords+1","bard:BucklerBash"],"relics":["bard:PitchPipe","bard:BagPipes","AddBug","SecretRecord","SecretRecord","SecretRecord"],"acts_visited":["Exordium","TheCity"],"potions_floor_usage":[16,16],"damage_taken":[{"damage":1,"enemies":"Jaw Worm","floor":1,"turns":5},{"damage":0,"enemies":"Small Slimes","floor":2,"turns":4},{"damage":5,"enemies":"2 Louse","floor":3,"turns":3},{"damage":12,"enemies":"Looter","floor":6,"turns":4},{"damage":8,"enemies":"2 Fungi Beasts","floor":8,"turns":4},{"damage":26,"enemies":"Exordium Wildlife","floor":10,"turns":7},{"damage":7,"enemies":"Lots of Slimes","floor":11,"turns":3},{"damage":12,"enemies":"Blue Slaver","floor":12,"turns":5},{"damage":0,"enemies":"Exordium Wildlife","floor":14,"turns":6},{"damage":3,"enemies":"The Guardian","floor":16,"turns":11},{"damage":16,"enemies":"2 Thieves","floor":18,"turns":5}],"seed_played":"862126007627669490","potions_obtained":[{"floor":1,"key":"Swift Potion"},{"floor":10,"key":"DistilledChaos"},{"floor":11,"key":"Fire Potion"},{"floor":16,"key":"BlessingOfTheForge"}],"is_trial":false,"path_per_floor":["M","M","M","$","?","M","R","M","T","M","M","M","$","M","R","B",null,"M","?"],"character_chosen":"BARD","items_purchased":["bard:InspiringSong","bard:DervishDance","bard:MantleOfInspiration"],"campfire_rested":2,"item_purchase_floors":[4,4,13],"current_hp_per_floor":[76,76,71,71,59,47,70,62,62,36,29,17,17,17,40,37,77,61,61,61],"gold":85,"neow_bonus":"TEN_PERCENT_HP_BONUS","is_daily":false,"chose_seed":false,"campfire_upgraded":0,"win_rate":0.0,"timestamp":1611571678,"path_taken":["M","M","M","$","?","M","R","M","T","M","M","M","$","M","R","BOSS","M","?"],"items_purchased_type":["Card","Card","Card"],"build_version":"2020-12-22","purchased_purges":0,"victory":false,"max_hp_per_floor":[77,77,77,77,77,77,77,77,77,77,77,77,77,77,77,77,77,77,77,77],"card_choices":[{"not_picked":["bard:Doot","bard:Silence"],"picked":"bard:HideousLaughter","floor":1},{"not_picked":["bard:FeastOnFear","bard:SongBolt"],"picked":"bard:Sift","floor":2},{"not_picked":["bard:GlyphOfWarding","bard:Accelerando"],"picked":"bard:FalseLife","floor":3},{"not_picked":["bard:BucklerBash","bard:PhantasmalForce"],"picked":"bard:Parry","floor":6},{"not_picked":["bard:Haste","bard:HarmoniousVoice"],"picked":"bard:Solo","floor":8},{"not_picked":["bard:BucklerBash","bard:LocateObject"],"picked":"bard:Thunderwave","floor":10},{"not_picked":["bard:Aphasia","bard:GreaterMagicWeapon"],"picked":"bard:Heroism","floor":11},{"not_picked":["bard:Parry","bard:TinyHut"],"picked":"bard:SongBolt","floor":12},{"not_picked":["bard:Sift","bard:Aphasia"],"picked":"bard:QuickSong","floor":14},{"not_picked":["bard:SplendidForm","bard:PowerWordStun"],"picked":"bard:Invisibility","floor":16},{"not_picked":["bard:DervishDance","bard:GuardPoint"],"picked":"bard:CuttingWords+1","floor":18},{"not_picked":["bard:QuickSong","bard:Blink"],"picked":"bard:BucklerBash","floor":19}],"player_experience":57429,"relics_obtained":[{"floor":1,"key":"AddBug"},{"floor":9,"key":"ReplayTheSpireMod:TigerMarble"},{"floor":10,"key":"SecretRecord"},{"floor":14,"key":"SecretRecord"},{"floor":19,"key":"Replay:PocketPolymizer"}],"event_choices":[],"is_beta":false,"boss_relics":[{"not_picked":["Ring of Chaos","Calling Bell"],"picked":"Replay:Ancient Bell"}],"items_purged_floors":[],"is_endless":false,"potions_floor_spawned":[1,10,11,16],"ascension_level":0}}