{"host":"f7rb14kzcw8hx1r1","time":1611610630,"event":{"mods":["BaseMod","Better Note","Better Third Choice","Colored Map","Highlight Path","Hubris","Minty Spire (QoL Compilation)","Replay The Spire","StSLib","The Forsaken"],"gold_per_floor":[119,119,119,131,144,175,190,190,190,204,44,59,59,74,74,176,176,193,209,209,228,247,277,292,11,11,41,41,41,67,81,81,180,180,199,199,199,213,233,264,264,264,264,24,39,57,81,81,81,81],"floor_reached":51,"language":"ENG","playtime":1699,"items_purged":["Strike_R","Strike_R"],"score":793,"play_id":"4df7e7d9-ecde-4b71-92b3-5f4b0b108157","local_time":"20210125223710","is_ascension_mode":false,"campfire_choices":[{"data":"Bash","floor":8.0,"key":"SMITH"},{"data":"Inflame","floor":15.0,"key":"SMITH"},{"data":"Flame Barrier","floor":28.0,"key":"SMITH"},{"data":"Sword Boomerang","floor":32.0,"key":"SMITH"},{"data":"Iron Wave","floor":42.0,"key":"SMITH"},{"data":"ReplayTheSpireMod:Splinters","floor":49,"key":"PURGE"}],"circlet_count":1,"master_deck":["Strike_R","Strike_R","Defend_R","Defend_R","Defend_R","Defend_R","Bash+1","Clash","Twin Strike","Shrug It Off","Iron Wave+1","Inflame+1","Offering","Iron Wave+1","True Grit+1","Clash+1","Reaper+1","Sword Boomerang+1","hubris:StunningStrike+1","Shockwave+1","Offering+1","hubris:StunningStrike+1","Flame Barrier+1","Berserk+1","Limit Break+1","CurseOfTheBell","Parasite","Shrug It Off+1","Adrenaline+1","Voices"],"relics":["Burning Blood","NeowsBlessing","Circlet","Golden Egg","theForsaken:Gavel","ChewingGum","Eternal Feather","BargainBundle","Mirror","Ancient Tea Set","Replay:Towering Pillar of Hats","Replay:Grab Bag","Cursed Key","Busted Crown","Calling Bell","Oddly Smooth Stone","Darkstone Periapt","Counterbalance","Paper Frog","Replay:Multitool","Snack Pack","Bronze Scales","hubris:Icosahedron"],"acts_visited":["Exordium","TheCity","TheBeyond"],"potions_floor_usage":[50,50,50],"damage_taken":[{"damage":0.0,"enemies":"Small Slimes","floor":1.0,"turns":1.0},{"damage":0.0,"enemies":"Jaw Worm","floor":4.0,"turns":1.0},{"damage":0.0,"enemies":"Cultist","floor":5.0,"turns":1.0},{"damage":23.0,"enemies":"Lagavulin","floor":6.0,"turns":7.0},{"damage":4.0,"enemies":"Gremlin Gang","floor":7.0,"turns":5.0},{"damage":6.0,"enemies":"Looter","floor":10.0,"turns":2.0},{"damage":0.0,"enemies":"Lots of Slimes","floor":12.0,"turns":2.0},{"damage":6.0,"enemies":"Large Slime","floor":14.0,"turns":2.0},{"damage":52.0,"enemies":"Hexaghost","floor":16.0,"turns":9.0},{"damage":6.0,"enemies":"Spheric Guardian","floor":18.0,"turns":1.0},{"damage":8.0,"enemies":"Chosen","floor":19.0,"turns":2.0},{"damage":14.0,"enemies":"Snake Plant","floor":21.0,"turns":3.0},{"damage":13.0,"enemies":"Sentry and Sphere","floor":22.0,"turns":4.0},{"damage":20.0,"enemies":"Book of Stabbing","floor":23.0,"turns":4.0},{"damage":6.0,"enemies":"Cultist and Chosen","floor":24.0,"turns":5.0},{"damage":25.0,"enemies":"Gremlin Leader","floor":27.0,"turns":7.0},{"damage":24.0,"enemies":"Slavers","floor":30.0,"turns":5.0},{"damage":13.0,"enemies":"3 Cultists","floor":31.0,"turns":5.0},{"damage":65.0,"enemies":"Champ","floor":33.0,"turns":9.0},{"damage":17.0,"enemies":"3 Shapes","floor":35.0,"turns":4.0},{"damage":0.0,"enemies":"3 Darklings","floor":37.0,"turns":1.0},{"damage":15.0,"enemies":"Writhing Mass","floor":38.0,"turns":5.0},{"damage":44.0,"enemies":"4 Shapes","floor":39.0,"turns":3.0},{"damage":12.0,"enemies":"R_Hoarder","floor":40.0,"turns":5.0},{"damage":12.0,"enemies":"3 Darklings","floor":45.0,"turns":3.0},{"damage":14.0,"enemies":"Spire Growth","floor":46.0,"turns":4.0},{"damage":37,"enemies":"Time Eater","floor":50,"turns":6}],"seed_played":"-1446396057470345522","potions_obtained":[{"floor":5.0,"key":"AttackPotion"},{"floor":10.0,"key":"Elixir"},{"floor":12.0,"key":"Strength Potion"},{"floor":16.0,"key":"Death Potion"},{"floor":18.0,"key":"BlessingOfTheForge"},{"floor":19.0,"key":"GamblersBrew"},{"floor":27.0,"key":"PowerPotion"},{"floor":30.0,"key":"SmokeBomb"},{"floor":39.0,"key":"CultistPotion"},{"floor":45.0,"key":"PowerPotion"}],"is_trial":false,"path_per_floor":["M","?","?","M","M","E","M","R","T","M","$","M","?","M","R","B",null,"M","M","?","M","M","E","M","$","T","E","R","?","E","M","R","B",null,"M","?","M","M","M","E","?","R","T","$","M","M","T","?","R","B",null],"character_chosen":"IRONCLAD","items_purchased":["Iron Wave+1","True Grit","BargainBundle","Offering","hubris:StunningStrike","Snack Pack"],"campfire_rested":0,"item_purchase_floors":[11,11,25,25,25,44],"current_hp_per_floor":[80,80,80,80,80,63,65,65,65,70,70,76,76,76,76,44,80,80,78,78,78,79,77,80,80,80,66,78,78,80,80,80,33,80,75,75,80,86,60,74,74,86,92,92,92,86,92,92,98,75],"gold":81,"neow_bonus":"THREE_ENEMY_KILL","is_daily":false,"chose_seed":false,"campfire_upgraded":5,"win_rate":0.0,"timestamp":1611610630,"path_taken":["M","?","?","?","M","E","M","R","T","?","$","M","?","M","R","BOSS","M","?","?","M","M","E","?","$","T","E","R","?","E","M","R","BOSS","M","?","M","M","M","E","?","R","T","$","M","?","?","?","R","BOSS"],"items_purchased_type":["Card","Card","Relic","Card","Card","Relic"],"build_version":"2020-12-22","purchased_purges":2,"victory":true,"max_hp_per_floor":[80,80,80,80,80,80,80,80,80,80,80,80,80,80,80,80,80,80,80,80,80,80,80,80,80,80,80,80,80,80,80,80,80,80,80,80,80,86,86,86,86,86,92,92,92,92,98,98,98,98],"card_choices":[{"not_picked":["Flex","Heavy Blade"],"picked":"Clash","floor":1.0},{"not_picked":["Wild Strike","Cleave"],"picked":"Shrug It Off","floor":4.0},{"not_picked":["Thunderclap","Run Through"],"picked":"Iron Wave","floor":5.0},{"not_picked":["Warcry","Power Through"],"picked":"Inflame","floor":6.0},{"not_picked":["Wild Strike","Headbutt"],"picked":"Offering","floor":7.0},{"not_picked":["hubris:CleavingFinish","Twin Strike","Sentinel"],"picked":"SKIP","floor":10.0},{"not_picked":["Replay:Undeath\u0027s Touch","Uppercut","ReplayTheSpireMod:Strike From Hell"],"picked":"SKIP","floor":12.0},{"not_picked":["Cleave","ReplayTheSpireMod:Corrosion Curse"],"picked":"Clash","floor":14.0},{"not_picked":["Bludgeon","Demonic Infusion"],"picked":"Reaper","floor":16.0},{"not_picked":["Perfected Strike","Iron Wave","Twin Strike"],"picked":"SKIP","floor":18.0},{"not_picked":["Wild Strike+1","Twin Strike"],"picked":"Sword Boomerang","floor":19.0},{"not_picked":["Pommel Strike","Massacre+1","Replay:Undeath\u0027s Touch+1"],"picked":"SKIP","floor":21.0},{"not_picked":["Anger","Cleave","Perfected Strike+1"],"picked":"SKIP","floor":22.0},{"not_picked":["ReplayTheSpireMod:Strike From Hell","Headbutt","ReplayTheSpireMod:Corrosion Curse"],"picked":"SKIP","floor":23.0},{"not_picked":["ReplayReversal","Sever Soul+1"],"picked":"Shockwave+1","floor":24.0},{"not_picked":["Rampage","Flex","Flame Barrier"],"picked":"SKIP","floor":27.0},{"not_picked":["Rampage","Flex"],"picked":"Flame Barrier","floor":27.0},{"not_picked":["Burning Pact","Carnage+1"],"picked":"Berserk","floor":30.0},{"not_picked":["Intimidate","True Grit","Iron Wave"],"picked":"SKIP","floor":31.0},{"not_picked":["Bludgeon","Feed"],"picked":"Limit Break","floor":33.0},{"not_picked":["hubris:ReadiedAction+1"],"picked":"SKIP","floor":35.0},{"not_picked":["hubris:SharpeningStone+1"],"picked":"SKIP","floor":38.0},{"not_picked":["Abandon"],"picked":"SKIP","floor":39.0},{"not_picked":[],"picked":"Shrug It Off+1","floor":40.0},{"not_picked":["Second Wind"],"picked":"SKIP","floor":45.0},{"not_picked":["Wild Strike"],"picked":"SKIP","floor":46.0}],"player_experience":939367,"relics_obtained":[{"floor":6.0,"key":"Dead Branch"},{"floor":9.0,"key":"Golden Egg"},{"floor":23.0,"key":"Eternal Feather"},{"floor":26.0,"key":"Mirror"},{"floor":27.0,"key":"Ancient Tea Set"},{"floor":30.0,"key":"Replay:Towering Pillar of Hats"},{"floor":34.0,"key":"Oddly Smooth Stone"},{"floor":34.0,"key":"Darkstone Periapt"},{"floor":34.0,"key":"Counterbalance"},{"floor":40.0,"key":"Paper Frog"},{"floor":43.0,"key":"Replay:Multitool"},{"floor":47.0,"key":"Bronze Scales"}],"event_choices":[{"damage_healed":0.0,"max_hp_gain":0.0,"max_hp_loss":0.0,"gold_gain":0.0,"event_name":"Match and Keep!","player_choice":"1 cards matched","floor":3.0,"gold_loss":0.0,"damage_taken":0.0,"cards_obtained":["Twin Strike"]},{"damage_healed":0.0,"max_hp_gain":0.0,"max_hp_loss":0.0,"gold_gain":0.0,"event_name":"WeMeetAgain","player_choice":"Gave Potion","floor":13.0,"gold_loss":0.0,"damage_taken":0.0,"relics_obtained":["theForsaken:Gavel"]},{"damage_healed":0.0,"max_hp_gain":0.0,"max_hp_loss":0.0,"gold_gain":0.0,"cards_transformed":["Strike_R"],"event_name":"Transmorgrifier","player_choice":"Transformed","floor":20.0,"gold_loss":0.0,"damage_taken":0.0,"cards_obtained":["hubris:StunningStrike"]},{"damage_healed":0.0,"max_hp_gain":0.0,"max_hp_loss":0.0,"gold_gain":0.0,"event_name":"Accursed Blacksmith","player_choice":"Forge","floor":29.0,"gold_loss":0.0,"damage_taken":0.0,"cards_upgraded":["Clash"]},{"cards_removed":["Offering"],"damage_healed":0.0,"max_hp_gain":0.0,"max_hp_loss":0.0,"gold_gain":0.0,"event_name":"betterNote:BetterNote","player_choice":"Take \u0026 Give","floor":41.0,"gold_loss":0.0,"damage_taken":0.0,"cards_obtained":["Adrenaline"]}],"is_beta":false,"boss_relics":[{"not_picked":["Snecko Eye","Runic Cube"],"picked":"ChewingGum"},{"not_picked":["hubris:Stopwatch","hubris:VirtuousBlindfold"],"picked":"Replay:Grab Bag"},{"not_picked":["Abe\u0027s Treasure","Ooze Armor"],"picked":"Cursed Key"},{"not_picked":["Fusion Hammer","Runic Dome"],"picked":"Busted Crown"},{"not_picked":["hubris:ScarierMask","Black Star"],"picked":"Calling Bell"}],"items_purged_floors":[11,25],"is_endless":false,"potions_floor_spawned":[5,10,12,16,18,19,24,27,30,39,45],"ascension_level":0}}