{"host":"9ckvi5gt98ymacml","time":1611600631,"event":{"mods":["AchievementEnabler","BaseMod","Bestiary","Colored Powertips","Hubris","Lobotomy","Minty Spire (QoL Compilation)","Random Character Button","Spire Arcade","StSLib","The Animator","The Servant 0.9.4","The Wild Card","everything is the same but u backflip on backflip"],"gold_per_floor":[114,133,150,161,291,291,320,333,356,245,264,298,298,310,310,405,405,417,450,462,462,55,55,70,70,116,126,126,126,136,156,156,259,259,277,277,296,10,26,26,40,40,40],"floor_reached":42,"language":"ENG","playtime":4392,"items_purged":[],"score":489,"play_id":"4ec87f0d-8186-4d2b-81c1-ae2418fb4633","local_time":"20210125125031","is_ascension_mode":false,"campfire_choices":[{"floor":6,"key":"REST"},{"floor":15,"key":"REST"},{"floor":23,"key":"DIG"},{"floor":25,"key":"RECALL"},{"data":"SpecialFormula","floor":32,"key":"SMITH"},{"data":"Initiator","floor":40,"key":"SMITH"}],"circlet_count":0,"master_deck":["Strike_S","Strike_S","Strike_S","Strike_S","Defend_S","Defend_S","Defend_S","Defend_S","KidneyShot","Exchange","KillingDoll","Ricochet","TimeWarp","FanOfKnives","SurpressingFire","InstantArmor","DoubleEdge","Reset","BestPractice","Potential","ReturningBlade","theWildCard:Sakuya","SilverBlades","Sunlight","Defy","Snipe","Contraction+1","ShatteredReality","Reset","Duplication","SilverBlades","Gouge","SpecialFormula+1","MurderousAura","MoonPhase+1","hubris:Sloth","Initiator+1","Gouge","Ricochet","Luminosity+1","DoubleEdge"],"relics":["Uniform","Juzu Bracelet","Vajra","Bronze Scales","Happy Flower","Coffee Dripper","Red Mask","Shovel","hubris:Metronome","Enchiridion","SlaversCollar","hubris:SphereOfDissonance"],"acts_visited":["Exordium","TheCity","TheBeyond"],"potions_floor_usage":[7,16,16,16,27,33,33,35,41,41,41,42],"damage_taken":[{"damage":0,"enemies":"Jaw Worm","floor":1,"turns":4},{"damage":0,"enemies":"Small Slimes","floor":2,"turns":3},{"damage":2,"enemies":"2 Louse","floor":3,"turns":2},{"damage":16,"enemies":"2 Fungi Beasts","floor":4,"turns":4},{"damage":18,"enemies":"3 Sentries","floor":7,"turns":11},{"damage":0,"enemies":"Large Slime","floor":8,"turns":3},{"damage":6,"enemies":"Exordium Wildlife","floor":11,"turns":2},{"damage":12,"enemies":"Lagavulin","floor":12,"turns":5},{"damage":1,"enemies":"Gremlin Gang","floor":14,"turns":4},{"damage":23,"enemies":"Slime Boss","floor":16,"turns":7},{"damage":4,"enemies":"Chosen","floor":18,"turns":3},{"damage":3,"enemies":"Masked Bandits","floor":19,"turns":5},{"damage":0,"enemies":"3 Byrds","floor":20,"turns":2},{"damage":4,"enemies":"Snake Plant","floor":24,"turns":3},{"damage":0,"enemies":"Centurion and Healer","floor":27,"turns":4},{"damage":3,"enemies":"Shelled Parasite and Fungi","floor":30,"turns":4},{"damage":0,"enemies":"Cultist and Chosen","floor":31,"turns":4},{"damage":0,"enemies":"Champ","floor":33,"turns":8},{"damage":5,"enemies":"3 Darklings","floor":35,"turns":5},{"damage":12,"enemies":"Orb Walker","floor":37,"turns":5},{"damage":6,"enemies":"Sphere and 2 Shapes","floor":39,"turns":5},{"damage":59,"enemies":"Transient","floor":41,"turns":5},{"damage":15,"enemies":"Reptomancer","floor":42,"turns":3}],"seed_played":"8612637646722989299","potions_obtained":[{"floor":3,"key":"SpeedPotion"},{"floor":5,"key":"SkillPotion"},{"floor":7,"key":"PowerPotion"},{"floor":14,"key":"Block Potion"},{"floor":16,"key":"GamblersBrew"},{"floor":18,"key":"Swift Potion"},{"floor":24,"key":"Block Potion"},{"floor":30,"key":"Swift Potion"},{"floor":31,"key":"BlessingOfTheForge"},{"floor":33,"key":"Block Potion"},{"floor":35,"key":"SteroidPotion"},{"floor":37,"key":"Regen Potion"},{"floor":41,"key":"Dexterity Potion"}],"is_trial":false,"path_per_floor":["M","M","M","M","?","R","E","M","T","$","M","E","?","M","R","B",null,"M","?","M","?","$","R","M","R","T","M","?","?","M","M","R","B",null,"M","?","M","$","M","R","M","E"],"character_chosen":"THE_SERVANT","items_purchased":["Reset","BestPractice","Shovel","ShatteredReality","AttackPotion","Ricochet","hubris:SphereOfDissonance"],"campfire_rested":2,"item_purchase_floors":[10,10,22,22,22,38,38],"current_hp_per_floor":[65,65,63,47,47,65,47,47,47,47,41,29,29,28,47,24,65,61,58,58,58,58,58,54,54,54,54,54,38,35,35,35,43,65,60,60,48,48,42,42,3,0,0],"gold":40,"neow_bonus":"ONE_RANDOM_RARE_CARD","is_daily":false,"chose_seed":false,"campfire_upgraded":2,"win_rate":0.0,"timestamp":1611600631,"path_taken":["M","M","M","M","?","R","E","M","T","$","M","E","?","M","R","BOSS","M","?","M","?","$","R","M","R","T","M","?","?","M","M","R","BOSS","M","?","M","$","M","R","M","E"],"items_purchased_type":["Card","Card","Relic","Card","Potion","Card","Relic"],"build_version":"2020-12-22","purchased_purges":0,"victory":false,"max_hp_per_floor":[65,65,65,65,65,65,65,65,65,65,65,65,65,65,65,65,65,65,65,65,65,65,65,65,65,65,65,65,65,65,65,65,65,65,65,65,65,65,65,65,65,65,65],"card_choices":[{"not_picked":["Unruled","FastForward"],"picked":"Ricochet","floor":1},{"not_picked":["Unruled","Spin"],"picked":"TimeWarp","floor":2},{"not_picked":["BottledTime","Manipulate"],"picked":"FanOfKnives","floor":3},{"not_picked":["ShatteredReality","Ricochet"],"picked":"SurpressingFire","floor":4},{"not_picked":["Defy","Collapse"],"picked":"InstantArmor","floor":7},{"not_picked":["KillingDoll","Collapse"],"picked":"DoubleEdge","floor":8},{"not_picked":["Comet","Unruled"],"picked":"Potential","floor":11},{"not_picked":["TimeWarp","Starlight"],"picked":"ReturningBlade","floor":12},{"not_picked":["FanOfKnives","Collapse"],"picked":"SilverBlades","floor":14},{"not_picked":["Solidify","TheWorld"],"picked":"Sunlight","floor":16},{"not_picked":["Potential","Starlight"],"picked":"Defy","floor":18},{"not_picked":["Collapse","ReturningBlade"],"picked":"Snipe","floor":19},{"not_picked":["WasteNot","Starlight"],"picked":"Contraction+1","floor":20},{"not_picked":["Starlight","Alleviate+1"],"picked":"Reset","floor":24},{"not_picked":["StarChef","TimeWarp"],"picked":"Duplication","floor":27},{"not_picked":["BottledTime","FastForward"],"picked":"Gouge","floor":30},{"not_picked":["Hightail","ShatteredReality"],"picked":"SpecialFormula","floor":31},{"not_picked":["TrueSight","ForgedInTime"],"picked":"MurderousAura","floor":33},{"not_picked":["ShatteredReality","Rewind+1"],"picked":"MoonPhase+1","floor":35},{"not_picked":["MoonPhase","RealityMarble"],"picked":"Gouge","floor":37},{"not_picked":["Rearm","ShiftingGears+1"],"picked":"Luminosity+1","floor":39},{"not_picked":["FastForward+1","ShiftingGears+1"],"picked":"DoubleEdge","floor":41}],"player_experience":112800,"relics_obtained":[{"floor":5,"key":"Juzu Bracelet"},{"floor":7,"key":"Vajra"},{"floor":9,"key":"Bronze Scales"},{"floor":12,"key":"Happy Flower"},{"floor":19,"key":"Red Mask"},{"floor":23,"key":"hubris:Metronome"},{"floor":29,"key":"Enchiridion"}],"event_choices":[{"damage_healed":0,"gold_gain":0,"player_choice":"Fought Bandits","damage_taken":0,"max_hp_gain":0,"max_hp_loss":0,"event_name":"Masked Bandits","floor":19,"gold_loss":0},{"damage_healed":0,"gold_gain":0,"player_choice":"Ignored","damage_taken":0,"max_hp_gain":0,"max_hp_loss":0,"event_name":"Ghosts","floor":21,"gold_loss":0},{"damage_healed":0,"gold_gain":0,"player_choice":"Read","damage_taken":0,"max_hp_gain":0,"max_hp_loss":0,"event_name":"The Library","floor":28,"gold_loss":0,"cards_obtained":["SilverBlades"]},{"damage_healed":0,"gold_gain":0,"player_choice":"Obtained Book","damage_taken":16,"max_hp_gain":0,"max_hp_loss":0,"event_name":"Cursed Tome","floor":29,"gold_loss":0},{"damage_healed":0,"gold_gain":0,"player_choice":"2 cards matched","damage_taken":0,"max_hp_gain":0,"max_hp_loss":0,"event_name":"Match and Keep!","floor":36,"gold_loss":0,"cards_obtained":["hubris:Sloth","Initiator"]}],"is_beta":false,"boss_relics":[{"not_picked":["Cursed Key","hubris:RunicObelisk"],"picked":"Coffee Dripper"},{"not_picked":["Sozu","Runic Dome"],"picked":"SlaversCollar"}],"items_purged_floors":[],"is_endless":false,"potions_floor_spawned":[3,7,14,16,18,24,30,31,33,35,37,41],"killed_by":"Reptomancer","ascension_level":0}}