{"host":"yaxsefyig1et0yi2","time":1611561124,"event":{"mods":["Aspiration","BaseMod","BetterRewards","Colored Powertips","Conspire","Displayed Cursed Tome","Downfall","Halation","Hubris","Infinite Spire","JesterMod","Minty Spire (QoL Compilation)","Quick Restart","RatMod","Replay The Spire","Reworked Bosses","Spikes Relics","StSLib","The Bug Knight","The Jungle"],"gold_per_floor":[113,113,113,20,38,38,48,48,75,88,88,101,101,101,101,198,198,211,226,226,226],"floor_reached":20,"language":"ENG","playtime":1130,"items_purged":[],"score":164,"play_id":"d44ec4be-3a31-447f-b90e-51a8497e7afb","local_time":"20210125025204","is_ascension_mode":false,"campfire_choices":[{"data":"HollowMod:MothsMistake","floor":6,"key":"SMITH"},{"data":"HollowMod:FocusHealStart","floor":8,"key":"SMITH"},{"data":"HollowMod:FastStrike","floor":11,"key":"SMITH"},{"data":"HollowMod:PogoStrike","floor":13,"key":"SMITH"},{"data":"infinitespire:Oblivion","floor":15,"key":"SMITH"}],"circlet_count":0,"master_deck":["HollowMod:NailStrikeStart","HollowMod:NailStrikeStart","HollowMod:NailStrikeStart","HollowMod:NailStrikeStart","HollowMod:QuickDashStart","HollowMod:QuickDashStart","HollowMod:QuickDashStart","HollowMod:QuickDashStart","HollowMod:FocusHealStart+1","HollowMod:PogoStrike+1","HollowMod:SoulMaster","HollowMod:FallenFury","HollowMod:MothsMistake+1","HollowMod:FastStrike+1","HollowMod:DoubleDash","infinitespire:Oblivion+1","HollowMod:SoulMaster","HollowMod:CornifersMapStart","HollowMod:SoulSplash"],"relics":["HollowMod:VesselMask","aspiration:Lifesprig","infinitespire:PuzzleCube","SlaversCollar"],"acts_visited":["Exordium","TheCity"],"potions_floor_usage":[20],"damage_taken":[{"damage":4,"enemies":"Cultist","floor":1,"turns":4},{"damage":6,"enemies":"2 Louse","floor":5,"turns":2},{"damage":12,"enemies":"Small Slimes","floor":7,"turns":4},{"damage":11,"enemies":"3 Louse","floor":10,"turns":4},{"damage":13,"enemies":"Lots of Slimes","floor":12,"turns":4},{"damage":29,"enemies":"Hexaghost","floor":16,"turns":8},{"damage":19,"enemies":"2 Thieves","floor":18,"turns":4},{"damage":25,"enemies":"Shell Parasite","floor":19,"turns":4},{"damage":47,"enemies":"hubris:Merchant","floor":20,"turns":5}],"seed_played":"5191843260593221535","potions_obtained":[{"floor":7,"key":"Swift Potion"},{"floor":12,"key":"GamblersBrew"}],"is_trial":false,"path_per_floor":["M","$","?","?","M","R","M","R","T","M","R","M","R","?","R","B",null,"M","M","$"],"character_chosen":"THE_BUGKNIGHT","items_purchased":[],"campfire_rested":0,"item_purchase_floors":[],"current_hp_per_floor":[71,71,71,71,65,65,59,59,59,58,58,51,51,33,33,16,75,56,41,0,0],"gold":226,"neow_bonus":"ONE_RANDOM_RARE_CARD","is_daily":false,"chose_seed":false,"campfire_upgraded":5,"win_rate":0.0,"timestamp":1611561124,"path_taken":["M","$","?","?","M","R","M","R","T","M","R","?","R","?","R","BOSS","M","M","$"],"items_purchased_type":[],"build_version":"2020-12-22","purchased_purges":0,"victory":false,"max_hp_per_floor":[75,75,75,75,75,75,75,75,75,75,75,75,75,75,75,75,75,75,75,75,75],"card_choices":[{"not_picked":["HollowMod:DoubleDash","HollowMod:GoodIntentions"],"picked":"HollowMod:FallenFury","floor":1},{"not_picked":["HollowMod:DescendingDark","HollowMod:WraithStrike"],"picked":"HollowMod:MothsMistake","floor":5},{"not_picked":["HollowMod:DoubleDash","HollowMod:PerfectDash"],"picked":"HollowMod:FastStrike","floor":7},{"not_picked":["HollowMod:SoulStrike","HollowMod:GreatSlash"],"picked":"HollowMod:DoubleDash","floor":10},{"not_picked":["HollowMod:GoodIntentions","HollowMod:SharpenedShadows","HollowMod:HowlingWraiths"],"picked":"SKIP","floor":12},{"not_picked":["Replay:Fractal Strike","infinitespire:SealOfDarkness+"],"picked":"infinitespire:Oblivion","floor":14},{"not_picked":["HollowMod:theNailsmith","HollowMod:LifebloodCore"],"picked":"HollowMod:SoulMaster","floor":16},{"not_picked":["HollowMod:LifebloodCocoon","HollowMod:ShadowDash"],"picked":"HollowMod:CornifersMapStart","floor":18},{"not_picked":["HollowMod:MonarchWings","HollowMod:SharpenedShadows"],"picked":"HollowMod:SoulSplash","floor":19}],"player_experience":265789,"relics_obtained":[{"floor":9,"key":"infinitespire:PuzzleCube"}],"event_choices":[{"damage_healed":0,"gold_gain":0,"player_choice":"Ignored","damage_taken":0,"max_hp_gain":0,"max_hp_loss":0,"event_name":"Golden Wing","floor":3,"gold_loss":0},{"damage_healed":0,"gold_gain":0,"player_choice":"Paid Gold","damage_taken":0,"relics_obtained":["aspiration:Lifesprig"],"max_hp_gain":0,"max_hp_loss":0,"event_name":"WeMeetAgain","floor":4,"gold_loss":93}],"is_beta":false,"boss_relics":[{"not_picked":["jesterMod:MachoBrace","hubris:BlackHole"],"picked":"SlaversCollar"}],"items_purged_floors":[],"is_endless":false,"potions_floor_spawned":[7,12],"killed_by":"hubris:Merchant","ascension_level":0}}