{"host":"0dsi8ju7ih3zb7n8","time":1611564235,"event":{"mods":["2.2 Compatiblity","Act Like it!","BaseMod","Downfall","Hermit","Minty Spire (QoL Compilation)","Robot Space Explorer","Spicy Shops","StSLib","The Marked"],"gold_per_floor":[119,119,119,119,132,173,173,24,24,199,232,265,265,301,301,429,429,449,449,6,6,6,47,65,65,65,65,65,105,146,171,171,291,291,304,160,160,160,184,219,262,262,331,331,364,385,718,27,27,27],"floor_reached":51,"language":"ENG","playtime":2641,"items_purged":[],"score":1011,"play_id":"5adf4171-9f34-41e8-9a99-d2742b897b3d","local_time":"20210125094355","daily_mods":["SealedDeck","Heirloom","Flight"],"is_ascension_mode":false,"campfire_choices":[{"data":"theMarked:KeepCalmAndFight","floor":7,"key":"SMITH"},{"data":"theMarked:Toughness","floor":13,"key":"SMITH"},{"data":"theMarked:ParalyzingBlade","floor":15,"key":"SMITH"},{"data":"theMarked:Indomitable","floor":27,"key":"SMITH"},{"data":"theMarked:GodGivenPower","floor":28,"key":"SMITH"},{"data":"theMarked:Determination","floor":32,"key":"SMITH"},{"floor":42,"key":"REST"},{"data":"theMarked:TakeOffHeels","floor":44,"key":"SMITH"},{"floor":49,"key":"REST"}],"circlet_count":0,"master_deck":["theMarked:ParalyzingBlade+1","theMarked:TwofoldDefense","theMarked:ShockingTouch","theMarked:EmpowerWeapon","theMarked:MuscleMemory","theMarked:EnhanceMovement","theMarked:KeepCalmAndFight+1","theMarked:Overthink","theMarked:Determination+1","theMarked:EmpowerWeapon","theMarked:Parry","theMarked:SwordAndMagic","theMarked:Toughness+1","theMarked:Pokerface","theMarked:Polarize","theMarked:DispelDoubt+1","theMarked:Panic+1","theMarked:GodGivenPower+1","theMarked:EnhanceMovement","theMarked:Indomitable+1","theMarked:EmpowerWeapon","theMarked:TakeOffHeels+1","theMarked:Snap+1","theMarked:MagusForm","theMarked:Reabsorb+1"],"relics":["theMarked:ArtifactOfAir","Gambling Chip","Mercury Hourglass","Slimebound:PreparedRelic","Lantern","Molten Egg 2","HornCleat","sneckomod:BlankCard","Ginger","theMarked:Eyepatch","bronze:DonusWashers","theMarked:DemonDagger","Anchor","Guardian:PocketSentry","White Beast Statue","Dead Branch","Centennial Puzzle","SlaversCollar","hexamod:BolsterEngine","Gremlin Horn","Incense Burner","Pantograph","theMarked:Gun","Chemical X","Shuriken","champ:DeflectingBracers"],"acts_visited":["Exordium","TheCity","TheBeyond"],"potions_floor_usage":[41,45,50,50,50],"damage_taken":[{"damage":0,"enemies":"Cultist","floor":1,"turns":3},{"damage":0,"enemies":"Small Slimes","floor":5,"turns":2},{"damage":6,"enemies":"Gremlin Nob","floor":6,"turns":3},{"damage":9,"enemies":"3 Sentries","floor":11,"turns":4},{"damage":0,"enemies":"Gremlin Nob","floor":12,"turns":3},{"damage":0,"enemies":"3 Sentries","floor":14,"turns":3},{"damage":14,"enemies":"The Guardian","floor":16,"turns":5},{"damage":0,"enemies":"Chosen","floor":18,"turns":4},{"damage":14,"enemies":"Slavers","floor":23,"turns":4},{"damage":0,"enemies":"Shell Parasite","floor":24,"turns":1},{"damage":5,"enemies":"Gremlin Leader","floor":29,"turns":5},{"damage":8,"enemies":"Book of Stabbing","floor":30,"turns":3},{"damage":0,"enemies":"Centurion and Healer","floor":31,"turns":4},{"damage":21,"enemies":"Collector","floor":33,"turns":4},{"damage":0,"enemies":"3 Darklings","floor":35,"turns":3},{"damage":0,"enemies":"3 Shapes","floor":39,"turns":2},{"damage":0,"enemies":"Reptomancer","floor":40,"turns":4},{"damage":37,"enemies":"Nemesis","floor":41,"turns":5},{"damage":10,"enemies":"Reptomancer","floor":45,"turns":3},{"damage":0,"enemies":"Spire Growth","floor":46,"turns":4},{"damage":74,"enemies":"Awakened One","floor":50,"turns":7}],"seed_played":"-3176357882919414861","potions_obtained":[{"floor":1,"key":"LiquidMemories"},{"floor":14,"key":"FearPotion"},{"floor":16,"key":"SteroidPotion"},{"floor":31,"key":"Energy Potion"},{"floor":41,"key":"PowerPotion"},{"floor":45,"key":"ColorlessPotion"},{"floor":46,"key":"PowerPotion"}],"is_trial":true,"path_per_floor":["M","T","?","?","M","E","R","$","T","?","E","E","R","E","R","B",null,"M","?","$","?","?","E","M","?","T","R","R","E","E","M","R","B",null,"M","$","?","?","M","E","E","R","T","R","E","M","?","$","R","B",null],"character_chosen":"THE_DEFAULT","items_purchased":["Lantern","bronze:DonusWashers","theMarked:DemonDagger","Anchor","hexamod:BolsterEngine","Chemical X","Shuriken","champ:DeflectingBracers"],"campfire_rested":2,"item_purchase_floors":[8,20,20,20,36,48,48,48],"current_hp_per_floor":[70,70,53,53,53,47,47,47,47,47,38,38,38,38,38,24,70,70,70,70,70,70,56,56,43,43,43,43,38,30,30,30,9,75,75,75,75,75,75,75,38,60,60,60,50,50,50,50,72,1],"gold":27,"neow_bonus":"","is_daily":false,"chose_seed":false,"campfire_upgraded":7,"win_rate":0.0,"timestamp":1611564235,"path_taken":["M","?","?","?","?","E","R","?","T","?","E","E","R","E","R","BOSS","M","?","$","?","?","E","?","?","T","R","R","E","E","M","R","BOSS","M","$","?","?","?","E","E","R","T","R","E","?","?","$","R","BOSS"],"items_purchased_type":["Relic","Relic","Relic","Relic","Relic","Relic","Relic","Relic"],"build_version":"2020-12-22","purchased_purges":0,"victory":true,"max_hp_per_floor":[70,70,70,70,70,70,70,70,70,70,70,70,70,70,70,70,70,70,70,70,70,70,70,70,75,75,75,75,75,75,75,75,75,75,75,75,75,75,75,75,75,75,75,75,75,75,75,75,75,75],"card_choices":[{"not_picked":["theMarked:ElectricStrings","theMarked:Seal"],"picked":"theMarked:Parry","floor":1},{"not_picked":["theMarked:LightningStrikesTwice","theMarked:Parry"],"picked":"theMarked:SwordAndMagic","floor":5},{"not_picked":["theMarked:TwofoldDefense","theMarked:Frustration","theMarked:SwordAndMagic"],"picked":"SKIP","floor":6},{"not_picked":["theMarked:TakeCover","theMarked:EmpowerWeapon"],"picked":"theMarked:Toughness","floor":11},{"not_picked":["theMarked:Static","theMarked:Parkour+1"],"picked":"theMarked:Pokerface","floor":12},{"not_picked":["theMarked:Static","theMarked:Parkour+1"],"picked":"theMarked:Polarize","floor":14},{"not_picked":["theMarked:FavorableWinds","theMarked:MagusForm"],"picked":"theMarked:DispelDoubt+1","floor":16},{"not_picked":["theMarked:ResourceFulStrike+1","theMarked:SelfDefenseTraining+1"],"picked":"theMarked:Panic+1","floor":18},{"not_picked":["theMarked:Static+1","theMarked:CreepingChasm"],"picked":"theMarked:EnhanceMovement","floor":23},{"not_picked":["theMarked:Static","theMarked:HeightenedSenses+1"],"picked":"theMarked:Indomitable","floor":24},{"not_picked":["theMarked:TwofoldDefense+1","theMarked:ContemptForTheProud+1","theMarked:Parry"],"picked":"SKIP","floor":29},{"not_picked":["theMarked:TwofoldDefense","theMarked:EmpowerWeapon","theMarked:WastefulAttack+1"],"picked":"SKIP","floor":30},{"not_picked":["theMarked:TwofoldDefense","theMarked:WastefulAttack+1"],"picked":"theMarked:EmpowerWeapon","floor":30},{"not_picked":["theMarked:ParalyzingBlade","theMarked:WastefulAttack+1","theMarked:ChainLightning+1"],"picked":"SKIP","floor":31},{"not_picked":["theMarked:DispelDoubt+1","theMarked:Abjuration+1"],"picked":"theMarked:TakeOffHeels","floor":33},{"not_picked":["theMarked:Generate","theMarked:ElectricStrings+1","theMarked:TakeCover+1"],"picked":"SKIP","floor":35},{"not_picked":["theMarked:Friction","theMarked:Frustration+1","theMarked:TakeCover"],"picked":"SKIP","floor":39},{"not_picked":["theMarked:SwordAndMagic+1","theMarked:Aftermath"],"picked":"theMarked:Snap+1","floor":40},{"not_picked":["theMarked:TunnelVision+1","theMarked:RepellingDischarge","theMarked:SwordAndMagic+1"],"picked":"SKIP","floor":41},{"not_picked":["theMarked:Overthink","theMarked:SwordAndMagic+1"],"picked":"theMarked:MagusForm","floor":45},{"not_picked":["theMarked:ResourceFulStrike+1","theMarked:Frustration+1"],"picked":"theMarked:Reabsorb+1","floor":46}],"player_experience":837186,"relics_obtained":[{"floor":2,"key":"Mercury Hourglass"},{"floor":6,"key":"Slimebound:PreparedRelic"},{"floor":9,"key":"Molten Egg 2"},{"floor":11,"key":"HornCleat"},{"floor":12,"key":"sneckomod:BlankCard"},{"floor":14,"key":"Ginger"},{"floor":23,"key":"Guardian:PocketSentry"},{"floor":26,"key":"White Beast Statue"},{"floor":29,"key":"Dead Branch"},{"floor":30,"key":"Centennial Puzzle"},{"floor":40,"key":"Gremlin Horn"},{"floor":41,"key":"Incense Burner"},{"floor":43,"key":"Pantograph"},{"floor":45,"key":"theMarked:Gun"}],"event_choices":[{"damage_healed":0,"gold_gain":0,"player_choice":"Take Damage","damage_taken":17,"relics_obtained":["Golden Idol"],"max_hp_gain":0,"max_hp_loss":0,"event_name":"Golden Idol","floor":3,"gold_loss":0},{"damage_healed":0,"gold_gain":0,"player_choice":"Ignored","damage_taken":0,"max_hp_gain":0,"max_hp_loss":0,"event_name":"Purifier","floor":4,"gold_loss":0},{"damage_healed":0,"gold_gain":175,"player_choice":"AGREE","damage_taken":0,"max_hp_gain":0,"max_hp_loss":0,"event_name":"Liars Game","floor":10,"gold_loss":0,"cards_obtained":["Doubt"]},{"damage_healed":0,"gold_gain":0,"player_choice":"Read","damage_taken":0,"max_hp_gain":0,"max_hp_loss":0,"event_name":"The Library","floor":19,"gold_loss":0,"cards_obtained":["theMarked:GodGivenPower"]},{"damage_healed":0,"gold_gain":0,"player_choice":"Ignored","damage_taken":0,"max_hp_gain":0,"max_hp_loss":0,"event_name":"Ghosts","floor":21,"gold_loss":0},{"damage_healed":0,"gold_gain":0,"player_choice":"Ignored","damage_taken":0,"max_hp_gain":0,"max_hp_loss":0,"event_name":"N\u0027loth","floor":22,"gold_loss":0},{"damage_healed":0,"gold_gain":0,"player_choice":"Shed Blood","damage_taken":18,"max_hp_gain":5,"max_hp_loss":0,"event_name":"Forgotten Altar","floor":25,"gold_loss":0},{"damage_healed":0,"gold_gain":0,"player_choice":"Ignored","damage_taken":0,"max_hp_gain":0,"max_hp_loss":0,"event_name":"Tomb of Lord Red Mask","floor":37,"gold_loss":0},{"cards_removed":["Doubt"],"damage_healed":0,"gold_gain":0,"player_choice":"Purged","damage_taken":0,"max_hp_gain":0,"max_hp_loss":0,"event_name":"Purifier","floor":38,"gold_loss":0},{"damage_healed":0,"gold_gain":333,"player_choice":"Gave Idol","damage_taken":0,"max_hp_gain":0,"max_hp_loss":0,"event_name":"The Moai Head","floor":47,"relics_lost":["Golden Idol"],"gold_loss":0}],"is_beta":false,"boss_relics":[{"not_picked":["Ectoplasm","Runic Pyramid"],"picked":"theMarked:Eyepatch"},{"not_picked":["expansioncontent:StudyCardRelic","Coffee Dripper"],"picked":"SlaversCollar"}],"items_purged_floors":[],"is_endless":false,"potions_floor_spawned":[1,14,16,24,29,30,31,33,35,39,40,41,45,46],"ascension_level":0}}