{"host":"rpg32ugylimeqbxt","time":1611593498,"event":{"mods":["AchievementEnabler","BaseMod","BetterRewards","Colored Powertips","Hermit","Highlight Path","Minty Spire (QoL Compilation)","Replay The Spire","StSLib","The Animator","The Bug Knight","The Cursed","The Disciple","The Hierophant","The Runesmith","The Servant 0.9.4"],"gold_per_floor":[118,118,118,131,144,179,179,191,191,191,202,30,49,60,60,164,164,104,19,34,59,59,59],"floor_reached":22,"language":"ENG","playtime":1568,"items_purged":["Strike_G"],"score":286,"play_id":"95ca1879-fb07-4757-b604-fbd6f092eaf2","local_time":"20210125085138","is_ascension_mode":false,"campfire_choices":[{"data":"Neutralize","floor":7,"key":"SMITH"},{"data":"Draining Mist","floor":10,"key":"SMITH"},{"floor":15,"key":"REST"}],"circlet_count":0,"master_deck":["Strike_G","Strike_G","Strike_G","Strike_G","Defend_G","Defend_G","Defend_G","Defend_G","Defend_G","Survivor","Neutralize+1","Cloak And Dagger","Backflip","Toxin Wave+1","Calculated Gamble","Draining Mist+1","Finesse","Prepared","Poisoned Stab","Envenom","CurseOfTheBell","Footwork","Bouncing Flask"],"relics":["Ring of the Snake","Strawberry","Shuriken","Oddly Smooth Stone","Calling Bell","Pen Nib","InkBottle","Replay:Kaleidoscope","Orichalcum","Red Mask"],"acts_visited":["Exordium","TheCity"],"potions_floor_usage":[6,13,14,16,16,21],"damage_taken":[{"damage":1,"enemies":"Cultist","floor":1,"turns":4},{"damage":0,"enemies":"Small Slimes","floor":4,"turns":3},{"damage":0,"enemies":"Jaw Worm","floor":5,"turns":4},{"damage":20,"enemies":"Gremlin Nob","floor":6,"turns":5},{"damage":0,"enemies":"Red Slaver","floor":8,"turns":3},{"damage":2,"enemies":"3 Louse","floor":11,"turns":2},{"damage":10,"enemies":"Exordium Wildlife","floor":13,"turns":4},{"damage":1,"enemies":"Blue Slaver","floor":14,"turns":3},{"damage":18,"enemies":"The Guardian","floor":16,"turns":9},{"damage":9,"enemies":"2 Thieves","floor":18,"turns":4},{"damage":3,"enemies":"3 Byrds","floor":20,"turns":4},{"damage":26,"enemies":"Masked Bandits","floor":21,"turns":5},{"damage":14,"enemies":"Centurion and Healer","floor":22,"turns":5}],"seed_played":"-4644401141476935579","potions_obtained":[{"floor":4,"key":"Dexterity Potion"},{"floor":8,"key":"CultistPotion"},{"floor":11,"key":"GhostInAJar"},{"floor":13,"key":"DistilledChaos"},{"floor":14,"key":"ColorlessPotion"},{"floor":20,"key":"Fire Potion"},{"floor":21,"key":"SteroidPotion"}],"is_trial":false,"path_per_floor":["M","?","?","M","M","E","R","M","T","R","M","$","M","M","R","B",null,"M","?","M","?","M"],"character_chosen":"THE_SILENT","items_purchased":["Cloak And Dagger","Backflip","Finesse"],"campfire_rested":1,"item_purchase_floors":[0,0,12],"current_hp_per_floor":[69,51,51,51,51,31,31,31,31,31,29,29,19,18,41,23,77,68,68,65,39,25,25],"gold":59,"neow_bonus":"","is_daily":false,"chose_seed":false,"campfire_upgraded":2,"win_rate":0.0,"timestamp":1611593498,"path_taken":["M","?","?","M","M","E","R","M","T","R","M","$","M","M","R","BOSS","M","?","M","?","M"],"items_purchased_type":["Card","Card","Card"],"build_version":"2020-12-22","purchased_purges":1,"victory":false,"max_hp_per_floor":[70,77,77,77,77,77,77,77,77,77,77,77,77,77,77,77,77,77,77,77,77,77,77],"card_choices":[{"not_picked":["Bane","Riddle With Holes"],"picked":"Toxin Wave","floor":1},{"not_picked":["Distraction","Deflect","Flying Knee"],"picked":"SKIP","floor":4},{"not_picked":["Dagger Throw","Sucker Punch"],"picked":"Calculated Gamble","floor":5},{"not_picked":["Choke","Bullet Time","Distraction"],"picked":"SKIP","floor":6},{"not_picked":["Reflex","Accuracy"],"picked":"Draining Mist","floor":8},{"not_picked":["Quick Slash","Caltrops","Hidden Blade"],"picked":"SKIP","floor":11},{"not_picked":["Dodge and Roll","Outmaneuver"],"picked":"Prepared","floor":13},{"not_picked":["Backflip","Reflex"],"picked":"Poisoned Stab","floor":14},{"not_picked":["Adrenaline","Corpse Explosion"],"picked":"Envenom","floor":16},{"not_picked":["Concentrate","Hidden Blade"],"picked":"Footwork","floor":18},{"not_picked":["Distraction","Flying Knee","Slice"],"picked":"SKIP","floor":20},{"not_picked":["Predator","Draining Mist"],"picked":"Bouncing Flask","floor":21}],"player_experience":457995,"relics_obtained":[{"floor":6,"key":"Shuriken"},{"floor":9,"key":"Oddly Smooth Stone"},{"floor":17,"key":"Pen Nib"},{"floor":17,"key":"InkBottle"},{"floor":17,"key":"Replay:Kaleidoscope"},{"floor":21,"key":"Red Mask"}],"event_choices":[{"damage_healed":0,"gold_gain":0,"player_choice":"Success","damage_taken":25,"relics_obtained":["Strawberry"],"max_hp_gain":0,"max_hp_loss":0,"event_name":"Scrap Ooze","floor":2,"gold_loss":0},{"damage_healed":0,"gold_gain":0,"player_choice":"Upgraded","damage_taken":0,"max_hp_gain":0,"max_hp_loss":0,"event_name":"Upgrade Shrine","floor":3,"gold_loss":0,"cards_upgraded":["Toxin Wave"]},{"damage_healed":0,"gold_gain":0,"player_choice":"Obtained Relic","damage_taken":0,"relics_obtained":["Orichalcum"],"max_hp_gain":0,"max_hp_loss":0,"event_name":"Addict","floor":19,"gold_loss":85},{"damage_healed":0,"gold_gain":0,"player_choice":"Fought Bandits","damage_taken":0,"max_hp_gain":0,"max_hp_loss":0,"event_name":"Masked Bandits","floor":21,"gold_loss":0}],"is_beta":false,"boss_relics":[{"not_picked":["Black Star","Cursed Key"],"picked":"Calling Bell"}],"items_purged_floors":[12],"is_endless":false,"potions_floor_spawned":[4,8,11,13,14,20,21],"killed_by":"Centurion and Healer","ascension_level":0}}