{"host":"jhy70w0yh8dayqay","time":1611558390,"event":{"mods":["AchievementEnabler","BaseMod","Colored Map","Colored Powertips","DeckTracker","Minty Spire (QoL Compilation)","Permanent Neow","SuperFastMode"],"gold_per_floor":[110,122,142,155,155,155,1,1,1,1,13,47,60,85,85,85,85],"floor_reached":16,"language":"KOR","playtime":756,"items_purged":[],"score":192,"play_id":"be631d34-0301-4a5d-a97e-d176fc631374","local_time":"20210125160630","is_ascension_mode":true,"campfire_choices":[{"data":"Adaptation","floor":6,"key":"SMITH"},{"data":"Eruption","floor":8,"key":"SMITH"},{"data":"Evaluate","floor":10,"key":"SMITH"},{"data":"Crescendo","floor":15,"key":"SMITH"}],"circlet_count":0,"master_deck":["Strike_P","Strike_P","Strike_P","Strike_P","Defend_P","Defend_P","Defend_P","Defend_P","Eruption+1","Vigilance","Evaluate+1","Sanctity","CutThroughFate","Adaptation+1","Conclude","BowlingBash","Crescendo+1","FlurryOfBlows"],"relics":["PureWater","Blood Vial","Pocketwatch","TungstenRod","Bottled Lightning"],"acts_visited":["Exordium"],"potions_floor_usage":[4,12,14],"damage_taken":[{"damage":3,"enemies":"2 Louse","floor":1,"turns":3},{"damage":0,"enemies":"Cultist","floor":2,"turns":2},{"damage":24,"enemies":"Jaw Worm","floor":3,"turns":6},{"damage":1,"enemies":"2 Fungi Beasts","floor":4,"turns":4},{"damage":6,"enemies":"Large Slime","floor":11,"turns":5},{"damage":0,"enemies":"3 Sentries","floor":12,"turns":2},{"damage":5,"enemies":"Red Slaver","floor":13,"turns":4},{"damage":70,"enemies":"Gremlin Nob","floor":14,"turns":4},{"damage":29,"enemies":"The Guardian","floor":16,"turns":5}],"seed_played":"-3945020906742347953","potions_obtained":[{"floor":0,"key":"EssenceOfSteel"},{"floor":0,"key":"DuplicationPotion"},{"floor":0,"key":"LiquidBronze"},{"floor":4,"key":"ColorlessPotion"},{"floor":5,"key":"FairyPotion"},{"floor":5,"key":"ColorlessPotion"}],"is_trial":false,"path_per_floor":["M","M","M","M","?","R","$","R","T","R","M","E","M","E","R","B"],"character_chosen":"WATCHER","items_purchased":["Blood Vial"],"campfire_rested":0,"item_purchase_floors":[7],"current_hp_per_floor":[62,62,38,37,37,37,37,37,37,37,33,35,32,21,21,0,0],"gold":85,"neow_bonus":"THREE_SMALL_POTIONS","is_daily":false,"chose_seed":false,"campfire_upgraded":4,"win_rate":0.0,"timestamp":1611558390,"path_taken":["M","M","M","M","?","R","$","R","T","R","M","E","?","E","R","BOSS"],"items_purchased_type":["Relic"],"build_version":"2020-12-22","purchased_purges":0,"victory":false,"max_hp_per_floor":[72,72,72,72,72,72,72,72,72,72,72,72,72,72,72,72,72],"card_choices":[{"not_picked":["JustLucky","Meditate"],"picked":"Evaluate","floor":1},{"not_picked":["EmptyBody","Indignation"],"picked":"Sanctity","floor":2},{"not_picked":["EmptyBody","ReachHeaven"],"picked":"CutThroughFate","floor":3},{"not_picked":["BattleHymn","WheelKick"],"picked":"Adaptation","floor":4},{"not_picked":["Sanctity","Prostrate"],"picked":"Conclude","floor":11},{"not_picked":["Prostrate","EmptyBody"],"picked":"BowlingBash","floor":12},{"not_picked":["Consecrate","DevaForm"],"picked":"Crescendo","floor":13},{"not_picked":["CutThroughFate","Protect"],"picked":"FlurryOfBlows","floor":14}],"player_experience":422626,"relics_obtained":[{"floor":9,"key":"Pocketwatch"},{"floor":12,"key":"TungstenRod"},{"floor":14,"key":"Bottled Lightning"}],"event_choices":[{"damage_healed":0,"gold_gain":0,"player_choice":"Got Potions","damage_taken":0,"max_hp_gain":0,"max_hp_loss":0,"event_name":"Lab","floor":5,"gold_loss":0}],"is_beta":false,"boss_relics":[],"items_purged_floors":[],"is_endless":false,"potions_floor_spawned":[1,2,4],"killed_by":"The Guardian","ascension_level":8}}