{"host":"sc0o2qwpf9j16a4i","time":1611581653,"event":{"mods":["AchievementEnabler","BaseMod","BetterRewards","Block Reminder","Colored Map","Colored Powertips","Custom Start","Highlight Path","Minty Spire (QoL Compilation)","Relic Stats"],"gold_per_floor":[116,116,116,291,308,321,356,5,30,56,76,92,92,92,92,195,195,209,223,223,150,170,201,212,41,115,132,147,147,175,190,190,288,288,298,298,229,247,266,266,296,308,346,358,385,429,459,481,493,505,505],"floor_reached":50,"language":"ENG","playtime":1810,"items_purged":["Doubt","Strike_G"],"score":706,"play_id":"77e50958-261e-44a8-be9f-129411fe3cf7","local_time":"20210125153413","daily_mods":["Chimera","ControlledChaos","Binary"],"is_ascension_mode":false,"campfire_choices":[{"data":"Flame Barrier","floor":15.0,"key":"SMITH"},{"floor":29.0,"key":"REST"},{"data":"Offering","floor":32.0,"key":"SMITH"},{"data":"Feel No Pain","floor":40,"key":"SMITH"},{"floor":44,"key":"REST"},{"floor":49,"key":"REST"}],"circlet_count":0,"master_deck":["Bash","Survivor","Strike_R+1","Strike_B+1","Defend_P","Flame Barrier+1","Combust","Shockwave","Offering+1","Immolate+1","Power Through+1","Feed+1","Shockwave+1","Feel No Pain+1"],"relics":["Burning Blood","Frozen Eye","Bronze Scales","Oddly Smooth Stone","Toy Ornithopter","Molten Egg 2","Ancient Tea Set","White Beast Statue","Busted Crown","Tiny Chest","Bag of Marbles","Darkstone Periapt","Pantograph","Astrolabe","MawBank","Incense Burner","Boot","Red Skull"],"acts_visited":["Exordium","TheCity","TheBeyond"],"potions_floor_usage":[41,45,47,50,50],"damage_taken":[{"damage":7.0,"enemies":"2 Louse","floor":1.0,"turns":3.0},{"damage":0.0,"enemies":"Cultist","floor":5.0,"turns":2.0},{"damage":1.0,"enemies":"Jaw Worm","floor":6.0,"turns":3.0},{"damage":9.0,"enemies":"3 Sentries","floor":7.0,"turns":5.0},{"damage":11.0,"enemies":"Lagavulin","floor":10.0,"turns":7.0},{"damage":10.0,"enemies":"Large Slime","floor":11.0,"turns":3.0},{"damage":2.0,"enemies":"2 Fungi Beasts","floor":12.0,"turns":3.0},{"damage":50.0,"enemies":"The Guardian","floor":16.0,"turns":9.0},{"damage":14.0,"enemies":"Spheric Guardian","floor":18.0,"turns":4.0},{"damage":7.0,"enemies":"2 Thieves","floor":19.0,"turns":4.0},{"damage":8.0,"enemies":"Snake Plant","floor":22.0,"turns":4.0},{"damage":47.0,"enemies":"Gremlin Leader","floor":23.0,"turns":7.0},{"damage":10.0,"enemies":"Centurion and Healer","floor":24.0,"turns":5.0},{"damage":5.0,"enemies":"Shelled Parasite and Fungi","floor":27.0,"turns":4.0},{"damage":6.0,"enemies":"Snecko","floor":28.0,"turns":4.0},{"damage":10.0,"enemies":"Book of Stabbing","floor":30.0,"turns":4.0},{"damage":6.0,"enemies":"Centurion and Healer","floor":31.0,"turns":4.0},{"damage":55.0,"enemies":"Collector","floor":33.0,"turns":9.0},{"damage":8.0,"enemies":"3 Darklings","floor":35.0,"turns":2.0},{"damage":8,"enemies":"Orb Walker","floor":38,"turns":3},{"damage":6,"enemies":"3 Darklings","floor":39,"turns":3},{"damage":32,"enemies":"Giant Head","floor":41,"turns":7},{"damage":7,"enemies":"4 Shapes","floor":45,"turns":3},{"damage":15,"enemies":"Nemesis","floor":46,"turns":12},{"damage":31,"enemies":"Spire Growth","floor":47,"turns":7},{"damage":12,"enemies":"Jaw Worm Horde","floor":48,"turns":2},{"damage":12,"enemies":"Time Eater","floor":50,"turns":5}],"seed_played":"6217800507796815505","potions_obtained":[{"floor":6.0,"key":"Explosive Potion"},{"floor":7.0,"key":"Explosive Potion"},{"floor":11.0,"key":"Fruit Juice"},{"floor":12.0,"key":"Swift Potion"},{"floor":16.0,"key":"Ancient Potion"},{"floor":18.0,"key":"Ancient Potion"},{"floor":19.0,"key":"FearPotion"},{"floor":22.0,"key":"BlessingOfTheForge"},{"floor":23.0,"key":"Strength Potion"},{"floor":27.0,"key":"Block Potion"},{"floor":28.0,"key":"PowerPotion"},{"floor":31.0,"key":"Regen Potion"},{"floor":33.0,"key":"SkillPotion"},{"floor":35.0,"key":"CultistPotion"},{"floor":41,"key":"DistilledChaos"},{"floor":45,"key":"GamblersBrew"},{"floor":47,"key":"SpeedPotion"},{"floor":48,"key":"Dexterity Potion"}],"is_trial":true,"path_per_floor":["M","?","?","?","M","M","E","$","T","E","M","M","?","T","R","B",null,"M","M","?","?","M","E","M","$","T","M","M","R","E","M","R","B",null,"M","?","$","M","M","R","E","T","T","R","M","E","M","M","R","B"],"character_chosen":"IRONCLAD","items_purchased":["Oddly Smooth Stone","Combust","AttackPotion","Immolate+1","Feel No Pain"],"campfire_rested":3,"item_purchase_floors":[8,8,8,25,37],"current_hp_per_floor":[79,63,63,63,69,74,71,71,71,66,67,81,69,69,69,30,85,77,81,65,65,63,22,18,18,18,19,24,51,47,52,52,53,90,88,88,88,86,86,86,64,64,64,90,94,85,65,63,92,86,86],"gold":505,"neow_bonus":"","is_daily":false,"chose_seed":false,"campfire_upgraded":3,"win_rate":0.0,"timestamp":1611581653,"path_taken":["M","?","?","?","M","M","E","?","T","E","?","M","?","?","R","BOSS","M","?","?","?","M","E","M","$","T","?","M","R","E","M","R","BOSS","M","?","$","M","?","R","E","?","T","R","?","E","M","M","R","BOSS"],"items_purchased_type":["Relic","Card","Potion","Card","Card"],"build_version":"2020-12-22","purchased_purges":2,"victory":false,"max_hp_per_floor":[80,80,80,80,80,80,80,80,80,80,80,85,85,85,85,85,85,85,85,90,90,90,90,90,90,90,90,90,90,90,90,90,90,90,90,90,90,90,90,90,90,90,90,90,94,94,94,98,98,98,98],"relic_stats":{"Darkstone Periapt":0,"Busted Crown":36,"counters":[27,128],"Bronze Scales":[287],"Pantograph":31,"Astrolabe":["Power Through","Feed","Shockwave"],"Tiny Chest":1,"MawBank":108,"Boot":[27],"obtain_stats":[{"Darkstone Periapt":26,"Astrolabe":34,"Oddly Smooth Stone":8,"Incense Burner":42,"Ancient Tea Set":13,"MawBank":41,"Boot":43,"Burning Blood":0,"White Beast Statue":14,"Frozen Eye":0,"Busted Crown":17,"Bronze Scales":7,"Pantograph":30,"Molten Egg 2":10,"Tiny Chest":21,"Bag of Marbles":23,"Toy Ornithopter":9,"Red Skull":46},{"Darkstone Periapt":13,"Astrolabe":18,"Oddly Smooth Stone":4,"Incense Burner":22,"Ancient Tea Set":7,"MawBank":22,"Boot":22,"Burning Blood":0,"White Beast Statue":7,"Frozen Eye":0,"Busted Crown":8,"Bronze Scales":4,"Pantograph":16,"Molten Egg 2":5,"Tiny Chest":10,"Bag of Marbles":12,"Toy Ornithopter":4,"Red Skull":24},{"Darkstone Periapt":59,"Astrolabe":84,"Oddly Smooth Stone":13,"Incense Burner":99,"Ancient Tea Set":26,"MawBank":99,"Boot":99,"Burning Blood":0,"White Beast Statue":26,"Frozen Eye":0,"Busted Crown":35,"Bronze Scales":13,"Pantograph":71,"Molten Egg 2":20,"Tiny Chest":43,"Bag of Marbles":54,"Toy Ornithopter":13,"Red Skull":114}],"Burning Blood":152,"Toy Ornithopter":54},"card_choices":[{"not_picked":["Twin Strike","True Grit"],"picked":"SKIP","floor":1.0},{"not_picked":["Anger"],"picked":"Flame Barrier","floor":5.0},{"not_picked":["Dark Embrace","Bloodletting"],"picked":"SKIP","floor":6.0},{"not_picked":["Rupture","Hemokinesis"],"picked":"SKIP","floor":7.0},{"not_picked":["Thunderclap+1","Armaments"],"picked":"SKIP","floor":10.0},{"not_picked":["Twin Strike+1","Combust"],"picked":"SKIP","floor":11.0},{"not_picked":["Heavy Blade+1"],"picked":"Shockwave","floor":12.0},{"not_picked":["Exhume"],"picked":"Offering","floor":16.0}],"player_experience":943811,"relics_obtained":[{"floor":7.0,"key":"Bronze Scales"},{"floor":9.0,"key":"Toy Ornithopter"},{"floor":10.0,"key":"Molten Egg 2"},{"floor":14.0,"key":"White Beast Statue"},{"floor":23.0,"key":"Bag of Marbles"},{"floor":26.0,"key":"Darkstone Periapt"},{"floor":30.0,"key":"Pantograph"},{"floor":41,"key":"MawBank"},{"floor":42,"key":"Incense Burner"},{"floor":43,"key":"Boot"},{"floor":46,"key":"Red Skull"}],"event_choices":[{"damage_healed":0.0,"max_hp_gain":0.0,"max_hp_loss":0.0,"gold_gain":0.0,"event_name":"Shining Light","player_choice":"Entered Light","floor":2.0,"gold_loss":0.0,"damage_taken":16.0,"cards_upgraded":["Strike_B","Strike_R"]},{"damage_healed":0.0,"max_hp_gain":0.0,"max_hp_loss":0.0,"gold_gain":0.0,"event_name":"The Cleric","player_choice":"Leave","floor":3.0,"gold_loss":0.0,"damage_taken":0.0},{"damage_healed":0.0,"max_hp_gain":0.0,"max_hp_loss":0.0,"gold_gain":175.0,"event_name":"Liars Game","player_choice":"AGREE","floor":4.0,"gold_loss":0.0,"damage_taken":0.0,"cards_obtained":["Doubt"]},{"damage_healed":0.0,"max_hp_gain":0.0,"max_hp_loss":0.0,"gold_gain":0.0,"event_name":"Scrap Ooze","player_choice":"Success","floor":13.0,"gold_loss":0.0,"damage_taken":12.0,"relics_obtained":["Ancient Tea Set"]},{"damage_healed":0.0,"max_hp_gain":5.0,"max_hp_loss":0.0,"gold_gain":0.0,"event_name":"Forgotten Altar","player_choice":"Shed Blood","floor":20.0,"gold_loss":0.0,"damage_taken":21.0},{"damage_healed":0.0,"max_hp_gain":0.0,"max_hp_loss":0.0,"gold_gain":0.0,"event_name":"WeMeetAgain","player_choice":"Paid Gold","floor":21.0,"gold_loss":73.0,"damage_taken":0.0,"relics_obtained":["Tiny Chest"]},{"cards_removed":["Zap"],"damage_healed":0.0,"max_hp_gain":0.0,"max_hp_loss":0.0,"gold_gain":0.0,"event_name":"Wheel of Change","player_choice":"Card Removal","floor":36.0,"gold_loss":0.0,"damage_taken":0.0}],"is_beta":false,"boss_relics":[{"not_picked":["Runic Cube","Black Blood"],"picked":"Busted Crown"},{"not_picked":["Pandora\u0027s Box","Sozu"],"picked":"Astrolabe"}],"items_purged_floors":[8,25],"is_endless":false,"potions_floor_spawned":[6,7,11,12,16,18,19,22,23,24,27,28,30,31,33,35,38,39,41,45,46,47,48],"killed_by":"Time Eater","ascension_level":0}}