{"host":"ljavmhyz2e552xgo","time":1611596376,"event":{"mods":["BaseMod","Better Third Choice","Friendly Minions","GungeonMod","Minty Spire (QoL Compilation)","Permanent Neow","Spicy Shops","StSLib"],"gold_per_floor":[116,266,266,266,266,301,301,301,301,314,314,329,329,367,367,460,460,478,503,212,225,241,241,282,282,331,67,91,110,151,164,164,260,260,275,296,11,32,56,56,99,99,149,149,0,38,38,38,38,38],"floor_reached":51,"language":"ENG","playtime":2295,"items_purged":["Strike_B","Strike_B"],"score":1576,"play_id":"b77a88be-6315-4335-b867-2ca64cfe4338","local_time":"20210125113936","is_ascension_mode":true,"campfire_choices":[{"data":"Defragment","floor":7.0,"key":"SMITH"},{"data":"Dualcast","floor":11.0,"key":"SMITH"},{"floor":13.0,"key":"REST"},{"data":"Coolheaded","floor":15.0,"key":"SMITH"},{"floor":23.0,"key":"REST"},{"floor":25.0,"key":"REST"},{"data":"Coolheaded","floor":32.0,"key":"SMITH"},{"data":"Fission","floor":40,"key":"SMITH"},{"data":"Defragment","floor":42,"key":"SMITH"},{"data":"Redo","floor":44,"key":"SMITH"},{"data":"Conserve Battery","floor":49,"key":"SMITH"}],"circlet_count":0,"master_deck":["AscendersBane","Zap+1","Dualcast+1","Defragment+1","Rip and Tear","Coolheaded+1","Coolheaded+1","Electrodynamics","Conserve Battery+1","Self Repair","BootSequence","Echo Form","Core Surge","Conserve Battery","Redo+1","Defragment+1","Machine Learning","Fission+1","Coolheaded+1","Master of Strategy"],"relics":["Cracked Core","NeowsBlessing","Golden Idol","Cables","Regal Pillow","Omamori","Busted Crown","OrangePellets","Du-Vu Doll","Happy Flower","DataDisk","Nunchaku","Pandora\u0027s Box","Mercury Hourglass","Oddly Smooth Stone","Toy Ornithopter","Red Mask","Potion Belt"],"acts_visited":["TheBeyond"],"potions_floor_usage":[33,38,50],"damage_taken":[{"damage":0.0,"enemies":"2 Louse","floor":1.0,"turns":1.0},{"damage":0.0,"enemies":"Gremlin Nob","floor":6.0,"turns":1.0},{"damage":0.0,"enemies":"Jaw Worm","floor":10.0,"turns":1.0},{"damage":12.0,"enemies":"Small Slimes","floor":12.0,"turns":2.0},{"damage":7.0,"enemies":"Lagavulin","floor":14.0,"turns":5.0},{"damage":32.0,"enemies":"Hexaghost","floor":16.0,"turns":14.0},{"damage":12.0,"enemies":"Spheric Guardian","floor":18.0,"turns":4.0},{"damage":23.0,"enemies":"Shell Parasite","floor":19.0,"turns":4.0},{"damage":19.0,"enemies":"Sentry and Sphere","floor":21.0,"turns":4.0},{"damage":10.0,"enemies":"Centurion and Healer","floor":22.0,"turns":9.0},{"damage":57.0,"enemies":"Book of Stabbing","floor":24.0,"turns":7.0},{"damage":1.0,"enemies":"Snake Plant","floor":28.0,"turns":3.0},{"damage":4.0,"enemies":"Cultist and Chosen","floor":29.0,"turns":4.0},{"damage":14.0,"enemies":"Slavers","floor":30.0,"turns":5.0},{"damage":2.0,"enemies":"Centurion and Healer","floor":31.0,"turns":7.0},{"damage":0,"enemies":"Automaton","floor":33,"turns":11},{"damage":2,"enemies":"3 Darklings","floor":35,"turns":3},{"damage":17,"enemies":"Orb Walker","floor":36,"turns":3},{"damage":20,"enemies":"Writhing Mass","floor":38,"turns":6},{"damage":9,"enemies":"Sphere and 2 Shapes","floor":39,"turns":4},{"damage":2,"enemies":"Giant Head","floor":41,"turns":8},{"damage":0,"enemies":"Nemesis","floor":46,"turns":7},{"damage":12,"enemies":"Donu and Deca","floor":50,"turns":6}],"seed_played":"-1440272191297431731","potions_obtained":[{"floor":6.0,"key":"Dexterity Potion"},{"floor":8.0,"key":"LiquidBronze"},{"floor":8.0,"key":"Weak Potion"},{"floor":10.0,"key":"FairyPotion"},{"floor":14.0,"key":"PowerPotion"},{"floor":21.0,"key":"Explosive Potion"},{"floor":22.0,"key":"FairyPotion"},{"floor":30.0,"key":"SpeedPotion"},{"floor":31.0,"key":"EssenceOfSteel"},{"floor":36,"key":"SkillPotion"},{"floor":39,"key":"GamblersBrew"}],"is_trial":false,"path_per_floor":["M","?","?","?","?","E","R","?","T","M","R","M","R","E","R","B",null,"M","M","$","M","M","R","E","R","T","$","M","M","E","M","R","B",null,"M","M","$","M","M","R","E","R","T","R","?","E","?","?","R","B",null],"character_chosen":"DEFECT","items_purchased":["Self Repair","OrangePellets","DataDisk","Mercury Hourglass"],"campfire_rested":3,"item_purchase_floors":[20,20,27,37],"current_hp_per_floor":[64,64,64,64,45,45,45,45,45,45,45,33,64,57,57,25,54,42,19,19,26,23,57,19,53,53,53,59,55,48,60,60,64,64,64,54,54,41,46,46,51,51,51,51,51,58,53,53,53,53],"gold":38,"neow_bonus":"THREE_ENEMY_KILL","is_daily":false,"chose_seed":false,"campfire_upgraded":8,"win_rate":0.0,"timestamp":1611596376,"path_taken":["M","?","?","?","?","E","R","?","T","M","R","M","R","E","R","BOSS","M","M","$","M","?","R","E","R","T","$","M","M","E","?","R","BOSS","M","M","$","M","M","R","E","R","T","R","?","E","?","?","R","BOSS"],"items_purchased_type":["Card","Relic","Relic","Relic"],"build_version":"2020-12-22","purchased_purges":2,"victory":true,"max_hp_per_floor":[71,71,64,64,64,64,64,64,64,64,64,64,64,64,64,64,64,64,64,64,64,64,64,64,64,64,64,64,64,64,64,64,64,64,64,64,64,64,64,64,64,64,64,64,64,64,64,64,64,64],"card_choices":[{"not_picked":["Turbo","Darkness"],"picked":"Defragment","floor":1.0},{"not_picked":["Beam Cell","Reprogram"],"picked":"Rip and Tear","floor":6.0},{"not_picked":["Undo","Redo"],"picked":"Coolheaded","floor":10.0},{"not_picked":["Heatsinks","Storm","Reprogram"],"picked":"SKIP","floor":12.0},{"not_picked":["Tempest","Reinforced Body"],"picked":"Coolheaded","floor":14.0},{"not_picked":["Core Surge","Meteor Strike"],"picked":"Electrodynamics","floor":16.0},{"not_picked":["Conserve Battery"],"picked":"SKIP","floor":18.0},{"not_picked":[],"picked":"Conserve Battery","floor":19.0},{"not_picked":["Barrage"],"picked":"SKIP","floor":21.0},{"not_picked":["Gash"],"picked":"SKIP","floor":22.0},{"not_picked":[],"picked":"BootSequence","floor":24.0},{"not_picked":["Compile Driver"],"picked":"SKIP","floor":28.0},{"not_picked":["Cold Snap"],"picked":"SKIP","floor":29.0},{"not_picked":[],"picked":"Echo Form","floor":30.0},{"not_picked":["Sweeping Beam"],"picked":"SKIP","floor":31.0},{"not_picked":[],"picked":"Core Surge","floor":33},{"not_picked":["Conserve Battery"],"picked":"SKIP","floor":35},{"not_picked":["Steam"],"picked":"SKIP","floor":36},{"not_picked":["Redo"],"picked":"SKIP","floor":38},{"not_picked":[],"picked":"Coolheaded+1","floor":39},{"not_picked":["Redo"],"picked":"SKIP","floor":41},{"not_picked":["Scrape"],"picked":"SKIP","floor":46},{"not_picked":[],"picked":"Master of Strategy","floor":47}],"player_experience":1391884,"relics_obtained":[{"floor":6.0,"key":"Cables"},{"floor":9.0,"key":"Regal Pillow"},{"floor":14.0,"key":"Omamori"},{"floor":24.0,"key":"Du-Vu Doll"},{"floor":26.0,"key":"Happy Flower"},{"floor":30.0,"key":"Nunchaku"},{"floor":41,"key":"Oddly Smooth Stone"},{"floor":43,"key":"Toy Ornithopter"},{"floor":46,"key":"Potion Belt"}],"event_choices":[{"damage_healed":0.0,"max_hp_gain":0.0,"max_hp_loss":0.0,"gold_gain":150.0,"event_name":"Liars Game","player_choice":"AGREE","floor":2.0,"gold_loss":0.0,"damage_taken":0.0,"cards_obtained":["Doubt"]},{"damage_healed":0.0,"max_hp_gain":0.0,"max_hp_loss":7.0,"gold_gain":0.0,"event_name":"Golden Idol","player_choice":"Lose Max HP","floor":3.0,"gold_loss":0.0,"damage_taken":0.0,"relics_obtained":["Golden Idol"]},{"cards_removed":["Doubt"],"damage_healed":0.0,"max_hp_gain":0.0,"max_hp_loss":0.0,"gold_gain":0.0,"event_name":"Living Wall","player_choice":"Forget","floor":4.0,"gold_loss":0.0,"damage_taken":0.0},{"damage_healed":0.0,"max_hp_gain":0.0,"max_hp_loss":0.0,"gold_gain":0.0,"event_name":"Shining Light","player_choice":"Entered Light","floor":5.0,"gold_loss":0.0,"damage_taken":19.0,"cards_upgraded":["Zap","Defend_B"]},{"damage_healed":0.0,"max_hp_gain":0.0,"max_hp_loss":0.0,"gold_gain":0.0,"event_name":"Lab","player_choice":"Got Potions","floor":8.0,"gold_loss":0.0,"damage_taken":0.0},{"damage_healed":0,"gold_gain":0,"player_choice":"Paid","damage_taken":0,"relics_obtained":["Red Mask"],"max_hp_gain":0,"max_hp_loss":0,"event_name":"Tomb of Lord Red Mask","floor":45,"gold_loss":149},{"damage_healed":0,"gold_gain":0,"player_choice":"Memory 2","damage_taken":5,"max_hp_gain":0,"max_hp_loss":0,"event_name":"SensoryStone","floor":47,"gold_loss":0},{"cards_removed":["All For One"],"damage_healed":0,"gold_gain":0,"player_choice":"Removed Attack","damage_taken":0,"max_hp_gain":0,"max_hp_loss":0,"event_name":"Falling","floor":48,"gold_loss":0}],"is_beta":false,"boss_relics":[{"not_picked":["Empty Cage","Philosopher\u0027s Stone"],"picked":"Busted Crown"},{"not_picked":["Coffee Dripper","Snecko Eye"],"picked":"Pandora\u0027s Box"}],"items_purged_floors":[20,27],"is_endless":false,"potions_floor_spawned":[6,10,14,21,22,30,31,36,39],"ascension_level":18}}